4172 6466
578 344 683 403 150

584 451 1161 519 animialacritate.Sic
1185 466 1273 521 vo;
1303 452 1425 522 vnio
1445 466 1657 521 semper
1684 464 1834 511 esse;
1869 448 1950 500 sio
1985 454 2171 501 autem

583 557 691 597 non
733 558 963 613 semper,
1016 542 1201 597 saltem
1255 543 1542 611 sarpe:sin
1596 556 1701 595 non
1748 555 1923 609 saepe,
1970 538 2157 592 saltum

576 643 771 709 rarius,
819 642 1007 697 saltem
1040 654 1216 703 mane,
1250 636 1440 693 saltem
1468 636 1702 706 vesperi.
1734 631 1865 690 Nam
1898 632 2171 702 dicmihi,

578 750 772 791 marios
801 750 904 790 non
934 742 1086 802 potes
1130 729 1476 786 extendere?
1526 727 1755 783 extende
1792 720 2054 799 quantum
2092 725 2175 781 vis

579 828 800 882 liberam
851 823 1015 879 animi
1073 823 1440 884 voluntatem;
1473 835 1593 875 eam
1643 819 1874 874 extende
1903 833 2074 888 usque
2107 816 2174 872 ad

577 920 751 989 ipsum
784 917 973 972 caelum
1001 932 1016 970 :
1045 901 1254 970 etiamsi
1282 914 1414 968 velis
1440 914 1610 984 ipsum
1633 921 1854 982 tangere
1880 909 2171 980 l‘aStigium.

581 1022 634 1065 et
672 1009 923 1080 superius
962 1007 1273 1076 ambulare,
1301 1005 1427 1061 licet
1466 1005 1563 1060 tibi
1609 1022 1623 1058 :
1666 1002 1853 1075 quavis
1881 1002 2026 1057 enim
2071 1016 2173 1056 ave

574 1103 744 1159 levior
789 1109 843 1156 et
880 1099 1043 1155 altior
1110 1106 1196 1154 est
1241 1114 1394 1152 mens
1451 1107 1653 1151 nostra.
1715 1094 1938 1163 Quando
1986 1102 2168 1147 autem

572 1196 735 1250 etiam
780 1192 1056 1263 acceperit
1085 1206 1205 1246 eam
1239 1206 1362 1261 qua:
1405 1204 1436 1243 a
1484 1186 1690 1259 Spiritu
1719 1185 1876 1242 datur
1907 1184 2170 1257 gratiam,

576 1304 761 1359 papae,
789 1301 949 1357 quam
982 1295 1060 1340 est
1093 1283 1253 1339 velox
1273 1324 1288 1346 ,
1321 1297 1479 1353 quam
1509 1283 1648 1336 acris
1674 1324 1688 1346 ,
1720 1290 1778 1334 ut
1807 1279 1989 1334 omnia
2018 1276 2171 1343 obit,

576 1391 634 1435 ut
680 1395 784 1434 non
836 1378 1003 1433 fertur
1050 1378 1340 1440 deorsum,
1397 1390 1571 1444 neque
1615 1372 1761 1427 humi
1812 1371 1993 1427 cadit!
2049 1370 2158 1425 llas

577 1489 782 1544 pennas
820 1469 977 1526 nobis
1005 1483 1411 1536 comparemus;
1456 1482 1551 1537 per
1581 1481 1675 1521 eas
1707 1465 2006 1536 poterimus
2038 1478 2175 1532 prat-

579 1563 851 1620 tervolarc
885 1563 1044 1615 etiam
1077 1559 1295 1630 pelagus
1322 1557 1580 1612 ﬂuctuum
1606 1555 1764 1625 hujus
1793 1553 1998 1608 mundi.
2027 1556 2171 1607 Aves

581 1656 972 1728 pernicissima:
998 1663 1052 1709 et
1089 1661 1303 1707 montes
1353 1656 1408 1704 et
1436 1650 1608 1704 saltus
1635 1659 1690 1704 et
1740 1646 1910 1702 maria
1954 1658 2010 1702 et
2053 1662 2176 1701 seo-

580 1748 734 1816 pulns
755 1748 901 1802 brevi
941 1756 1212 1800 momento
1258 1744 1516 1813 temporis
1560 1741 1741 1795 ill:csa:
1773 1739 2169 1810 prtetcrrolant.

582 1839 731 1894 Talis
759 1847 842 1894 est
885 1838 1046 1893 etiam
1077 1851 1229 1891 mens
1261 1852 1277 1889 :
1306 1850 1427 1889 cum
1455 1833 1617 1888 fuerit
1643 1833 1801 1896 alata,
1836 1829 2049 1901 quando
2074 1831 2173 1884 ab-

580 1914 837 1987 scesserit
880 1931 949 1985 ab
978 1928 1044 1985 iis
1066 1945 1187 2000 qua:
1209 1928 1276 1983 ad
1320 1929 1459 1982 hanc
1481 1929 1644 1980 vitam
1676 1924 1947 1997 pertinent
1972 1966 1988 1994 ,
2038 1924 2173 1980 nihil

581 2040 698 2079 eam
722 2019 1358 2094 potestapprchendcre,
1392 2019 1647 2073 omnibus
1687 2027 1771 2074 est
1796 2018 1979 2085 altior,
2007 2018 2173 2073 etiam

584 2117 764 2186 ignitis
789 2115 981 2187 jacnlis
1007 2114 1227 2170 diaboli.
1278 2112 1394 2168 Non
1425 2121 1530 2167 tam
1568 2122 1711 2169 recte
1741 2113 1901 2167 telum
1949 2111 2177 2183 eonjicit

581 2209 849 2275 diabolus,
893 2216 951 2263 ut
1007 2208 1176 2279 possit
1201 2206 1345 2262 hanc
1385 2207 1650 2277 attingere
1679 2203 2173 2273 altitudinem;sed

577 2301 753 2373 jaeula
782 2303 998 2370 quidem
1044 2299 1279 2364 emittit,
1309 2308 1393 2354 est
1413 2298 1556 2354 enim
1588 2297 1904 2369 impudens:
1935 2315 2044 2354 non
2071 2314 2173 2354 au—

585 2403 690 2446 tem
730 2391 1057 2463 assequitur,
1112 2390 1208 2446 sed
1242 2389 1406 2444 tehnn
1436 2389 1501 2444 ad
1531 2389 1703 2459 ipsum
1746 2388 1906 2444 inane
1944 2388 2179 2444 reverti-

585 2494 694 2551 tur,
725 2495 780 2540 et
811 2500 916 2538 non
953 2483 1129 2537 solum
1168 2483 1328 2537 inane
1350 2524 1366 2549 ,
1397 2480 1492 2536 sed
1527 2482 1686 2537 etiam
1719 2478 1769 2536 in
1803 2490 1966 2550 caput
2010 2480 2178 2550 ipsius

583 2577 914 2633 rct'crzitor:
950 2575 1104 2630 feriat
1144 2575 1287 2629 enim
1330 2574 1549 2629 omnino
1583 2582 1803 2644 Oportet
1847 2572 1899 2628 id
1929 2572 2072 2643 quod
2111 2573 2179 2629 ah

587 2669 706 2739 ipso
746 2668 993 2722 mittitur.
1014 2666 1174 2722 Sicut
1198 2681 1326 2737 ergo
1347 2663 1485 2737 quod
1504 2665 1705 2736 jactum
1738 2674 1823 2721 est
1846 2664 1914 2721 ab
1941 2664 2179 2719 homini—

588 2764 703 2826 bus,
728 2769 820 2815 aut
842 2760 963 2815 ferit
986 2774 1111 2815 eum
1139 2758 1402 2815 adversus
1423 2774 1583 2831 quem
1609 2759 1858 2824 mittitur,
1880 2767 1974 2812 aut
1997 2772 2178 2824 avem,

586 2870 679 2916 ant
706 2861 1003 2932 parietem,
1057 2869 1149 2915 aut
1175 2869 1403 2925 vestem,
1445 2869 1537 2914 aut
1586 2858 1823 2928 lignum,
1866 2866 1961 2912 aut
1997 2858 2170 2927 ipsum

587 2966 936 3030 secataercm
969 2971 980 3007 :
1032 2953 1104 3008 ita
1127 2953 1290 3011 etiam
1331 2951 1571 3023 jaculum
1599 2949 1824 3013 diaboli,
1879 2949 2037 3003 feriat
2061 2948 2180 3018 qui-

594 3046 717 3101 dem
745 3050 966 3101 omnino
989 3056 1200 3114 oportet
1226 3064 1241 3111 ;
1280 3048 1323 3101 si
1348 3057 1527 3104 autem
1554 3048 1702 3102 illum
1728 3061 1886 3117 quem
1914 3046 2048 3116 petit
2074 3060 2180 3100 non

600 3138 967 3208 percusserit,
1017 3140 1241 3203 omnino
1272 3139 1397 3194 ferit
1434 3156 1559 3195 eum
1611 3140 1701 3211 qui
1745 3140 1962 3194 emittit.
2019 3138 2085 3193 Et
2113 3153 2180 3195 ex

594 3231 778 3300 multis
805 3229 1022 3300 quidem
1049 3231 1153 3288 hoc
1169 3242 1346 3303 potest
1371 3232 1619 3304 intelligi,
1653 3230 1795 3301 quod
1828 3230 2043 3303 quando
2082 3245 2184 3286 nos

592 3340 704 3379 non
737 3324 992 3379 fuerimus
1016 3325 1257 3394 percussi
1286 3366 1303 3390 ,
1330 3326 1420 3380 ille
1447 3326 1670 3380 omnino
1697 3324 1998 3395 percutitur
2027 3340 2039 3376 :
2075 3329 2133 3376 ut
2151 3362 2174 3387 ,

593 3416 828 3486 exempli
851 3431 1036 3481 causa,
1068 3417 1354 3473 insidiatus
1375 3425 1459 3473 est
1483 3416 1658 3480 John;
1702 3432 1824 3471 ctnn
1869 3430 1974 3468 non
2009 3411 2176 3479 feriit,

595 3509 689 3562 sed
717 3509 832 3581 ipse
858 3509 958 3563 fuit
985 3509 1125 3565 ictus
1157 3526 1169 3559 :
1196 3508 1479 3564 insidiatus
1502 3519 1580 3564 est
1615 3508 1818 3573 Paulo;
1864 3508 2035 3577 ipsum
2067 3519 2175 3575 non

593 3599 764 3667 feriit,
793 3598 888 3654 sed
918 3599 1033 3670 ipse
1063 3597 1164 3654 fuit
1201 3597 1496 3654 sauciatus.
1551 3597 1622 3652 Et
1646 3597 1770 3660 hoc,
1816 3596 1859 3652 si
1887 3598 2183 3667 sapiamus,

1324 353 1377 409 S.
1407 353 1690 410 JOANNIS
1720 350 2205 410 CllRYSOSTOMl
2236 351 2551 412 ARClIlEP.
2584 355 3134 418 CONSTANTINOP.

3750 353 3848 414 £60

2276 446 2402 537 licet
2431 448 2613 504 ridere
2636 451 2830 522 ubique
2860 454 2995 509 ﬁeri.
3044 458 3270 524 Quando
3311 462 3454 519 enim
3486 471 3849 537 percusserit,

2260 535 2499 605 ‘feritur;
2531 542 2697 594 multo
2724 552 2903 600 autem
2945 548 3147 618 magis,
3178 553 3393 620 quando
3416 555 3677 615 adversus
3705 535 3851 617 illum

2277 629 2494 687 ensibus
2522 642 2578 688 et
2618 643 2773 693 scuto
2796 636 2918 692 fidei
2939 642 3131 696 armati
3156 653 3210 700 et
3238 649 3431 705 muniti
3452 692 3467 715 ,
3514 660 3631 709 tuto
3668 668 3859 714 eavea-

2278 737 2398 779 mns
2430 740 2496 780 ne
2537 727 2816 796 capiamur
2851 739 2908 786 et
2952 747 3341 805 expugnemur.
3389 738 3636 799 Jaculum
3679 755 3858 803 autem

2274 812 2472 870 diaboli
2501 825 2589 872 est
2611 818 2750 872 mala
2778 821 3064 890 cupiditas.
3112 824 3192 881 Ira
3223 832 3460 889 maxime
3479 842 3565 889 est
3590 836 3745 906 ignis,
3775 850 3861 894 est

2273 908 2519 976 ﬂamma,
2547 913 2774 983 arripit,
2799 917 2940 972 tollit
2967 959 2981 980 ,
3037 919 3272 978 incendit
3303 943 3316 978 :
3361 942 3461 983 nos
3485 944 3613 985 vero
3643 932 3866 989 lenitate

2273 1009 2330 1055 et
2374 1003 2631 1071 patientia
2672 1020 2794 1063 eam
2835 1010 3263 1082 exstinguamus.
3311 1017 3384 1074 Ut
3427 1023 3572 1077 enim
3622 1025 3864 1081 candens

2274 1090 2477 1148 ferrum
2506 1111 2644 1167 aqua
2696 1100 2921 1156 tinctum
2967 1104 3143 1170 ignem
3173 1109 3387 1178 perdit:
3416 1112 3487 1167 ita
3520 1114 3599 1168 ira
3636 1118 3681 1173 si
3708 1119 3761 1171 io
3792 1119 3868 1174 le-

2272 1198 2396 1239 nem
2444 1195 2501 1242 ct
2545 1189 2840 1258 patientem
2873 1194 3163 1263 inciderit,
3214 1198 3351 1257 nihil
3394 1217 3521 1260 eum
3547 1205 3731 1274 laedit,
3772 1209 3868 1264 sed

2270 1280 2440 1382 magis
2473 1281 2648 1349 juvat,
2693 1292 2750 1338 et
2802 1285 2918 1353 ipse
2958 1288 3140 1343 evadit
3176 1291 3335 1363 longe
3370 1292 3583 1352 fortior.
3632 1298 3865 1354 Lenitati

2269 1375 2415 1427 enim
2454 1381 2509 1427 et
2560 1375 2834 1444 patientia:
2884 1378 3015 1433 nihil
3073 1391 3248 1449 potest
3300 1387 3627 1456 tequiparari
3670 1407 3684 1443 :
3735 1407 3864 1447 nam

2268 1464 2360 1534 qui
2415 1474 2505 1541 est
2551 1464 2837 1537 ejusmodi,
2865 1473 3189 1529 contumelia
3240 1489 3536 1548 numquam
3584 1482 3860 1550 afﬁcitur;

2259 1556 2365 1639 ’scd
2392 1555 2531 1611 sicut
2568 1574 2673 1613 non
2713 1560 3025 1618 sanciantur
3072 1581 3298 1636 corpora
3348 1569 3693 1627 adamantina
3719 1615 3732 1636 ,
3789 1575 3865 1631 ita

2264 1663 2371 1729 nec
2390 1647 2696 1721 hujusmodi
2739 1653 2934 1709 anima:
2968 1672 2981 1707 :
3011 1667 3138 1712 sunt
3182 1660 3328 1715 enim
3359 1664 3672 1733 superiores
3712 1668 3874 1732 jacu-

2258 1739 2355 1811 lis.
2405 1741 2663 1799 lixcelsus
2694 1745 2875 1813 enim,
2921 1756 2976 1803 et
3021 1749 3159 1805 adeo
3185 1754 3431 1823 excelsus
3459 1765 3542 1812 est
3582 1757 3628 1811 is
3655 1759 3747 1828 qui
3790 1771 3875 1816 est

2261 1831 2411 1914 lenis
2460 1842 2516 1889 et
2572 1836 2816 1904 patiens,
2869 1847 2926 1894 ut
2982 1855 3052 1895 ne
3116 1842 3323 1913 plagam
3367 1846 3585 1916 quidem
3637 1865 3667 1902 a
3718 1849 3875 1918 j.vctu

2268 1924 2518 1994 accipiat.
2548 1925 2772 1994 Quando
2795 1928 2887 1984 ille
2921 1930 3196 2001 efferatur,
3242 1942 3299 1990 tu
3344 1937 3461 1993 ride
3490 1956 3503 1992 :
3537 1939 3652 1994 ride
3680 1953 3873 1999 autem

2267 2034 2376 2099 non
2438 2033 2657 2092 aperte,
2704 2033 2764 2095 ut
2811 2044 2917 2083 non
2979 2031 3195 2101 irritcs,
3249 2036 3343 2091 sed
3404 2037 3456 2092 iu
3514 2039 3694 2097 anima
3771 2059 3878 2100 seu

2268 2113 2409 2184 apud
2445 2122 2495 2170 te
2538 2117 2655 2172 ride
2696 2129 2916 2189 pmpter
2958 2130 3029 2180 te.
3079 2124 3295 2184 Etenim
3337 2130 3405 2187 de
3433 2133 3621 2201 pueris
3640 2138 3876 2206 quando

2268 2219 2369 2259 nos
2391 2221 2513 2261 cum
2544 2224 2618 2261 ira
2652 2213 3015 2278 pereusserint
3036 2250 3053 2277 ,
3102 2224 3372 2284 tamquam
3405 2230 3464 2269 se
3496 2215 3832 2269 ulciscentes
3856 2254 3875 2274 .

2270 2294 2526 2352 ridemus.
2564 2299 2621 2355 Si
2643 2315 2772 2370 ergo
2810 2302 3030 2370 riseris,
3054 2311 3259 2359 tantum
3291 2305 3430 2360 inter
3458 2315 3509 2360 te
3534 2303 3756 2360 etillum
3790 2303 3877 2356 in-
3918 2316 3931 2327 ·

2273 2391 2465 2445 tererit
2485 2431 2501 2456 ,
2528 2403 2787 2461 quantum
2816 2394 2957 2450 inter
2980 2412 3202 2464 puerum
3230 2405 3287 2455 et
3318 2398 3488 2452 virum
3518 2413 3535 2450 :
3572 2397 3654 2452 sin
3680 2404 3875 2449 autem

2272 2480 2537 2547 efl‘eraris.
2561 2484 2730 2541 factus
2758 2502 2819 2543 es
2870 2502 3006 2557 puer
3032 2505 3048 2545 :
3080 2489 3261 2559 pueris
3284 2491 3429 2545 etum
3467 2488 3880 2563 insipientiores

2275 2585 2401 2626 sunt
2436 2574 2527 2645 qui
2579 2575 2905 2632 irascuntur.
2959 2580 3051 2635 Die
3097 2581 3245 2636 enim
3292 2581 3463 2644 mihi,
3500 2580 3548 2635 si
3600 2579 3878 2650 quispiam

2276 2680 2502 2735 puerum
2542 2668 2739 2725 viderit
2757 2670 3042 2727 efferatum
3064 2713 3078 2738 ,
3101 2689 3283 2729 nonne
3310 2674 3539 2728 irridet?
3571 2674 3680 2726 lloe
3706 2674 3880 2726 ett-im

2276 2757 2332 2813 in
2367 2758 2519 2814 iratis
2544 2760 2867 2818 observatur
2900 2783 2913 2819 :
2940 2767 3076 2819 tales
3105 2776 3229 2821 sunt
3266 2767 3429 2831 etiam
3461 2764 3881 2835 pusillanimes;

2276 2851 2321 2904 si
2355 2860 2533 2909 autem
2560 2855 2929 2923 pusillanimes
2961 2866 3104 2924 sunt,
3147 2859 3297 2914 stulti
3322 2872 3535 2926 quoqtte
3576 2864 3735 2910 sunl:
3770 2854 3879 2922 Qui

2277 2947 2443 2990 autem
2464 2940 2658 3007 pusilli,
2679 2941 2868 3011 inquit,
2892 2952 2964 2997 est
2979 2945 3159 3009 animi,
3173 2955 3244 3000 est
3265 2948 3411 3002 ualde
3429 2949 3670 3019 insipiens
3689 2948 3883 3021 (Prov.

2282 3026 2368 3080 14.
2400 3026 2719 3098 ‘29).Quicst
2741 3031 2898 3101 igitur
2929 3034 3206 3104 insipiens,
3226 3046 3308 3092 est
3337 3037 3531 3095 infans.
3566 3039 3631 3094 Et
3659 3043 3845 3111 quiest
3866 3089 3884 3111 ,

2277 3117 2466 3187 inquit,
2485 3126 2701 3192 patiens,
2723 3135 2797 3180 est
2817 3126 3007 3181 multus
3020 3128 3071 3199 in
3086 3129 3377 3200 prudentia.
3398 3132 3543 3189 lianc
3561 3133 3721 3203 igitur
3736 3137 3886 3192 mul~

2278 3220 2386 3264 tam
2430 3228 2814 3284 persequamur
2842 3220 3172 3288 patientiam,
3218 3222 3360 3278 unde
3401 3224 3566 3280 multa
3614 3241 3643 3279 a
3697 3227 3883 3295 probis

2279 3308 2411 3359 "iris
2436 3308 2730 3377 "quidm"
2753 3312 3045 3381 εοτεειοῑωες
3092 3323 3514 3386 utasscqoamur
3550 3318 3684 3373 bona
3724 3320 3883 3376 nobis
3976 3317 3985 3324 “

2281 3397 2542 3464 promissa
2566 3440 2582 3463 ,
2607 3399 2661 3453 in
2686 3400 2904 3457 (Zhristo
2933 3403 3059 3458 Jesu
3093 3405 3323 3462 Domino
3342 3417 3567 3473 nostro,
3610 3427 3740 3465 cum
3772 3426 3882 3480 quo

2285 3486 2424 3541 Patri
2454 3506 2554 3543 una
2590 3507 2712 3546 cum
2750 3502 2939 3550 sancto
2967 3495 3174 3565 Spiritu
3202 3499 3370 3569 gloria
3393 3542 3407 3563 ,
3435 3502 3746 3569 imperium,
3775 3503 3872 3557 ιιο-

2286 3593 2386 3632 nor
2412 3596 2555 3635 nunc
2575 3592 2629 3638 et
2655 3600 2891 3656 semper,
2915 3599 2971 3643 ct
2998 3588 3050 3641 in
3073 3590 3269 3644 sarcula
3302 3594 3651 3646 swculorum.
3681 3595 3862 3648 Amen.

598 3688 3170 3715 __________________________________

3193 3702 3430 3714 ...ιι-ι.

1906 3757 2252 3819 HOMILIA
2298 3761 2542 3824 XXIII.

598 3882 732 3940 ειν.
767 3886 855 3941 ιι.
887 3901 937 3940 v.
963 3886 1019 3942 7.
1050 3884 1184 3940 Fide
1224 3882 1361 3951 Noe,
1403 3900 1647 3953 responso
1675 3890 1880 3952 accepto
1905 3882 1968 3935 de
1996 3881 2060 3937 iis
2083 3897 2197 3951 qua:

672 3980 841 4034 adhuc
886 3996 990 4034 non
1036 3979 1355 4042 uidebantur,
1413 3988 1637 4031 metuens
1689 3979 1884 4046 aptavit
1923 3991 2098 4028 arcam
2144 3974 2199 4027 in

673 4071 889 4126 salutem
917 4072 1100 4126 domus
1123 4087 1268 4136 sua;
1311 4087 1400 4139 per
1438 4086 1590 4141 quam
1615 4067 1876 4123 denotavit
1905 4066 2155 4120 mundum
2184 4080 2199 4095 ο

676 4174 723 4218 et
753 4165 981 4227 iustitia,
1005 4179 1122 4235 qua:
1146 4180 1237 4234 per
1262 4163 1414 4231 ﬁdem
1440 4170 1534 4226 est,
1559 4160 1702 4215 lieres
1728 4168 1803 4214 est
1828 4159 2109 4212 institutus.
2148 4216 2151 4221 ,

678 4259 730 4310 1.
779 4254 929 4322 Fide,
959 4272 1222 4328 responso,
1249 4255 1438 4326 inquit,
1464 4262 1668 4322 accepto
1697 4250 1833 4307 Noe.
1858 4252 2007 4309 Sicut
2036 4249 2204 4317 Filius

611 4347 707 4402 Dei
735 4346 804 4402 de
833 4362 935 4401 suo
977 4347 1204 4417 loquens
1232 4345 1464 4401 adventu
1493 4344 1730 4409 dicebat,
1767 4341 1837 4396 In
1870 4343 2047 4396 diebus
2089 4339 2206 4394 Nnc

608 4441 860 4495 mtbebant
887 4449 936 4494 et
964 4448 1176 4513 nuptum
1205 4439 1396 4493 dabant
1431 4428 1585 4509 (Luc.
1617 4438 1712 4506 17,
1744 4435 1854 4503 ‘27)
1888 4452 1901 4486 :
1935 4435 2004 4489 ita
2034 4442 2088 4489 et
2118 4432 2208 4487 hic

612 4533 767 4588 dicit.
793 4531 986 4588 Merito
1009 4530 1301 4603 Apostolus
1322 4544 1537 4602 quoque
1577 4529 1656 4584 eis
1695 4527 2105 4584 convenientem
2154 4525 2206 4579 in

607 4626 921 4682 memoriam
939 4623 1625 4682 revocavitsimilitudinem
1637 4620 1860 4676 .Enoehi
1875 4618 2017 4676 enim
2035 4632 2209 4679 exem-

610 4720 757 4788 plum
774 4727 892 4775 erat
914 4720 1088 4775 solum
1109 4716 1414 4789 exemplum
1441 4714 1585 4778 fidei,
1611 4714 1722 4770 Noe
1739 4728 1867 4768 vero
1898 4711 2208 4782 exemplum

609 4811 770 4865 etiam
802 4810 1206 4869 ineredulimtis.
1242 4808 1316 4863 Ea
1358 4815 1538 4862 autem
1589 4814 1674 4862 est
1720 4803 1958 4877 perfecta
2013 4818 2211 4859 conso-

611 4904 742 4960 latio
787 4911 845 4960 et
893 4901 1230 4966 exhortatio,
1259 4898 1475 4971 quando
1505 4913 1612 4954 non
1641 4898 1815 4953 solum
1854 4897 1944 4968 qui
1963 4896 2210 4962 credide-

612 5003 739 5050 runt
777 4995 1123 5053 inveniuntur
1153 4991 1366 5063 probari
1398 5000 1453 5046 et
1481 4990 1533 5045 in
1584 4990 1725 5047 bona
1769 5005 1887 5046 esse
1937 4990 2211 5058 existima-

614 5088 762 5144 tione
784 5128 803 5155 ,
842 5085 937 5145 sed
977 5085 1140 5141 etiam
1189 5083 1280 5153 qui
1312 5097 1419 5138 non
1447 5081 1672 5137 credunt
1701 5081 1975 5153 patiuntur
1995 5088 2210 5143 contra-

617 5180 716 5234 ria.
765 5179 903 5248 Quid
944 5178 1091 5232 enim
1137 5175 1308 5230 dicit?
1351 5173 1487 5230 Fide
1527 5190 1771 5243 respmso
1814 5183 2020 5244 accepto
2070 5172 2207 5233 Noe.

617 5270 752 5338 Quid
777 5270 881 5324 hoc
903 5269 1026 5325 est?
1057 5266 1380 5324 Praedictum
1407 5264 1483 5322 illi
1509 5265 1923 5337 fuerat,.inquit.
1959 5266 2211 5337 Respon-

549 5404 571 5409 --
619 5378 733 5417 sum
764 5367 944 5414 autem
977 5355 1243 5427 significat
1272 5354 1607 5427 prophetiam
1641 5372 1654 5408 :
1692 5369 1815 5410 nam
1848 5354 1973 5408 alibi
1999 5367 2213 5424 quoque

622 5457 690 5508 ita
719 5453 853 5508 dicit
880 5449 963 5504 :F
966 5458 1108 5505 uerat
1146 5448 1189 5503 ei
1224 5449 1522 5518 responsum
1554 5448 1799 5517 aSpiritu
1842 5456 2018 5502 uincto
2060 5445 2212 5516 (Luc.

568 5598 573 5602 .
622 5549 675 5603 2.
706 5547 779 5602 ‘16
805 5548 863 5615 );
910 5555 966 5601 et
1011 5559 1219 5611 rursus,
1273 5542 1334 5597 Et
1368 5542 1494 5613 quid
1531 5540 1654 5595 dicit
1694 5557 1993 5612 responsum
2034 5539 2213 5609 (Rom.

628 5641 717 5694 ll.
744 5639 776 5694 4
797 5636 854 5709 )‘?
880 5634 1048 5692 Vides
1079 5650 1258 5706 parem
1300 5634 1562 5689 honorem
1602 5632 1875 5701 Spiritus?
1903 5631 2044 5686 sicut
2071 5630 2215 5685 enim

552 5792 559 5797 .
631 5736 771 5791 licus
800 5732 1110 5815 respwndel,
1138 5732 1207 5788 ita
1237 5731 1400 5787 etiam
1442 5728 1675 5802 Spiritus
1702 5736 1939 5783 sanctus.
1981 5726 2090 5782 Cur
2119 5740 2216 5779 au-

2302 3890 2409 3935 tem
2449 3879 2528 3935 sic
2554 3876 2728 3937 dixit?
2756 3875 2825 3932 Ut
2848 3873 3097 3931 ostendat
3134 3887 3452 3942 responsum
3493 3878 3615 3928 esse
3654 3870 3900 3944 ιιι-ορδε-

2305 3973 2452 4026 tiam.
2479 3970 2628 4025 Deiis
2653 3983 2769 4038 qua:
2788 3967 2954 4021 adhuc
2980 3982 3080 4020 non
3106 3964 3417 4026 videbantur.
3437 3963 3638 4032 inquit;
3666 3963 3773 4020 hoc
3789 3976 3903 4034 est,

2302 4066 2372 4119 de
2413 4060 2855 4133 pluvianeritus
2878 4069 2933 4114 et
2975 4058 3077 4113 sibi
3105 4071 3303 4113 cavens
3348 4058 3654 4113 crmstruxit
3691 4071 3903 4113 arcam.

2307 4154 2463 4210 Ratio
2506 4152 2721 4224 quidem
2766 4150 2899 4206 nihil
2947 4149 3053 4205 tale
3101 4148 3368 4219 suggessit
3420 4164 3435 4201 :
3486 4157 3713 4220 nuptum
3751 4149 3908 4204 enim

2301 4249 2502 4304 dalmnt
2526 4253 2582 4301 et
2608 4244 2901 4305 ouhcbant,
2932 4257 3025 4297 aer
3042 4249 3158 4296 erat
3182 4256 3371 4311 purus,
3399 4243 3555 4310 signa
3576 4255 3681 4294 non
3704 4245 3867 4296 erant
3890 4257 3906 4304 ς

2304 4340 2399 4396 sed
2427 4349 2605 4393 tamen
2630 4337 2722 4393 ille
2740 4343 2826 4391 est
2849 4334 3056 4390 veritus
3086 4349 3102 4384 :
3140 4332 3263 4388 ideo
3290 4333 3371 4387 sic
3396 4332 3531 4386 dixit
3561 4348 3576 4385 :
3606 4330 3741 4385 Fide
3764 4320 3915 4398 Noe;

2307 4448 2549 4503 responso
2594 4439 2803 4498 accepto
2847 4428 2912 4482 de
2960 4428 3027 4482 iis
3066 4441 3180 4494 qua!
3219 4425 3388 4480 adhuc
3435 4441 3538 4480 non
3582 4424 3917 4491 videbantur,

2307 4534 2552 4584 tacturus,
2575 4522 2860 4578 construxit
2887 4536 3058 4575 arcam
3083 4521 3138 4574 in
3165 4520 3380 4574 salutem
3402 4520 3583 4573 domus
3607 4535 3735 4574 sum.
3761 4519 3925 4587 Quo-

2310 4615 2509 4671 modo?
2545 4613 2651 4669 Per
2682 4631 2835 4685 quam
2862 4612 3217 4669 condemnavit
3244 4611 3508 4665 mundum.
3538 4610 3787 4667 Ostendit
3809 4628 3925 4668 eos

2309 4707 2502 4779 dignos
2529 4707 2818 4777 supplicio,
2858 4705 2949 4775 qui
2990 4718 3091 4758 nec
3118 4717 3216 4773 per
3243 4702 3391 4757 illam
3418 4702 3635 4771 quidem
3656 4712 3929 4759 constru-

2310 4800 2542 4854 ctionem
2573 4796 3002 4867 corrigchantur,
3035 4805 3139 4849 nec
3164 4792 3572 4861 resipiscebaot.
3609 4792 3675 4848 Et
3689 4795 3929 4863 justitia-

2323 4907 2439 4964 φιω
2469 4907 2557 4962 per
2584 4890 2739 4955 ﬁdem
2767 4894 2860 4951 est,
2890 4886 3031 4940 heres
3056 4892 3128 4938 est
3155 4881 3448 4945 institutus;
3473 4878 3576 4932 hoc
3610 4885 3713 4940 eat,
3744 4891 3811 4930 ex
3845 4889 3927 4932 ee

2311 4987 2491 5057 justus
2536 4981 2806 5053 apparuit,
2856 4977 2999 5049 quod
3045 4977 3158 5033 Deo
3198 4972 3447 5029 credidit.
3490 4969 3605 5025 lloc
3639 4968 3786 5023 enim
3826 4979 3933 5057 est

2317 5077 2514 5133 anima:
2557 5074 2770 5128 sincere
2798 5070 2849 5126 in
2878 5083 3004 5126 eum
3035 5066 3263 5131 allectat,
3309 5071 3365 5119 et
3397 5077 3519 5133 qua:
3543 5058 3750 5130 judicat
3778 5056 3936 5113 nihil

2317 5184 2440 5226 esse
2467 5167 2586 5236 eius
2612 5163 2794 5219 verbis
2822 5155 3157 5221 credibilius,
3204 5156 3344 5211 sicut
3371 5150 3699 5210 contrarium
3735 5149 3898 5204 inero
3916 5171 3949 5190 ~-

2316 5262 2536 5316 dolitas.
2567 5258 2660 5313 Est
2694 5264 2875 5311 autem
2905 5252 3271 5324 perspicuum,
3309 5245 3454 5319 quod
3495 5243 3634 5299 ﬁdes
3660 5250 3934 5313 operatur

2314 5353 2598 5425 juStitiam.
2625 5349 2779 5406 Sicut
2810 5346 2954 5403 enim
2995 5359 3095 5401 nos
3140 5354 3463 5412 responsum
3506 5335 3821 5405 accepimus
3848 5333 3935 5388 de

2318 5446 2588 5516 gehenna,
2635 5441 2705 5494 ita
2756 5439 2846 5494 ille
2891 5450 3133 5508 quoque.
3180 5431 3342 5502 Atqui
3392 5439 3521 5485 tunc
3564 5426 3934 5489 irridebatur,

2321 5548 2445 5592 tunc
2487 5533 2698 5605 probris
2737 5528 3075 5585 afﬁciebatur
3104 5535 3161 5580 et
3197 5522 3667 5584 subsannabatur;
3713 5517 3809 5571 sed
3841 5526 3938 5571 ta-

2321 5646 2443 5684 men
2484 5625 2551 5681 ad
2592 5623 2718 5679 nihil
2767 5623 2956 5678 horum
3014 5618 3227 5688 aspexit
3257 5634 3271 5671 :
3301 5616 3354 5672 8.
3413 5613 3545 5668 Fide
3582 5613 3669 5681 qui
3709 5622 3935 5664 rerum:

2322 5722 2577 5779 Abraham
2600 5718 2816 5776 obedivit
2842 5718 2892 5773 iu
2920 5716 3086 5771 locum
3108 5714 3269 5782 exire,
3294 5727 3447 5786 quem
3475 5717 3778 5781 accepturas
3809 5715 3939 5760 erat
