4172 6452
541 493 762 566 πατέρα
790 492 1039 565 Ἕλληνα
1063 482 1180 565 εἶχε
1215 494 1307 549 καὶ
1339 493 1740 565 εἰδωλολάτρην
1766 533 1784 559 ,
1844 496 2145 566 προφητῶν

542 578 645 630 ούκ
691 574 921 646 ἠκηκόει
946 614 963 637 ,
1022 575 1145 629 ούδέ
1194 574 1313 645 ᾔδει
1367 574 1474 628 ποῦ
1520 576 1746 647 ἤρχετο.
1789 576 2011 647 Ἐπειδὴ
2040 578 2150 648 γὰρ

544 662 626 725 εἰς
669 657 895 722 τούτους
951 657 1144 730 ἐώρων
1191 658 1241 710 οἰ
1285 657 1346 723 ἐξ
1374 658 1647 730 Ἐϐραίων
1691 662 2145 727 πεπιστευκότες,

543 743 621 806 ὡς
674 742 885 814 μυρίων
933 741 1365 805 ἀπολαύσαντας
1413 740 1640 811 ἀγαθῶν
1667 781 1682 804 ,
1737 734 2017 798 δείκνυσιν
2064 743 2151 797 ὅτι

543 826 722 888 οὐδεὶς
768 824 983 878 ούδέπω
1029 825 1185 879 οὐδὲν
1231 824 1565 895 ἐκομίσατο,
1614 825 1754 880 ἀλλά
1782 827 1984 892 πάντες
2007 827 2148 880 είσὶν

543 909 866 979 ἀγέραστοι,
897 909 991 961 καλ⁸
1014 908 1098 961 δτι
1144 907 1318 971 οὐδεὶς
1345 907 1560 961 οὐδέπω
1584 909 1806 976 ἐδέξατο
1836 911 1937 974 τάς
1979 910 2149 980 ἀμοι-

552 990 675 1053 ϐἀς.
701 989 816 1058 Τῆς
846 988 1107 1059 πατρίδος
1144 989 1352 1053 ἐκεῖνος
1385 991 1479 1043 καὶ
1521 990 1624 1058 τῆς
1664 990 1841 1055 οἰκίας
1885 989 2136 1056 ἐξέπεσε,

554 1075 650 1128 καὶ
670 1073 896 1143 ἐξῆλθεν
915 1076 1018 1131 οὐκ
1031 1073 1189 1138 εἰδὼς
1204 1074 1307 1129 ποῦ
1333 1075 1573 1145 ἔρχεται.
1597 1076 1705 1129 Καὶ
1725 1076 1778 1128 τί
1794 1073 2132 1144 θαυμαστὸν,

551 1161 603 1212 εἰ
635 1159 819 1228 αὐτὸς,
840 1162 977 1215 ὅπου
1020 1178 1084 1231 γε
1117 1160 1213 1214 καί⁵
1253 1159 1313 1214 τὸ
1348 1160 1574 1231 σπέρμα
1607 1158 1775 1213 αὑτοῦ
1815 1157 1959 1212 οὕτω
2003 1174 2141 1212 κατ·

552 1244 812 1315 ᾠκησενς
845 1244 1021 1315 Ὁρῶν
1062 1243 1197 1313 γοῦν
1233 1242 1601 1315 ἐλεγχομένην
1644 1242 1745 1313 τὴν
1779 1240 2139 1311 ἐπαγγελίαν.

543 1327 604 1377 ού
633 1323 1069 1395 κατενάρκησεν·
1104 1319 1229 1376 εἷπε
1256 1325 1389 1394 γάρ’
1420 1321 1523 1375 Σοί
1543 1319 1717 1374 δώσω
1736 1321 1853 1389 τὴν
1872 1320 1992 1392 γῆν
2011 1322 2152 1377 ταύ-

543 1423 679 1474 την,
711 1404 814 1461 καί
843 1404 923 1471 τῷ
950 1405 1250 1475 σπέρματί
1275 1421 1414 1460 σου.
1445 1402 1567 1457 Εἶδε
1595 1403 1690 1457 τὸν
1718 1403 1848 1456 Υἰὺν
1872 1405 1992 1457 ἐκεῖ
2018 1421 2150 1458 κατ-

542 1491 821 1556 οικοῦντα,
842 1490 939 1544 καὶ
962 1490 991 1543 6
1013 1489 1237 1560 ἔκγονος
1265 1488 1427 1541 πάλιν
1451 1484 1589 1541 εἶδεν
1611 1487 1803 1541 ἐαυτὸν
1819 1488 1878 1540 ἐν
1891 1486 2152 1560 ἀλλοτρία

547 1576 953 1642 κατοικοῦντα,
1013 1576 1109 1630 καὶ
1160 1574 1317 1629 οὐδὲν
1370 1572 1701 1645 ἐθορυϐήθη.
1761 1572 1837 1626 T6
1894 1572 1995 1644 μὲν
2040 1573 2154 1644 γὰρ

545 1660 642 1713 τοῦ
699 1658 956 1729 Ἀϐραὰμ
1003 1656 1231 1720 εἰκότως
1279 1648 1571 1725 ἐγεγόνει,
1628 1654 1726 1710 ἆτε
1785 1656 1925 1725 μετὰ
1975 1654 2156 1709 ταῦτα

550 1743 858 1816 μελλούσης
916 1742 1018 1814 τῆς
1076 1742 1413 1811 ἐπαγγελίας
1472 1742 1555 1804 εἰς
1605 1740 1767 1810 ἔργον
1820 1737 2155 1810 ἐκϐήσεσθαι

548 1830 630 1891 εἰς
663 1831 724 1881 τὸ
754 1828 912 1896 γένος
939 1825 1128 1879 αὐτοῦ·
1162 1826 1343 1879 καίτοι
1370 1842 1435 1894 γε
1463 1825 1560 1877 καὶ
1590 1824 1729 1893 πρὸς
1750 1822 1915 1876 αύτδν
1943 1822 2153 1893 είρητο,

548 1913 632 1965 ὅτι
684 1911 787 1965 Σοὶ
819 1911 916 1965 καί
948 1907 1029 1974 τῷ
1060 1909 1360 1979 σπέρματί
1387 1922 1527 1962 σου·
1563 1909 1626 1960 ού
1650 1945 1665 1969 ,
1712 1906 1813 1960 Διά
1858 1904 1954 1959 τοῦ
1984 1906 2157 1977 σπέρ·

552 1996 723 2065 ματός
771 2010 866 2048 σου
919 1993 1044 2058 σοὶ,
1101 1991 1260 2058 ἀλλά,
1317 1992 1419 2046 Σοὶ
1449 1990 1549 2047 καί
1579 1987 1659 2056 τῷ
1682 1989 1980 2059 σπέρματί
2006 2003 2157 2046 σου⁶

548 2079 645 2132 καὶ
696 2076 823 2132 οὔτε
870 2076 1033 2142 αὐτὸς
1056 2119 1073 2144 ,
1131 2075 1260 2129 οὔτε
1293 2076 1322 2128 6
1360 2074 1579 2141 Ἰσαὰκ,
1611 2071 1737 2128 οὔτε
1766 2076 1795 2127 6
1829 2071 2025 2127 Ἰακὼϐ
2051 2075 2160 2128 ἀπο

549 2166 795 2231 ήλαυσαν
847 2163 949 2233 τῆς
1008 2162 1384 2232 ὑποσχέσεως.
1420 2160 1478 2215 ’0
1515 2159 1616 2228 μὲν
1644 2159 1753 2230 γὰρ
1802 2156 1981 2229 μισθῷ
2007 2156 2161 2211 ἐδού-

552 2247 741 2299 λευσεν
767 2278 783 2309 ,
845 2247 874 2300 6
924 2245 983 2298 δέ
1042 2242 1376 2315 ἐξηλαύνετο
1402 2281 1418 2307 ,
1478 2236 1633 2305 οὗτος
1666 2242 1724 2294 δέ
1768 2242 1864 2294 καὶ
1897 2240 2161 2307 ἐξέπιπτε

553 2328 845 2391 δεδοικώςο
883 2329 979 2381 καὶ
1014 2327 1084 2381 τὰ
1117 2328 1217 2398 μὲν
1246 2323 1360 2380 εἷλε
1388 2325 1635 2396 πολέμῳ,
1665 2324 1735 2377 τά
1757 2324 1835 2392 δέ,
1867 2325 1918 2378 εἰ
1950 2324 2026 2395 μὴ
2059 2324 2161 2393 τῆς

554 2412 654 2466 τοῦ
704 2411 840 2466 θεοῦ
892 2412 1070 2485 ῥοπῆς
1119 2411 1353 2481 ξτυχεν,
1410 2407 1659 2463 ἀπώλετο
1690 2409 1778 2464 ἀν.
1821 2409 1975 2462 δΔιά
1999 2408 2162 2463 τοῦτό

558 2513 749 2567 φησιν,
783 2497 866 2551 ὃτι
899 2495 1063 2550 Μετὰ
1093 2493 1215 2549 τῶν
1242 2494 1639 2563 κληρονόμων
1664 2491 1775 2561 τῆς
1798 2493 2163 2562 ἐπαγγελίας

551 2581 661 2650 τῆς
705 2580 923 2650 αὐτῆς.
983 2579 1123 2650 υύχλ⁸
1179 2579 1346 2641 αὐτὸς
1397 2577 1584 2648 μόνος,
1637 2578 1827 2648 φησὶν,
1881 2576 2019 2631 ἀλλά
2066 2578 2163 2630 καὶ

550 2667 604 2720 οἰ
650 2666 1003 2737 κληρονόμοι.
1071 2657 1209 2717 Εἶτα
1262 2663 1357 2715 καὶ
1401 2662 1588 2733 ἔτερόν
1618 2678 1673 2714 τι
1709 2661 1821 2714 τῶν
1851 2661 2161 2732 εἰρημένων

552 2749 885 2820 τρανότερον
915 2747 1167 2820 ἐπήγαγε
1196 2745 1391 2814 λέγων’
1428 2743 1591 2799 Κατὰ
1620 2745 1831 2799 πίστιν
1856 2746 2164 2800 ἀπέθανον

554 2832 727 2891 οὗτοι
776 2832 1027 2899 πάντες,
1076 2829 1165 2901 μὴ
1205 2828 1601 2900 κομισάμενοι
1640 2828 1746 2895 τὰς
1774 2828 2160 2899 ἐπαγγελίας.

553 2922 660 2973 Δύο
691 2917 928 2972 ἐνταῦθα
955 2917 1192 2990 ζητῆσαι
1219 2913 1393 2979 ἀξιον,
1413 2911 1531 2976 πῶς
1556 2910 1750 2977 εἰπὼν,
1770 2911 1854 2965 ὃτι
1876 2910 2164 2982 Μετέθηκε

554 3003 651 3056 τὸν
671 2999 878 3072 ’Ἑνὼχ,
910 2999 1007 3053 τοῦ
1043 3000 1119 3069 μὴ
1150 2998 1281 3051 ἰδεῖν
1310 2995 1567 3061 θάνατον,
1602 2995 1699 3049 καὶ
1728 2994 1826 3065 ούχ
1851 2993 2161 3065 εὑρίσκετο,

558 3088 709 3156 λέγει
729 3104 743 3116 ·
780 3085 943 3140 Κατὰ
990 3082 1204 3135 πίστιν
1228 3079 1538 3136 ἀπέθανον
1563 3074 1731 3135 οὗτοι
1755 3077 2003 3143 πάντες.
2053 3078 2167 3130 Καὶ

560 3172 723 3227 πάλιν
773 3166 985 3222 εἰπών’
1036 3166 1134 3234 Μὴ
1180 3162 1578 3235 κομισάμενοι
1624 3162 1733 3229 τὰς
1778 3162 2166 3233 ἐπαγγελίας,

560 3256 651 3309 τὸν
702 3253 828 3308 Νῶε
882 3251 1157 3305 δείκνυσιν
1208 3247 1491 3318 εἰληφέναι
1530 3244 1722 3317 μισθὸν
1775 3246 1857 3309 εἰς
1886 3245 2166 3318 σωτηρίαν

558 3339 656 3395 τοῦ
685 3339 838 3393 οίκου
869 3335 1040 3391 αὐτοῦ
1061 3377 1075 3401 ,
1136 3333 1233 3389 καὶ
1260 3334 1353 3387 τὸν
1393 3330 1564 3403 Ἑνὼχ
1598 3329 2038 3400 μετατεθεῖσθαι,
2072 3324 2167 3384 καὶ

560 3426 653 3481 τὸν
684 3423 853 3478 ’Δϐελ
881 3420 960 3476 ἔτι
986 3419 1174 3475 λαϐεῖν
1201 3460 1216 3486 ,
1275 3418 1373 3472 καὶ
1416 3415 1515 3470 τὸν
1555 3414 1807 3485 Ἀϐραὰμ
1838 3412 2169 3484 ἐπειλῆφθαι

562 3508 663 3580 τῆς
689 3507 795 3578 γῆς
819 3522 835 3537 ·
889 3503 982 3559 καί
1034 3519 1171 3574 φησι
1188 3518 1202 3533 ·
1239 3500 1403 3556 Κατὰ
1429 3500 1642 3553 πίστιν
1666 3498 1974 3553 ἀπέθανον
2001 3493 2169 3553 οὗτοι

562 3591 788 3658 πάντες
810 3629 826 3656 ,
886 3586 1039 3661 [2121
1084 3585 1173 3655 μὴ
1213 3584 1611 3654 κομισάμενοι
1642 3582 1750 3649 τὰς
1777 3581 2167 3651 ἐπαγγελίας.

564 3676 631 3731 Τί
669 3670 765 3730 οὖν
813 3674 962 3726 ἐστιν
996 3670 1025 3724 6
1054 3668 1236 3739 λέγει;
1280 3668 1608 3735 ’Λναγκαῖον
1644 3666 1708 3719 τὸ
1737 3664 1956 3740 πρῶτον
1984 3663 2172 3731 λῦσαι,

566 3755 687 3813 εἶτα
729 3758 792 3810 τδ
839 3754 1110 3826 δεύτερον.
1169 3749 1334 3808 Κατὰ
1367 3748 1578 3803 πίστιν
1604 3748 1931 3810 ἀπέθανον,
1978 3748 2167 3819 φησὶν,

567 3839 735 3901 οὗτοι
786 3838 1033 3907 πάντες.
1095 3837 1190 3900 T6,
1240 3834 1494 3901 Πάντες,
1552 3834 1791 3889 ἐνταῦθα
1833 3830 2012 3898 εἶπεν,
2070 3832 2171 3885 οὐκ

569 3927 760 3997 ἐπειδὴ
811 3927 1012 3985 πάντες
1059 3920 1372 3987 ἀπέθανον,
1429 3918 1547 3971 ἀλλ’
1580 3916 1773 3987 ἐπειδὴ
1827 3914 2170 3987 ἐξῃρημένον

567 4012 804 4071 ἐκείνου,
840 4006 1117 4063 ἀπέθανον
1146 3997 1296 4058 οῦτοι
1327 4003 1553 4067 πάντες,
1589 4000 1685 4063 οὒς
1717 4001 1877 4070 ίσμεν
1906 3997 2165 4070 τεθνηκό-

565 4113 686 4160 τας.
749 4093 847 4147 T6
872 4092 930 4146 δέ
961 4133 975 4158 ,
1031 4092 1131 4158 Μὴ
1184 4087 1579 4159 κομισάμενοι
1633 4085 1741 4153 τὰς
1785 4083 2168 4153 ἐπαγγελίας,

567 4181 769 4253 ἀληθὲς
818 4177 1078 4247 τυγχάνει
1102 4191 1118 4207 ’
1180 4174 1244 4229 ού
1292 4172 1404 4245 γὰρ
1455 4171 1524 4243 δὴ
1571 4169 1730 4225 τοῦτο
1771 4168 1999 4241 ἔμελλεν
2024 4163 2172 4224 εἶναι

568 4266 606 4338 ἡ
636 4261 942 4333 ἐπαγγελία
973 4259 1052 4332 τῷ
1078 4258 1227 4314 Νῶε.

645 4444 708 4515 β’.
727 4439 893 4503 Ποίας
914 4438 973 4492 δέ
994 4437 1089 4491 καὶ
1109 4433 1447 4504 ἐπαγγελίας
1466 4430 1665 4515 φησίν;
1682 4431 1711 4484 6
1736 4428 1834 4515 μὶν
1849 4428 1961 4515 γάρ
1983 4428 2174 4515 Ἰσαλκ

572 4511 672 4584 καὶ
706 4523 901 4580 Ἰακὼϐ
953 4522 1148 4577 ἔλαϐον
1198 4520 1299 4582 τάς
1334 4514 1671 4585 ἐπαγγελίας
1704 4514 1804 4582 τῆς
1828 4513 1936 4581 γῆς
1961 4526 1976 4540 ⁶
2033 4514 2085 4565 οἰ
2113 4511 2175 4566 δέ

574 4612 705 4683 περί
754 4608 901 4673 Νῶε,
933 4607 1029 4662 καὶ
1059 4603 1250 4667 Ἅϐελ,
1284 4602 1379 4656 καὶ
1419 4598 1611 4669 Ἑνὼχ,
1642 4596 1807 4659 ποίας
1838 4595 2175 4683 ἐπαγγελίας

575 4679 803 4760 ἐλάϐονς
828 4694 901 4746 Ἦ
930 4691 1112 4745 τοίνυν
1144 4706 1210 4740 πε
1222 4687 1276 4759 ρὶ
1303 4686 1412 4741 τῶν
1440 4683 1612 4755 τριῶν
1647 4697 1782 4751 φησι
1810 4679 2036 4734 τούτων·
2068 4679 2178 4750 ἦεί

575 4781 671 4833 καὶ
703 4777 832 4849 περὶ
862 4774 1114 4838 ἐκείνων,
1145 4771 1209 4823 ού
1239 4769 1401 4823 τοῦτο
1429 4763 1498 4838 ἦν
1530 4767 1565 4835 ἡ
1594 4761 1919 4849 ἐπαγγελία,
1955 4762 2172 4849 τδθαυ.

579 4846 854 4935 μασθῆναι
886 4858 980 4912 τὸν
1010 4855 1199 4921 ιἈϐελ,
1232 4851 1356 4906 ούδέ
1387 4847 1840 4935 τὸμετατεθῆναι
1865 4846 2171 4935 τὸνἙνὼχ,

574 4930 698 5001 οὐδὲ
744 4930 808 4997 τὸ
853 4938 1192 5008 διασωθῆναι
1240 4935 1333 4988 τὸν
1377 4934 1525 4997 Νῶε,
1584 4930 1722 4986 ἀλλά
1755 4930 2045 4986 καὶταῦτα
2073 4932 2175 5003 μὲν

579 5031 764 5093 αὐτοῖς
791 5027 880 5082 διά
905 5025 1005 5097 τὴν
1034 5022 1239 5094 ἀρετὴν
1265 5018 1485 5088 ἐγένετο
1509 5057 1525 5081 ,
1583 5016 1838 5089 γεύματα
1865 5017 1924 5071 δέ
1953 5034 2077 5071 τινα
2104 5013 2175 5090 ἦν

577 5114 690 5169 τῶν
717 5110 1038 5183 μελλόντων.
1054 5106 1114 5160 ’0
1133 5104 1245 5175 γὰρ
1267 5102 1402 5165 Θεδς
1425 5101 1523 5157 ἀπ’
1545 5101 1726 5172 ἀρχῆς
1753 5099 1911 5164 εἰδὼς
1933 5100 1996 5153 τὸ
2017 5100 2175 5170 γένος

579 5197 642 5253 τὸ
654 5194 995 5267 ἀνθρώπινον
1010 5189 1216 5260 πολλῆς
1227 5187 1479 5259 δεόμενον
1499 5185 1982 5255 συγκαταϐἀσεως,
1999 5185 2061 5238 οὐ
2086 5185 2178 5255 μό-

582 5299 674 5335 νον
694 5279 762 5334 τά
781 5281 840 5331 ἐν
859 5276 938 5347 τῷ
962 5274 1230 5346 μέλλοντι,
1252 5271 1389 5327 ἀλλά
1412 5270 1506 5325 καὶ
1523 5270 1593 5324 τὰ
1612 5268 1850 5324 ἐνταῦθα
1870 5271 2006 5339 ἡμῖν
2019 5267 2178 5339 χαρί-

584 5364 757 5435 ζεται·
782 5354 895 5415 οἷον
919 5361 1058 5430 ὅπερ
1088 5358 1195 5413 καὶ
1208 5359 1323 5421 τοίς
1351 5354 1625 5429 μαθηταῖς
1650 5354 1836 5423 ἐλεγεν
1864 5355 1894 5406 6
1917 5350 2177 5423 Χριστός·

588 5448 800 5510 Ὅστις
844 5441 1084 5513 ἀφῆκεν
1126 5442 1341 5508 οἰιιίας,
1381 5441 1422 5508 ἢ
1453 5437 1783 5507 ἀδελφοὺς,
1813 5437 1853 5505 ἢ
1883 5436 2178 5506 ἀδελφὰς,

587 5531 627 5599 ἢ
678 5526 940 5599 πατέρα,
991 5528 1030 5595 ἢ
1079 5528 1309 5597 μητέρα
1328 5564 1343 5590 ,
1407 5521 2016 5579 ἑκατονταπλασίονα
2069 5518 2183 5585 λή-

588 5619 790 5687 ψεται,
813 5612 913 5669 καί
939 5612 1092 5682 ζωὴν
1111 5611 1352 5666 αἰώνιον
1374 5607 1842 5678 κληρονομήσει·
1874 5604 1968 5659 καὶ
1992 5602 2179 5657 πάλιν

652 5900 687 5944 ο
707 5890 898 5945 Vldesis
916 5895 1083 5944 nomn
1105 5883 1514 5955 interpretationi
1534 5882 1723 5935 Latinae
1756 5877 2058 5971 subjecumf

1291 381 1348 437 ε.
1382 370 1675 437 mAms
1711 360 2201 439 ειιιινεοετοιιι
2239 350 2575 441 Αιιιιιιιεινζ
2596 380 3149 442 coxsnxmop.

3733 336 3846 442 mi

2257 497 2306 554 Ζ
2312 497 2499 566 ητεῖτε
2522 497 2636 567 τὴν
2652 497 2982 564 βασιλείαν
2996 499 3102 554 τοῦ
3125 497 3296 568 Θεοῦ,
3312 498 3411 553 καί
3437 497 3620 553 ταῦτα
3642 500 3848 554 πάντα

2254 582 2735 650 προστεθήσεται
2760 582 3105 655 ὑμῖν.’ορᾷς
3130 582 3225 637 καὶ
3250 583 3309 636 ἐν
3333 581 3653 655 προσθήκης
3677 583 3849 657 μέρει

2253 662 2428 719 ταῦτα
2458 664 2592 736 παρ’
2641 666 2809 720 αὐτοῦ
2841 665 3118 737 διδόμενα,
3171 664 3313 720 ὥστε
3365 668 3441 737 μὴ
3490 666 3849 737 ἀποκαμείνς

2253 746 2524 818 Καθάπερ
2554 748 2664 818 γάρ
2683 750 2730 802 οἱ
2758 748 2993 821 ἀθληταὶ
3029 747 3367 804 ἀπολαύουσι
3404 747 3506 819 μὲν
3543 748 3854 818 θεραπείας
3915 794 3925 809 ,

2253 831 2352 886 καὶ⁵
2379 833 2508 885 ὅταν
2538 832 2938 902 ἀγωνίζωνται,
2970 832 3112 904 πλὴν
3142 832 3260 887 ἀλλ’
3288 832 3351 885 ού
3381 831 3565 903 πάσης
3585 832 3707 885 τότε
3739 831 3853 901 τῆς

2252 913 2497 977 ἀνέσεως
2520 915 2913 978 ἀπολαύουσιν,
2952 916 3061 970 ὑπὸ
3092 915 3278 985 νόμοις
3308 914 3531 980 ζῶντες,
3556 911 3693 967 ἀλλά
3730 913 3852 968 πά-

2262 1001 2365 1056 σης
2396 986 2536 1057 μετά
2577 986 2752 1041 ταῦτα
2784 983 3186 1041 ἀπολαύουσιν·
3221 983 3368 1040 οὕτω
3412 986 3509 1040 καὶ
3540 989 3568 1042 6
3611 985 3748 1051 Θεὸς
3776 988 3849 1041 ού

2261 1068 2445 1140 πάσης
2474 1068 2708 1126 ἐνταῦθα
2744 1067 2929 1123 δίδωσι
2962 1068 3286 1140 μεταλαϐεῖν
3314 1069 3413 1142 τῆς
3446 1069 3685 1133 ἀνέσεως
3704 1087 3719 1100 ο
3757 1070 3854 1124 δί-

2258 1151 2392 1207 δωσι
2434 1152 2535 1224 μὲν
2557 1152 2667 1223 γὰρ
2688 1153 2781 1206 καὶ
2806 1152 3060 1215 ἐνταῦθα,
3097 1150 3238 1223 πλὴν
3270 1152 3420 1220 ὅμως
3449 1151 3550 1224 τὴν
3572 1154 3755 1206 πᾶσαν
3783 1155 3852 1206 ἐν

2260 1236 2341 1308 τῷ
2372 1236 2616 1310 μέλλοντι
2645 1236 2959 1307 ἐταμίευσε.
2984 1236 3094 1290 Καὶ
3123 1237 3205 1290 ὅτι
3233 1235 3392 1290 τοῦτό
3425 1238 3596 1301 ἐστιν,
3633 1237 3850 1307 ἐδήλω-

2266 1338 2358 1375 σεν
2408 1322 2542 1375 αὐτὸ
2592 1323 2687 1376 καὶ
2744 1321 2834 1375 διὰ
2880 1321 2982 1391 τῆς
3021 1322 3353 1391 ὲἰταγωγῆς,
3397 1321 3611 1375 εἰπών’
3652 1322 3855 1376 Ἀλλὰ

2264 1405 2570 1473 πόρρωθεν
2608 1404 2798 1470 αὐτὰς
2837 1403 3070 1470 ἰδόντες
3102 1403 3203 1459 καί
3240 1404 3683 1474 ἀσπασάμενοι.
3725 1406 3854 1459 Ἐν-

2264 1489 2441 1544 ταῦθά
2461 1506 2514 1542 τι
2539 1488 2802 1559 μυστικὸν
2831 1488 3128 1544 αἰνίττεται
3146 1504 3160 1517 ⁸
3193 1489 3434 1543 δείκνυσι
3464 1489 3570 1561 7&9
3596 1490 3680 1543 δτι
3712 1508 3854 1559 προ-

2267 1574 2459 1628 έλαϐον
2490 1574 2666 1629 πάντα
2700 1575 2768 1627 τα
2799 1574 2926 1643 περί
2954 1573 3067 1626 τῶν
3107 1572 3413 1644 μελλόντων
3447 1573 3739 1644 εἰρημένα,
3770 1574 3847 1628 τὰ

2266 1657 2398 1728 περὶ
2429 1657 2798 1722 ἀναστάσεως,
2830 1656 2898 1711 τά
2934 1657 3065 1726 περὶ
3111 1656 3391 1727 βασιλείας
3437 1657 3722 1728 ούρανῶν,
3777 1660 3856 1712 τὰ

2267 1742 2397 1813 περὶ
2424 1743 2531 1796 τῶν
2560 1734 2849 1809 ἀλλων,ὧν
2874 1741 3046 1795 ἐλθὼν
3074 1743 3102 1796 6
3131 1742 3370 1813 Χριστὸς
3406 1743 3682 1815 ἐκήρυσσε
3703 1759 3717 1773 ⁸
3748 1745 3857 1810 τὰς

2266 1826 2376 1896 γάρ
2403 1826 2739 1895 ἐπαγγελίας
2762 1825 2968 1891 ταύτας
3004 1825 3190 1896 φησίν.
3222 1828 3293 1880 Ἦ
3322 1828 3485 1881 τοῦτο
3516 1823 3611 1882 οῦν
3658 1846 3856 1898 φησιν,

2266 1908 2301 1980 ἢ
2327 1909 2407 1964 ὅτι
2437 1911 2538 1963 ούκ
2584 1909 2779 1964 ἔλαϐον
2817 1910 2920 1981 μὲν
2967 1911 3159 1976 αὐτὰς,
3191 1911 3573 1984 θαρρήσαντες
3616 1913 3673 1968 δέ
3704 1913 3856 1983 ὑπὲρ

2268 1993 2451 2048 αὐτῶν
2471 1993 2714 2063 ἀπῆλθον
2735 2013 2749 2027 ·
2785 1995 3099 2068 ἐθάρρησαν
3123 1995 3180 2050 δέ
3218 2000 3285 2067 τῇ
3317 1997 3499 2051 πίστει
3527 1997 3682 2070 μόνῃ.
3706 1997 3860 2070 Πόρ-

2267 2078 2443 2151 ρωθεν
2483 2078 2541 2131 δὲ
2577 2078 2749 2143 αύτάς
2786 2078 2985 2141 ἰδόντες
3022 2074 3167 2145 εἷπε,
3197 2078 3374 2149 δηλῶν
3396 2078 3480 2131 ὅτι
3518 2075 3625 2147 πρὸ
3647 2078 3861 2127 τεσσα-

2266 2181 2378 2233 ρων
2405 2163 2650 2233 γενεῶνο
2690 2162 2831 2233 μετά
2877 2163 2988 2234 γὰρ
3036 2164 3307 2225 τοσαύτας
3359 2159 3593 2231 ἀνῆλθον
3646 2158 3707 2224 ἐξ
3752 2160 3861 2218 Λί-

2265 2247 2499 2317 γύπτου.
2541 2245 2648 2301 Καὶ
2703 2245 3149 2315 ἀσπασάμενοι,
3203 2244 3357 2316 φησί,
3405 2243 3503 2299 καί
3536 2241 3860 2310 ἡσθέντες.

2270 2330 2431 2388 Οὕτω
2465 2330 2828 2401 πεπεισμένοι
2857 2325 3001 2401 ἦσαν
3035 2330 3165 2402 περὶ
3199 2328 3351 2401 [215]
3402 2328 3603 2394 αὐτῶν,
3637 2327 3715 2390 ὡς
3764 2330 3863 2379 καὶ

2266 2414 2620 2471 ἀσπάσασθαι
2648 2413 2823 2477 αύτάς
2848 2429 2863 2443 ’
2882 2413 2992 2466 ἀπὸ
3017 2415 3337 2486 μεταφορᾶς
3362 2407 3484 2467 εἷπε
3521 2410 3628 2465 τῶν
3652 2409 3865 2464 πλεόν-

2266 2516 2376 2554 των
2401 2498 2499 2552 καὶ⁸
2528 2496 2817 2570 πόρρωθεν
2856 2496 3112 2569 δρώντων
3156 2498 3259 2561 τὰς
3298 2496 3483 2559 πόλεις
3524 2496 3622 2559 τάς
3658 2494 3870 2547 ποθου-

2273 2583 2464 2655 μένας,
2492 2583 2559 2648 ἀς
2585 2583 2774 2655 πρὶνῆ
2816 2581 3084 2635 εἰσελθεῖν
3109 2583 3191 2644 είς
3224 2581 3395 2644 αύτάς
3442 2582 3510 2651 τῇ
3541 2580 3864 2651 προσρήσει

2268 2668 2525 2732 λαϐόντες
2550 2667 2725 2730 αὑτὰς
2748 2664 3096 2720 οἰκειοῦνται.
3134 2664 3524 2733 Ἕξεδέχοντο
3540 2664 3668 2734 γὰρ,
3693 2661 3864 2732 φησὶ,

2269 2752 2388 2820 τὴν
2419 2752 2562 2819 τοὺς
2587 2751 2903 2821 θεμελίους
2944 2750 3218 2819 ἔχουσαν
3246 2752 3449 2813 πόλιν,
3480 2744 3556 2818 ἧς
3576 2748 3867 2816 τεχνίτης

2270 2836 2370 2889 καὶ
2411 2834 2771 2905 δημιοιφγὸς
2797 2837 2831 2888 ό
2862 2834 3030 2895 Θεός.
3071 2833 3239 2904 Ὁρᾷς
3266 2833 3349 2886 ὅτι
3377 2832 3461 2897 τὸ,
3492 2833 3772 2892 Ἐλαόον,
3801 2831 3869 2883 τὸ

2271 2922 2373 2993 ἥδη
2395 2919 2652 2985 δέξασθαί
2700 2919 2818 2972 ἐστι
2867 2918 2963 2972 καὶ
3001 2918 3280 2989 θαρσῆσαι
3317 2918 3463 2988 ὺπέρ
3515 2916 3738 2982 αύτῶν;
3800 2916 3869 2968 Εἰ

2270 3004 2454 3058 τοίνυν
2483 3004 2543 3057 τὸ
2586 3002 2861 3074 θαρσῆσαι
2900 3001 3089 3056 λαϐεῖν
3130 3003 3311 3065 ἐστιν,
3354 3000 3531 3055 ἔνεστι
3584 3002 3679 3054 καὶ
3730 2999 3870 3069 ὑμῖν

2271 3088 2478 3144 λαϐεῖν.
2511 3082 2670 3143 Οὗτοι
2703 3088 2831 3158 γὰρ,
2880 3090 2928 3141 εἰ
2976 3085 3070 3141 καὶ
3127 3086 3205 3159 μὴ
3256 3084 3581 3158 ἀπήλαυσαν
3628 3084 3868 3149 τούτων,

2272 3172 2391 3228 ἀλλ’
2418 3174 2569 3243 ὅμως
2602 3171 2682 3243 τῷ
2734 3171 2886 3243 πόθῳ
2937 3168 3213 3240 ἐθεώρουν
3250 3171 3443 3234 αὐτάς.
3469 3168 3536 3224 Τί
3580 3169 3644 3239 δὴ
3684 3167 3872 3222 ταῦτα

2274 3255 2525 3328 γίνεταις
2575 3255 2696 3310 Ἵνα
2740 3257 2905 3327 ἡμεῖς
2943 3254 3353 3325 αἰσχυνθῶμεν,
3393 3254 3474 3307 ὄτι
3503 3254 3706 3306 ἐκείνοι
3738 3252 3872 3323 μὲν,

2274 3341 2373 3395 καὶ
2395 3340 2886 3411 ἐπαγγελλομένων
2926 3339 3110 3402 αὐτοῖς
3143 3337 3252 3390 τῶν
3284 3338 3342 3390 ἐν
3369 3339 3433 3407 τῇ
3470 3338 3566 3407 γῇ,
3596 3335 3657 3389 ού
3690 3352 3873 3405 προσ-

2274 3426 2444 3495 εῖχον,
2502 3423 2642 3477 ἀλλὰ
2680 3424 2783 3494 τὴν
2810 3421 3116 3492 μέλλουσαν
3158 3422 3312 3473 πόλιν
3346 3418 3574 3490 ἐζήτουν
3604 3435 3623 3451 ι
3649 3418 3788 3487 ἡμῖν
3810 3417 3872 3471 δὲ

2275 3507 2389 3561 ἀνω
2405 3507 2501 3561 καὶ
2522 3506 2675 3560 κάτω
2690 3508 2717 3559 6
2732 3503 2866 3568 Θεὸς
2889 3506 3020 3575 περὶ
3042 3505 3141 3575 τῆς
3164 3502 3276 3558 ἀνω
3296 3502 3608 3570 διαλέγεται
3627 3500 3860 3562 πόλεως,

2276 3592 2373 3645 καὶ
2399 3590 2498 3661 τὴν
2553 3588 2791 3643 ἐνταῦθα
2821 3588 3114 3660 ζητοῦμεν.
3146 3584 3315 3641 Εἶπεν
3340 3586 3546 3650 αὐτοῖς,
3576 3584 3661 3637 δτι
3686 3582 3864 3637 Δώσω

2276 3674 2423 3745 ὑμῖν
2464 3674 2536 3729 τὰ
2562 3674 2635 3728 ἐν
2667 3672 2747 3739 τῷ
2771 3673 3023 3742 παρόντι
3050 3688 3063 3701 ·
3106 3671 3295 3742 ἐπειδὴ
3314 3669 3371 3724 δὲ
3399 3665 3530 3731 εἶδε,
3574 3666 3777 3737 μᾶλλον
3807 3666 3871 3718 δὲ

2276 3757 2467 3830 ἐπειδὴ
2501 3758 2711 3823 ἔδειξαν
2744 3757 2973 3821 ἐαυτοὺς
3005 3756 3271 3829 μειζόνων
3306 3754 3467 3818 ὄντας
3500 3753 3708 3819 ἀξίους,
3739 3750 3868 3804 τότε

2277 3843 2461 3896 ούκέτι
2494 3842 2691 3905 αὐτοὺς
2723 3841 2918 3911 ἀςρίησι
2947 3840 3122 3893 ταῦτα
3173 3838 3383 3905 λαϐεῖν,
3432 3838 3548 3891 ἀλλ’
3577 3839 3761 3892 ἐκεῖνα
3792 3837 3874 3890 τὰ

2280 3926 2529 3999 μείζονα,
2560 3924 2886 3998 βουλόμενος
2916 3926 3047 3996 ἡμῖν
3098 3925 3269 3991 δεῖξαι
3297 3925 3380 3978 ὅτι
3425 3922 3690 3995 μειζόνων
3718 3920 3871 3985 ἄξιοι

2277 4012 2406 4077 εἱσι,
2446 4011 2525 4082 μὴ
2572 4009 2901 4082 θελήσαντες
2954 4009 3316 4082 προσδεθῑγιαι
3358 4007 3586 4082 τούτοις
3611 4023 3629 4041 ο
3679 4007 3756 4071 ὡς
3792 4006 3873 4060 ἄν

2277 4112 2360 4159 τις
2389 4080 2595 4166 συνετῷ
2616 4080 3009 4163 ἐπαγγέλλοιτο
3038 4092 3287 4157 παιδικὰ,
3327 4080 3429 4163 οῦχ
3463 4091 3553 4146 ἵνα
3579 4091 3717 4163 λάϐῃ
3741 4089 3869 4145 ἀλλ’

2276 4179 2721 4251 ἐπιδεικνύμενος
2774 4178 2941 4233 αὑτοῦ
3003 4179 3104 4250 τὴν
3155 4178 3518 4246 φιλοσοφίαν,
3580 4176 3875 4239 αἰτοῦντος

2277 4265 2490 4320 ἐκείνου
2516 4265 2589 4317 τά
2621 4262 2867 4334 μείζονα.
2902 4261 3076 4315 Τοῦτο
3110 4263 3221 4332 γάρ
3261 4264 3380 4315 ἐστι
3408 4259 3745 4324 δεικνύντος,
3778 4259 3877 4313 ὅτι

2280 4348 2421 4420 μετά
2444 4346 2719 4417 τοσαύτης
2750 4345 2991 4416 σπουδῆς
3020 4346 3316 4417 ἀπείχοντο
3353 4345 3454 4415 τῆς
3484 4345 3609 4413 γῆς,
3631 4344 3714 4397 ὅτι
3741 4343 3878 4396 οὐδὲ

2276 4431 2532 4501 διδόμενα
2560 4430 2891 4501 ἐλάμϐανον.
2920 4430 3229 4499 Τοιγαροῦν
3260 4429 3350 4482 διὰ
3379 4428 3542 4481 τοῦτο
3562 4429 3614 4479 οἰ
3646 4426 3882 4496 ἔκγονοι

2278 4513 2651 4585 λαμϐάνουσιν
2678 4529 2694 4543 ·
2731 4514 2889 4568 αὐτοὶ
2924 4513 3036 4585 γὰρ
3076 4508 3219 4584 ἦσαν
3271 4512 3375 4582 τῆς
3420 4510 3528 4580 γῆς
3580 4509 3746 4574 ἄξιοι.
3800 4510 3885 4563 Τί

2280 4602 2415 4663 ἐστι.
2454 4600 2576 4669 Τὴν
2607 4599 2751 4667 τοὺς
2794 4601 3113 4667 θεμελίους
3151 4598 3423 4667 ἔχουσαν
3468 4596 3691 4663 πόλινς
3718 4590 3884 4653 οὗτοι

2279 4686 2391 4758 7&9
2408 4685 2510 4739 ούκ
2546 4685 2657 4739 εἰσὶ
2689 4683 2971 4754 θεμέλιοις
3020 4682 3166 4753 Πρδς
3194 4682 3483 4752 σύγκρισιν
3511 4680 3740 4734 ἐκείνων
3768 4681 3885 4734 οὐκ

2279 4772 2439 4826 εἰσίν.
2469 4765 2587 4836 τΗς
2606 4769 2886 4839 τεχνίτης
2909 4767 3007 4822 καὶ
3030 4767 3396 4837 δημιοιψγὸς
3417 4768 3451 4820 ό
3477 4767 3640 4830 Θεός.
3669 4763 3882 4831 Βαϐαὶ,

2279 4851 2395 4911 οἷον
2423 4857 2487 4911 τὸ
2519 4853 2800 4926 ἐγκώμιον
2845 4853 2945 4925 τῆς
2982 4852 3192 4916 πόλεως
3240 4850 3457 4922 ἐκείνης
3485 4850 3499 4902 ἰ
3531 4850 3741 4905 Πίστει
3769 4852 3883 4905 καὶ

2280 4941 2436 5008 αὐτὴ
2474 4940 2697 5009 Σάρρα.
2737 4936 3147 5010 Ἑντρεπτικῶς
3183 4934 3421 4989 ἐνταῦθα
3460 4933 3686 5006 ἧρξατο,
3724 4934 3783 4989 εί
3807 4953 3881 5004 γε

2282 5024 2543 5094 γυναικὸς
2565 5020 3012 5093 δλιγοψυχότεροι
3041 5020 3280 5089 φανεῖεν.
3316 5016 3459 5073 Ἀλλ’
3492 5019 3639 5073 είποι
3674 5018 3742 5072 ἀν
3764 5037 3881 5085 τις*

2286 5109 2412 5172 Πῶς
2440 5105 2607 5178 πιστὴ
2653 5108 2687 5176 ἡ
2730 5105 3051 5174 γελάσασας
3089 5104 3149 5157 '0
3180 5101 3282 5173 μὲν
3312 5096 3405 5156 οῦν
3436 5101 3614 5171 γέλως
3642 5102 3704 5168 ἐξ
3741 5104 3882 5157 ἀπιο

2286 5192 2464 5257 στίας,
2487 5193 2515 5245 6
2545 5189 2603 5244 δὲ
2630 5189 2799 5258 φόϐος
2830 5188 2938 5242 ἀπὸ
2967 5188 3210 5251 πίστεως
3240 5202 3257 5216 ·
3291 5184 3353 5238 τδ
3378 5183 3489 5256 7&9
3520 5185 3722 5250 εἰπεῖν,
3742 5187 3880 5242 Οὐκ

2282 5275 2569 5345 ἐγέλασα,
2604 5272 2714 5328 ἀπὸ
2735 5272 2974 5335 πίστεως
3000 5271 3218 5341 γέγονε.
3245 5267 3550 5337 Τοιγαροῦν
3583 5267 3672 5322 διὰ
3689 5269 3880 5336 τοῦτο,

2285 5357 2621 5429 κενωθείσης
2649 5359 2752 5427 τῆς
2782 5355 3067 5419 ἀπιστίας,
3100 5352 3428 5425 ἐπεισῆλθεν
3457 5353 3492 5426 ἠ
3522 5352 3733 5414 πίστις.
3770 5355 3886 5408 Πί-

2286 5460 2419 5498 στει
2455 5443 2556 5496 καί
2609 5441 2765 5510 αὐτὴ
2824 5439 3027 5508 Σάρρα
3080 5438 3342 5508 δύναμιν
3389 5439 3480 5504 εἰς
3526 5437 3884 5506 ναταΰολὶιν

2286 5528 2630 5598 σπέρματος
2655 5524 2857 5587 ἔλαϐε.
2889 5524 2987 5578 καί
3010 5526 3171 5594 παρὰ
3195 5523 3409 5592 καιρὸν
3426 5522 3669 5593 ἡλικίας
3685 5522 3877 5579 ἔτεκε.

2286 5615 2355 5669 Τί
2390 5615 2556 5683 ἐστιν,
2588 5611 2693 5676 Εἰς
2733 5607 3077 5676 καταϐολὴν
3104 5606 3490 5677 σπέρματοςς
3543 5608 3639 5668 Εἰς
3682 5606 3745 5660 τὸ
3772 5623 3881 5660 και

2288 5698 2511 5767 τασχείν
2544 5694 2606 5747 τδ
2639 5692 2887 5763 σπέρμα,
2933 5694 3013 5755 εἰς
3041 5691 3314 5761 ὑποδοχὴν
3345 5689 3577 5760 δύναμιν
3610 5689 3809 5743 ἐλαϐεν
3843 5691 3877 5757 ἡ

2290 5778 2695 5850 νενεκρωμένη,
2721 5778 2755 5847 ή
2789 5778 3000 5847 στεῖρα.
3032 5775 3208 5847 Διπλῆ
3244 5775 3352 5846 7&9
3377 5770 3446 5847 ἦν
3479 5774 3811 5845 ὴπήρωσις,
3845 5773 3887 5841 ἡ

2301 5865 2398 5937 μέν
2420 5862 2531 5920 ἀπὸ
2550 5860 2645 5917 τοῦ
2671 5860 2888 5930 χρόνον,
2922 5862 3273 5934 γεγηρακυῖα
3295 5857 3406 5932 γὰρ
3427 5852 3495 5932 ἦν
3527 5856 3700 5924 ὅντως
3726 5870 3743 5889 ⁸
3765 5857 3803 5929 η
3823 5855 3880 5911 δὲ
