4172 6444
279 367 365 423 (εἰς
1080 362 1145 418 ΙΝ
1187 362 1399 420 EPIST.
1441 364 1534 419 AD
1570 364 1939 423 llEBRA'IOS.‘
1980 367 2136 423 CAP.
2182 368 2271 424 XI.
2317 370 2550 430 nomn
2591 374 2785 433 XXIII.

272 496 326 547 in
354 488 747 555 hereditatem;
790 498 838 543 et
879 488 1006 543 exiit
1034 489 1263 545 nesciens
1287 507 1389 563 quo
1411 491 1527 547 iret.
1556 490 1611 548 9.
1652 490 1785 547 Fide
1813 494 1904 547 de-
1938 510 1943 515 ·

267 594 504 636 moratus
531 592 609 636 est
635 582 690 635 in
722 591 861 634 terra
890 582 1306 652 repromissionis
1337 594 1596 655 tamquam
1626 585 1678 639 in
1709 586 1901 653 aliena,

3508 378 3607 436 ΜΞ

2000 489 2168 544 donat
2200 504 2213 542 :
2250 498 2308 542 ut
2352 489 2497 559 quod
2543 490 2794 546 Christus
2840 490 3057 548 diccbat
3109 492 3393 565 discipulis
3435 512 3449 548 :
3501 496 3604 563 Qui

1999 580 2193 634 dimisit
2234 579 2435 646 domos,
2482 591 2571 635 aut
2604 586 2814 653 fratres,
2861 594 2949 637 aut
2992 602 3212 651 sorores,
3257 598 3345 640 aut
3386 598 3605 657 patrem,

262 675 316 728 in
345 675 548 728 casulis
592 672 883 727 habitando
918 689 1037 727 cum
1076 672 1231 729 Isaac
1270 684 1318 729 ει
1359 674 1524 730 Jacob
1561 677 1899 732 coheredibus
1997 682 2088 724 aut
2115 682 2347 738 matrem,
2375 676 2671 743 centupium
2694 676 2925 744 accipiet,
2955 689 3002 730 et
3029 678 3181 731 vitam
3208 688 3450 733 aeternam
3482 698 3603 749 pos-

267 766 695 836 repromissionis
721 764 977 836 ejusdem.
1006 766 1176 833 Quem
1198 767 1344 821 enim
1374 766 1529 834 vidit,
1552 766 1641 823 die
1665 769 1818 835 mihi,
1841 771 1901 826 u't

270 877 389 913 eum
414 858 785 913 :rmularetur
806 859 831 911 ?
860 867 1069 925 patrem
1120 857 1307 913 habuit
1346 859 1602 930 gentilem
1642 870 1697 916 et
1728 861 1901 915 idolo-

274 952 476 1017 latram,
510 967 625 1005 non
663 951 919 1005 audierat
956 949 1270 1021 prophetas,
1315 952 1595 1007 nesciebat
1622 967 1731 1024 quo
1772 953 1895 1010 iret.

272 1045 395 1099 Nam
422 1044 688 1113 quoniam
731 1042 800 1097 ad
838 1058 933 1099 eos
960 1042 1299 1113 aspiciebant
1328 1044 1419 1114 qui
1452 1044 1799 1101 crediderant
1827 1062 1895 1103 ex

272 1136 546 1203 llchnris,
594 1144 661 1191 ut
706 1135 803 1206 qui
844 1135 983 1189 bona
1031 1137 1407 1207 percepissent
1452 1138 1892 1205 innumerabilia.

268 1230 497 1285 ostendit
532 1228 688 1300 quod
720 1229 903 1283 millus
930 1228 1111 1285 adhuc
1138 1229 1431 1301 quidquam
1463 1234 1753 1305 acceperit,
1794 1236 1891 1291 sed

264 1340 445 1378 onlnes
490 1324 606 1378 sint
636 1338 666 1377 a
701 1323 934 1393 prtemio
967 1324 1261 1391 immunes,
1295 1332 1350 1379 et
1389 1325 1569 1381 nullus
1598 1327 1778 1384 adhuc
1810 1330 1893 1385 ul-

262 1418 359 1472 lam
402 1414 669 1471 habuerit
706 1416 1232 1471 remunerationem.
1277 1416 1493 1472 Excidit
1538 1418 1629 1473 ille
1654 1428 1711 1476 et
1737 1435 1769 1475 a
1797 1436 1893 1491 pa-

258 1512 351 1565 tria
381 1522 435 1567 et
462 1528 493 1565 a
527 1511 729 1576 domo,
773 1509 833 1567 et
880 1513 1013 1567 exiit
1053 1512 1306 1568 nesciens
1347 1528 1455 1584 quo
1492 1514 1612 1570 iret.
1652 1516 1719 1571 Et
1758 1517 1887 1587 quid

258 1604 442 1657 mirum
471 1605 521 1659 si
558 1605 707 1675 ipse,
744 1620 868 1659 cum
894 1604 1013 1669 eius
1039 1620 1256 1676 quoque
1282 1620 1467 1661 semen
1494 1608 1574 1663 sic
1596 1606 1887 1665 habitarit?

258 1697 449 1753 \‘idcns
480 1699 715 1769 quidem
748 1709 899 1753 certe
932 1713 1039 1752 non
1071 1699 1277 1769 impleri
1305 1701 1742 1771 promissionem,
1774 1719 1879 1758 non

252 1793 523 1863 elanguit;
558 1792 705 1846 dixit
738 1792 885 1847 enim
921 1810 935 1845 :
972 1790 1088 1846 Tibi
1110 1792 1239 1845 dabo
1262 1793 1615 1860 terram/iane,
1636 1802 1682 1848 et
1702 1796 1884 1851 semini

240 1900 325 1942 tuo
353 1886 514 1956 (Gen.
554 1886 648 1940 12.
674 1886 759 1953 7).
788 1883 934 1938 Vidit
966 1883 1137 1939 ﬁlium
1175 1884 1284 1939 illic
1312 1883 1668 1953 habitantem,
1698 1897 1753 1941 et
1782 1901 1882 1943 ne-

233 1996 333 2049 pos
362 1994 562 2035 rursus
590 1994 654 2034 se
685 1978 823 2033 vidit
853 1978 1184 2032 habitantem
1232 1977 1285 2031 in
1317 1977 1516 2045 aliena,
1549 1986 1601 2032 et
1656 1993 1762 2034 non
1795 1989 1879 2035 est

231 2074 518 2127 turbatus.
560 2071 701 2127 Nam
742 2069 888 2141 quod
917 2068 986 2124 ad
1012 2068 1290 2124 Abraham
1323 2069 1542 2141 quidem
1572 2069 1787 2139 attinet,
1822 2071 1874 2126 id

237 2166 342 2220 [uit
384 2166 522 2218 satis
566 2174 1027 2229 consentaneum,
1071 2170 1259 2232 utpote
1296 2161 1443 2232 quod
1474 2162 1759 2230 promissio
1790 2164 1859 2217 ad

248 2256 511 2308 etinctum
540 2264 727 2324 postea
767 2262 917 2309 esset
965 2251 1287 2309 deducenda
1320 2253 1373 2306 in
1414 2266 1615 2323 genere
1660 2253 1868 2324 ipsius;

260 2349 605 2409 quamquam
646 2342 739 2410 ipsi
780 2356 1001 2413 quoque
1049 2342 1248 2396 dictum
1296 2351 1400 2409 est,
1446 2343 1562 2398 Tibi
1606 2357 1653 2401 et
1690 2344 1875 2403 semini

265 2440 355 2482 tuo
387 2447 409 2484 :
434 2447 567 2496 non,
601 2432 703 2486 Per
725 2448 911 2489 semen
946 2444 1097 2487 tuum
1130 2433 1246 2497 tibi,
1279 2433 1398 2499 sed,
1445 2434 1563 2489 Tibi
1597 2446 1645 2489 et
1691 2433 1879 2487 semini

263 2533 351 2576 tuo
379 2541 401 2577 :
428 2534 482 2579 et
511 2541 614 2580 nec
652 2524 785 2596 ipse,
836 2541 943 2582 nec
987 2524 1156 2592 Isaac,
1203 2542 1306 2582 nec
1332 2525 1501 2583 Jacob
1528 2524 1711 2596 adepti
1751 2534 1877 2580 sunt

261 2617 702 2686 promissionem.
758 2618 899 2674 Nam
950 2619 1041 2676 hic
1086 2618 1303 2689 quidem
1359 2617 1614 2674 mercede
1666 2616 1874 2680 serviit,

256 2711 389 2766 alius
418 2727 555 2766 vero
583 2722 668 2767 est
694 2713 978 2783 expulsus,
1014 2713 1152 2768 alius
1178 2727 1308 2767 vero
1346 2711 1509 2767 etiam
1552 2710 1748 2765 timens
1778 2724 1877 2763 ex-

252 2805 377 2857 cidit
405 2821 420 2868 ;
450 2815 507 2859 et
538 2805 647 2859 alia
682 2806 906 2877 quidem
938 2804 1086 2861 bello
1130 2806 1294 2875 cepit,
1323 2804 1427 2859 alia
1456 2812 1638 2860 autem
1681 2801 1879 2873 periis—

250 2906 391 2960 sent,
426 2897 535 2949 nisi
582 2897 681 2951 Dei
720 2898 822 2967 ipsi
871 2896 1137 2953 adfuisset
1166 2897 1423 2953 auxilium
1453 2894 1552 2969 (a).
1584 2894 1879 2966 Propterea

247 2990 375 3045 dicit
409 3007 423 3042 :
459 2990 596 3043 Cum
628 2991 909 3045 heredibus
934 2990 1161 3059 ejusdem
1193 2989 1566 3061 promissionis.
1594 2986 1712 3043 Non
1739 2986 1876 3057 ipse,

247 3086 444 3153 inquit,
492 3085 673 3151 solus,
708 3085 805 3140 sed
848 3086 1013 3140 etiam
1046 3085 1164 3154 ejus
1195 3082 1444 3140 heredes.
1489 3080 1697 3139 Deinde
1734 3080 1876 3136 aliud

240 3193 310 3231 ex
340 3177 515 3234 dietis
556 3178 763 3235 clarius
802 3178 1072 3243 enuntiat,
1118 3177 1348 3233 dicens:
1379 3175 1544 3231 Juxta
1584 3175 1738 3245 fidem
1786 3173 1878 3229 de-

238 3272 409 3339 functi
454 3281 584 3327 sunt
629 3290 809 3327 omnes
851 3272 939 3327 isti
988 3289 1089 3327 non
1136 3272 1359 3342 acceptis
1402 3268 1881 3342 repromissionibus

239 3364 400 3436 (Gen.
426 3366 514 3420 12-
538 3365 635 3435 15)
651 3365 866 3435 .Opera:
890 3367 1122 3436 pretium
1133 3377 1217 3421 est
1236 3364 1321 3420 hic
1341 3363 1449 3419 duo
1470 3377 1734 3434 qumrere,
1748 3378 1883 3433 quo-

238 3458 412 3512 modo
451 3474 585 3513 cum
627 3459 831 3513 dixerit
856 3458 1002 3530 quod
1037 3458 1309 3512 transtulit
1336 3456 1545 3524 Enoch,
1577 3466 1637 3511 ut
1666 3470 1771 3511 non
1802 3456 1882 3510 vi-

232 3552 400 3606 deret
453 3560 723 3615 mortem,
765 3561 821 3606 et
876 3566 983 3606 non
1040 3549 1438 3617 inveniebatur,
1496 3549 1628 3605 dicit
1667 3547 1877 3603 :Juxta

232 3647 398 3713 ﬁdem
445 3645 689 3716 defuncti
734 3656 853 3701 sunt
884 3661 1060 3700 omnes
1088 3645 1191 3699 isti.
1224 3644 1294 3700 Et
1324 3659 1533 3709 rursus,
1562 3658 1684 3699 cum
1723 3641 1875 3699 dixe-

236 3741 331 3802 rit,
368 3738 504 3793 Non
537 3738 771 3808 acceptis
803 3738 1249 3810 promissionibus,
1293 3736 1423 3793 dicit
1451 3736 1564 3791 Noe
1604 3734 1880 3805 accepisse

242 3832 566 3888 mercedem
604 3830 837 3886 salutem
864 3830 1060 3886 domus
1089 3845 1222 3895 sum,
1255 3841 1307 3886 et
1340 3830 1523 3884 Eooch
1555 3843 1675 3885 esse
1706 3837 1880 3883 trans-

249 3924 434 3990 latum,
476 3935 535 3980 et
583 3924 725 3979 Abel
770 3923 949 3979 adhuc
989 3924 1155 3995 loqui,
1201 3932 1256 3979 et
1287 3922 1557 3978 Abraham
1593 3920 1872 3991 accepisse

256 4027 473 4083 terram,
532 4026 597 4073 et
640 4016 819 4071 dicit:
853 4016 1019 4071 Juxta
1062 4017 1218 4087 ﬁdem
1264 4016 1496 4088 defuncti
1543 4024 1663 4071 sunt
1706 4031 1879 4070 omnes

254 4112 346 4177 isti,
377 4129 484 4166 non
524 4111 759 4180 acceptis
808 4109 1249 4181 promissionibus.
1290 4107 1429 4177 Quid
1478 4123 1610 4178 ergo
1644 4107 1761 4162 vult
1789 4106 1875 4161 di-

251 4204 406 4259 cere?
428 4203 684 4258 Necesse
712 4208 796 4255 est
819 4200 1051 4270 prinnnn
1079 4199 1312 4265 solvere,
1341 4198 1538 4255 deinde
1556 4196 1875 4255 secundum.

246 4299 403 4355 Juxta
447 4300 619 4369 ﬁdem
666 4297 859 4351 mortui
899 4305 1039 4365 sunt,
1074 4295 1270 4367 inquit,
1311 4311 1487 4349 omnes
1525 4294 1627 4348 isti.
1666 4293 1874 4361 Omnes,

246 4410 346 4449 non
375 4393 653 4464 quoniam
682 4404 876 4444 omnes
923 4398 1046 4444 sunt
1078 4388 1297 4449 mortui.
1344 4387 1439 4444 sed
1485 4386 1740 4457 quoniam
1782 4386 1879 4441 illo

237 4496 474 4556 excepto
488 4499 693 4538 onines
714 4482 802 4537 isti
828 4492 956 4537 sunt
973 4481 1195 4545 mortui,
1209 4493 1350 4552 quos
1362 4478 1569 4533 scimus
1585 4490 1708 4530 esse
1722 4488 1871 4529 mor-

239 4589 389 4634 tuos.
414 4576 561 4632 Illud
586 4574 931 4638 autem,Non
947 4575 1175 4645 acceptis
1197 4568 1757 4643 promissionibus,cst
1774 4582 1869 4622 ve-

234 4688 355 4727 rum
380 4689 394 4725 :
417 4684 536 4725 non
558 4668 664 4722 hoc
680 4666 826 4722 enim
846 4664 1081 4721 futurum
1110 4664 1423 4719 enuntiahat
1437 4661 1550 4718 Noe
1564 4659 1873 4734 promissio.

302 4764 362 4819 2.
410 4763 571 4832 Quas
606 4768 789 4813 autem
827 4756 961 4812 dicit
998 4754 1423 4827 promissiones?
1466 4754 1614 4809 Isaae
1648 4751 1868 4823 quidem

235 4870 283 4911 et
313 4856 497 4913 Jacoh
530 4859 865 4922 acceperunt
892 4859 1047 4904 terra:
1070 4847 1497 4919 promissioncs;
1522 4844 1635 4901 Noe
1661 4852 1871 4909 autem,

243 4940 375 4993 Abel
428 4947 489 4991 et
525 4934 723 4989 Enoch
764 4948 1027 5005 quasnam
1069 4941 1398 5001 acceperunt
1440 4929 1878 5001 promissiones?

244 5038 345 5089 Aut
372 5045 521 5104 ergo
565 5029 702 5083 dicit
747 5028 815 5083 de
860 5028 944 5083 his
978 5027 1149 5082 tribus
1183 5045 1196 5080 :
1230 5036 1320 5081 aut
1354 5026 1400 5081 si
1432 5026 1597 5082 etiam
1638 5024 1706 5080 de
1747 5023 1874 5089 illis,

218 5132 349 5179 non
382 5126 495 5180 hoc
526 5131 651 5179 erat
698 5121 1011 5192 promissio,
1060 5120 1205 5190 quod
1247 5120 1383 5176 Abel
1430 5119 1529 5174 fuit
1565 5118 1779 5174 habitus
1823 5117 1887 5173 in:

246 5218 658 5276 admiratione.
730 5215 875 5286 quod
936 5215 1127 5270 Enoch
1197 5214 1299 5269 fuit
1352 5214 1663 5280 translatus,
1730 5212 1875 5284 quod

248 5323 511 5368 servatus
566 5310 667 5364 luit
699 5308 851 5373 Noe;
884 5308 980 5363 sed
1031 5308 1148 5363 hmc
1197 5306 1415 5379 quidem
1468 5306 1548 5363 eis
1579 5315 1877 5363 evenerunt

252 5415 474 5476 propter
496 5404 789 5467 virtutem,
821 5409 979 5455 erant
999 5408 1183 5455 autem
1208 5399 1426 5470 quidam
1456 5406 1646 5471 gustus
1666 5398 1880 5454 futuro-

248 5511 391 5553 rum.
423 5498 581 5553 Deus
622 5486 794 5549 enim'
813 5508 937 5547 cum
974 5492 1183 5547 videret
1208 5492 1276 5548 ab
1306 5492 1463 5547 initio
1488 5505 1663 5562 genus
1684 5490 1881 5545 huma-

250 5607 376 5645 num
408 5604 559 5660 opus
588 5586 795 5642 habere
822 5594 881 5640 ut
909 5585 976 5639 ad
1008 5584 1130 5654 ejus
1153 5594 1374 5654 captum
1406 5597 1466 5640 se
1494 5581 1878 5640 accommoda-

247 5695 351 5753 ret,
385 5701 501 5741 non
550 5681 733 5738 solum
782 5678 983 5743 futura,
1014 5677 1110 5733 sed
1156 5686 1213 5733 et
1254 5691 1378 5744 qua:
1421 5676 1509 5733 hic
1550 5683 1678 5733 sunt
1721 5675 1878 5732 nobis

295 5878 369 5940 (c)
392 5876 492 5928 llic
522 5874 696 5937 incipit
719 5868 918 5922 homilia
939 5881 1078 5929 xxut,
1093 5865 1143 5916 in
1168 5864 1345 5918 Codice
1365 5862 1501 5915 Colb.

1996 763 2177 817 sidebit
2205 762 2423 834 (Matth.
2458 765 2545 821 19.
2586 766 2735 836 ‘29);
2780 775 2836 822 et
2865 784 3074 834 rursus,
3127 770 3353 837 Quterite
3393 789 3605 842 regnum

2000 854 2117 921 Dei,
2161 866 2209 909 et
2253 859 2361 911 lucc
2404 860 2578 912 omnia
2616 860 2929 929 adjicientnr
2964 863 3101 917 vobis
3141 863 3356 933 (.llattlt.
3389 867 3441 920 6.
3487 866 3602 933 55).

2001 950 2161 1004 Vides
2191 950 2306 1005 lucc
2330 950 2491 1006 etiam
2523 953 2573 1006 in
2603 963 2754 1022 parte
2776 957 3104 1023 accessionis
3129 959 3196 1012 ab
3218 974 3283 1013 eo
3312 974 3431 1014 esse
3455 960 3602 1026 data,

2001 1058 2068 1098 ne
2106 1042 2509 1115 defatigemur?
2541 1045 2672 1099 Nam
2705 1056 2764 1100 ut
2793 1046 3038 1115 athletze,
3071 1050 3233 1104 etiam
3268 1052 3483 1123 quando
3510 1052 3604 1108 de-

1998 1145 2244 1203 certant,
2289 1138 2537 1193 l'rmmtur
2580 1139 2797 1208 quidem
2836 1144 3136 1207 curatione,
3176 1144 3271 1199 sed
3321 1161 3426 1201 non
3479 1156 3603 1200 tunc

1996 1230 2144 1282 omni
2203 1229 2389 1298 requie
2432 1238 2488 1283 et
2533 1230 2866 1287 relaxatione
2910 1232 3176 1300 fruuntur,
3225 1237 3463 1291 viventes
3504 1239 3603 1292 sub

1994 1323 2132 1391 lege,
2166 1320 2260 1376 sed
2294 1332 2475 1390 postea
2497 1320 2746 1378 fruuntur
2772 1325 3018 1381 universa
3051 1344 3064 1380 :
3097 1328 3177 1382 sic
3211 1329 3353 1384 Deus
3388 1345 3602 1400 quopie

1994 1430 2100 1468 non
2150 1414 2240 1468 dat
2275 1412 2362 1468 hic
2409 1422 2467 1468 ut
2526 1414 2695 1469 simus
2736 1418 3024 1488 participes
3067 1421 3243 1475 omnis
3294 1422 3493 1493 quietis
3548 1431 3604 1476 et

1993 1506 2359 1561 relaxationis.
2404 1504 2539 1559 Nam
2583 1506 2673 1562 hic
2713 1511 2873 1564 etiam
2919 1510 3009 1566 dat
3062 1513 3299 1582 quidem,
3338 1524 3396 1569 at
3436 1525 3600 1571 totam

1992 1600 2406 1670 promissionem
2435 1601 2485 1654 in
2524 1598 2762 1658 futurum
2804 1606 3119 1662 reservavit.
3149 1607 3217 1662 Et
3243 1610 3383 1679 quod
3416 1626 3502 1666 res
3531 1612 3600 1665 ita

1993 1694 2083 1759 sit,
2112 1694 2403 1752 declaravit
2440 1698 2521 1754 his
2550 1700 2729 1755 verbis
2754 1718 2767 1755 :
2796 1701 2902 1756 Sed
2941 1719 3026 1757 eas
3054 1718 3086 1754 a
3126 1704 3274 1774 longe
3304 1708 3602 1773 aspicientes

1992 1795 2040 1839 et
2087 1787 2385 1844 salutantes.
2438 1791 2533 1847 llic
2586 1794 2872 1864 mysticum
2912 1794 3184 1865 quidpiam
3243 1797 3546 1853 subindieat
3580 1841 3596 1861 ,

1995 1892 2191 1948 nempe
2218 1881 2357 1950 quod
2388 1896 2714 1953 acceperunt
2740 1885 2918 1939 omnia
2959 1903 3079 1955 qua:
3118 1887 3186 1943 de
3242 1889 3432 1943 futuris
3458 1891 3597 1945 dicta

1989 1978 2133 2034 sunt,
2162 1970 2229 2026 de
2252 1975 2665 2043 resurrectione,
2683 1976 2752 2031 de
2775 1992 2940 2047 regno
2960 1978 3238 2044 caelorum,
3261 1980 3330 2034 de
3358 1980 3499 2047 aliis,
3529 1983 3601 2041 de

1989 2062 2182 2132 quibus
2200 2065 2466 2133 Christus,
2500 2084 2624 2125 cum
2672 2070 2927 2138 venisset,
2973 2073 3600 2143 prtedicavit:hascnim

1989 2153 2118 2208 dicit
2150 2158 2558 2225 promissiones.
2598 2161 2706 2215 Aut
2736 2161 2838 2216 hoc
2864 2162 3012 2229 dicit,
3044 2174 3136 2219 aut
3174 2166 3315 2236 quod
3352 2182 3448 2223 eas
3475 2172 3599 2242 qui-

1992 2245 2114 2302 dem
2164 2263 2271 2303 non
2320 2263 2663 2322 acceperunt,
2705 2264 2853 2309 certa
2882 2264 3061 2311 autem
3112 2257 3182 2313 de
3211 2259 3291 2315 eis
3335 2274 3598 2334 concepta

1991 2337 2184 2395 ﬁducia
2238 2354 2626 2413 excesserunt;
2677 2347 2791 2402 sola
2845 2358 3025 2404 autem
3056 2350 3160 2406 ﬁde
3187 2362 3391 2410 certam
3414 2356 3481 2412 de
3521 2358 3601 2413 eis

1988 2443 2365 2501 conceperant
2417 2435 2691 2505 ﬁduciam,
2750 2441 2940 2509 procul
2984 2455 3076 2496 eas
3125 2442 3395 2515 videntes,
3426 2450 3602 2521 inquit

2000 2534 2199 2590 nempe
2242 2534 2369 2580 ante
2421 2535 2653 2596 quatuor
2692 2531 3070 2598 generationes
3115 2547 3131 2588 :
3180 2552 3303 2591 nam
3353 2550 3474 2609 post
3522 2550 3601 2594 tot

1989 2614 2365 2681 generationes
2402 2616 2761 2673 ascenderunt
2794 2633 2861 2673 ex
2890 2617 3146 2692 Egypte.
3179 2620 3247 2676 Et
3274 2624 3559 2678 salutantes
3582 2654 3596 2677 ο

1988 2704 2179 2775 inquit,
2208 2716 2255 2759 et
2286 2706 2463 2761 (tutati.
2492 2706 2625 2763 Tam
2653 2718 2800 2765 certa
2829 2709 2898 2766 de
2940 2708 3074 2781 ipsis
3101 2723 3221 2767 erat
3248 2714 3334 2770 eis
3363 2730 3592 2784 persua—

1986 2797 2091 2863 sio,
2123 2808 2181 2854 ut
2209 2814 2303 2855 eas
2339 2801 2502 2856 etiam
2533 2802 2836 2859 salutarent
2868 2820 2884 2857 :
2913 2818 2944 2858 a
2974 2805 3291 2876 metaphora
3332 2809 3593 2878 navigan-

1986 2892 2118 2945 tium
2148 2893 2298 2960 dicit,
2330 2904 2384 2949 et
2414 2897 2599 2966 procul
2646 2897 2943 2954 videntium
2984 2901 3235 2957 civitates
3274 2917 3409 2973 quas
3454 2903 3599 2957 desi-

1986 2983 2200 3051 derant,
2251 3001 2390 3056 quas
2442 2987 2752 3059 priusquam
2806 2989 2859 3044 in
2911 2991 3055 3061 ipsas
3097 2993 3326 3063 ingressi
3373 2994 3595 3060 fuerint,

1985 3078 2398 3147 compellatione
2416 3090 2601 3151 captas
2622 3081 2723 3136 sibi
2750 3083 3071 3140 attribuunt.
3100 3085 3190 3141 l0.
3218 3085 3597 3156 Exspectabam

1986 3171 2141 3235 enim,
2191 3170 2384 3243 inquit,
2433 3175 2768 3245 fundamenta
2812 3179 3078 3234 habentem
3120 3181 3405 3247 civitatem,
3449 3184 3600 3253 cujus

1984 3264 2174 3334 artifex
2194 3273 2240 3318 et
2260 3267 2497 3321 conditor
2523 3266 2687 3323 Deus.
2718 3270 2883 3326 Vides
2905 3272 3047 3342 quod
3076 3273 3227 3338 illud,
3252 3275 3593 3345 Acceperunt,

1985 3365 2067 3413 est
2092 3368 2407 3429 exspectare
2438 3371 2489 3417 et
2526 3361 2593 3418 de
2630 3363 2711 3419 eis
2739 3364 3052 3422 conﬁdere?
3080 3366 3134 3423 Si
3161 3382 3292 3439 ergo
3322 3369 3599 3425 conlidere

1984 3459 2067 3505 cst
2092 3452 2388 3523 accepisse,
2423 3455 2584 3509 nobis
2618 3471 2832 3527 quoque
2860 3458 2984 3515 licet
3015 3459 3284 3531 accipere.
3309 3461 3400 3516 Isti
3424 3463 3595 3531 enim,

1983 3544 2084 3598 etsi
2118 3544 2183 3599 iis
2210 3561 2317 3599 non
2350 3555 2476 3601 sunt
2506 3548 2681 3618 potiti,
2712 3549 2987 3606 desiderio
3015 3561 3193 3607 tamen
3226 3567 3319 3607 eas
3347 3564 3596 3610 contem-

1983 3634 2293 3706 plabantur.
2336 3637 2447 3692 Cur
2496 3648 2677 3695 autem
2728 3641 2843 3696 haec
2890 3642 3069 3697 ﬁunt?
3109 3643 3178 3699 Ut
3225 3660 3326 3700 nos
3374 3644 3592 3715 pudeat,

1982 3727 2125 3797 quod
2171 3728 2247 3783 illi
2293 3730 2535 3799 quidem,
2569 3745 2691 3786 cum
2726 3733 3175 3802 promitterentur
3219 3751 3339 3805 qua:
3378 3749 3504 3793 sunt
3536 3740 3590 3793 in
3652 3802 3655 3805 γ

1983 3826 2147 3884 terra,
2176 3836 2282 3876 non
2313 3821 2685 3887 attendchant,
2726 3824 2821 3878 sed
2854 3823 3087 3879 futuram
3128 3826 3402 3884 civitatem
3442 3846 3591 3899 quaa-

1982 3910 2174 3966 rebant
2205 3929 2218 3966 :
2253 3913 2412 3969 nobis
2441 3923 2621 3970 autem
2666 3915 2804 3971 Deus
2832 3929 3031 3987 susque
3052 3916 3230 3991 deque
3255 3920 3324 3976 de
3352 3937 3588 3991 superna

1982 4003 2219 4074 loquitur
2242 4006 2482 4070 civitate,
2515 4016 2568 4061 et
2609 4022 2728 4061 eam
2765 4023 2887 4078 qua:
2920 4017 3006 4063 cst
3032 4008 3119 4065 hic
3148 4013 3464 4081 qua-rimus.
3498 4012 3592 4066 Di-

1980 4097 2058 4151 xit
2100 4098 2178 4154 eis
2212 4117 2223 4152 :
2256 4098 2404 4154 Dabo
2434 4100 2569 4154 vobis
2612 4117 2726 4170 qua:
2774 4110 2895 4156 sunt
2937 4103 2991 4158 in
3023 4106 3262 4175 prazsenti
3288 4121 3307 4159 :
3337 4107 3592 4176 quoniam

1980 4200 2161 4247 autem
2188 4192 2341 4259 vidit,
2385 4193 2469 4249 vel
2503 4193 2683 4263 potius
2711 4194 2970 4265 quoniam
2998 4199 3210 4268 seipsos
3238 4198 3595 4255 ostenderunt

1980 4282 2171 4354 dignos
2216 4299 2338 4341 esse
2381 4286 2699 4355 majoribus,
2748 4298 2875 4346 tunc
2918 4306 3025 4346 non
3057 4293 3291 4363 amplius
3320 4293 3447 4348 sinit
3476 4293 3593 4349 brec

1979 4374 2245 4445 accipere,
2290 4374 2386 4432 sed
2434 4377 2527 4435 illa
2575 4379 2821 4450 majora;
2876 4382 3067 4438 volens
3106 4384 3264 4437 nobis
3303 4384 3595 4441 ostendere

1978 4467 2121 4537 quod
2154 4466 2298 4539 digni
2331 4478 2461 4526 sunt
2486 4472 2802 4541 majoribus,
2841 4483 2897 4529 ut
2922 4473 3015 4545 qui
3046 4474 3319 4531 noluerint
3351 4476 3433 4531 his
3475 4478 3596 4533 alli-

1980 4559 2093 4627 gari
2129 4575 2144 4611 :
2178 4568 2235 4613 ut
2260 4559 2307 4618 si
2338 4564 2460 4633 quis
2489 4564 2809 4635 intelligenti
2840 4566 3189 4636 polliceretur
3210 4569 3460 4638 puerilia,
3484 4584 3592 4626 non

1980 4659 2040 4706 ut
2086 4650 2336 4725 accipiat,
2387 4655 2483 4711 sed
2516 4656 2635 4726 ejus
2680 4659 2980 4715 ostendens
3028 4659 3450 4731 philosophiam,
3502 4663 3595 4718 illo

1981 4755 2199 4814 petente
2230 4748 2457 4819 majora.
2492 4749 2604 4806 [loc
2630 4750 2774 4806 enim
2803 4762 2885 4808 est
2911 4755 3251 4811 ostendentis
3278 4756 3419 4827 quod
3446 4766 3596 4813 tanto

1980 4839 2163 4894 studio
2188 4839 2535 4896 abstinebant
2563 4857 2592 4896 a
2627 4850 2791 4908 terra,
2821 4854 2880 4899 ut
2912 4860 3013 4901 nec
3047 4863 3167 4918 qua:
3208 4847 3477 4905 dabantur
3503 4866 3596 4907 ac-

1982 4933 2250 5003 ciperent.
2302 4934 2596 5006 Propterea
2648 4952 2780 5009 ergo
2836 4940 3112 5011 accipiunt
3165 4950 3434 5012 nepotes;
3490 4944 3593 5015 ipsi

1982 5026 2124 5081 enim
2158 5037 2308 5081 erant
2347 5028 2494 5099 digiti
2522 5039 2685 5085 terra.
2712 5031 2849 5099 Quid
2878 5042 2963 5089 est
2994 5044 3197 5102 autem,
3233 5035 3594 5093 Fundamenta

1983 5119 2247 5175 habentem
2274 5122 2571 5177 civitatem?
2598 5122 2714 5179 lucc
2742 5125 2887 5180 enim
2914 5141 3020 5181 non
3044 5137 3171 5183 sunt
3201 5128 3547 5185 fundamenta
3569 5134 3595 5185 ?

1982 5213 2098 5269 Non
2142 5223 2266 5270 sunt
2308 5215 2353 5269 si
2394 5217 2741 5273 conferantur
2786 5235 2908 5274 cum
2942 5220 3066 5277 illis.
3114 5222 3274 5293 Cujus
3315 5224 3503 5294 artifex:
3535 5236 3584 5278 et

1982 5307 2216 5362 conditor
2243 5319 2315 5363 est
2366 5308 2523 5364 Deus.
2568 5310 2746 5381 Papre,
2784 5313 2944 5383 quale
2978 5322 3064 5371 est
3106 5316 3410 5372 eneomium
3452 5316 3597 5373 illius

1982 5398 2253 5453 civitatis?
2303 5400 2390 5455 11.
2449 5400 2584 5457 Fide
2646 5413 2692 5457 et
2737 5408 2851 5473 ipsa
2893 5404 3051 5461 Sara.
3097 5407 3236 5478 Apte
3286 5407 3374 5463 hic
3428 5411 3597 5478 empit

1983 5489 2049 5545 ad
2108 5488 2365 5559 pudorem
2428 5493 2846 5550 sutl'undendum
2872 5534 2890 5563 ,
2937 5496 3203 5566 siquidem
3249 5502 3599 5570 apparuerint

1977 5584 2139 5638 animi
2197 5582 2368 5655 magis
2430 5584 2605 5655 pusilli
2646 5594 2701 5639 et
2745 5582 2938 5653 abjecti
2993 5600 3155 5656 quam
3201 5587 3412 5641 mulier.
3468 5586 3580 5643 Sed

1979 5677 2176 5733 dixerit
2221 5678 2483 5747 quispiam
2506 5696 2519 5734 :
2541 5677 2822 5745 Quomodo
2858 5678 3029 5735 ﬁdelis
3064 5695 3183 5751 quae
3214 5680 3372 5735 risit?
3420 5681 3578 5737 Risus

1978 5771 2193 5841 quidem
2245 5781 2392 5828 certe
2436 5782 2519 5828 est
2561 5788 2626 5827 ex
2677 5771 3070 5839 incredulitate,
3115 5782 3289 5828 metus
3337 5782 3512 5827 autem
3545 5789 3576 5829 a

1980 5864 2083 5922 ﬁde
2114 5882 2125 5920 :
2159 5864 2339 5924 dicere
2363 5866 2530 5938 enim,
2561 5864 2682 5921 Non
2710 5866 2800 5921 risi
2830 5866 2983 5938 (Gen.
3018 5866 3102 5924 18.
3130 5866 3240 5938 15),
3274 5866 3467 5922 factum
3491 5879 3575 5923 ρει
