4172 6466
1747 245 1902 261 φησι·

2268 361 2582 420 ARCHIEP.
2623 352 3156 417 CONSTAN'HNOP.
3734 357 3820 416 itit

2273 489 2437 546 runt,
2466 479 2556 552 qui
2578 477 2714 533 adeo
2737 486 2954 531 strenue
2975 474 3327 528 decertaruat
3354 477 3408 524 et
3428 484 3522 540 pro
3543 465 3654 539 ipso
3679 473 3820 525 suaui-

2274 582 2527 640 nuerunt,
2550 571 2676 643 quid
2701 586 2806 624 non
2845 567 3108 623 donabit?
3137 563 3424 634 Unigenito
3453 577 3544 632 pro
3569 563 3712 616 nobis
3735 578 3822 619 non

2278 665 2538 736 pepercit,
2568 675 2885 734 germanum
2910 673 2974 712 ac
3003 657 3279 728 proprium
3311 653 3500 707 Filium
3523 665 3727 723 propter
3745 670 3830 709 nos

2277 758 2343 813 ad
2375 765 2602 811 mortem
2633 753 2782 808 dedit
2808 770 2821 805 :
2851 751 2896 806 si
2927 765 3026 806 nos
3051 764 3175 804 eum
3221 746 3424 801 inimici
3453 759 3696 806 essemus,
3729 747 3830 800 tali~

2279 851 2377 903 bus
2402 848 2646 917 dignatus
2668 854 2752 901 est
2793 844 2970 904 bouis.
2997 854 3230 912 quonam
3280 853 3379 894 nos
3425 853 3528 891 non
3556 836 3833 907 dignabitur

2278 939 2365 1008 qui
2403 938 2525 992 facti
2569 951 2755 990 sumus
2805 933 3007 990 amici?
3040 945 3286 1001 quanam
3333 944 3438 983 non
3485 928 3837 997 impertietur,

2278 1046 2402 1086 cum
2445 1045 2544 1085 nos
2585 1029 2685 1084 sibi
2736 1024 3138 1083 reconciliartt?
3197 1023 3291 1078 Est
3327 1036 3485 1092 supra
3521 1019 3726 1074 modum
3769 1021 3838 1076 di-

2278 1139 2394 1191 ves,
2427 1132 2484 1179 et
2522 1122 2794 1177 desiderat
2832 1129 2888 1176 et
2915 1118 3095 1175 studet
3141 1125 3378 1171 nostram
3422 1113 3627 1184 assequi
3668 1113 3834 1168 amici-

579 398 678 454 tos
1318 385 1375 442 s.
1415 368 1689 438 testatth
1727 364 2203 429 cnnvsosrmn

582 527 612 565 a
642 507 768 564 title.
797 506 1080 574 Propterea
1099 485 1528 568 ergo,e.vinanita
1550 487 1938 549 incredulitate,
1957 484 2164 551 ingres-

582 618 639 654 sa
680 606 763 653 est
806 596 954 650 ﬁdes.
973 591 1102 645 Fide
1128 599 1175 642 et
1201 589 1311 656 ipsa
1338 585 1471 639 Sara
1497 583 1724 635 virtutem
1762 579 1814 630 in
1841 575 2163 643 conceptione

583 692 786 746 seminis
827 687 1037 755 accepit,
1091 683 1238 736 etiam
1295 688 1476 749 pra'ter
1513 686 1706 744 tempus
1759 670 1922 724 (etatis
1955 667 2161 737 peperit.

585 782 720 850 Quid
767 789 866 844 est,
896 778 958 831 1η
1003 773 1322 844 conceptione
1365 765 1916 823 sentinishidsemen
1933 761 2169 814 retinen-

585 877 710 929 dum
742 889 756 930 :
783 872 848 926 ad
880 865 1272 936 susceptionem
1305 862 1552 916 virtutem
1588 855 1813 925 accepit,
1850 869 1968 921 quin
1997 859 2169 905 morte

586 966 773 1020 aﬂecta
823 970 960 1026 erat,
991 974 1111 1029 qme
1157 951 1583 1022 sterilis.Duplex
1606 949 1746 1004 enim
1768 955 1886 1000 erat
1909 943 2166 1000 defectus.

589 1071 726 1110 unus
757 1053 969 1124 quidem
992 1067 1057 1104 ex
1083 1059 1356 1116 tempore;
1392 1057 1576 1098 revera
1607 1040 1748 1094 enim
1777 1043 2170 1096 consenuerat;

591 1149 723 1200 alter
753 1121 1029 1204 allatura;
1073 1147 1189 1194 erat
1215 1137 1358 1191 enim
1402 1133 1620 1188 sterilis.
1664 1129 1752 1184 12.
1800 1127 2015 1196 l’ropter
2038 1121 2172 1193 quod

490 1263 512 1272 ο
591 1243 740 1296 etiam
779 1239 842 1292 ab
867 1253 967 1291 uno
1006 1235 1101 1288 orti
1129 1241 1243 1288 sunt
1272 1246 1462 1292 omnes,
1492 1239 1743 1292 tamquam
1783 1222 1951 1276 sidera
1978 1218 2089 1273 cwli
2122 1218 2176 1270 in

594 1331 984 1391 multitudinem,
1023 1337 1069 1381 et
1104 1327 1231 1380 sicut
1259 1339 1413 1376 arena
1455 1335 1566 1390 qua:
1610 1327 1682 1372 est
1724 1316 1792 1368 ad
1837 1329 1978 1367 oram
2023 1311 2177 1364 maris

594 1421 991 1476 innumerabilis.
1025 1417 1241 1484 Pr0pter
1267 1416 1416 1484 quod,
1449 1410 1635 1478 inquit,
1665 1408 1812 1461 etiam
1850 1421 1912 1458 ea:
1939 1419 2041 1456 uno
2077 1399 2176 1454 orti

596 1523 711 1568 stmt
736 1527 927 1565 omnes.
956 1508 1068 1563 Non
1099 1507 1226 1560 dicit
1250 1504 1421 1559 solum
1454 1515 1571 1555 eam
1607 1498 1855 1569 genuisse
1884 1537 1898 1562 ,
1932 1493 2027 1548 sed
2071 1503 2177 1545 tam

599 1604 888 1658 multorum
921 1600 1081 1653 fuisse
1121 1607 1366 1659 matrem,
1415 1603 1543 1663 quot
1573 1606 1673 1645 nec
1716 1587 1948 1644 foecundi
1991 1586 2126 1639 uteri
2165 1601 2178 1637 :

601 1698 881 1763 Tamquam
908 1692 1073 1746 sidera
1103 1687 1252 1762 (Gen.
1285 1687 1370 1742 15.
1398 1686 1510 1755 16),
1537 1682 1726 1753 inquit.
1751 1680 2031 1750 Quomodo
2053 1692 2182 1748 ergo

601 1804 695 1843 eos
726 1801 868 1856 suape
897 1793 1160 1846 numerat,
1207 1779 1415 1835 etiamsi
1459 1777 1651 1832 dixerit
1682 1793 1694 1829 :
1724 1771 2182 1842 Quemadmodum

604 1895 710 1934 non
743 1875 1166 1933 numerabuntur
1206 1871 1380 1926 sidera
1421 1870 1538 1923 cadi
1569 1887 1582 1922 :
1615 1869 1682 1922 ita
1736 1882 1834 1921 nec
1875 1879 2058 1920 semen
2102 1877 2188 1914 ve-

605 1981 796 2024 strmn.
827 1969 934 2021 Aut
965 1965 1094 2020 dicit
1123 1979 1216 2032 per
1241 1961 1592 2032 hyperbolen,
1621 1967 1714 2012 aut
1744 1967 1960 2028 propter
1984 1969 2076 2010 eos
2098 1953 2186 2024 qui

602 2074 816 2129 semper
829 2058 926 2112 sibi
940 2052 1424 2110 succedunt.Unius
1439 2052 1633 2121 quippe
1649 2050 1842 2103 domus
1853 2046 2084 2116 majores
2098 2061 2190 2098 nu-

604 2152 797 2206 merari
819 2147 1212 2220 possunt,verhi
1234 2147 1400 2216 gratia
1422 2144 1579 2213 hujus
1596 2143 1678 2197 vel
1703 2142 1862 2207 illius;
1884 2141 1970 2195 hic
1985 2148 2184 2205 autem,

611 2243 698 2296 ubi
727 2255 895 2313 genus
917 2239 1040 2293 illud
1071 2252 1292 2292 numero
1321 2236 1492 2292 stellis
1515 2244 1876 2304 comparatur,
1909 2247 2014 2286 non
2042 2233 2187 2286 item.

671 2334 726 2388 5.
761 2331 918 2386 Tales
947 2342 1068 2386 sunt
1115 2330 1207 2383 Dei
1252 2328 1697 2398 pollicitationes,
1731 2336 1836 2379 tam
1865 2325 2112 2393 expedita
2139 2332 2196 2378 et

605 2434 711 2479 tam
738 2423 802 2476 ad
838 2422 1130 2492 parandum
1161 2421 1330 2475 facilia
1363 2431 1485 2474 sunt
1511 2421 1598 2472 Dei
1620 2417 1898 2487 promissa.
1930 2417 1985 2471 Si
2017 2424 2193 2469 autem

605 2531 724 2585 qua:
743 2514 1086 2568 additamenti
1104 2514 1221 2568 loco
1242 2512 1502 2582 promisit,
1530 2519 1655 2563 sunt
1683 2509 1818 2564 adeo
1837 2507 2194 2574 admirabilia,

607 2606 740 2661 adeo
751 2605 1027 2675 magniﬁca
1055 2615 1108 2660 et
1124 2604 1420 2675 splendida,
1439 2601 1738 2673 cujusmodi
1763 2610 1918 2656 erunt
1943 2601 2049 2664 illa,
2072 2600 2198 2670 qui-

611 2699 710 2752 bus
740 2698 855 2753 hsce
883 2709 1007 2753 sunt
1051 2697 1408 2752 additamenta
1448 2711 1516 2750 ex
1554 2692 2036 2765 superabundaotia
2077 2692 2198 2762 (a)?

596 2779 734 2846 Quid
757 2794 884 2847 ergo
906 2780 1112 2836 beatius
1131 2791 1216 2835 est
1245 2781 1310 2836 iis
1339 2781 1429 2851 qui
1458 2785 1852 2850 assequuntur?
1877 2783 2001 2853 quid
2025 2782 2164 2839 mise

595 2872 708 2925 rius
725 2871 787 2925 iis
803 2872 890 2940 qui
914 2887 1019 2926 non
1041 2872 1501 2942 assequuntur?Si
1519 2873 1660 2929 enim
1689 2874 1807 2944 ejus
1825 2875 1913 2944 qui
1929 2884 2013 2928 est
2035 2891 2066 2929 e
2089 2891 2185 2942 pa-

597 2963 697 3018 tria
728 2964 929 3032 ejectus
943 2979 1131 3018 omnes
1150 2965 1489 3031 miserentur,
1509 2977 1561 3019 et
1589 2965 1678 3035 qui
1705 2965 1884 3019 amisit
1911 2965 2185 3020 heredita-

599 3064 709 3110 tem
741 3055 951 3110 videtur
967 3056 1218 3110 onmibus
1241 3057 1556 3112 miserabilis
1579 3075 1593 3111 :
1611 3059 1698 3126 qui
1719 3073 1749 3110 a
1769 3058 1902 3111 carlo
1918 3058 2184 3113 exciditet

599 3165 628 3203 a
659 3150 810 3204 bonis
836 3165 956 3219 quae
983 3149 1092 3203 illic
1118 3160 1242 3204 sunt
1267 3151 1498 3218 reposita
1526 3191 1540 3213 ,
1577 3166 1735 3220 quam
1767 3150 1948 3204 multis
1980 3143 2174 3216 plorari

597 3241 759 3296 debet
783 3239 1075 3312 lacrymis?
1105 3241 1213 3296 imo
1233 3256 1362 3297 vero
1391 3256 1489 3296 nec
1518 3242 1749 3312 plorari;
1777 3242 2019 3311 ploratur
2039 3240 2182 3296 enim

596 3331 861 3402 quispiam
889 3332 1105 3402 quando
1135 3332 1336 3403 aliquid
1365 3333 1414 3388 ei
1443 3333 1720 3399 acciderit,
1750 3334 1903 3403 cujus
1934 3334 2049 3402 ipse
2076 3347 2183 3386 non

597 3433 681 3480 est
707 3439 904 3489 causa;
934 3425 1150 3494 quando
1175 3437 1354 3480 autem
1380 3425 1549 3480 libero
1576 3440 1674 3479 suo
1699 3427 1920 3480 arbitrio
1945 3425 2180 3491 seipsum

601 3515 736 3569 vitio
755 3516 1020 3585 quispiam
1051 3515 1336 3578 dediderit,
1371 3530 1476 3568 non
1505 3515 1778 3586 lacrymis,
1805 3513 1899 3569 sed
1933 3516 2184 3568 lamenta-

599 3607 834 3662 tionibus
863 3616 1024 3676 atque
1052 3607 1198 3660 luctu
1227 3615 1352 3661 tunc
1378 3608 1484 3661 erit
1519 3606 1732 3676 dignus.
1761 3605 1893 3660 Nam
1927 3605 2187 3660 Dominus

597 3713 808 3770 quoque
833 3707 1014 3753 noster
1042 3697 1198 3752 Jesus
1225 3697 1473 3752 Christus
1507 3696 1822 3764 Jerusalem,
1852 3697 1976 3751 licet
2021 3695 2184 3765 impie

596 3807 655 3848 se
679 3803 952 3862 gerentem
975 3833 988 3857 ,
1021 3792 1157 3845 luxit
1182 3800 1238 3847 et
1265 3792 1434 3847 ﬂevit.

669 3885 802 3949 Quot
833 3883 1071 3954 lacrymis
1096 3884 1255 3954 digna
1281 3883 1570 3954 futurorum
1600 3883 1847 3936 bonorum
1874 3879 2189 3934 amissio.—

597 3976 1082 4031 lnnumerabilibus
1128 3990 1316 4029 revera
1356 3974 1673 4045 ejulatibus,
1707 3971 2190 4027 innumerabilibus

597 4067 1073 4122 lamentationibus
1119 4065 1266 4136 digiti
1315 4079 1522 4120 sumus.
1577 4065 1633 4121 Si
1694 4066 1976 4120 universus
2035 4063 2187 4117 orbis

598 4169 774 4223 terrae,
806 4169 861 4214 et
888 4159 1114 4228 lapides,
1143 4169 1197 4213 et
1229 4159 1404 4228 ligna,
1437 4167 1492 4213 et
1527 4159 1746 4213 arbores
1771 4199 1786 4224 ,
1823 4167 1879 4210 et
1924 4155 2053 4210 ferae
2076 4195 2092 4222 ,
2135 4164 2191 4208 et

596 4267 745 4315 aves,
772 4259 844 4316 et,
873 4261 931 4305 ut
956 4252 1128 4306 semel
1158 4249 1356 4312 dicam,
1389 4261 1529 4304 totus
1550 4250 1696 4306 orbis
1722 4261 1898 4314 terrm,
1931 4262 2063 4309 voce
2092 4262 2188 4300 ac-

597 4353 752 4414 cepta
791 4357 888 4397 nos
913 4342 1110 4398 deﬂeat
1153 4345 1245 4413 qui
1276 4359 1307 4397 a
1339 4344 1493 4399 bonis
1520 4344 1625 4399 illis
1653 4343 1952 4398 excidimus
1973 4382 1988 4408 ,
2018 4340 2186 4404 nihil,

599 4446 656 4489 ¹¹ί
685 4451 781 4506 Par
815 4445 900 4489 est
923 4477 937 4497 ,
965 4435 1187 4490 deﬂebit
1230 4436 1314 4491 vel
1355 4435 1760 4491 lamentabitur.
1805 4433 1934 4486 Nam
1959 4447 2078 4500 qua:
2103 4431 2191 4484 di-

599 4526 755 4580 cendi
801 4525 1062 4591 factiltas,
1112 4541 1232 4596 quae
1272 4525 1626 4592 intelligentia
1670 4523 1874 4593 poterit
1919 4522 2192 4588 explicare

598 4617 745 4670 illaut
786 4618 1170 4673 beatitudinem
1211 4629 1266 4674 et
1295 4619 1546 4672 virtutem
1591 4616 1777 4677 illam,
1815 4613 2149 4682 voluptatem
2175 4652 2190 4676 ,

599 4711 846 4778 gloriam,
880 4711 1143 4776 iustitiam,
1170 4711 1540 4781 splendorem.
1573 4709 1699 4774 ρεαδ
1719 4707 1896 4759 oculus
1917 4721 2016 4758 non
2045 4705 2190 4767 vidit,

601 4801 801 4871 inquit,
825 4818 944 4872 quae
987 4804 1128 4856 auris
1163 4817 1266 4855 non
1305 4799 1498 4853 audivit
1522 4839 1537 4863 ,
1575 4809 1622 4850 et
1650 4797 1703 4850 in
1733 4812 1820 4850 cor
1847 4794 2065 4849 hominis
2092 4811 2195 4848 non

600 4895 956 4959 ascenderunt,
987 4911 1103 4964 qua:
1130 4892 1436 4964 preparavit
1461 4889 1595 4943 Deus
1624 4889 1688 4943 iis
1715 4889 1800 4960 qui
1829 4888 2051 4959 diligunt
2079 4903 2194 4940 eum

603 4985 684 5056 (ι.
711 4985 831 5040 Cor.
858 4986 915 5040 2.
949 4987 1002 5056 9)
1025 4987 1049 5040 ?
1080 4984 1196 5040 Non
1223 4983 1360 5038 dixit
1385 4980 1562 5036 solum
1587 4995 1946 5050 exsuperare,
1977 4977 2070 5033 sed
2093 4992 2194 5033 nec

600 5078 770 5133 ullum
801 5093 1054 5146 umquam
1094 5074 1426 5130 intellexisse
1451 5090 1572 5144 qua:
1599 5075 1738 5128 Deus
1769 5078 1978 5142 paravit
2007 5072 2075 5127 iis
2098 5073 2194 5142 qui

601 5169 780 5239 ipsum
801 5168 1047 5238 diligunt.
1081 5165 1392 5236 Cujusmodi
1426 5165 1574 5220 enim
1605 5165 1742 5220 bona
1771 5172 2191 5219 consentaneum

603 5271 688 5318 est
714 5275 834 5317 esse
860 5276 922 5315 ea
954 5275 1076 5330 qua:
1103 5259 1244 5315 Deus
1283 5268 1552 5330 praeparat
1597 5267 1655 5312 et
1685 5255 1939 5312 instruit?
1965 5255 2021 5311 Si
2049 5255 2195 5309 enim

515 5409 524 5416 _
603 5367 726 5407 cum
755 5365 856 5405 nos
887 5350 1120 5414 iecisset,
1153 5351 1335 5406 statim
1367 5351 1512 5405 nulla
1540 5365 1600 5405 re
1626 5349 1801 5404 adhuc
1840 5363 1870 5402 a
1914 5346 2070 5402 nobis
2093 5361 2192 5415 pe-

607 5453 775 5504 racta,
813 5451 956 5496 tanta
987 5453 1068 5497 est
1097 5443 1338 5514 largitus,
1363 5443 1696 5515 paradisum,
1727 5457 1847 5498 cum
1877 5442 1996 5510 ipso
2019 5439 2192 5495 collo..-

610 5523 964 5593 quutionem,
1026 5521 1481 5580 iunnortalitatem
1527 5529 1613 5576 est
1673 5520 1984 5588 pollicitus,
2032 5521 2198 5572 vitam

613 5615 824 5668 beatam
853 5623 907 5667 et
934 5628 963 5667 a
999 5613 1143 5668 curis
1185 5612 1407 5668 liberam
1437 5629 1449 5665 :
1482 5613 1547 5666 iis
1584 5610 1675 5680 qui
1709 5620 1814 5664 tam
1855 5610 2019 5663 multa
2053 5606 2196 5664 fece-

709 5845 782 5903 (a)
802 5843 892 5894 Hic
915 5845 1092 5897 desinit
1113 5845 1308 5896 humilis
1335 5844 1567 5896 vim-sima
1591 5841 1736 5896 tertia
1765 5839 1809 5888 in
1834 5841 2009 5891 (‘uelin‘
2033 5839 2164 5899 Coll).

2281 1219 2412 1274 tiam
2441 1233 2454 1267 :
2486 1231 2585 1271 nos
2614 1225 2795 1271 autem
2824 1230 2892 1268 ne
2918 1214 3001 1268 vel
3033 1211 3304 1266 tantillum
3335 1209 3610 1265 studemus
3632 1250 3646 1275 ,
3673 1207 3840 1264 odile-

2285 1317 2355 1370 cti
2386 1335 2400 1370 :
2434 1313 2558 1384 quid
2591 1313 2710 1366 dico
2735 1352 2750 1376 ,
2783 1325 2890 1364 non
2921 1307 3244 1364 studemus?
3292 1307 3544 1361 nolumus
3570 1305 3717 1374 plane
3738 1303 3839 1372 ejus

2287 1407 2423 1461 bona
2450 1403 2702 1472 assequi,
2747 1415 2806 1456 ut
2831 1401 2942 1455 vult
2987 1403 3130 1470 ipse.
3163 1398 3314 1466 Quod
3358 1406 3536 1452 autem
3577 1394 3840 1450 admodum

2283 1498 2412 1553 velit
2462 1497 2514 1551 id
2557 1495 2699 1566 quod
2747 1493 2874 1550 fecit
2915 1482 3166 1548 ostendit.
3217 1491 3350 1546 Nam
3401 1506 3502 1545 nos
3537 1487 3742 1559 quidem
3763 1501 3845 1557 pro

2285 1591 2438 1645 nobis
2486 1589 2615 1660 ipsis
2661 1588 2747 1641 vix
2793 1601 2981 1656 parum
3017 1585 3131 1639 auri
3179 1583 3542 1653 deSpicimus;
3596 1583 3706 1650 ipse
3752 1595 3836 1634 au-

2304 1691 2410 1738 tem
2442 1697 2536 1750 pro
2563 1679 2718 1734 nobis
2740 1678 2901 1732 etiam
2943 1691 3102 1730 suum
3129 1675 3278 1730 dedit
3319 1673 3536 1729 Filium.
3566 1671 3777 1727 Utamur
3800 1679 3849 1724 ut

2289 1782 2500 1842 oportet
2527 1771 2620 1825 Dei
2659 1769 2948 1824 dilectione
2974 1808 2988 1830 ,
3024 1768 3264 1822 fruamur
3291 1766 3410 1834 ejus
3453 1763 3684 1819 amicitia
3713 1778 3726 1814 :
3763 1758 3850 1814 Vos

2295 1863 2459 1928 enim,
2491 1862 2658 1931 inquit
2679 1903 2694 1925 ,
2722 1860 2870 1912 amici
2896 1861 2991 1913 mei
3017 1858 3154 1917 estis,
3181 1857 3224 1910 si
3249 1857 3453 1927 faciatis
3479 1869 3591 1924 qua
3609 1854 3715 1906 dico
3733 1853 3851 1906 vobis

2287 1955 2468 2024 (Joan.
2500 1955 2584 2008 15.
2619 1952 2729 2023 M).
2765 1952 2922 2020 Papa:
2948 1992 2963 2016 ,
2991 1949 3238 2002 inimicos
3258 1947 3349 2017 qui
3377 1944 3585 2000 inﬁnito
3609 1943 3772 2013 spatio
3796 1942 3854 1995 ab

2287 2065 2353 2105 co
2380 2057 2537 2104 erant
2558 2046 2832 2116 disjuucti,
2857 2059 2994 2114 quos
3022 2039 3522 2111 incomparabiliter
3547 2039 3599 2092 in
3631 2036 3854 2091 omnibus

2287 2141 2684 2202 antecellebat,
2718 2147 2774 2193 et
2816 2136 2945 2191 fecit
2987 2142 3042 2190 et
3068 2133 3280 2189 vocavit
3309 2131 3562 2186 amicos?
3590 2127 3722 2196 Quid
3745 2141 3857 2194 ergo

2288 2251 2393 2291 non
2423 2244 2508 2289 est
2544 2249 2572 2287 a
2603 2231 2762 2287 nobis
2789 2230 3038 2285 lubenter
3068 2225 3380 2297 patiendum
3426 2239 3527 2295 pro
3573 2224 3669 2278 hac
3696 2221 3858 2275 amici-

2294 2327 2409 2381 tia?
2459 2327 2530 2379 At
2569 2339 2670 2378 nos
2718 2337 2816 2392 pro
2867 2320 3144 2374 hominum
3189 2317 3430 2371 amicitia
3475 2329 3618 2384 saepe
3648 2311 3857 2383 pericula

2288 2419 2537 2482 adimus;
2565 2431 2663 2486 pro
2701 2413 2796 2468 Dei
2827 2422 3004 2467 autem
3031 2409 3266 2466 amicitia
3315 2423 3423 2464 nec
3469 2407 3720 2478 pecunias
3748 2419 3858 2474 pro-

2286 2508 2576 2563 fundimus.
2606 2506 2812 2560 Revera
2839 2504 2984 2557 luctu
3011 2502 3186 2572 dignae
3208 2506 3333 2555 sunt
3358 2514 3455 2554 res
3479 2507 3694 2562 nostraa,
3718 2496 3848 2550 luctu

2293 2612 2348 2655 ct
2376 2597 2631 2670 lacrymis
2672 2605 2730 2651 et
2773 2592 3155 2664 ejulationibus
3199 2599 3257 2646 et
3302 2589 3770 2647 lamentationibus
3813 2593 3861 2639 et

2291 2693 2532 2762 planetu.
2563 2691 2605 2744 Α
2634 2703 2731 2758 spe
2751 2694 2936 2742 nostra
2958 2684 3260 2739 excidimus
3281 2725 3297 2748 ,
3327 2697 3356 2736 a
3390 2690 3577 2740 nostra
3605 2677 3861 2734 altitudine

2294 2783 2487 2852 tlejeCti
2517 2794 2724 2843 sumus,
2758 2778 2849 2832 Dei
2875 2777 3079 2832 honore
3108 2773 3309 2844 indigni
3354 2773 3704 2844 apparuimus
3724 2811 3738 2834 ,
3779 2769 3863 2821 im-

2286 2890 2552 2931 memores
2576 2871 2632 2928 et
2652 2872 2845 2943 ingrati
2869 2870 3137 2926 evasimus
3165 2875 3221 2924 et
3249 2866 3375 2922 mali
3411 2868 3573 2923 etiam
3596 2873 3710 2936 post
3730 2864 3865 2917 bene-

2289 2968 2427 3029 licia,
2455 2965 2612 3020 bouis
2628 2963 2878 3018 omnibus
2901 2978 3000 3016 nos
3021 2960 3270 3030 spoliavit
3295 2958 3553 3018 diabolus
3582 2977 3595 3014 :
3622 2957 3707 3026 qui
3745 2953 3867 3023 digni

2294 3053 2564 3105 fueramus
2581 3050 2745 3105 habiti
2779 3059 2835 3104 ut
2856 3063 3097 3103 essemus
3126 3047 3240 3110 lilii,
3258 3045 3464 3100 fratres
3491 3054 3546 3099 et
3573 3040 3860 3100 cobcrcdeg

2289 3141 2356 3194 ab
2384 3142 2503 3211 ejus
2522 3142 2751 3218 inimicis
2780 3140 2913 3195 nihil
2945 3138 3238 3193 diﬂerimus
3263 3177 3278 3202 ,
3307 3138 3407 3206 qui
3454 3137 3629 3207 ipsum
3657 3132 3867 3188 alliciunt

2289 3233 2634 3288 contumelia.
2658 3233 2913 3300 Qttarnain
2935 3230 3038 3286 erit
3063 3228 3218 3284 nobis
3239 3228 3306 3284 de
3326 3237 3534 3284 caetero
3554 3221 3861 3282 consolatio?

2292 3323 2408 3393 Ipse
2431 3340 2528 3379 nos
2556 3324 2765 3379 vocavit
2789 3323 2854 3377 ad
2879 3323 3064 3377 caelum
3090 3339 3104 3386 ;
3136 3337 3234 3375 nos
3276 3321 3533 3391 nosipsos
3558 3315 3864 3374 detrudimus

2294 3414 3026 3483 iugebennarn.Exsecratio
3073 3424 3126 3470 et
3175 3414 3542 3477 mendacium,
3597 3411 3785 3465 furtum
3819 3413 3863 3458 et

2293 3506 2611 3562 adulterium
2627 3508 2877 3562 diﬂ'usum
2893 3516 2976 3562 est
2993 3522 3152 3575 super
3165 3515 3361 3560 terram
3382 3525 3396 3560 :
3415 3505 3507 3559 alii
3538 3502 3747 3574 quidem
3761 3511 3862 3552 san-

2295 3601 2506 3672 guinem
2535 3603 2761 3657 miscent
2787 3601 3065 3670 sanguine,
3093 3600 3180 3655 alii
3211 3609 3392 3654 autem
3413 3615 3502 3654 res
3529 3605 3722 3669 gerunt
3745 3593 3864 3647 dete-

2294 3696 2465 3749 riores
2503 3695 2781 3764 sanguine.
2811 3693 2958 3748 Multi
2987 3709 3058 3749 ex
3101 3691 3166 3746 iis
3195 3691 3284 3761 qui
3319 3691 3518 3761 injuria
3549 3688 3834 3745 aﬂiciuntur
3854 3717 3868 3743 ς

2296 3791 2446 3844 multi
2491 3791 2580 3860 qui
2604 3805 2699 3860 per
2715 3789 2996 3844 avaritiam
3017 3787 3406 3844 detrimentum
3432 3785 3728 3855 patiuntur,
3747 3774 3873 3833 mille

2297 3893 2499 3938 mortes
2525 3883 2696 3952 magis
2717 3890 2904 3952 optant
2923 3896 3080 3952 quam
3109 3880 3222 3934 hare
3248 3879 3384 3950 pati,
3414 3888 3470 3934 et
3497 3877 3600 3932 nisi
3630 3874 3718 3930 Dei
3741 3872 3879 3926 timo-

2296 3992 2410 4031 rem
2463 3976 2618 4030 veriti
2643 3984 2845 4038 essent,
2887 3973 2988 4028 sibi
3029 3981 3254 4026 mortem
3299 3969 3718 4026 conscivissent,
3762 3960 3880 4014 adeo

2297 4069 2522 4138 cupiunt
2540 4078 2768 4122 mortem
2795 4066 2893 4120 sibi
2925 4064 3138 4119 aﬂ'erre.
3161 4064 3355 4116 Annon
3401 4070 3533 4116 sunt
3579 4059 3693 4112 hinc
3721 4051 3882 4124 pejm'a

2299 4161 2587 4231 sanguine?
2639 4158 2738 4214 Hei
2771 4159 2895 4212 mihi
2940 4158 3130 4220 anima,
3154 4153 3369 4209 dicebat
3390 4153 3588 4208 dolens
3622 4147 3883 4220 propheta.

2302 4254 2450 4323 periit
2465 4253 2542 4306 uir
2567 4253 2681 4320 pius
2707 4269 2737 4304 η
2767 4263 2919 4315 terra,
2937 4259 2986 4304 et
3011 4250 3064 4302 in
3087 4246 3380 4301 hominibus
3407 4262 3512 4298 non
3545 4253 3617 4298 est
3645 4240 3725 4310 qui
3751 4234 3887 4304 faciat

2302 4346 2492 4398 bonum
2515 4342 2702 4413 (Miclt.
2730 4343 2783 4396 7.
2805 4341 2884 4411 2).
2910 4340 3060 4395 Nune
3073 4349 3250 4392 autem
3269 4350 3374 4390 nos
3395 4350 3617 4405 quoque
3635 4332 3702 4386 de
3723 4325 3888 4382 llltbiS'

2306 4435 2439 4503 ipsis
2463 4436 2690 4503 primum
2715 4431 2817 4486 hoc
2837 4430 3208 4485 clamabimus.
3233 4425 3343 4483 Sed
3372 4426 3442 4481 ad
3469 4419 3894 4478 lamentationem

2307 4544 2402 4582 vos
2425 4527 2556 4581 mihi
2583 4526 2718 4582 ferte
2744 4541 2925 4595 opem.
2957 4522 3224 4580 Fortassis
3250 4522 3480 4592 quidam
3508 4517 3895 4576 abominantur,

2304 4631 2359 4674 et
2384 4619 2598 4684 rident;
2639 4627 2858 4689 propter
2906 4617 3011 4672 hoc
3057 4625 3238 4670 autem
3293 4612 3632 4668 intendenda
3686 4615 3770 4664 est.
3826 4603 3898 4656 la-

2305 4713 2583 4779 mentatio,
2624 4711 2766 4782 quod
2799 4712 2934 4766 adeo
2963 4711 3188 4765 furimus
3214 4719 3266 4763 et
3297 4707 3611 4777 desipimus
3639 4714 3693 4759 et
3724 4715 3816 4756 nos
3843 4709 3900 4749 nc

2305 4803 2485 4859 furere
2530 4803 2744 4875 quidem
2789 4803 3029 4866 scimus,
3078 4800 3172 4856 sed
3225 4809 3455 4869 prepter
3485 4814 3612 4869 qua:
3640 4795 3904 4865 oporteret

2307 4913 2406 4951 nos
2429 4911 2669 4966 gemere,
2696 4894 2956 4950 ridemus.
2991 4892 3266 4946 Revetatur
3287 4933 3302 4957 ,
3334 4906 3366 4943 ο
3399 4891 3582 4952 homo,
3615 4889 3693 4941 ira
3719 4901 3746 4938 e
3770 4881 3904 4940 σαι-ιο,

2305 5008 2458 5060 super
2478 5005 2674 5044 auinam
2697 4987 3002 5058 impietatem
3027 4997 3072 5039 et
3095 4985 3410 5054 injustitiam
3436 4982 3711 5036 hominum
3739 4974 3908 5047 (nom.

2307 5086 2360 5140 1.
2396 5085 2506 5152 18).
2540 5081 2676 5135 Deus
2715 5080 2982 5151 manifeste
3002 5077 3181 5131 ueniet.
3208 5074 3355 5144 Ignis
3383 5085 3510 5127 ante
3532 5075 3707 5141 ipsum
3735 5079 3904 5139 prlece-

2308 5175 2425 5238 det,
2453 5184 2500 5227 et
2529 5173 2672 5226 circa
2705 5187 2824 5224 eum
2851 5177 3123 5238 tempestas
3151 5167 3346 5219 ualida.
3382 5163 3538 5235 Ignis
3571 5163 3622 5216 in
3651 5162 3908 5227 conspectu

2307 5269 2418 5336 ejus
2459 5264 2655 5319 ardebit
2692 5273 2740 5316 et
2788 5259 3124 5331 inﬂammabit
3165 5259 3218 5312 in
3261 5257 3489 5311 circuitu
3533 5255 3770 5317 inimicos
3810 5247 3911 5314 ejus

2313 5359 2487 5431 (Psal.
2519 5357 2610 5412 49.
2639 5357 2694 5411 5.
2722 5366 2767 5410 et
2792 5354 2882 5410 96.
2913 5351 2992 5424 3).
3026 5352 3150 5408 Dies
3171 5348 3380 5404 Domini
3405 5359 3675 5417 tamquam
3701 5343 3912 5431 clibanus

2309 5429 2497 5508 ardens
2525 5449 2680 5522 (Mal.
2708 5451 2764 5503 4.
2795 5448 2870 5518 i).
2902 5447 2972 5500 Et
3013 5458 3178 5499 nemo
3209 5443 3326 5496 haec
3374 5451 3568 5496 mente
3593 5439 3799 5510 agitat,
3828 5429 3915 5522 sed

2311 5545 2481 5615 magis
2510 5521 2672 5614 quam
2726 5539 2920 5594 fabula:
2967 5533 3267 5606 deSpicatui
3321 5531 3611 5586 habentur
3657 5542 3746 5584 res
3786 5521 3916 5578 adeo

2313 5635 2618 5693 horrendae.
2651 5633 2752 5701 Qui
2783 5630 2984 5694 audiat,
3020 5641 3181 5682 nemo
3210 5633 3291 5682 est
3319 5639 3334 5685 ;
3369 5624 3468 5694 qui
3517 5633 3700 5679 autem
3750 5615 3918 5672 rident

2312 5743 2367 5788 et
2387 5731 2735 5793 subsannant,
2759 5740 2967 5780 omnes.
2991 5723 3248 5790 Quamam
3271 5717 3503 5772 dabitur
3525 5716 3685 5772 nobis
3709 5713 3788 5766 via
3821 5720 3917 5777 qua

2319 5843 2419 5886 nos
2483 5821 2867 5896 expediamus?
2905 5817 3184 5876 Undcnam
3259 5814 3617 5870 inveniemus
3665 5794 3919 5862 salutem?
