4172 6448
591 343 690 397 I67

573 436 793 494 vivendi
845 437 1207 503 institucntes,
1253 435 1353 490 hoc
1399 451 1498 490 nos
1542 450 1727 490 sumus
1770 433 1988 489 mundo.
2037 433 2170 488 Pro~

579 540 762 600 ptcrea
806 532 1002 586 mortui
1047 545 1252 593 sumus,
1285 530 1408 599 quia
1440 544 1557 584 eam
1592 544 1718 584 vere
1744 544 1862 598 (iure
1893 537 1976 584 cst
2001 529 2165 583 vitam

577 623 980 693 ubnegaviums,
1030 632 1085 676 et
1135 621 1269 676 hanc
1312 623 1660 692 temporalem
1702 621 1960 691 elegimus
1993 638 2006 675 :
2036 636 2168 692 pro-

575 725 759 783 pterra
788 715 952 769 Deum
986 714 1335 779 irritavimus,
1362 713 1502 783 quod
1533 727 1653 768 cum
1687 714 1840 769 nobis
1869 721 2013 768 esset
2037 727 2169 782 pro-

579 807 808 873 positum
841 803 942 858 frui
981 805 1045 858 iis
1073 819 1192 873 qua:
1219 814 1345 858 sunt
1373 805 1428 858 in
1466 804 1634 867 caelis,
1668 820 1736 859 ne
1763 804 1831 857 ab
1861 805 1924 858 iis
1949 803 2166 874 quidem

574 912 694 965 qua:
721 905 846 950 sunt
873 896 926 950 in
959 904 1100 949 terra
1135 896 1381 949 volunms
1407 895 1721 960 discedere;
1754 896 1848 951 sed
1873 912 1978 950 non
2009 911 2167 952 secus

573 1006 636 1043 ac
679 989 896 1060 quidam
929 1005 1149 1044 vermes
1177 1005 1206 1043 a
1253 1001 1398 1043 terra
1429 991 1480 1043 in
1511 997 1729 1055 terram,
1777 999 1832 1044 et
1875 1004 2060 1043 rursus
2099 990 2166 1043 ab

576 1083 677 1138 hac
705 1083 756 1136 in
788 1082 932 1137 illam
965 1083 1419 1152 circnmagimur;
1465 1091 1519 1137 et
1548 1082 1702 1152 plane
1732 1097 1798 1136 ne
1832 1098 2016 1152 parum
2044 1083 2165 1152 qui-

573 1177 698 1230 dem
728 1176 977 1230 volumus
1009 1191 1309 1244 cmergere,
1335 1191 1509 1244 neque
1547 1189 1643 1228 nos
1672 1190 1700 1227 a
1731 1175 1891 1229 rebus
1919 1174 2166 1228 humanis

573 1267 866 1332 abducere,
900 1265 996 1320 sed
1024 1265 1186 1320 veluti
1229 1280 1257 1317 a
1288 1265 1516 1335 quodam
1545 1276 1767 1319 veterno
1797 1274 1848 1318 et
1893 1279 2085 1318 somno
2111 1275 2167 1319 ct

575 1359 837 1413 ebrietate
861 1358 1060 1423 obruti,
1082 1358 1514 1428 obstupescimus
1535 1358 1643 1411 visa
1674 1357 2160 1426 apprehendentes.

576 1452 643 1506 Et
672 1452 812 1506 sicut
840 1451 872 1505 ii
899 1451 990 1521 qui
1019 1453 1167 1505 suavi
1195 1461 1449 1506 tenentur
1476 1466 1686 1514 somno,
1732 1467 1836 1505 non
1866 1451 2040 1506 solum
2070 1467 2170 1506 no-

574 1552 688 1604 ctu,
717 1542 810 1598 sed
838 1543 998 1597 etiam
1034 1558 1158 1597 cum
1189 1542 1361 1612 ipsum
1394 1557 1551 1596 mane
1579 1541 1878 1606 advenerit,
1909 1552 1964 1598 et
1988 1543 2165 1599 clarus

578 1632 738 1688 fuerit
765 1634 902 1696 dies,
927 1633 1109 1702 jaceut
1135 1633 1188 1687 in
1221 1633 1400 1695 lecto;
1435 1647 1535 1687 nec
1559 1647 1653 1687 eos
1684 1633 1846 1702 pudet
1885 1634 2166 1705 indulgere

576 1724 858 1794 voluptati,
912 1733 965 1778 et
1007 1734 1219 1794 tempus
1265 1723 1520 1794 operandi
1574 1734 1627 1778 et
1680 1725 1928 1779 studendi
1987 1725 2166 1780 facere

576 1824 786 1884 tempus
813 1815 990 1869 somni
1021 1825 1068 1870 et
1094 1815 1298 1869 inertia:
1323 1829 1384 1869 ac
1411 1815 1750 1870 hebetudinis
1777 1836 1790 1871 :
1815 1817 1884 1869 ita
1907 1832 2005 1870 nos
2025 1833 2164 1888 quo-

573 1923 676 1975 que
707 1908 794 1962 die
823 1909 1305 1977 appropinquante,
1338 1917 1495 1962 nocte
1523 1907 1868 1976 procedente,
1897 1908 2006 1962 imo
2037 1924 2165 1964 vero

572 2000 658 2052 die
687 1998 1013 2068 (Operamini
1049 1999 1214 2061 enim,
1263 1998 1455 2069 inquit,
1490 1999 1612 2052 dum
1653 2009 1726 2053 est
1755 2000 1861 2054 dies
1895 1998 2075 2072 [10am
2105 1999 2163 2056 9.

571 2087 701 2161 4]),
743 2091 922 2143 omnia
953 2087 1178 2144 facimus
1215 2105 1334 2157 qua:
1376 2099 1500 2143 sunt
1541 2092 1714 2145 noctis
1742 2132 1755 2154 ,
1788 2090 2120 2145 dormientes
2147 2132 2160 2154 ,

571 2181 779 2236 somnia
823 2181 1088 2248 videntes,
1135 2182 1262 2235 visis
1303 2181 1653 2248 deliciantes;
1700 2191 1753 2236 et
1797 2182 1962 2236 clausi
2011 2184 2166 2240 nobis

569 2282 694 2326 sunt
722 2273 861 2327 oculi
892 2273 1086 2327 mentis
1127 2283 1181 2326 et
1210 2273 1474 2342 corporis,
1510 2289 1787 2343 perperam
1817 2275 2087 2344 loquimur
2111 2286 2166 2332 ct

573 2371 774 2419 temere
799 2365 1086 2434 garrimus,
1115 2373 1170 2419 et
1199 2365 1242 2418 si
1273 2366 1394 2434 quis
1426 2364 1742 2433 profundam
1773 2366 1925 2421 nobis
1955 2368 2161 2438 plagam

571 2456 843 2520 inllixerit,
866 2473 932 2512 ne
955 2457 1217 2512 sentimus
1239 2456 1476 2525 quidem,
1507 2457 1716 2512 etiamsi
1745 2467 1955 2511 nostras
1976 2473 2163 2515 omnes

568 2549 852 2620 diripuerit
870 2550 1171 2617 facultates,
1195 2549 1404 2604 etiamsi
1434 2549 1603 2618 ipsam
1626 2549 1844 2603 domum
1860 2553 2160 2607 exusserit:

570 2642 678 2694 imo
711 2657 840 2696 vero
879 2657 946 2695 ne
973 2652 1346 2710 exspectamus
1372 2639 1586 2709 quidem
1617 2651 1672 2694 ut
1697 2641 1784 2694 alii
1817 2643 1916 2695 hoc
1945 2645 2158 2710 faciant,

571 2733 664 2787 sed
689 2733 786 2802 ipsi
812 2734 913 2788 hoc
929 2733 1171 2799 facimus,
1198 2747 1294 2787 nos
1323 2732 1560 2801 quotidie
1586 2743 1880 2802 pungentes
1899 2745 1951 2789 et
1974 2737 2163 2795 ferien-

565 2828 667 2882 tes,
695 2823 918 2890 turpiter
938 2833 997 2878 et
1017 2827 1266 2879 indecore
1291 2826 1549 2894 jaccutcs,
1577 2831 1826 2886 etnudati
1845 2832 1989 2886 omni
2014 2829 2157 2888 bona

562 2910 982 2977 existimatione,
1010 2924 1064 2969 et
1093 2917 1262 2984 turpia
1295 2928 1475 2973 nostra
1526 2935 1690 2989 opera
1737 2939 1909 2993 neque
1941 2927 2036 2996 ipsi
2070 2935 2154 2982 te-

565 3011 773 3066 gentes,
821 3019 992 3074 neque
1024 3005 1145 3060 aliis
1175 3005 1276 3061 hoc
1305 3008 1480 3064 facere
1521 3015 1923 3082 permittentes;
1974 3018 2068 3073 sed
2103 3020 2154 3073 in

565 3093 742 3148 media
786 3096 1117 3164 turpitudine
1144 3107 1198 3152 et
1237 3099 1300 3152 iis
1329 3102 1414 3169 qui
1449 3102 1648 3169 vident,
1683 3115 1736 3159 ct
1767 3107 1832 3161 iis
1876 3110 1962 3178 qui
2001 3125 2156 3165 acoe-

564 3183 702 3238 dunt
733 3186 991 3254 propositi
1021 3188 1084 3242 ad
1114 3189 1276 3244 risum
1299 3202 1352 3246 et
1372 3193 1436 3246 ad
1469 3193 1696 3250 ludibria
1726 3199 2155 3256 innumerabilia.

562 3273 793 3329 Nescitis
837 3276 979 3344 ipsos
1018 3296 1235 3350 quoque
1285 3284 1454 3338 malos
1506 3287 1732 3344 irridere
1777 3306 1870 3345 cos
1923 3307 2152 3362 quorum

562 3379 688 3420 sunt
721 3367 878 3423 iidem
936 3386 1136 3437 mores,
1183 3383 1236 3428 et
1279 3391 1374 3430 eos
1403 3376 1698 3435 damnare?
1741 3382 1871 3437 Nam
1901 3389 2153 3454 quoniam

565 3457 710 3512 Deus
739 3459 924 3515 indidit
951 3464 1398 3533 nobisjudicium,
1426 3470 1566 3538 quod
1587 3473 1896 3529 labefactari
1925 3485 1980 3530 et
2002 3495 2155 3532 num-

561 3563 721 3615 quam
763 3555 1033 3622 corrumpi
1068 3566 1266 3624 potest,
1300 3560 1507 3614 etiamsi
1551 3562 1775 3632 ingressi
1811 3566 2065 3622 fuerimus
2098 3569 2152 3624 in

570 3640 743 3709 ipsum
797 3643 910 3698 vitii
964 3645 1285 3715 profundum
1322 3668 1334 3700 :
1367 3651 1485 3705 ideo
1527 3663 1580 3707 et
1630 3655 1726 3723 ipsi
1776 3659 1898 3711 mali
1950 3661 2154 3730 seipsos

553 3732 951 3802 condemnant;
984 3749 1037 3792 et
1081 3740 1124 3793 si
1156 3743 1421 3811 quiSpiam
1452 3759 1547 3800 eos
1576 3746 1626 3799 id
1659 3749 1802 3817 quod
1844 3762 1969 3806 sunt
1998 3770 2155 3810 voca-

563 3825 716 3890 verit,
753 3842 848 3880 eos
879 3829 1061 3897 pudet,
1113 3847 1256 3902 u-gre
1300 3833 1497 3901 ferunt,
1529 3845 1584 3891 et
1638 3855 1749 3893 rem
1803 3857 1919 3897 eam
1974 3844 2158 3902 dicunt

548 3929 685 3970 esse
726 3921 1138 3976 eontmneliam.
1187 3925 1280 3988 Ita,
1337 3926 1380 3980 si
1432 3943 1538 3982 non
1583 3928 1755 3998 factis,
1790 3935 1967 4004 verbis
2009 3951 2156 3995 certe

551 4009 916 4067 condemnant
947 4029 1066 4082 quae
1099 4015 1298 4072 faciunt
1329 4035 1423 4088 per
1449 4025 1854 4092 conscientiam,
1887 4028 1992 4084 imo
2024 4047 2153 4086 vero

561 4101 724 4155 etiam
757 4103 932 4158 factis.
975 4105 1114 4162 Cum
1146 4110 1289 4163 extim
1323 4111 1625 4169 clanculum
1657 4125 1709 4172 et
1744 4118 1794 4172 in
1835 4123 2046 4178 occulto
2074 4123 2153 4178 fa-

561 4194 735 4260 ciunt,
765 4198 1047 4252 sentcntizc
1067 4215 1223 4269 quam
1247 4201 1313 4256 de
1339 4220 1394 4259 re
1428 4205 1628 4262 habent
1655 4211 1943 4266 maximum
1968 4213 2151 4284 profe-

562 4295 688 4339 runt
711 4287 989 4343 indicium.
1019 4290 1216 4346 Vitium
1249 4297 1392 4350 enim
1425 4307 1507 4352 est
1536 4299 1670 4356 adeo
1697 4305 2064 4372 manifestum,
2097 4317 2154 4362 ut

550 4389 748 4431 omnes
778 4378 896 4447 ejus
925 4381 1030 4434 sint
1057 4393 1416 4452 accusatores,
1447 4389 1608 4445 etiam
1631 4393 1663 4445 ii
1686 4395 1774 4462 qui
1803 4394 1974 4462 ipsum
1998 4412 2154 4452 usur-

563 4475 726 4535 pant:
759 4477 902 4523 tanta
931 4481 1106 4527 autem
1153 4490 1242 4531 res
1271 4487 1353 4532 est
1383 4480 1574 4543 virtus,
1618 4491 1676 4536 ut
1717 4483 1767 4536 in
1796 4485 2152 4545 admiratione

563 4557 824 4614 habeatur
839 4561 999 4618 etiam
1024 4565 1092 4620 ab
1116 4567 1242 4632 illis,
1270 4571 1360 4638 qui
1383 4587 1501 4626 eam
1524 4589 1631 4628 non
1654 4576 1995 4634 :emulantur.
2023 4581 2154 4641 Nan;

560 4657 616 4703 et
638 4651 901 4706 scortator
933 4654 1169 4712 laudabit
1195 4664 1604 4730 temperantiam
1643 4675 1697 4720 et
1739 4667 2147 4736 contineut'am,

561 4753 613 4796 ct
635 4758 828 4799 avarus
853 4748 1233 4806 condemnabit
1259 4753 1613 4822 injustitiam;
1657 4767 1710 4812 et
1741 4759 2030 4818 iracundus
2057 4768 2122 4820 ad
2144 4772 2166 4807 -

562 4834 842 4891 mirabitur
887 4842 1223 4908 patientiam,
1267 4852 1323 4897 et
1367 4845 1691 4914 vituperabit
1738 4851 2024 4909 simultatis
2079 4859 2153 4913 \i-

561 4928 712 4989 tium,
759 4938 812 4982 et
843 4929 1075 4987 lascivus
1119 4934 1414 4988 lasciviam.
1447 4935 1726 5001 Quomodo
1766 4958 1912 5012 ergo.
1951 4947 2142 5018 inquit,

563 5015 677 5071 haec
722 5022 986 5088 usurpat?
1017 5023 1094 5076 Ex
1140 5025 1306 5078 multa
1356 5027 1622 5091 socordia,
1655 5045 1776 5085 cum
2025 5015 2147 5095 quo"

556 5123 677 5163 esse
705 5109 901 5165 bonum
927 5113 1249 5180 judicaverit
1281 5133 1294 5166 :
1325 5115 1521 5186 alioqui
1546 5135 1668 5175 cum
1695 5125 1770 5178 rei
1799 5142 1901 5180 non
1930 5132 2148 5200 puduis-

555 5211 658 5262 set,
692 5215 869 5270 neque
895 5212 1145 5273 negasset
1171 5205 1277 5260 alio
1304 5221 1607 5267 accusante.
1641 5213 1787 5270 Multi
1815 5220 1977 5274 etiam
2013 5240 2121 5291 pra:

556 5293 820 5361 occupati,
855 5308 976 5348 cum
1008 5295 1243 5352 dedecus
1269 5315 1378 5355 non
1420 5301 1640 5370 ferrent,
1675 5320 1735 5363 se
1759 5310 2092 5369 suffocarunt
2128 5337 2140 5371 :

554 5399 759 5444 tantum
784 5387 939 5443 nobis
965 5390 1102 5445 inest
1134 5391 1344 5451 honesti
1372 5407 1426 5452 et
1449 5398 1630 5455 decori
1657 5405 2041 5463 testimonium.
2070 5410 2142 5466 lta

549 5496 670 5548 qua:
707 5481 843 5533 bona
875 5490 1016 5545 sunt,
1050 5482 1167 5552 ipso
1195 5487 1310 5541 sole
1351 5489 1738 5559 splendidiora,
1784 5507 1839 5551 et
1864 5515 1996 5569 qua}
2017 5513 2143 5557 sunt

548 5572 626 5625 eis
654 5571 945 5635 contraria,
969 5587 1094 5628 sunt
1119 5579 1358 5633 omnium
1388 5579 1705 5641 foedissima.

615 5663 669 5715 2.
686 5661 930 5732 Hospites
948 5675 1002 5720 et
1019 5670 1282 5740 peregrini
1299 5684 1450 5726 erant
1464 5677 1651 5730 sancti.
1671 5677 1953 5744 Quomodo
1964 5692 2018 5738 et
2031 5699 2133 5754 qua

544 5755 789 5809 ratione?
817 5756 902 5812 ubi
932 5761 1216 5818 emilitetur
1245 5765 1512 5821 Abraham
1555 5783 1614 5824 se
1649 5785 1768 5826 esse
1787 5773 2057 5845 hospitem
2073 5787 2132 5834 et

1310 346 1365 399 S.
1403 338 1678 398 JOANNIS
1713 334 2181 392 CHRYSOSTOMI
2217 331 2528 390 .iRCillEP.
2571 327 3100 385 CONSTANTINOP.

3765 325 3871 381 168

2293 428 2668 502 peregrinum?
2691 409 2948 481 Fortasse
2967 424 3179 495 quidem
3205 422 3319 493 ipse
3346 436 3555 493 quoque
3570 431 3651 477 est
3675 427 3886 478 confes.

2288 541 2420 590 sus;
2453 523 2624 594 palam
2656 521 2708 575 id
2759 519 3038 574 confessus
3082 527 3164 572 est
3193 527 3368 571 autem
3395 515 3574 581 David,
3626 525 3680 570 ut
3710 516 3888 585 quivis

2287 618 2436 674 novit
2467 635 2480 671 :
2513 614 2635 670 audi
2663 614 2810 668 illum
2841 611 3105 666 dicentem
3138 627 3151 662 :
3181 608 3437 676 Quoniam
3461 610 3658 661 advena
3685 624 3800 661 sum
3835 617 3886 662 ct

2283 711 2602 783 peregrinus,
2628 708 2758 761 sicut
2782 721 2954 758 omnes
2982 713 3150 772 patres
3189 702 3285 754 mei
3309 698 3428 773 (Ps.
3473 699 3562 754 58.
3595 700 3710 766 15).
3744 699 3884 753 Nam

2280 805 2371 872 qui
2395 801 2704 856 habitabant
2723 797 2776 850 in
2799 793 3177 856 tabernaculis,
3200 790 3289 863 qui
3310 791 3533 862 pecunia
3553 790 3712 844 etiam
3730 806 3883 846 eme-

2282 899 2408 950 bant
2433 893 2701 964 sepulcra,
2730 888 2970 958 hospites
3009 887 3190 954 utique
3228 893 3282 938 ct
3312 883 3577 953 peregrini
3606 892 3780 946 erant,
3821 891 3886 936 nt

2278 991 2368 1061 qui
2416 1004 2484 1043 ne
2524 985 2787 1040 haberent
2813 980 3029 1048 quidem
3075 978 3163 1030 ubi
3208 991 3336 1030 suos
3375 975 3686 1044 sepelirent.
3733 974 3883 1042 Quid

2279 1083 2444 1153 ergo?
2473 1078 2791 1134 dicebantne
2836 1088 2894 1129 se
2940 1085 3060 1126 esse
3091 1068 3329 1139 hospites
3360 1074 3566 1121 tantum
3610 1067 3661 1119 in
3691 1066 3880 1120 Palu:-

2277 1173 2459 1230 stiua?
2491 1171 2856 1240 Nequaquam,
2886 1163 2981 1219 sed
3011 1163 3062 1216 in
3096 1171 3206 1215 toto
3233 1160 3402 1223 orbe;
3445 1168 3499 1213 et
3527 1157 3742 1213 merito.
3771 1157 3881 1211 Ni-

2275 1268 2350 1322 hil
2372 1265 2515 1320 enim
2543 1263 2596 1316 in
2625 1276 2690 1315 eo
2715 1258 2967 1312 videbant
2995 1269 3181 1309 eorum
3205 1268 3324 1323 qurc
3347 1251 3627 1316 volebant,
3655 1250 3751 1306 sed
3773 1266 3880 1306 ex.

2276 1368 2426 1414 terna
2459 1353 2638 1408 omnia
2669 1361 2722 1405 ct
2751 1349 2945 1404 aliena.
2982 1346 3084 1414 Ipsi
3131 1345 3290 1413 igitur
3316 1342 3568 1396 volebant
3605 1356 3876 1397 exercere

2276 1450 2528 1503 virtutem
2554 1461 2569 1508 ;
2601 1443 2684 1497 hic
2709 1450 2886 1496 autem
2915 1436 3270 1494 eratmultum
3299 1433 3506 1498 vitium,
3539 1432 3748 1502 etapud
3768 1447 3874 1487 eos

2271 1551 2429 1598 erant
2445 1555 2530 1595 res
2547 1552 2735 1593 omnes
2754 1543 2992 1589 externa:
3017 1539 3073 1584 et
3093 1530 3303 1584 alicam.
3345 1527 3556 1582 Nullum
3595 1525 3872 1580 habebant

2267 1637 2498 1690 amicum
2529 1673 2545 1697 ,
2590 1629 2793 1683 nullum
2834 1620 3234 1679 necessitudine
3282 1617 3626 1687 conjunctum
3663 1629 3870 1687 praue:-

2262 1739 2494 1797 paucos.
2519 1718 2798 1790 Quomodo
2843 1726 3017 1771 autem
3052 1719 3202 1768 erant
3222 1709 3494 1780 hospites?
3522 1709 3714 1764 Eorum
3742 1724 3871 1779 qua:

2269 1820 2358 1874 hic
2398 1826 2523 1871 sunt
2558 1813 2757 1868 nuilam
2783 1809 3038 1879 gerebant
3067 1820 3284 1867 curam;
3319 1801 3476 1871 idque
3502 1800 3867 1855 ostendebant

2274 1927 2378 1966 non
2395 1907 2590 1969 verbis,
2605 1903 2697 1958 sed
2719 1899 3032 1968 rebusipsis.
3053 1893 3368 1964 Quomodo?
3387 1893 3674 1947 DixitDcus
3695 1893 3869 1946 Abrao

2268 2004 2449 2068 hamo,
2482 1999 2697 2054 Dimitte
2735 2009 2851 2048 eam
2897 2008 3015 2062 qua:
3049 1989 3259 2044 videtur
3285 1987 3530 2056 patriam,
3563 1995 3616 2039 et
3639 1985 3759 2039 veni
3787 1985 3864 2040 ad

2261 2097 2488 2149 alienam
2513 2089 2664 2158 (Ceu.
2705 2087 2788 2140 12.
2817 2086 2903 2153 l);
2930 2096 3257 2148 suorumque
3287 2079 3702 2133 domesticorum
3746 2092 3862 2131 non

2258 2195 2343 2242 est
2366 2199 2550 2239 amore
2579 2178 2885 2250 impeditus,
2917 2174 3009 2230 sed
3035 2189 3102 2228 eo
3119 2172 3311 2227 affectu
3333 2186 3450 2226 eam
3482 2168 3686 2224 dimisit
3706 2176 3768 2222 ut
3803 2169 3860 2222 si

2257 2288 2405 2336 esset
2432 2276 2753 2330 dimissurus
2779 2269 3034 2323 alienam.
3062 2265 3202 2320 Dixit
3237 2264 3309 2329 ei,
3355 2261 3498 2316 Offer
3528 2261 3655 2314 mihi
3685 2259 3861 2313 lilium

2257 2369 2410 2443 (Gen.
2441 2372 2530 2424 9.2.
2559 2370 2656 2440 2);
2699 2378 2753 2426 et
2781 2385 2902 2424 eum
2962 2367 3187 2438 perinde
3217 2366 3407 2421 obtulit
3447 2373 3606 2434 atque
3647 2361 3690 2418 si
3741 2375 3857 2414 non

2257 2463 2482 2519 haberet
2527 2463 2716 2526 filium,
2750 2470 2805 2516 ct
2831 2476 2892 2515 ac
2921 2460 2964 2514 si
2987 2467 3172 2514 natura
3207 2475 3312 2512 non
3344 2456 3558 2512 indutus
3579 2463 3742 2519 esset.
3777 2454 3853 2507 ita

2257 2557 2468 2610 obtulit.
2501 2554 2816 2610 Possidebat
2844 2553 3099 2624 pecunias
3141 2565 3452 2606 communes
3481 2549 3726 2604 omnibus
3752 2559 3856 2599 ac-

2254 2648 2587 2712 cedentibus,
2611 2656 2659 2702 et
2686 2662 2796 2701 rem
2829 2646 2974 2700 nihili
2998 2643 3336 2699 existimabat
3364 2661 3376 2695 :
3409 2642 3605 2712 primas
3625 2636 3856 2692 cedebat

2255 2743 2393 2804 aliis,
2449 2742 2499 2794 in
2554 2739 2790 2810 pericula
2845 2753 2904 2792 se
2933 2738 3104 2806 ipsum
3149 2733 3489 2802 conjiciehat,
3547 2729 3854 2800 patiebatur

2266 2834 2403 2887 mala
2431 2833 2706 2886 innumera
2729 2844 2863 2882 :non
2886 2825 3186 2881 :edilicahat
3205 2824 3394 2878 domos
3420 2817 3853 2889 sp!endidas,ne-

2254 2941 2362 2996 que
2392 2923 2692 2992 indulgebat
2717 2919 2940 2983 deliciis,
2969 2932 3141 2987 neque
3165 2930 3344 2968 curam
3367 2911 3584 2983 gerebat
3620 2908 3850 2962 vestium

2255 3032 2431 3086 neque
2447 3015 2672 3069 aliarum
2696 3012 3029 3066 srecularium
3052 3007 3272 3062 rerum?
3299 3007 3400 3061 Sed
3421 3004 3597 3058 omnia
3627 2999 3853 3070 gerebat

2394 3109 2663 3178 pertinent
2679 3105 2743 3157 ad
2762 3119 2877 3158 eam
2894 3118 3012 3172 qum
3031 3101 3139 3154 illic
3161 3109 3262 3164 est,
3282 3098 3575 3152 civitatem.
3601 3093 3854 3159 Hospita-

2253 3201 2453 3256 litatem
2490 3197 2790 3259 exercebat,
2809 3193 3145 3248 dilectionem
3178 3191 3228 3243 in
3266 3190 3506 3252 fratrem,
3537 3185 3854 3239 misericoro

2251 3294 2416 3357 diam,
2449 3291 2778 3360 patientiam,
2831 3285 3067 3355 pecuni-.1:
3125 3280 3526 3349 drspicientiam
3581 3287 3630 3328 et
3663 3275 3856 3345 gloria:

2255 3359 2612 3454 prresentisct
2640 3381 2862 3432 aliorum
2890 3373 3327 3430 omnium.Filius
3351 3383 3561 3440 quoque
3591 3368 3704 3436 ejus
3730 3375 3855 3420 erat

2253 3473 2557 3546 hujusmodi
2625 3486 2744 3526 cum
2772 3470 3082 3539 agitaretur,
3105 3463 3246 3518 bello
3287 3464 3652 3531 impcteretur,
3694 3457 3853 3510 cede-

2253 3570 2342 3623 hat
2368 3577 2419 3622 et
2442 3567 2616 3620 locum
2643 3561 2826 3624 dabat,
2853 3569 2907 3613 ut
2951 3558 3040 3628 qui
3082 3564 3227 3609 esset
3278 3553 3328 3606 in
3365 3551 3574 3605 aliena:
3609 3546 3846 3615 hospites

2253 3663 2395 3718 enim
2456 3658 2635 3712 omnia
2700 3655 2990 3725 patiuntur,
3035 3648 3194 3702 veluti
3225 3646 3317 3718 qui
3362 3660 3466 3698 non
3507 3643 3612 3697 sint
3642 3641 3695 3695 in
3749 3655 3853 3709 pa-

2256 3755 2374 3808 tria.
2436 3752 2501 3806 Et
2553 3764 2674 3803 eum
2728 3744 3030 3799 auferretur
3083 3754 3237 3802 uxor,
3284 3737 3384 3790 hoc
3437 3747 3647 3805 quoque
3699 3730 3854 3786 fere-

2255 3851 2344 3904 bat
2379 3856 2646 3915 tamquam
2673 3839 2982 3910 peregrinus
3059 3848 3176 3902 qua:
3219 3844 3449 3900 superna
3497 3834 3674 3881 autem
3717 3833 3855 3878 sunt

2253 3941 2476 3997 curabat
2506 3934 2707 3999 omnia,
2753 3929 3074 3987 modestiam
3117 3924 3432 3984 ostendens,
3479 3921 3857 3974 honestatem-

2253 4049 2357 4104 que
2403 4039 2459 4085 et
2503 4024 2870 4083 omnimodam
2917 4016 3352 4088 temperantiam.
3398 4011 3530 4067 Nam
3562 4019 3858 4104 postquam

2256 4102 2556 4197 procreavit
2575 4119 2766 4182 filium,
2791 4130 2898 4169 non
2927 4111 3115 4166 habuit
3135 4108 3365 4176 amplius
3395 4102 3852 4159 consuetudinem

2253 4193 2376 4272 cum
2405 4229 2571 4270 uxore
2593 4229 2608 4266 :
2632 4220 2684 4266 et
2706 4224 2825 4264 eum
2844 4204 3192 4278 prmteriisset
3210 4201 3360 4268 vigor
3375 4193 3692 4266 juventutis.
3717 4199 3856 4243 tunc

2255 4327 2372 4367 eam
2393 4308 2562 4370 duxit,
2583 4299 2868 4358 ostendens
2885 4313 2943 4352 se
2964 4311 3068 4350 non
3098 4293 3198 4348 hoc
3227 4291 3400 4345 facere
3430 4293 3644 4358 propter
3673 4281 3858 4334 libidi-

2257 4417 2404 4467 nem,
2421 4398 2515 4454 sed
2537 4405 2594 4451 ut
2622 4393 2717 4449 Dei
2739 4386 3078 4463 promissioni
3094 4377 3479 4447 serviret.Quid
3505 4389 3634 4430 vero
3645 4370 3815 4467 Jacob
3831 4373 3859 4424 ?

2256 4465 2434 4550 annon
2477 4489 2749 4560 quzcrebat
2803 4483 2974 4538 solum
3001 4490 3191 4549 panem
3215 4483 3270 4529 et
3290 4483 3514 4534 vestem,
3536 4482 3660 4560 qum
3692 4465 3861 4534 plane

2258 4594 2383 4642 sunt
2411 4557 2678 4650 hospitum
2709 4572 2971 4632 desideria
2999 4570 3088 4640 qui
3115 4566 3181 4622 ad
3199 4576 3491 4621 extremam
3519 4557 3861 4650 devenerunt

2258 4648 2666 4748 paupertatem?
2706 4680 2882 4722 annon
2923 4660 3110 4724 pulsus
3139 4667 3193 4713 et
3209 4657 3439 4726 agitatus
3458 4648 3689 4748 cedebat
3711 4657 3861 4700 tam-

2254 4780 2414 4838 quam
2442 4761 2678 4832 hospes?
2701 4774 2878 4815 annon
2905 4767 3021 4813 erat
3049 4748 3443 4808 mercenarius?
3469 4759 3646 4800 annon
3678 4754 3842 4794 mim-

2255 4833 2532 4913 mcrabilia
2558 4853 2755 4922 ubique
2791 4849 3090 4919 patiebatur
3110 4843 3271 4907 maia,
3305 4841 3498 4907 ubique
3519 4833 3851 4891 circumiens

2255 4960 2523 5018 tamquam
2545 4945 2742 5014 hospes
2758 4941 3110 4996 iamautem
3131 4935 3409 5004 pauentes,
3431 4927 3861 5018 ostendebantse

2255 5013 2415 5097 aliam
2457 5051 2699 5109 quaerere
2740 5035 2986 5103 patriam.
3036 5030 3216 5093 ,
3255 5032 3454 5094 quanta
3498 5013 3843 5109 differentia!

2257 5134 2333 5189 illi
2360 5105 2575 5204 quidem
2603 5127 2842 5198 quelidie
2888 5120 3272 5193 parturiehant,
3304 5115 3545 5168 volentes
3573 5109 3698 5162 hinc
3734 5105 3851 5160 dis-

2255 5224 2488 5286 cedere,
2543 5230 2598 5274 et
2647 5217 2825 5272 redire
2881 5215 2947 5267 ad
3003 5225 3153 5266 suam
3206 5207 3480 5277 patriam:
3517 5215 3614 5255 nos
3663 5206 3848 5250 autem

2257 5327 2465 5374 contra.
2501 5315 2544 5368 si
2573 5313 2740 5366 febris
2757 5309 2992 5372 irruerit,
3017 5305 3264 5360 omnibus
3290 5299 3546 5354 dimissis.
3573 5304 3847 5362 tamquam

2261 5409 2468 5480 parvuli
2499 5405 2731 5462 infantes
2760 5399 3080 5472 plorabuudi
3121 5406 3346 5451 mortem
3376 5385 3801 5462 pertimescimus
3830 5398 3846 5433 :
3933 5386 3944 5392 '

2257 5511 2311 5556 ct
2339 5497 2532 5554 merito
2559 5497 2715 5552 nobis
2763 5495 2864 5548 hoc
2890 5490 3101 5546 accidit.
3124 5487 3259 5542 Nam
3292 5484 3541 5554 quoniam
3575 5491 3680 5530 non
3709 5482 3850 5527 tam-

2257 5609 2417 5663 quam
2444 5590 2686 5658 hospites
2720 5587 2808 5641 hic
2835 5585 3098 5654 (legimus,
3126 5589 3180 5634 et
3209 5594 3314 5632 non
3351 5566 3719 5663 tamquam-ad
3751 5580 3849 5635 pa-

2261 5656 2772 5744 triamfestinamus,
2797 5675 2888 5731 sed
2909 5685 3175 5742 tamquam
3194 5674 3381 5722 euntes
3403 5660 3467 5715 ad
3489 5656 3811 5727 supplicium
3833 5673 3845 5708 :

2260 5783 2543 5846 propterea
2572 5769 2837 5833 dolemus,
2857 5763 3011 5836 quod
3042 5759 3206 5817 rebus
3243 5771 3352 5811 non
3389 5763 3446 5807 ut
3487 5749 3724 5819 oportuit
3767 5745 3847 5799 usi
