4172 6458
492 408 597 468 169

491 521 686 580 sanus,
733 517 828 568 sed
875 513 1122 568 ordinem
1169 512 1463 568 evertimus
1503 520 1832 582 :pr0pterea
1876 512 2090 588 nemus,

491 623 616 662 cum
659 607 896 678 gaudere
943 615 1256 677 oporteret;
1291 617 1576 674 propterea
1621 608 1906 662 horremus
1954 608 2096 662 sicut

496 701 804 774 homicidae,
851 700 991 755 sicut
1022 699 1332 769 praedonum
1376 698 1565 766 duces,
1615 699 2087 770 sistendijndicio,

495 805 550 850 et
589 809 944 867 quatcumque
972 793 1216 849 fecerunt
1252 791 1449 847 animis
1474 801 1804 862 reputantes,
1836 803 2091 864 propter-

495 903 556 940 ρει
609 887 802 939 timent
845 893 899 940 et
951 883 1393 939 contremiscunt.
1442 883 1524 937 Illi
1594 900 1724 939 vero
1774 901 1878 939 non
1937 895 2094 940 erant

500 976 790 1047 ejusmodi,
823 976 917 1030 sed
959 975 1282 1030 festinabant
1315 995 1329 1029 :
1363 975 1562 1030 Pan-lus
1601 986 1784 1031 autent
1812 978 1973 1032 etiam
2013 979 2094 1031 in-

493 1071 730 1137 rrennuit:
753 1069 873 1123 audi
906 1069 1054 1123 illttm
1083 1069 1374 1136 dicentem,
1411 1069 1473 1122 Et
1503 1086 1593 1123 nos
1614 1071 1701 1140 qui
1722 1088 1898 1126 smnus
1921 1073 1970 1126 in
1999 1073 2093 1127 hoc

494 1160 845 1225 tabernaculo,
895 1160 1274 1230 ingemiscimus
1311 1162 1509 1232 gravati
1550 1160 1627 1232 (2.
1659 1161 1776 1217 Cor.
1811 1163 1863 1217 5.
1902 1164 1956 1235 4)
1991 1165 2089 1234 (a).

491 1253 638 1308 Talis
664 1262 780 1307 erat
806 1252 1100 1317 Abraham,
1131 1263 1185 1307 et
1215 1252 1307 1322 qui
1348 1268 1470 1307 cum
1490 1252 1583 1307 illo
1609 1263 1762 1308 erant
1788 1272 1800 1308 :
1829 1237 2089 1325 hospites,

493 1346 689 1416 inquit,
738 1352 893 1398 erant
923 1344 1086 1397 totius
1118 1343 1265 1398 orbis
1308 1353 1488 1407 terra),
1542 1354 1595 1399 et
1635 1347 1950 1415 qumrebant
1998 1364 2092 1418 pa-

493 1442 675 1495 triam.
703 1439 961 1508 Quaenam
989 1447 1167 1495 autem
1197 1454 1262 1495 ea
1305 1440 1426 1495 est?
1469 1455 1534 1494 an
1582 1456 1642 1495 ea
1675 1457 1834 1512 quam
1868 1443 2090 1499 dimise-

489 1532 657 1587 runt?
705 1531 1055 1601 Nequaquam
1087 1548 1099 1583 :
1129 1529 1257 1601 quid
1311 1531 1456 1585 enim
1502 1531 1752 1587 obstabat
1805 1536 2092 1604 quominus

494 1626 743 1681 redirent
772 1625 816 1680 si
859 1625 1081 1690 vellent,
1128 1633 1181 1678 et
1212 1635 1395 1679 essent
1423 1625 1603 1680 cives?
1630 1625 1724 1681 sed
1769 1627 1916 1682 illam
1947 1645 2096 1700 qua:-

490 1719 687 1772 rebant
715 1733 835 1789 qum
876 1717 1038 1772 estin
1083 1717 1250 1772 cmlis.
1285 1716 1358 1770 Ita
1391 1717 1751 1790 properabant
1778 1720 1901 1776 hinc
1938 1737 2096 1778 exec-

490 1811 647 1877 dere,
680 1822 734 1866 et
759 1810 839 1864 sic
870 1810 980 1864 Deo
1008 1809 1290 1879 placebant
1315 1828 1328 1864 :
1360 1809 1590 1879 ideoque
1612 1827 1717 1866 non
1743 1813 2097 1870 erubescebat

491 1903 674 1956 uocari
704 1915 890 1966 eorum
933 1900 1098 1956 Deus.
1146 1899 1324 1970 Papte,
1369 1911 1565 1971 quanta
1614 1902 1886 1974 dignitas!
1938 1921 2093 1962 acce-

491 2003 645 2064 ptum
674 1993 750 2048 illi
780 1993 882 2048 fuit
925 2001 984 2046 ut
1014 2002 1303 2047 vocaretur
1345 2008 1531 2049 eorum
1563 1994 1724 2051 Deus.
1752 1997 1886 2066 Quid
1921 1998 2099 2055 dicis?

491 2094 719 2140 vocatur
750 2084 893 2138 Deus
934 2092 1091 2139 terra:
1122 2093 1178 2139 et
1217 2085 1357 2151 caeli,
1391 2095 1445 2140 et
1474 2095 1748 2156 tamquam
1778 2091 1958 2159 magni
1987 2092 2090 2146 ali-

485 2176 621 2248 quid
669 2177 895 2246 posuisti
925 2176 1068 2248 quod
1108 2191 1217 2232 non
1258 2177 1541 2231 erubescat
1588 2192 1775 2232 eorum
1822 2177 1965 2233 Deus
1992 2193 2089 2234 vo-

493 2272 646 2325 cari?
670 2270 920 2341 Magnum
969 2279 1023 2324 et
1063 2285 1254 2325 revera
1299 2285 1549 2341 magnum
1582 2280 1666 2326 est
1697 2270 1820 2336 hoc,
1862 2280 1918 2326 ct
1948 2271 2093 2326 indi-

498 2366 637 2419 cium
677 2366 860 2419 multae
901 2363 1270 2419 beatitudinis.
1312 2363 1632 2430 Quomodo?
1675 2364 1828 2434 Quod
1872 2374 2088 2418 vocatur

496 2455 706 2524 quidem
743 2455 884 2510 Dens
906 2455 1024 2510 (δειξιί
1055 2466 1108 2510 et
1149 2465 1332 2520 terrm,
1367 2456 1507 2509 sicut
1537 2464 1590 2509 et
1615 2459 1877 2524 gentium,
1911 2467 2094 2526 quate-

493 2562 596 2602 nus
626 2564 687 2603 ea
717 2549 927 2604 creavit
955 2555 1010 2604 et
1038 2556 1123 2602 est
1153 2548 1486 2615 fabricatus;
1519 2547 1733 2602 illorum
1766 2558 1948 2605 autem
1981 2565 2093 2604 san-

473 2653 703 2694 ctorum
739 2657 848 2695 non
883 2641 976 2708 ita,
1027 2640 1122 2696 sed
1165 2641 1301 2695 sicut
1331 2640 1524 2711 aliquis
1549 2655 1838 2712 germanus
1867 2643 2095 2696 amicus.

493 2733 759 2804 Exemplo
791 2734 945 2788 vobis
971 2733 1076 2788 hoc
1107 2733 1328 2790 reddam
1361 2733 1722 2803 perspicuum.
1753 2733 1904 2789 Sicut
1947 2735 2000 2789 in
2034 2734 2098 2788 iis
2129 2739 2136 2793 ἰ

490 2826 582 2897 qui
615 2834 743 2880 sunt
771 2826 824 2879 in
870 2825 1080 2895 magnis
1105 2825 1335 2892 uadibus,
1373 2825 1589 2896 quando
1617 2826 1778 2896 aliqui
1820 2843 1886 2882 ex
1915 2828 1980 2882 iis
2008 2829 2097 2898 qui

492 2929 737 2990 pl‘iBSllﬂl
765 2919 982 2973 familiae
1007 2927 1131 2974 sunt
1160 2918 1211 2972 in
1245 2933 1435 2988 magna
1463 2920 1884 2987 existimatione,
1917 2922 2097 2975 omnia

493 3011 900 3080 administrant,
931 3021 986 3066 et
1011 3011 1153 3081 apud
1181 3011 1430 3066 dominos
1465 3027 1714 3083 magnam
1741 3012 1942 3067 habent
1973 3013 2097 3067 fidu-

492 3109 655 3170 ciam,
688 3105 907 3177 abipsis
937 3115 1162 3162 vocatur
1187 3105 1440 3162 dominus
1470 3124 1482 3160 :
1517 3115 1569 3162 et
1599 3093 2100 3163 multos'invencris

489 3199 574 3253 sic
597 3199 878 3268 appellari.
903 3197 1040 3266 Quid
1064 3207 1246 3253 autem
1270 3196 1425 3253 dico?
1447 3198 1702 3254 sicutdici
1728 3207 1938 3269 poterat
1962 3200 2101 3253 Deus

495 3309 603 3346 non
630 3293 894 3361 gentium,
924 3291 1019 3347 sed
1064 3291 1230 3347 totius
1274 3291 1422 3347 orbis
1459 3299 1640 3360 terrae,
1685 3293 1757 3348 ita
1799 3295 1961 3348 etiam
1992 3292 2096 3348 dici

495 3395 708 3455 poterat
739 3386 878 3441 Dens
909 3385 1205 3440 Abraham.
1237 3384 1346 3441 Sed
1379 3387 1600 3442 nescitis
1631 3396 1831 3458 quanta
1874 3387 1944 3441 sit
1984 3386 2100 3442 ha:c

490 3477 752 3547 dignitas,
779 3479 1036 3548 quoniam
1069 3493 1172 3533 nec
1201 3493 1319 3532 eam
1369 3480 1730 3550 assequimnr.
1774 3480 1926 3536 Sicut
1954 3478 2098 3535 enim

498 3570 642 3624 Dens
671 3585 813 3624 nunc
841 3570 1038 3626 dicitur
1065 3569 1323 3625 Dominus
1356 3569 1780 3626 Christianorum
1831 3572 2096 3643 omnium,

494 3676 553 3720 et
580 3675 756 3721 tamen
785 3665 888 3722 hoc
924 3682 1119 3722 nomen
1149 3677 1388 3722 nostram
1417 3678 1635 3740 superat
1665 3669 1981 3740 dignitatem
2013 3673 2116 3727 :si.

493 3769 677 3825 autem
695 3768 931 3827 vocatus
961 3757 1121 3814 fuerit
1166 3761 1326 3814 unius
1367 3760 1532 3827 Dens,
1563 3761 1742 3830 cogita
1784 3769 1984 3832 quanta
2029 3764 2101 3818 sit

496 3851 836 3920 magnitudo.
881 3851 1028 3907 Deus
1069 3851 1216 3907 orbis
1262 3861 1560 3908 terraeneu
1608 3853 1882 3911 erubescit
1922 3855 2104 3911 vocari

497 3945 662 3999 trium
701 3944 876 4012 Deus;
905 3954 960 4000 et
999 3945 1193 4000 merito
1227 3962 1241 3999 :
1273 3961 1382 4000 non
1425 3947 1570 4001 enim
1609 3949 1755 4004 orbis
1797 3959 1974 4016 terrm,
2005 3949 2102 4005 sed

499 4037 979 4092 innumerabilium
1014 4037 1281 4108 ejusmodi
1312 4039 1485 4094 instar
1521 4051 1646 4097 sunt
1687 4043 1882 4097 sancti.
1916 4042 2104 4099 Melior

495 4138 575 4182 est
603 4130 746 4183 enim
771 4147 903 4204 unus
933 4130 1129 4201 faciens
1156 4132 1464 4185 voluntatem
1500 4131 1731 4201 Domini,
1761 4151 1915 4205 quant
1943 4135 2108 4191 decies

498 4221 643 4273 mille
684 4221 846 4291 iniqui
891 4219 1084 4291 (Eccli.
1120 4219 1209 4289 16.
1245 4221 1325 4292 5).
1355 4221 1509 4289 Quod
1548 4233 1726 4278 autem
1768 4227 1977 4296 seipsos
2024 4227 2103 4283 sic

500 4322 766 4368 vocarent
791 4312 1036 4382 hospites
1064 4322 1150 4370 est
1177 4314 1548 4385 perspicuum.
1597 4315 1704 4373 Sed
1755 4328 1896 4385 esto,
1932 4319 2019 4376 isti
2051 4337 2110 4379 se

502 4405 584 4459 sic
615 4405 880 4460 vocabant
906 4405 1149 4476 hospites
1175 4417 1398 4478 propter
1427 4408 1663 4465 alienam
1708 4421 1905 4467 terram
1935 4430 1948 4478 ;
1983 4416 2111 4487 quid

503 4514 637 4553 vero
665 4499 854 4567 David,
885 4516 1064 4555 annon
1094 4510 1211 4556 erat
1257 4518 1351 4556 rex
1396 4511 1453 4558 et
1482 4503 1797 4576 propheta?
1839 4522 2020 4564 annon
2055 4511 2110 4565 in

505 4608 603 4648 sna
627 4593 859 4664 degebat
879 4593 1101 4665 patria?
1145 4610 1246 4650 cur
1283 4611 1413 4666 ergo
1443 4597 1574 4650 dicit
1609 4619 1622 4653 :
1656 4597 1861 4670 Hospes
1887 4610 1932 4655 et
1963 4619 2110 4672 pere-

504 4687 689 4757 grinus
733 4703 826 4758 ego
865 4705 978 4742 sunt
1012 4685 1188 4755 (Psal.
1216 4687 1306 4743 58.
1338 4689 1774 4758 i3)?Quomodo
1812 4707 1872 4748 es
1914 4694 2113 4764 hospes

507 4789 563 4834 et
587 4779 942 4853 peregrinus?
974 4779 1123 4835 Sicut
1145 4796 1340 4849 omnes,
1372 4779 1567 4850 inquit,
1601 4793 1770 4850 patres
1800 4785 1917 4840 mei.
1945 4785 2112 4842 Vides

509 4873 651 4941 quod
683 4871 756 4925 illi
799 4886 1016 4942 quoque
1059 4880 1216 4925 erant
1261 4871 1547 4942 hospites?
1587 4873 1879 4946 Habemus,
1912 4878 2107 4951 inquit,

508 4953 766 5033 patriam,
785 4958 880 5019 sed
919 4974 1022 5021 non
1053 4973 1174 5013 eam
1200 4977 1321 5033 qum
1343 4977 1470 5017 vere
1499 4971 1582 5017 est
1609 4966 1804 5032 patria.
1829 4967 2112 5037 Quomodo

499 5057 678 5100 autem
707 5063 766 5104 es
795 5059 852 5105 tu
879 5050 1348 5123 hospesiTerrte.
1379 5059 1522 5131 Ergo
1551 5063 1626 5120 illi
1661 5079 1874 5137 quoque
1904 5079 2062 5124 terra:
2089 5088 2103 5125 :

499 5145 556 5190 ut
583 5138 725 5192 enim
759 5140 856 5205 illi,
882 5142 961 5198 sic
989 5144 1110 5212 iste,
1140 5155 1197 5200 et
1226 5150 1464 5206 vicissim
1497 5151 1596 5225 (b).

569 5227 620 5282 5.
667 5227 849 5285 Simus
876 5246 1007 5303 ergo
1037 5247 1137 5290 nos
1161 5251 1376 5306 quoque
1404 5256 1547 5296 nunc
1576 5242 1838 5316 hospites,
1866 5263 1933 5304 ne
1961 5265 2094 5305 eru-

491 5317 681 5374 bescat
702 5319 847 5378 Deus
869 5324 1051 5380 vocari
1075 5337 1262 5384 noster
1289 5329 1456 5386 Deus.
1491 5331 1672 5389 Pudor
1693 5347 1778 5392 est
1807 5340 1948 5394 enim
1975 5341 2098 5412 ipsi,

487 5414 707 5480 quando
750 5427 978 5473 vocatur
1021 5419 1287 5476 malorum
1329 5423 1512 5495 Deus,
1555 5437 1611 5482 et
1658 5433 2052 5491 verecundatur
2077 5477 2094 5504 ,

488 5505 630 5560 sicut
656 5506 990 5577 glorificatur
1009 5551 1024 5576 ,
1079 5512 1296 5582 quando
1327 5513 1593 5572 bonorum
1623 5529 1676 5575 ct
1705 5522 2000 5593 proborum
2044 5536 2100 5582 et

489 5597 746 5652 virtutem
786 5598 1109 5659 colentium.
1156 5602 1214 5660 Si
1257 5607 1401 5661 enim
1435 5623 1535 5663 nos
1563 5594 1882 5670 recusamus
1912 5619 2093 5674 vocari

479 5683 689 5743 domini
715 5695 985 5746 malorum
1013 5709 1334 5766 servorum,
1367 5708 1423 5754 et
1453 5714 1548 5756 eos
1567 5701 1924 5776 dimittimus;
1966 5717 2021 5767 et
2046 5711 2092 5767 si

534 5791 608 5852 (a)
635 5789 729 5840 Hic
754 5791 924 5854 incipit
946 5792 1146 5843 homilia
1167 5795 1296 5857 apud
1319 5794 1538 5847 Colbert.

535 5868 614 5929 th)
635 5869 743 5921 lluc
766 5874 953 5927 desinit
978 5877 1172 5932 humilia
1196 5881 1436 5944 vigesima
1453 5889 1625 5946 quarta
1652 5881 1699 5931 in
1725 5881 1860 5933 Coti).

1247 408 1314 464 ra
1353 405 1573 465 EPIST.
1617 406 1707 462 an
1750 401 2113 462 nummos.
2149 401 2307 459 car.
2350 402 2446 458 Xl.
2492 403 2721 462 ttoutL.
2765 405 2962 462 xx1v.
3039 468 3047 474 _

3693 410 3796 466 ΠΟ

2203 515 2323 586 quis
2349 513 2612 576 accedens
2654 513 2890 581 dixerit,
2921 513 3019 569 llic
3049 513 3130 568 vel
3168 513 3260 570 ille
3299 513 3440 571 mala
3486 513 3614 569 facit
3644 516 3806 569 intut-

2207 608 2508 676 merabilia,
2536 608 2792 679 numquid
2824 618 2908 683 est
2929 621 3120 662 servus
3149 607 3308 661 tuus?
3336 607 3517 661 statim
3550 606 3804 673 dicimus,

2201 700 2585 771 Nequaquam;
2613 701 2872 771 probrum
2905 700 3284 770 propulsantes
3311 716 3322 751 :
3352 709 3437 753 est
3472 700 3617 754 enim
3649 715 3807 754 servo

2203 792 2268 845 ad
2298 792 2576 846 dominum
2600 791 2861 846 habitudo
2879 801 2937 846 et
2966 791 3182 857 relatio,
3212 801 3267 845 et
3297 791 3587 860 ignominia
3621 791 3689 846 ab
3713 791 3806 845 illo

2167 885 2273 939 'ad
2298 882 2442 936 hunc
2471 884 2702 937 transit:
2755 885 2924 937 multo
2956 884 3124 953 magis
3167 883 3325 937 Deus.
3376 882 3484 938 Sed
3529 883 3604 938 illi
3645 894 3807 939 erant

2203 976 2340 1032 adeo
2367 977 2648 1047 praeclari,
2695 986 2749 1031 et
2777 987 2918 1030 tanta
2950 977 3095 1046 pleni
3128 976 3318 1031 fiducia
3350 1019 3364 1044 ,
3400 986 3457 1031 ut
3488 992 3593 1032 non
3626 979 3804 1034 solum

2209 1085 2316 1124 non
2345 1069 2690 1123 erubesceret
2719 1069 2785 1123 ab
2822 1069 2926 1122 illis
2965 1068 3144 1122 vocari
3172 1111 3186 1134 ,
3219 1067 3312 1124 sed
3343 1069 3502 1123 etiam
3536 1070 3605 1124 de
3634 1085 3692 1124 se
3718 1071 3806 1125 di-

2199 1172 2378 1227 ceret,
2413 1160 2525 1234 Ego
2553 1179 2663 1215 sum
2696 1161 2828 1215 Deus
2859 1161 3153 1226 Abraham,
3189 1161 3329 1215 Deus
3371 1159 3556 1230 Isaac,
3587 1173 3634 1217 et
3664 1163 3802 1218 Deus

2199 1254 2363 1310 Jacob
2392 1253 2591 1326 (Exod.
2619 1255 2670 1310 '5.
2703 1253 2780 1321 6).
2809 1253 2989 1308 Simus
3019 1269 3150 1323 ergo
3176 1269 3276 1306 nos
3300 1268 3513 1324 quoque
3537 1297 3551 1322 ,
3582 1271 3614 1309 ο
3653 1255 3792 1310 dile-

2197 1352 2269 1406 cti
2295 1393 2309 1417 ,
2343 1349 2585 1424 hospites
2610 1392 2626 1418 ,
2661 1364 2728 1404 ne
2776 1350 2942 1403 Deum
2975 1348 3142 1402 nostri
3185 1348 3416 1418 pudeat,
3453 1364 3520 1402 ne
3565 1349 3797 1418 pudeat,

2200 1444 2440 1514 inquam,
2473 1453 2525 1497 et
2557 1455 2656 1495 nos
2687 1440 2863 1495 tradat
2890 1442 3171 1510 geltennte.
3215 1439 3375 1495 Tales
3410 1450 3562 1495 erant
3603 1440 3674 1493 illi
3702 1443 3794 1510 qui

2196 1533 2481 1601 dicebant,
2507 1531 2744 1599 Domine,
2775 1548 2942 1585 nonne
2961 1533 3015 1585 in
3037 1533 3238 1586 nomine
3263 1541 3346 1584 tuo
3365 1531 3798 1602 prapltetavimus,

2198 1635 2245 1679 et
2271 1626 2322 1678 in
2343 1625 2543 1679 nomine
2565 1634 2650 1678 tuo
2680 1622 2869 1678 multas
2892 1625 3097 1678 virtutes
3119 1625 3328 1695 fecimus
3351 1622 3566 1693 (Matth.
3593 1625 3646 1678 7.
3669 1623 3801 1693 ‘29.)?

2203 1720 2308 1774 Sed
2343 1717 2463 1772 vide
2487 1718 2612 1788 quid
2652 1717 2757 1772 illis
2783 1716 2927 1771 dicat
2951 1717 3200 1773 Christus
3234 1733 3248 1774 :
3285 1715 3472 1770 Nescio
3501 1733 3585 1770 vos
3612 1733 3628 1770 :
3657 1715 3801 1785 quod

2195 1810 2411 1880 quidem
2459 1807 2686 1864 fecerint
2729 1808 2993 1868 malorum
3025 1822 3306 1862 servorum
3350 1807 3550 1862 domini
3593 1807 3658 1861 ad
3707 1823 3801 1862 eos

2194 1903 2623 1972 accttrrentitnn,
2656 1902 2912 1973 probrum
2945 1901 3184 1956 volentes
3221 1901 3570 1971 propulsare.
3609 1899 3798 1955 Nescio

2195 2014 2281 2052 vos
2299 2039 2312 2064 ,
2343 1997 2532 2069 inquit.
2553 1995 2836 2066 Quomodo
2858 2011 2988 2066 ergo
3010 1995 3168 2066 punis
3190 2011 3322 2066 quos
3352 1998 3561 2050 nescis?
3583 1996 3796 2063 Nescio,

2203 2092 2360 2149 aliter
2387 2090 2496 2146 dixi
2523 2109 2535 2146 :
2569 2090 2671 2146 hoc
2697 2099 2804 2156 est,
2831 2105 2928 2145 vos
2955 2105 3094 2161 nego
3118 2099 3172 2144 et
3200 2107 3414 2145 recuso.
3442 2090 3548 2145 Sed
3571 2090 3714 2145 absit
3740 2099 3799 2145 ut

2199 2200 2298 2238 nos
2324 2183 2604 2239 audiamus
2643 2183 2795 2237 hanc
2823 2197 3010 2236 vocem
3040 2182 3324 2236 exitiosam
3348 2192 3402 2237 et
3434 2182 3794 2239 tremendam.
3856 2169 3866 2181 ’

2192 2277 2328 2333 Nam
2356 2279 2433 2342 si,
2476 2276 2567 2347 qui
2593 2275 2869 2332 daemones
2911 2275 3194 2345 ejiciebant
3237 2287 3288 2331 et
3333 2276 3639 2346 prophetias
3667 2291 3797 2346 pro-

2196 2367 2458 2434 ferebant,
2495 2365 2746 2439 abuegati
2789 2377 2951 2434 sunt,
2981 2367 3234 2437 quoniam
3266 2368 3428 2420 vitam
3472 2383 3577 2422 non
3631 2370 3798 2426 habe-

2199 2471 2330 2523 bant
2361 2467 2544 2523 verbis
2595 2466 3010 2522 convenientem
3039 2508 3052 2531 ,
3086 2474 3287 2535 quanto
3333 2468 3503 2536 magis
3558 2466 3698 2521 nos?
3734 2466 3798 2522 Et

2200 2557 2495 2630 quomodo,
2532 2557 2728 2628 inquit,
2762 2557 2876 2613 fieri
2907 2566 3082 2626 potest
3115 2565 3171 2610 ttt
3203 2555 3290 2627 qni
3317 2556 3628 2627 prophetias
3655 2555 3808 2611 exhi-

2199 2649 2433 2706 buerunt
2460 2693 2473 2716 ,
2506 2660 2559 2704 et
2589 2649 2738 2720 signa
2777 2647 3058 2715 fecerunt,
3103 2657 3159 2704 et
3191 2648 3459 2703 daemonia
3488 2652 3766 2718 ejecerunt
3789 2690 3803 2712 ,

2198 2743 2306 2797 sint
2338 2743 2559 2812 negati?
2591 2742 2687 2805 Est
2716 2740 3011 2796 verisimile
3036 2755 3130 2796 eos
3155 2750 3338 2810 postea
3373 2739 3537 2794 fuisse
3563 2747 3802 2794 mutatos

2198 2844 2253 2888 et
2283 2835 2524 2890 evasisse
2555 2834 2727 2888 malos
2753 2850 2767 2886 :
2799 2833 2942 2888 unde
2974 2848 3074 2887 nec
3124 2833 3271 2902 prior
3301 2831 3472 2886 virtus
3501 2832 3606 2886 illis
3648 2830 3806 2902 quid-

2197 2941 2358 2997 quam
2401 2928 2620 2997 profuit.
2663 2926 2776 2982 Non
2807 2927 2979 2981 solum
3033 2926 3177 2981 enim
3206 2925 3426 2981 exordia
3460 2936 3671 2996 oportet
3715 2925 3810 2980 ha.

2199 3018 2330 3074 bere
2361 3020 2618 3090 prmclara
2645 3062 2659 3086 ,
2697 3018 2796 3075 sed
2826 3019 2986 3074 finem
3030 3019 3191 3074 etiam
3225 3020 3641 3089 pratclariorem.
3676 3020 3808 3076 Nam

2196 3109 2286 3166 die
2314 3111 2468 3179 mihi,
2493 3129 2672 3168 annon
2703 3125 2888 3168 orator
2912 3122 3091 3184 stupet
3112 3129 3173 3168 ea
3205 3111 3382 3169 facere
3406 3115 3664 3184 praeclara
3688 3130 3810 3186 quae

2199 3212 2326 3257 sunt
2354 3203 2407 3257 in
2439 3205 2544 3260 [ine
2570 3205 2851 3269 orationis,
2888 3215 2944 3259 ut
2972 3220 3093 3258 cmn
3133 3205 3317 3275 plausu
3344 3205 3600 3260 recedat?
3629 3209 3810 3263 nonne

2199 3297 2293 3366 qni
2323 3297 2508 3352 urbem
2538 3297 2884 3353 administrat
2911 3339 2927 3364 ,
2958 3297 3025 3352 de
3058 3298 3345 3368 Splendido
3374 3297 3808 3354 administratio-

2197 3389 2284 3444 nis
2313 3390 2459 3445 exitu
2489 3406 2672 3445 curam
2701 3391 2885 3462 gerit?
2915 3391 3132 3445 Athlcta
3173 3393 3217 3445 si
3249 3408 3355 3446 non
3387 3392 3683 3447 certamina
3715 3407 3808 3448 os-

2199 3481 2385 3536 tendat
2428 3482 2774 3551 prteclariora
2802 3525 2816 3549 ,
2863 3492 2916 3538 et
2946 3482 3012 3537 ad
3046 3485 3207 3539 linem
3257 3499 3430 3554 usque
3459 3485 3640 3540 vincat
3663 3527 3677 3551 ,
3714 3485 3758 3540 si
3787 3528 3802 3552 ,

2196 3575 2449 3632 omnibus
2472 3575 2628 3630 vietis
2651 3618 2665 3642 ,
2700 3575 2861 3630 fuerit
2889 3577 3058 3630 victus
3088 3577 3156 3630 ab
3182 3577 3390 3646 ultimo,
3413 3593 3594 3632 annon
3623 3577 3806 3633 omnia

2197 3667 2395 3730 suntei
2419 3669 2623 3722 inutilia
2648 3669 2672 3722 ’ἶ
2695 3668 3025 3738 gubernator
3045 3669 3088 3722 si
3117 3677 3287 3724 totum
3320 3685 3470 3725 mare
3497 3671 3811 3725 transmise-

2199 3761 2290 3825 rit,
2325 3775 2465 3815 nave
2493 3761 2544 3813 in
2582 3769 2737 3829 portu
2767 3759 2958 3827 fraeta,
2985 3775 3163 3815 nonne
3193 3771 3360 3816 totum
3393 3763 3628 3832 priorem
3661 3762 3811 3817 labo-

2205 3871 2319 3910 rem
2350 3853 2567 3909 amisit?
2612 3853 2746 3922 Quid
2776 3870 2907 3908 vero
2939 3853 3219 3910 medicus?
3247 3855 3290 3909 si
3322 3866 3524 3926 :rgroto
3550 3871 3579 3909 a
3610 3857 3801 3911 morbo

2199 3948 2426 4003 liberato
2446 3989 2460 4015 ,
2494 3963 2615 4002 cum
2643 3964 2766 4003 eum
2821 3950 3052 4018 perfecte
3078 3949 3146 4002 sit
3178 3949 3500 4004 liberaturus
3527 3991 3542 4015 ,
3577 3958 3704 4006 tunc
3725 3950 3808 4004 in-

2201 4041 2414 4095 teritum
2466 4041 2687 4110 afferat,
2717 4057 2893 4096 annon
2946 4052 3114 4096 totum
3144 4043 3415 4112 perdidit?
3457 4043 3531 4098 Ita
3561 4043 3723 4098 etiam
3755 4043 3806 4098 in

2199 4133 2398 4204 virtute
2422 4175 2437 4200 ,
2483 4133 2806 4205 quicumque
2837 4151 2941 4188 non
2976 4135 3129 4189 initio
3172 4145 3588 4205 consequentem
3639 4136 3800 4190 finem

2199 4225 2570 4296 imposuerunt
2617 4239 3120 4298 consonantemque
3146 4238 3201 4282 et
3223 4238 3632 4298 congruentem,
3651 4228 3812 4300 plane

2198 4321 2490 4389 perierunt.
2542 4319 2701 4375 Tales
2727 4330 2850 4375 sunt
2879 4320 2969 4391 qui
2999 4320 3067 4375 ab
3089 4321 3216 4390 ipsis
3243 4320 3457 4391 quidem
3503 4323 3812 4377 carceribus

2201 4413 2446 4483 praeclari
2473 4413 2797 4484 superbique
2817 4424 2868 4469 et
2891 4413 3013 4468 elati
3036 4413 3396 4483 prosilierunt,
3427 4423 3609 4483 postea
3629 4423 3809 4468 autem

2198 4504 2443 4560 diSSlllllli
2471 4505 2753 4575 ignavique
2781 4514 2834 4559 ct
2861 4505 3071 4560 remissi
3101 4506 3314 4558 fuerunt
3338 4525 3349 4558 :
3384 4505 3733 4575 quamobrem
3760 4514 3815 4560 et

2200 4599 2426 4669 praemio
2451 4608 2576 4652 sunt
2601 4598 2814 4668 privati,
2843 4608 2895 4652 ct
2922 4612 2951 4651 a
2983 4596 3209 4651 Domino
3241 4612 3344 4651 non
3400 4606 3523 4652 sunt
3552 4597 3736 4668 agniti.

2278 4689 2466 4744 Contra
2490 4707 2670 4745 avaros
2699 4701 2744 4744 et
2765 4691 2993 4760 pecunia:
3019 4689 3253 4761 cupidos.
3280 4718 3351 4729 —
3381 4689 3506 4744 [huc
3535 4689 3813 4745 audiamus

2211 4783 2300 4852 qui
2330 4798 2513 4838 amore
2532 4783 2670 4852 capti
2702 4797 2886 4836 sumus
2918 4782 3190 4851 pecunitn;
3220 4797 3283 4835 ea
3313 4791 3396 4836 est
3416 4781 3557 4837 enim
3581 4783 3812 4836 utaxitna

2206 4874 2463 4946 injustitia
2489 4892 2501 4926 :
2525 4872 2662 4927 Nam
2693 4875 2844 4928 radix
2867 4875 3090 4928 omnium
3115 4873 3364 4928 malorum
3390 4883 3460 4927 est
3490 4889 3635 4926 amor
3661 4888 3816 4942 pecu-

2209 4967 2310 5021 nia:
2339 4965 2416 5039 (1.
2437 4966 2567 5022 Tim.
2593 4967 2648 5022 6.
2676 4967 2787 5036 l0).
2819 4966 3116 5021 Audiamus
3132 4966 3222 5035 qui
3244 4980 3376 5034 quas
3404 4964 3700 5020 habeamus
3730 4963 3813 5019 fa-

2204 5063 2432 5119 cultates
2455 5106 2470 5131 ,
2518 5062 2809 5134 ampliores
2847 5061 3092 5116 volumus
3119 5060 3373 5125 efficere;
3409 5059 3710 5126 audiamus,
3759 5069 3816 5115 et

2206 5156 2420 5228 tandem
2459 5152 2796 5225 cessemus'a
2836 5154 2988 5225 plura
3032 5153 3267 5209 habendi
3294 5153 3619 5224 cupiditate,
3652 5169 3722 5210 ne
3750 5169 3814 5210 ea

2216 5266 2336 5320 quae
2365 5249 2437 5304 illi
2465 5248 2764 5321 audiamus.
2793 5248 2946 5303 Nunc
2972 5247 3087 5302 haec
3116 5244 3397 5302 audiamus
3425 5255 3479 5301 et
3503 5261 3812 5311 caveamus,

2218 5369 2285 5408 ne
2317 5365 2442 5408 tunc
2482 5351 2766 5407 audiamus
2792 5367 2806 5404 :
2835 5364 2981 5405 nunc
3021 5363 3144 5404 cum
3177 5348 3369 5403 timore
3397 5346 3682 5405 audiamus
3706 5389 3724 5417 ,
3754 5363 3824 5403 ne

2219 5459 2345 5499 tunc
2378 5459 2443 5500 ea
2489 5443 2772 5498 audiamus
2816 5456 2938 5497 eum
2981 5441 3285 5512 supplicio:
3321 5439 3578 5496 Discedite
3621 5457 3654 5494 a
3701 5456 3822 5507 me,

2216 5552 2492 5610 numquam
2547 5535 2665 5592 novi
2707 5551 2796 5590 vos
2836 5535 3054 5604 (Matth.
3083 5536 3135 5590 7.
3164 5533 3258 5606 23)
3282 5575 3298 5600 ,
3341 5549 3410 5587 ne
3443 5542 3572 5589 tunc
3604 5533 3824 5605 quidem

2218 5627 2428 5699 quando
2457 5626 2767 5698 prophetias
2788 5626 3129 5683 exhibebatis
3149 5670 3165 5695 ,
3189 5636 3244 5682 et
3273 5625 3551 5683 daemones
3581 5628 3822 5698 expelle-

2215 5721 2376 5778 batis.
2427 5721 2737 5778 Verisimile
2781 5731 2865 5778 est
2893 5738 3014 5777 etnn
3068 5721 3156 5776 hic
3183 5718 3386 5791 aliquid
3417 5737 3632 5791 quoque
3675 5722 3822 5776 aliud

2212 5815 2556 5872 subindicare
2581 5858 2595 5882 ,
2630 5831 2826 5887 nempe
2856 5815 3002 5886 quod
3037 5824 3162 5870 tunc
3189 5815 3352 5870 etiam
3380 5814 3626 5885 improbe
3654 5815 3818 5870 vitam

2213 5908 2508 5965 ducebant:
2532 5909 2686 5968 initio
2707 5919 2886 5967 autem
2910 5912 3072 5966 etiam
3102 5925 3199 5978 per
3224 5907 3470 5978 indignos
3498 5907 3820 5977 operabatur
