  <div class='ocr_page' id='page_1' title='image "/cluster/home/n/w/nwhite01/storage/ocr_20150623/63:no.12/coo.31924054869635/177.png"; bbox 0 0 4202 6442; ppageno 0'>
   <div class='ocr_carea' id='block_1_1' title="bbox 364 421 456 479">
    <p class='ocr_par' dir='ltr' id='par_1_1' title="bbox 364 421 456 479">
     <span class='ocr_line' id='line_1_1' title="bbox 364 421 456 479; baseline -0.043 0"><span class='ocrx_word' id='word_1_1' title='bbox 364 421 456 479; x_wconf 76' lang='lat' dir='ltr'><strong>l7!</strong></span> 
     </span>
    </p>
   </div>
   <div class='ocr_carea' id='block_1_2' title="bbox 351 540 1945 612">
    <p class='ocr_par' dir='ltr' id='par_1_2' title="bbox 351 540 1945 612">
     <span class='ocr_line' id='line_1_2' title="bbox 351 540 1945 612; baseline -0.001 -15"><span class='ocrx_word' id='word_1_2' title='bbox 351 544 544 612; x_wconf 82' lang='lat' dir='ltr'><strong>gratia.</strong></span> <span class='ocrx_word' id='word_1_3' title='bbox 572 540 704 597; x_wconf 77' lang='lat' dir='ltr'><strong>Nam</strong></span> <span class='ocrx_word' id='word_1_4' title='bbox 729 542 775 597; x_wconf 88' lang='lat' dir='ltr'><strong>si</strong></span> <span class='ocrx_word' id='word_1_5' title='bbox 806 553 1025 612; x_wconf 90' lang='lat' dir='ltr'><strong>operata</strong></span> <span class='ocrx_word' id='word_1_6' title='bbox 1053 551 1135 595; x_wconf 85' lang='lat' dir='ltr'><strong>cst</strong></span> <span class='ocrx_word' id='word_1_7' title='bbox 1156 554 1253 610; x_wconf 89' lang='lat' dir='ltr'><strong>per</strong></span> <span class='ocrx_word' id='word_1_8' title='bbox 1279 540 1497 594; x_wconf 86' lang='lat' dir='ltr'><strong>Balaam</strong></span> <span class='ocrx_word' id='word_1_9' title='bbox 1526 582 1542 606; x_wconf 90' lang='lat'><strong>,</strong></span> <span class='ocrx_word' id='word_1_10' title='bbox 1574 544 1744 594; x_wconf 89' lang='lat' dir='ltr'><strong>multo</strong></span> <span class='ocrx_word' id='word_1_11' title='bbox 1774 541 1945 612; x_wconf 81' lang='lat' dir='ltr'><strong>magis</strong></span> 
     </span>
    </p>
   </div>
   <div class='ocr_carea' id='block_1_3' title="bbox 351 633 1941 708">
    <p class='ocr_par' dir='ltr' id='par_1_3' title="bbox 351 633 1941 708">
     <span class='ocr_line' id='line_1_3' title="bbox 351 633 1941 708; baseline -0.001 -17"><span class='ocrx_word' id='word_1_12' title='bbox 351 652 449 706; x_wconf 89' lang='lat' dir='ltr'><strong>per</strong></span> <span class='ocrx_word' id='word_1_13' title='bbox 487 636 732 708; x_wconf 80' lang='lat' dir='ltr'><strong>indignos</strong></span> <span class='ocrx_word' id='word_1_14' title='bbox 760 679 774 702; x_wconf 92' lang='lat'><strong>,</strong></span> <span class='ocrx_word' id='word_1_15' title='bbox 809 645 1029 705; x_wconf 76' lang='lat' dir='ltr'><strong>propter</strong></span> <span class='ocrx_word' id='word_1_16' title='bbox 1056 648 1152 689; x_wconf 87' lang='lat' dir='ltr'><strong>eos</strong></span> <span class='ocrx_word' id='word_1_17' title='bbox 1192 634 1282 702; x_wconf 86' lang='lat' dir='ltr'><strong>qui</strong></span> <span class='ocrx_word' id='word_1_18' title='bbox 1313 643 1471 688; x_wconf 88' lang='lat' dir='ltr'><strong>erant</strong></span> <span class='ocrx_word' id='word_1_19' title='bbox 1498 633 1848 689; x_wconf 88' lang='lat' dir='ltr'><strong>lucrifacturi.</strong></span> <span class='ocrx_word' id='word_1_20' title='bbox 1881 633 1941 690; x_wconf 85' lang='lat' dir='ltr'><strong>Si</strong></span> 
     </span>
    </p>
   </div>
   <div class='ocr_carea' id='block_1_4' title="bbox 350 724 1942 797">
    <p class='ocr_par' dir='ltr' id='par_1_4' title="bbox 350 724 1942 797">
     <span class='ocr_line' id='line_1_4' title="bbox 350 724 1942 797; baseline 0 -18"><span class='ocrx_word' id='word_1_21' title='bbox 350 738 529 783; x_wconf 87' lang='lat' dir='ltr'><strong>autem</strong></span> <span class='ocrx_word' id='word_1_22' title='bbox 557 738 612 782; x_wconf 91' lang='lat' dir='ltr'><strong>et</strong></span> <span class='ocrx_word' id='word_1_23' title='bbox 645 727 793 797; x_wconf 78' lang='lat' dir='ltr'><strong>signa</strong></span> <span class='ocrx_word' id='word_1_24' title='bbox 822 737 876 781; x_wconf 93' lang='lat' dir='ltr'><strong>et</strong></span> <span class='ocrx_word' id='word_1_25' title='bbox 902 725 1139 795; x_wconf 83' lang='lat' dir='ltr'><strong>prodigia</strong></span> <span class='ocrx_word' id='word_1_26' title='bbox 1182 739 1287 779; x_wconf 90' lang='lat' dir='ltr'><strong>non</strong></span> <span class='ocrx_word' id='word_1_27' title='bbox 1322 734 1611 793; x_wconf 88' lang='lat' dir='ltr'><strong>potuerunt</strong></span> <span class='ocrx_word' id='word_1_28' title='bbox 1640 724 1871 780; x_wconf 75' lang='lat' dir='ltr'><strong>liberare</strong></span> <span class='ocrx_word' id='word_1_29' title='bbox 1910 744 1942 779; x_wconf 73' lang='grc' dir='ltr'><strong>ει</strong></span> 
     </span>
    </p>
   </div>
   <div class='ocr_carea' id='block_1_5' title="bbox 350 814 1944 888">
    <p class='ocr_par' dir='ltr' id='par_1_5' title="bbox 350 814 1944 888">
     <span class='ocr_line' id='line_1_5' title="bbox 350 814 1944 888; baseline -0.001 -15"><span class='ocrx_word' id='word_1_30' title='bbox 350 819 651 888; x_wconf 82' lang='lat' dir='ltr'><strong>supplicio:</strong></span> <span class='ocrx_word' id='word_1_31' title='bbox 680 817 850 872; x_wconf 91' lang='lat' dir='ltr'><strong>multo</strong></span> <span class='ocrx_word' id='word_1_32' title='bbox 876 817 1067 885; x_wconf 75' lang='lat' dir='ltr'><strong>magis,</strong></span> <span class='ocrx_word' id='word_1_33' title='bbox 1097 815 1308 869; x_wconf 91' lang='lat' dir='ltr'><strong>etiamsi</strong></span> <span class='ocrx_word' id='word_1_34' title='bbox 1333 816 1460 884; x_wconf 80' lang='lat' dir='ltr'><strong>quis</strong></span> <span class='ocrx_word' id='word_1_35' title='bbox 1488 815 1560 869; x_wconf 85' lang='lat' dir='ltr'><strong>sil.</strong></span> <span class='ocrx_word' id='word_1_36' title='bbox 1601 817 1654 869; x_wconf 91' lang='lat' dir='ltr'><strong>in</strong></span> <span class='ocrx_word' id='word_1_37' title='bbox 1685 814 1944 886; x_wconf 79' lang='lat' dir='ltr'><strong>dignitate</strong></span> 
     </span>
    </p>
   </div>
   <div class='ocr_carea' id='block_1_6' title="bbox 351 906 1941 978">
    <p class='ocr_par' dir='ltr' id='par_1_6' title="bbox 351 906 1941 978">
     <span class='ocr_line' id='line_1_6' title="bbox 351 906 1941 978; baseline -0.001 -13"><span class='ocrx_word' id='word_1_38' title='bbox 351 906 707 976; x_wconf 87' lang='lat' dir='ltr'><strong>sacerdotali,</strong></span> <span class='ocrx_word' id='word_1_39' title='bbox 738 908 948 964; x_wconf 89' lang='lat' dir='ltr'><strong>etiamsi</strong></span> <span class='ocrx_word' id='word_1_40' title='bbox 975 908 1041 962; x_wconf 91' lang='lat' dir='ltr'><strong>ad</strong></span> <span class='ocrx_word' id='word_1_41' title='bbox 1073 923 1342 962; x_wconf 90' lang='lat' dir='ltr'><strong>sumnmm</strong></span> <span class='ocrx_word' id='word_1_42' title='bbox 1371 906 1636 962; x_wconf 85' lang='lat' dir='ltr'><strong>honorem</strong></span> <span class='ocrx_word' id='word_1_43' title='bbox 1678 924 1941 978; x_wconf 90' lang='lat' dir='ltr'><strong>pervene-</strong></span> 
     </span>
    </p>
   </div>
   <div class='ocr_carea' id='block_1_7' title="bbox 350 1001 1946 1073">
    <p class='ocr_par' dir='ltr' id='par_1_7' title="bbox 350 1001 1946 1073">
     <span class='ocr_line' id='line_1_7' title="bbox 350 1001 1946 1073; baseline 0.001 -17"><span class='ocrx_word' id='word_1_44' title='bbox 350 1003 459 1067; x_wconf 87' lang='lat' dir='ltr'><strong>tit,</strong></span> <span class='ocrx_word' id='word_1_45' title='bbox 490 1003 698 1057; x_wconf 87' lang='lat' dir='ltr'><strong>etiamsi</strong></span> <span class='ocrx_word' id='word_1_46' title='bbox 732 1001 799 1055; x_wconf 89' lang='lat' dir='ltr'><strong>ad</strong></span> <span class='ocrx_word' id='word_1_47' title='bbox 845 1018 1100 1056; x_wconf 89' lang='lat' dir='ltr'><strong>manuum</strong></span> <span class='ocrx_word' id='word_1_48' title='bbox 1156 1001 1557 1070; x_wconf 88' lang='lat' dir='ltr'><strong>impositionem</strong></span> <span class='ocrx_word' id='word_1_49' title='bbox 1606 1012 1824 1073; x_wconf 81' lang='lat' dir='ltr'><strong>operata</strong></span> <span class='ocrx_word' id='word_1_50' title='bbox 1874 1003 1946 1058; x_wconf 93' lang='lat' dir='ltr'><strong>sit</strong></span> 
     </span>
    </p>
   </div>
   <div class='ocr_carea' id='block_1_8' title="bbox 347 1093 1923 1164">
    <p class='ocr_par' dir='ltr' id='par_1_8' title="bbox 347 1093 1923 1164">
     <span class='ocr_line' id='line_1_8' title="bbox 347 1093 1923 1164; baseline 0.003 -18"><span class='ocrx_word' id='word_1_51' title='bbox 347 1096 511 1160; x_wconf 66' lang='lat' dir='ltr'><strong>gratia</strong></span> <span class='ocrx_word' id='word_1_52' title='bbox 537 1135 552 1159; x_wconf 93' lang='lat'><strong>,</strong></span> <span class='ocrx_word' id='word_1_53' title='bbox 590 1104 645 1149; x_wconf 90' lang='lat' dir='ltr'><strong>et</strong></span> <span class='ocrx_word' id='word_1_54' title='bbox 673 1094 738 1148; x_wconf 88' lang='lat' dir='ltr'><strong>ad</strong></span> <span class='ocrx_word' id='word_1_55' title='bbox 769 1094 871 1148; x_wconf 89' lang='lat' dir='ltr'><strong>alia</strong></span> <span class='ocrx_word' id='word_1_56' title='bbox 909 1094 1087 1147; x_wconf 79' lang='lat' dir='ltr'><strong>omnia</strong></span> <span class='ocrx_word' id='word_1_57' title='bbox 1128 1102 1347 1163; x_wconf 81' lang='lat' dir='ltr'><strong>prapter</strong></span> <span class='ocrx_word' id='word_1_58' title='bbox 1377 1108 1472 1148; x_wconf 91' lang='lat' dir='ltr'><strong>eos</strong></span> <span class='ocrx_word' id='word_1_59' title='bbox 1506 1093 1597 1162; x_wconf 92' lang='lat' dir='ltr'><strong>qui</strong></span> <span class='ocrx_word' id='word_1_60' title='bbox 1623 1102 1783 1164; x_wconf 81' lang='lat' dir='ltr'><strong>egent</strong></span> <span class='ocrx_word' id='word_1_61' title='bbox 1821 1093 1923 1150; x_wconf 82' lang='lat' dir='ltr'><strong>de.-</strong></span> 
     </span>
    </p>
   </div>
   <div class='ocr_carea' id='block_1_9' title="bbox 348 1186 1941 1259">
    <p class='ocr_par' dir='ltr' id='par_1_9' title="bbox 348 1186 1941 1259">
     <span class='ocr_line' id='line_1_9' title="bbox 348 1186 1941 1259; baseline -0.001 -16"><span class='ocrx_word' id='word_1_62' title='bbox 348 1189 590 1244; x_wconf 87' lang='lat' dir='ltr'><strong>fensione</strong></span> <span class='ocrx_word' id='word_1_63' title='bbox 633 1196 688 1243; x_wconf 89' lang='lat' dir='ltr'><strong>et</strong></span> <span class='ocrx_word' id='word_1_64' title='bbox 739 1188 1039 1259; x_wconf 87' lang='lat' dir='ltr'><strong>patrocinio</strong></span> <span class='ocrx_word' id='word_1_65' title='bbox 1064 1228 1080 1252; x_wconf 95' lang='lat'><strong>,</strong></span> <span class='ocrx_word' id='word_1_66' title='bbox 1125 1188 1239 1257; x_wconf 87' lang='lat' dir='ltr'><strong>ipse</strong></span> <span class='ocrx_word' id='word_1_67' title='bbox 1269 1202 1483 1258; x_wconf 89' lang='lat' dir='ltr'><strong>quoque</strong></span> <span class='ocrx_word' id='word_1_68' title='bbox 1507 1186 1687 1241; x_wconf 91' lang='lat' dir='ltr'><strong>audiet</strong></span> <span class='ocrx_word' id='word_1_69' title='bbox 1724 1206 1737 1241; x_wconf 93' lang='lat'>:</span> <span class='ocrx_word' id='word_1_70' title='bbox 1769 1187 1941 1242; x_wconf 86' lang='lat' dir='ltr'><strong>Num-</strong></span> 
     </span>
    </p>
   </div>
   <div class='ocr_carea' id='block_1_10' title="bbox 345 1278 1937 1350">
    <p class='ocr_par' dir='ltr' id='par_1_10' title="bbox 345 1278 1937 1350">
     <span class='ocr_line' id='line_1_10' title="bbox 345 1278 1937 1350; baseline -0.002 -15"><span class='ocrx_word' id='word_1_71' title='bbox 345 1295 503 1350; x_wconf 90' lang='lat' dir='ltr'><strong>quant</strong></span> <span class='ocrx_word' id='word_1_72' title='bbox 534 1291 586 1335; x_wconf 89' lang='lat' dir='ltr'><strong>te</strong></span> <span class='ocrx_word' id='word_1_73' title='bbox 617 1281 761 1347; x_wconf 83' lang='lat' dir='ltr'><strong>novi,</strong></span> <span class='ocrx_word' id='word_1_74' title='bbox 789 1295 859 1334; x_wconf 90' lang='lat' dir='ltr'><strong>ue</strong></span> <span class='ocrx_word' id='word_1_75' title='bbox 887 1287 1013 1333; x_wconf 90' lang='lat' dir='ltr'><strong>tunc</strong></span> <span class='ocrx_word' id='word_1_76' title='bbox 1042 1278 1283 1348; x_wconf 91' lang='lat' dir='ltr'><strong>quidem,</strong></span> <span class='ocrx_word' id='word_1_77' title='bbox 1311 1278 1528 1348; x_wconf 81' lang='lat' dir='ltr'><strong>quando</strong></span> <span class='ocrx_word' id='word_1_78' title='bbox 1551 1278 1603 1333; x_wconf 89' lang='lat' dir='ltr'><strong>itt</strong></span> <span class='ocrx_word' id='word_1_79' title='bbox 1633 1287 1684 1333; x_wconf 89' lang='lat' dir='ltr'><strong>te</strong></span> <span class='ocrx_word' id='word_1_80' title='bbox 1715 1287 1937 1347; x_wconf 88' lang='lat' dir='ltr'><strong>operata</strong></span> 
     </span>
    </p>
   </div>
   <div class='ocr_carea' id='block_1_11' title="bbox 346 1368 1941 1440">
    <p class='ocr_par' dir='ltr' id='par_1_11' title="bbox 346 1368 1941 1440">
     <span class='ocr_line' id='line_1_11' title="bbox 346 1368 1941 1440; baseline -0.001 -15"><span class='ocrx_word' id='word_1_81' title='bbox 346 1379 431 1425; x_wconf 87' lang='lat' dir='ltr'><strong>est</strong></span> <span class='ocrx_word' id='word_1_82' title='bbox 456 1371 649 1440; x_wconf 77' lang='lat' dir='ltr'><strong>gratia.</strong></span> <span class='ocrx_word' id='word_1_83' title='bbox 684 1370 863 1440; x_wconf 72' lang='lat' dir='ltr'><strong>Papae,</strong></span> <span class='ocrx_word' id='word_1_84' title='bbox 890 1379 1085 1440; x_wconf 82' lang='lat' dir='ltr'><strong>quanta</strong></span> <span class='ocrx_word' id='word_1_85' title='bbox 1119 1378 1201 1424; x_wconf 90' lang='lat' dir='ltr'><strong>est</strong></span> <span class='ocrx_word' id='word_1_86' title='bbox 1230 1368 1340 1424; x_wconf 90' lang='lat' dir='ltr'><strong>illic</strong></span> <span class='ocrx_word' id='word_1_87' title='bbox 1365 1369 1489 1423; x_wconf 74' lang='lat' dir='ltr'><strong>vitm</strong></span> <span class='ocrx_word' id='word_1_88' title='bbox 1517 1369 1731 1423; x_wconf 81' lang='lat' dir='ltr'><strong>munda:</strong></span> <span class='ocrx_word' id='word_1_89' title='bbox 1759 1369 1941 1439; x_wconf 82' lang='lat' dir='ltr'><strong>inqui-</strong></span> 
     </span>
    </p>
   </div>
   <div class='ocr_carea' id='block_1_12' title="bbox 345 1458 1939 1533">
    <p class='ocr_par' dir='ltr' id='par_1_12' title="bbox 345 1458 1939 1533">
     <span class='ocr_line' id='line_1_12' title="bbox 345 1458 1939 1533; baseline -0.001 -17"><span class='ocrx_word' id='word_1_90' title='bbox 345 1464 468 1517; x_wconf 89' lang='lat' dir='ltr'><strong>sitio</strong></span> <span class='ocrx_word' id='word_1_91' title='bbox 494 1464 507 1517; x_wconf 88' lang='lat'><strong>!</strong></span> <span class='ocrx_word' id='word_1_92' title='bbox 541 1461 815 1533; x_wconf 81' lang='lat' dir='ltr'><strong>quomodo</strong></span> <span class='ocrx_word' id='word_1_93' title='bbox 846 1461 959 1532; x_wconf 89' lang='lat' dir='ltr'><strong>ipsa</strong></span> <span class='ocrx_word' id='word_1_94' title='bbox 984 1476 1079 1530; x_wconf 91' lang='lat' dir='ltr'><strong>per</strong></span> <span class='ocrx_word' id='word_1_95' title='bbox 1108 1475 1166 1515; x_wconf 90' lang='lat' dir='ltr'><strong>se</strong></span> <span class='ocrx_word' id='word_1_96' title='bbox 1195 1458 1393 1515; x_wconf 84' lang='lat' dir='ltr'><strong>sufficit</strong></span> <span class='ocrx_word' id='word_1_97' title='bbox 1421 1460 1489 1514; x_wconf 89' lang='lat' dir='ltr'><strong>ad</strong></span> <span class='ocrx_word' id='word_1_98' title='bbox 1515 1476 1611 1514; x_wconf 91' lang='lat' dir='ltr'><strong>nos</strong></span> <span class='ocrx_word' id='word_1_99' title='bbox 1639 1460 1690 1514; x_wconf 89' lang='lat' dir='ltr'><strong>itt</strong></span> <span class='ocrx_word' id='word_1_100' title='bbox 1717 1474 1939 1531; x_wconf 80' lang='lat' dir='ltr'><strong>regnum</strong></span> 
     </span>
    </p>
   </div>
   <div class='ocr_carea' id='block_1_13' title="bbox 346 1552 1939 1623">
    <p class='ocr_par' dir='ltr' id='par_1_13' title="bbox 346 1552 1939 1623">
     <span class='ocr_line' id='line_1_13' title="bbox 346 1552 1939 1623; baseline -0.001 -13"><span class='ocrx_word' id='word_1_101' title='bbox 346 1554 732 1611; x_wconf 84' lang='lat' dir='ltr'><strong>adducendos?</strong></span> <span class='ocrx_word' id='word_1_102' title='bbox 778 1555 822 1609; x_wconf 92' lang='lat' dir='ltr'><strong>si</strong></span> <span class='ocrx_word' id='word_1_103' title='bbox 864 1554 1004 1609; x_wconf 61' lang='lat' dir='ltr'><strong>absit</strong></span> <span class='ocrx_word' id='word_1_104' title='bbox 1032 1563 1211 1609; x_wconf 88' lang='lat' dir='ltr'><strong>autem</strong></span> <span class='ocrx_word' id='word_1_105' title='bbox 1239 1596 1255 1618; x_wconf 92' lang='lat'><strong>,</strong></span> <span class='ocrx_word' id='word_1_106' title='bbox 1284 1553 1456 1608; x_wconf 88' lang='lat' dir='ltr'><strong>virum</strong></span> <span class='ocrx_word' id='word_1_107' title='bbox 1486 1552 1658 1623; x_wconf 84' lang='lat' dir='ltr'><strong>prodit</strong></span> <span class='ocrx_word' id='word_1_108' title='bbox 1684 1595 1697 1617; x_wconf 94' lang='lat'><strong>,</strong></span> <span class='ocrx_word' id='word_1_109' title='bbox 1730 1554 1939 1608; x_wconf 87' lang='lat' dir='ltr'><strong>etiamsi</strong></span> 
     </span>
    </p>
   </div>
   <div class='ocr_carea' id='block_1_14' title="bbox 347 1643 1938 1718">
    <p class='ocr_par' dir='ltr' id='par_1_14' title="bbox 347 1643 1938 1718">
     <span class='ocr_line' id='line_1_14' title="bbox 347 1643 1938 1718; baseline -0.001 -17"><span class='ocrx_word' id='word_1_110' title='bbox 347 1649 517 1718; x_wconf 81' lang='lat' dir='ltr'><strong>possit</strong></span> <span class='ocrx_word' id='word_1_111' title='bbox 544 1645 836 1702; x_wconf 84' lang='lat' dir='ltr'><strong>ostendere</strong></span> <span class='ocrx_word' id='word_1_112' title='bbox 867 1646 1013 1700; x_wconf 88' lang='lat' dir='ltr'><strong>ntille</strong></span> <span class='ocrx_word' id='word_1_113' title='bbox 1040 1646 1189 1717; x_wconf 83' lang='lat' dir='ltr'><strong>signa</strong></span> <span class='ocrx_word' id='word_1_114' title='bbox 1221 1653 1275 1698; x_wconf 89' lang='lat' dir='ltr'><strong>et</strong></span> <span class='ocrx_word' id='word_1_115' title='bbox 1317 1643 1581 1715; x_wconf 77' lang='lat' dir='ltr'><strong>prodigia.</strong></span> <span class='ocrx_word' id='word_1_116' title='bbox 1625 1643 1767 1699; x_wconf 80' lang='lat' dir='ltr'><strong>Nihil</strong></span> <span class='ocrx_word' id='word_1_117' title='bbox 1794 1644 1938 1699; x_wconf 89' lang='lat' dir='ltr'><strong>enim</strong></span> 
     </span>
    </p>
   </div>
   <div class='ocr_carea' id='block_1_15' title="bbox 347 1736 1936 1807">
    <p class='ocr_par' dir='ltr' id='par_1_15' title="bbox 347 1736 1936 1807">
     <span class='ocr_line' id='line_1_15' title="bbox 347 1736 1936 1807; baseline -0.001 -14"><span class='ocrx_word' id='word_1_118' title='bbox 347 1740 515 1794; x_wconf 82' lang='lat' dir='ltr'><strong>Deum</strong></span> <span class='ocrx_word' id='word_1_119' title='bbox 548 1747 693 1792; x_wconf 88' lang='lat' dir='ltr'><strong>tanta</strong></span> <span class='ocrx_word' id='word_1_120' title='bbox 722 1736 891 1792; x_wconf 88' lang='lat' dir='ltr'><strong>afficit</strong></span> <span class='ocrx_word' id='word_1_121' title='bbox 924 1736 1128 1800; x_wconf 66' lang='lat' dir='ltr'><strong>laetitia,</strong></span> <span class='ocrx_word' id='word_1_122' title='bbox 1161 1745 1358 1807; x_wconf 88' lang='lat' dir='ltr'><strong>quanta</strong></span> <span class='ocrx_word' id='word_1_123' title='bbox 1386 1737 1509 1790; x_wconf 68' lang='lat' dir='ltr'><strong>vitae</strong></span> <span class='ocrx_word' id='word_1_124' title='bbox 1552 1736 1689 1791; x_wconf 89' lang='lat' dir='ltr'><strong>bona</strong></span> <span class='ocrx_word' id='word_1_125' title='bbox 1721 1737 1936 1792; x_wconf 83' lang='lat' dir='ltr'><strong>institu-</strong></span> 
     </span>
    </p>
   </div>
   <div class='ocr_carea' id='block_1_16' title="bbox 347 1815 1938 1902">
    <p class='ocr_par' dir='ltr' id='par_1_16' title="bbox 347 1815 1938 1902">
     <span class='ocr_line' id='line_1_16' title="bbox 347 1815 1938 1902; baseline 0 -15"><span class='ocrx_word' id='word_1_126' title='bbox 347 1833 441 1887; x_wconf 86' lang='lat' dir='ltr'><strong>tio.</strong></span> <span class='ocrx_word' id='word_1_127' title='bbox 474 1831 536 1888; x_wconf 87' lang='lat' dir='ltr'><strong>Si</strong></span> <span class='ocrx_word' id='word_1_128' title='bbox 563 1830 775 1902; x_wconf 78' lang='lat' dir='ltr'><strong>diligitis</strong></span> <span class='ocrx_word' id='word_1_129' title='bbox 806 1847 914 1895; x_wconf 80' lang='lat' dir='ltr'><strong>tne,</strong></span> <span class='ocrx_word' id='word_1_130' title='bbox 950 1815 1162 1899; x_wconf 89' lang='lat' dir='ltr'><strong>inquit,</strong></span> <span class='ocrx_word' id='word_1_131' title='bbox 1194 1845 1300 1885; x_wconf 90' lang='lat' dir='ltr'><strong>non</strong></span> <span class='ocrx_word' id='word_1_132' title='bbox 1332 1829 1502 1895; x_wconf 76' lang='lat' dir='ltr'><strong>dixit,</strong></span> <span class='ocrx_word' id='word_1_133' title='bbox 1542 1830 1703 1901; x_wconf 79' lang='lat' dir='ltr'><strong>Signa</strong></span> <span class='ocrx_word' id='word_1_134' title='bbox 1735 1829 1891 1887; x_wconf 87' lang='lat' dir='ltr'><strong>facite</strong></span> <span class='ocrx_word' id='word_1_135' title='bbox 1920 1872 1938 1899; x_wconf 91' lang='lat'><strong>,</strong></span> 
     </span>
    </p>
   </div>
   <div class='ocr_carea' id='block_1_17' title="bbox 344 1920 1942 1994">
    <p class='ocr_par' dir='ltr' id='par_1_17' title="bbox 344 1920 1942 1994">
     <span class='ocr_line' id='line_1_17' title="bbox 344 1920 1942 1994; baseline -0.001 -14"><span class='ocrx_word' id='word_1_136' title='bbox 344 1922 442 1980; x_wconf 81' lang='lat' dir='ltr'><strong>sed</strong></span> <span class='ocrx_word' id='word_1_137' title='bbox 476 1922 641 1993; x_wconf 82' lang='lat' dir='ltr'><strong>quid?</strong></span> <span class='ocrx_word' id='word_1_138' title='bbox 688 1921 932 1975; x_wconf 80' lang='lat' dir='ltr'><strong>mandata</strong></span> <span class='ocrx_word' id='word_1_139' title='bbox 980 1938 1092 1975; x_wconf 87' lang='lat' dir='ltr'><strong>mea</strong></span> <span class='ocrx_word' id='word_1_140' title='bbox 1140 1931 1335 1975; x_wconf 75' lang='lat' dir='ltr'><strong>servate</strong></span> <span class='ocrx_word' id='word_1_141' title='bbox 1381 1920 1559 1994; x_wconf 85' lang='lat' dir='ltr'><strong>(Joan.</strong></span> <span class='ocrx_word' id='word_1_142' title='bbox 1592 1922 1681 1982; x_wconf 70' lang='grc'><strong>16.</strong></span> <span class='ocrx_word' id='word_1_143' title='bbox 1724 1922 1837 1992; x_wconf 77' lang='grc'><strong>15).</strong></span> <span class='ocrx_word' id='word_1_144' title='bbox 1871 1922 1942 1979; x_wconf 83' lang='lat' dir='ltr'><strong>Et</strong></span> 
     </span>
    </p>
   </div>
   <div class='ocr_carea' id='block_1_18' title="bbox 345 2013 1940 2084">
    <p class='ocr_par' dir='ltr' id='par_1_18' title="bbox 345 2013 1940 2084">
     <span class='ocr_line' id='line_1_18' title="bbox 345 2013 1940 2084; baseline 0 -15"><span class='ocrx_word' id='word_1_145' title='bbox 345 2028 534 2070; x_wconf 89' lang='lat' dir='ltr'><strong>rursus</strong></span> <span class='ocrx_word' id='word_1_146' title='bbox 558 2032 570 2068; x_wconf 88' lang='lat'><strong>:</strong></span> <span class='ocrx_word' id='word_1_147' title='bbox 606 2015 809 2067; x_wconf 82' lang='lat' dir='ltr'><strong>Amicos</strong></span> <span class='ocrx_word' id='word_1_148' title='bbox 836 2028 922 2067; x_wconf 85' lang='lat' dir='ltr'><strong>vos</strong></span> <span class='ocrx_word' id='word_1_149' title='bbox 949 2013 1063 2066; x_wconf 83' lang='lat' dir='ltr'><strong>dico</strong></span> <span class='ocrx_word' id='word_1_150' title='bbox 1089 2054 1104 2079; x_wconf 94' lang='lat'><strong>,</strong></span> <span class='ocrx_word' id='word_1_151' title='bbox 1150 2027 1256 2067; x_wconf 89' lang='lat' dir='ltr'><strong>non</strong></span> <span class='ocrx_word' id='word_1_152' title='bbox 1289 2013 1504 2083; x_wconf 88' lang='lat' dir='ltr'><strong>quando</strong></span> <span class='ocrx_word' id='word_1_153' title='bbox 1531 2014 1795 2068; x_wconf 70' lang='lat' dir='ltr'><strong>daemonia</strong></span> <span class='ocrx_word' id='word_1_154' title='bbox 1825 2015 1940 2084; x_wconf 81' lang='lat' dir='ltr'><strong>eje-</strong></span> 
     </span>
    </p>
   </div>
   <div class='ocr_carea' id='block_1_19' title="bbox 343 2100 1935 2176">
    <p class='ocr_par' dir='ltr' id='par_1_19' title="bbox 343 2100 1935 2176">
     <span class='ocr_line' id='line_1_19' title="bbox 343 2100 1935 2176; baseline -0.002 -14"><span class='ocrx_word' id='word_1_155' title='bbox 343 2106 525 2162; x_wconf 74' lang='lat' dir='ltr'><strong>seritis</strong></span> <span class='ocrx_word' id='word_1_156' title='bbox 544 2147 558 2170; x_wconf 91' lang='lat'><strong>,</strong></span> <span class='ocrx_word' id='word_1_157' title='bbox 590 2104 687 2160; x_wconf 89' lang='lat' dir='ltr'><strong>sed</strong></span> <span class='ocrx_word' id='word_1_158' title='bbox 709 2145 724 2167; x_wconf 88' lang='lat'><strong>,</strong></span> <span class='ocrx_word' id='word_1_159' title='bbox 755 2105 801 2159; x_wconf 95' lang='lat' dir='ltr'><strong>si</strong></span> <span class='ocrx_word' id='word_1_160' title='bbox 828 2120 1083 2159; x_wconf 87' lang='lat' dir='ltr'><strong>sermones</strong></span> <span class='ocrx_word' id='word_1_161' title='bbox 1108 2119 1244 2157; x_wconf 87' lang='lat' dir='ltr'><strong>meos</strong></span> <span class='ocrx_word' id='word_1_162' title='bbox 1280 2104 1594 2158; x_wconf 78' lang='lat' dir='ltr'><strong>servaveritis</strong></span> <span class='ocrx_word' id='word_1_163' title='bbox 1624 2100 1819 2176; x_wconf 85' lang='lat' dir='ltr'><strong>(Joan.</strong></span> <span class='ocrx_word' id='word_1_164' title='bbox 1848 2106 1935 2162; x_wconf 74' lang='grc'><strong>15.</strong></span> 
     </span>
    </p>
   </div>
   <div class='ocr_carea' id='block_1_20' title="bbox 345 2193 1936 2269">
    <p class='ocr_par' dir='ltr' id='par_1_20' title="bbox 345 2193 1936 2269">
     <span class='ocr_line' id='line_1_20' title="bbox 345 2193 1936 2269; baseline -0.002 -17"><span class='ocrx_word' id='word_1_165' title='bbox 345 2196 585 2269; x_wconf 64' lang='lat'><strong>£0.15).</strong></span> <span class='ocrx_word' id='word_1_166' title='bbox 630 2195 762 2251; x_wconf 81' lang='lat' dir='ltr'><strong>Nam</strong></span> <span class='ocrx_word' id='word_1_167' title='bbox 816 2194 904 2249; x_wconf 93' lang='lat' dir='ltr'><strong>illa</strong></span> <span class='ocrx_word' id='word_1_168' title='bbox 931 2193 1150 2265; x_wconf 83' lang='lat' dir='ltr'><strong>quidem</strong></span> <span class='ocrx_word' id='word_1_169' title='bbox 1180 2203 1303 2249; x_wconf 91' lang='lat' dir='ltr'><strong>sunt</strong></span> <span class='ocrx_word' id='word_1_170' title='bbox 1332 2194 1459 2249; x_wconf 91' lang='lat' dir='ltr'><strong>doni</strong></span> <span class='ocrx_word' id='word_1_171' title='bbox 1504 2195 1631 2260; x_wconf 86' lang='lat' dir='ltr'><strong>Dei;</strong></span> <span class='ocrx_word' id='word_1_172' title='bbox 1686 2194 1801 2251; x_wconf 63' lang='lat' dir='ltr'><strong>haec</strong></span> <span class='ocrx_word' id='word_1_173' title='bbox 1845 2211 1936 2250; x_wconf 90' lang='lat' dir='ltr'><strong>au-</strong></span> 
     </span>
    </p>
   </div>
   <div class='ocr_carea' id='block_1_21' title="bbox 346 2285 1940 2357">
    <p class='ocr_par' dir='ltr' id='par_1_21' title="bbox 346 2285 1940 2357">
     <span class='ocr_line' id='line_1_21' title="bbox 346 2285 1940 2357; baseline -0.003 -13"><span class='ocrx_word' id='word_1_174' title='bbox 346 2300 454 2344; x_wconf 90' lang='lat' dir='ltr'><strong>tem</strong></span> <span class='ocrx_word' id='word_1_175' title='bbox 487 2296 607 2357; x_wconf 93' lang='lat' dir='ltr'><strong>post</strong></span> <span class='ocrx_word' id='word_1_176' title='bbox 636 2286 836 2341; x_wconf 89' lang='lat' dir='ltr'><strong>donum</strong></span> <span class='ocrx_word' id='word_1_177' title='bbox 872 2285 965 2340; x_wconf 91' lang='lat' dir='ltr'><strong>Dei</strong></span> <span class='ocrx_word' id='word_1_178' title='bbox 1005 2294 1129 2340; x_wconf 90' lang='lat' dir='ltr'><strong>sunt</strong></span> <span class='ocrx_word' id='word_1_179' title='bbox 1156 2286 1319 2340; x_wconf 89' lang='lat' dir='ltr'><strong>etiam</strong></span> <span class='ocrx_word' id='word_1_180' title='bbox 1346 2285 1514 2339; x_wconf 89' lang='lat' dir='ltr'><strong>nostri</strong></span> <span class='ocrx_word' id='word_1_181' title='bbox 1542 2285 1704 2340; x_wconf 91' lang='lat' dir='ltr'><strong>studii</strong></span> <span class='ocrx_word' id='word_1_182' title='bbox 1734 2296 1791 2342; x_wconf 91' lang='lat' dir='ltr'><strong>et</strong></span> <span class='ocrx_word' id='word_1_183' title='bbox 1818 2286 1940 2341; x_wconf 83' lang='lat' dir='ltr'><strong>dili-</strong></span> 
     </span>
    </p>
   </div>
   <div class='ocr_carea' id='block_1_22' title="bbox 343 2362 1939 2451">
    <p class='ocr_par' dir='ltr' id='par_1_22' title="bbox 343 2362 1939 2451">
     <span class='ocr_line' id='line_1_22' title="bbox 343 2362 1939 2451; baseline -0.003 -14"><span class='ocrx_word' id='word_1_184' title='bbox 343 2381 565 2451; x_wconf 70' lang='lat' dir='ltr'><strong>gentia}.</strong></span> <span class='ocrx_word' id='word_1_185' title='bbox 594 2362 920 2433; x_wconf 78' lang='lat' dir='ltr'><strong>Studeamus</strong></span> <span class='ocrx_word' id='word_1_186' title='bbox 949 2391 1070 2432; x_wconf 90' lang='lat' dir='ltr'><strong>esse</strong></span> <span class='ocrx_word' id='word_1_187' title='bbox 1104 2376 1261 2430; x_wconf 86' lang='lat' dir='ltr'><strong>amici</strong></span> <span class='ocrx_word' id='word_1_188' title='bbox 1296 2376 1421 2441; x_wconf 90' lang='lat' dir='ltr'><strong>Dei,</strong></span> <span class='ocrx_word' id='word_1_189' title='bbox 1447 2387 1500 2429; x_wconf 89' lang='lat' dir='ltr'><strong>et</strong></span> <span class='ocrx_word' id='word_1_190' title='bbox 1527 2391 1593 2430; x_wconf 88' lang='lat' dir='ltr'><strong>ne</strong></span> <span class='ocrx_word' id='word_1_191' title='bbox 1628 2392 1939 2432; x_wconf 86' lang='lat' dir='ltr'><strong>maneamus</strong></span> 
     </span>
    </p>
   </div>
   <div class='ocr_carea' id='block_1_23' title="bbox 347 2474 1931 2549">
    <p class='ocr_par' dir='ltr' id='par_1_23' title="bbox 347 2474 1931 2549">
     <span class='ocr_line' id='line_1_23' title="bbox 347 2474 1931 2549; baseline -0.006 -12"><span class='ocrx_word' id='word_1_192' title='bbox 347 2478 573 2537; x_wconf 88' lang='lat' dir='ltr'><strong>inimici.</strong></span> <span class='ocrx_word' id='word_1_193' title='bbox 609 2479 735 2535; x_wconf 70' lang='lat' dir='ltr'><strong>llaec</strong></span> <span class='ocrx_word' id='word_1_194' title='bbox 759 2493 975 2549; x_wconf 88' lang='lat' dir='ltr'><strong>semper</strong></span> <span class='ocrx_word' id='word_1_195' title='bbox 997 2476 1248 2541; x_wconf 88' lang='lat' dir='ltr'><strong>dicimus,</strong></span> <span class='ocrx_word' id='word_1_196' title='bbox 1279 2474 1471 2530; x_wconf 89' lang='lat' dir='ltr'><strong>horum</strong></span> <span class='ocrx_word' id='word_1_197' title='bbox 1498 2488 1714 2545; x_wconf 83' lang='lat' dir='ltr'><strong>semper</strong></span> <span class='ocrx_word' id='word_1_198' title='bbox 1743 2475 1931 2530; x_wconf 51' lang='lat' dir='ltr'><strong>admou</strong></span> 
     </span>
    </p>
   </div>
   <div class='ocr_carea' id='block_1_24' title="bbox 341 2566 1935 2642">
    <p class='ocr_par' dir='ltr' id='par_1_24' title="bbox 341 2566 1935 2642">
     <span class='ocr_line' id='line_1_24' title="bbox 341 2566 1935 2642; baseline -0.006 -13"><span class='ocrx_word' id='word_1_199' title='bbox 341 2590 535 2630; x_wconf 86' lang='lat' dir='ltr'><strong>nemus</strong></span> <span class='ocrx_word' id='word_1_200' title='bbox 564 2581 624 2629; x_wconf 91' lang='lat' dir='ltr'><strong>et</strong></span> <span class='ocrx_word' id='word_1_201' title='bbox 662 2572 912 2642; x_wconf 87' lang='lat' dir='ltr'><strong>nosipsos</strong></span> <span class='ocrx_word' id='word_1_202' title='bbox 936 2580 991 2626; x_wconf 89' lang='lat' dir='ltr'><strong>et</strong></span> <span class='ocrx_word' id='word_1_203' title='bbox 1032 2584 1164 2636; x_wconf 81' lang='lat' dir='ltr'><strong>vos;</strong></span> <span class='ocrx_word' id='word_1_204' title='bbox 1191 2568 1289 2623; x_wconf 88' lang='lat' dir='ltr'><strong>sed</strong></span> <span class='ocrx_word' id='word_1_205' title='bbox 1338 2568 1472 2622; x_wconf 82' lang='lat' dir='ltr'><strong>nihil</strong></span> <span class='ocrx_word' id='word_1_206' title='bbox 1503 2567 1734 2641; x_wconf 79' lang='lat' dir='ltr'><strong>amplius</strong></span> <span class='ocrx_word' id='word_1_207' title='bbox 1763 2566 1935 2623; x_wconf 76' lang='lat' dir='ltr'><strong>efﬂet-</strong></span> 
     </span>
    </p>
   </div>
   <div class='ocr_carea' id='block_1_25' title="bbox 342 2659 1939 2734">
    <p class='ocr_par' dir='ltr' id='par_1_25' title="bbox 342 2659 1939 2734">
     <span class='ocr_line' id='line_1_25' title="bbox 342 2659 1939 2734; baseline -0.006 -12"><span class='ocrx_word' id='word_1_208' title='bbox 342 2685 463 2724; x_wconf 88' lang='lat' dir='ltr'><strong>mus</strong></span> <span class='ocrx_word' id='word_1_209' title='bbox 484 2709 500 2734; x_wconf 94' lang='lat'><strong>,</strong></span> <span class='ocrx_word' id='word_1_210' title='bbox 523 2674 580 2722; x_wconf 89' lang='lat' dir='ltr'><strong>et</strong></span> <span class='ocrx_word' id='word_1_211' title='bbox 626 2664 748 2721; x_wconf 91' lang='lat' dir='ltr'><strong>ideo</strong></span> <span class='ocrx_word' id='word_1_212' title='bbox 780 2665 965 2721; x_wconf 89' lang='lat' dir='ltr'><strong>timeo.</strong></span> <span class='ocrx_word' id='word_1_213' title='bbox 999 2663 1066 2719; x_wconf 87' lang='lat' dir='ltr'><strong>Et</strong></span> <span class='ocrx_word' id='word_1_214' title='bbox 1095 2661 1293 2717; x_wconf 87' lang='lat' dir='ltr'><strong>vellem</strong></span> <span class='ocrx_word' id='word_1_215' title='bbox 1321 2661 1538 2732; x_wconf 88' lang='lat' dir='ltr'><strong>quidem</strong></span> <span class='ocrx_word' id='word_1_216' title='bbox 1587 2659 1803 2716; x_wconf 87' lang='lat' dir='ltr'><strong>siluisse</strong></span> <span class='ocrx_word' id='word_1_217' title='bbox 1823 2700 1839 2725; x_wconf 88' lang='lat'><strong>,</strong></span> <span class='ocrx_word' id='word_1_218' title='bbox 1873 2675 1939 2713; x_wconf 89' lang='lat' dir='ltr'><strong>tte</strong></span> 
     </span>
    </p>
   </div>
   <div class='ocr_carea' id='block_1_26' title="bbox 347 2752 1939 2830">
    <p class='ocr_par' dir='ltr' id='par_1_26' title="bbox 347 2752 1939 2830">
     <span class='ocr_line' id='line_1_26' title="bbox 347 2752 1939 2830; baseline -0.006 -14"><span class='ocrx_word' id='word_1_219' title='bbox 347 2762 496 2817; x_wconf 82' lang='lat' dir='ltr'><strong>vobis</strong></span> <span class='ocrx_word' id='word_1_220' title='bbox 525 2774 752 2830; x_wconf 78' lang='lat' dir='ltr'><strong>augeam</strong></span> <span class='ocrx_word' id='word_1_221' title='bbox 798 2756 1093 2827; x_wconf 88' lang='lat' dir='ltr'><strong>periculum</strong></span> <span class='ocrx_word' id='word_1_222' title='bbox 1119 2772 1132 2808; x_wconf 91' lang='lat'><strong>:</strong></span> <span class='ocrx_word' id='word_1_223' title='bbox 1163 2770 1287 2809; x_wconf 88' lang='lat' dir='ltr'><strong>nam</strong></span> <span class='ocrx_word' id='word_1_224' title='bbox 1318 2768 1463 2823; x_wconf 76' lang='lat' dir='ltr'><strong>saepe</strong></span> <span class='ocrx_word' id='word_1_225' title='bbox 1492 2752 1799 2808; x_wconf 89' lang='lat' dir='ltr'><strong>audientem</strong></span> <span class='ocrx_word' id='word_1_226' title='bbox 1834 2768 1939 2807; x_wconf 85' lang='lat' dir='ltr'><strong>nec</strong></span> 
     </span>
    </p>
   </div>
   <div class='ocr_carea' id='block_1_27' title="bbox 346 2845 1938 2924">
    <p class='ocr_par' dir='ltr' id='par_1_27' title="bbox 346 2845 1938 2924">
     <span class='ocr_line' id='line_1_27' title="bbox 346 2845 1938 2924; baseline -0.008 -14"><span class='ocrx_word' id='word_1_227' title='bbox 346 2855 425 2910; x_wconf 82' lang='lat' dir='ltr'><strong>sic</strong></span> <span class='ocrx_word' id='word_1_228' title='bbox 454 2853 669 2924; x_wconf 87' lang='lat' dir='ltr'><strong>quidem</strong></span> <span class='ocrx_word' id='word_1_229' title='bbox 700 2851 878 2907; x_wconf 86' lang='lat' dir='ltr'><strong>facere</strong></span> <span class='ocrx_word' id='word_1_230' title='bbox 900 2891 917 2916; x_wconf 88' lang='lat'><strong>,</strong></span> <span class='ocrx_word' id='word_1_231' title='bbox 962 2851 1066 2904; x_wconf 89' lang='lat' dir='ltr'><strong>hoc</strong></span> <span class='ocrx_word' id='word_1_232' title='bbox 1091 2857 1177 2903; x_wconf 88' lang='lat' dir='ltr'><strong>est</strong></span> <span class='ocrx_word' id='word_1_233' title='bbox 1223 2845 1508 2901; x_wconf 88' lang='lat' dir='ltr'><strong>Dominunt</strong></span> <span class='ocrx_word' id='word_1_234' title='bbox 1541 2845 1756 2901; x_wconf 84' lang='lat' dir='ltr'><strong>irritare</strong></span> <span class='ocrx_word' id='word_1_235' title='bbox 1786 2862 1800 2898; x_wconf 90' lang='lat'><strong>:</strong></span> <span class='ocrx_word' id='word_1_236' title='bbox 1844 2845 1938 2899; x_wconf 85' lang='lat' dir='ltr'><strong>sed</strong></span> 
     </span>
    </p>
   </div>
   <div class='ocr_carea' id='block_1_28' title="bbox 346 2935 1939 3015">
    <p class='ocr_par' dir='ltr' id='par_1_28' title="bbox 346 2935 1939 3015">
     <span class='ocr_line' id='line_1_28' title="bbox 346 2935 1939 3015; baseline -0.008 -15"><span class='ocrx_word' id='word_1_237' title='bbox 346 2947 462 3014; x_wconf 85' lang='lat' dir='ltr'><strong>ipse</strong></span> <span class='ocrx_word' id='word_1_238' title='bbox 489 2958 703 3015; x_wconf 89' lang='lat' dir='ltr'><strong>quoque</strong></span> <span class='ocrx_word' id='word_1_239' title='bbox 738 2942 904 2997; x_wconf 83' lang='lat' dir='ltr'><strong>timeo</strong></span> <span class='ocrx_word' id='word_1_240' title='bbox 942 2938 1088 2994; x_wconf 88' lang='lat' dir='ltr'><strong>aliud</strong></span> <span class='ocrx_word' id='word_1_241' title='bbox 1132 2935 1427 3007; x_wconf 89' lang='lat' dir='ltr'><strong>periculum</strong></span> <span class='ocrx_word' id='word_1_242' title='bbox 1457 2935 1695 3001; x_wconf 88' lang='lat' dir='ltr'><strong>silentii,</strong></span> <span class='ocrx_word' id='word_1_243' title='bbox 1728 2936 1771 2990; x_wconf 91' lang='lat' dir='ltr'><strong>si</strong></span> <span class='ocrx_word' id='word_1_244' title='bbox 1807 2935 1939 2989; x_wconf 83' lang='lat' dir='ltr'><strong>taci-</strong></span> 
     </span>
    </p>
   </div>
   <div class='ocr_carea' id='block_1_29' title="bbox 351 3028 1940 3099">
    <p class='ocr_par' dir='ltr' id='par_1_29' title="bbox 351 3028 1940 3099">
     <span class='ocr_line' id='line_1_29' title="bbox 351 3028 1940 3099; baseline -0.004 -11"><span class='ocrx_word' id='word_1_245' title='bbox 351 3047 501 3090; x_wconf 86' lang='lat' dir='ltr'><strong>turus</strong></span> <span class='ocrx_word' id='word_1_246' title='bbox 530 3036 631 3089; x_wconf 80' lang='lat' dir='ltr'><strong>sitit</strong></span> <span class='ocrx_word' id='word_1_247' title='bbox 658 3077 672 3099; x_wconf 91' lang='lat'><strong>,</strong></span> <span class='ocrx_word' id='word_1_248' title='bbox 702 3048 825 3089; x_wconf 92' lang='lat' dir='ltr'><strong>cum</strong></span> <span class='ocrx_word' id='word_1_249' title='bbox 856 3031 1007 3088; x_wconf 88' lang='lat' dir='ltr'><strong>verbi</strong></span> <span class='ocrx_word' id='word_1_250' title='bbox 1037 3028 1396 3085; x_wconf 83' lang='lat' dir='ltr'><strong>ministerium</strong></span> <span class='ocrx_word' id='word_1_251' title='bbox 1425 3029 1490 3083; x_wconf 90' lang='lat' dir='ltr'><strong>sit</strong></span> <span class='ocrx_word' id='word_1_252' title='bbox 1525 3029 1653 3082; x_wconf 90' lang='lat' dir='ltr'><strong>mihi</strong></span> <span class='ocrx_word' id='word_1_253' title='bbox 1685 3028 1940 3082; x_wconf 89' lang='lat' dir='ltr'><strong>commis-</strong></span> 
     </span>
    </p>
   </div>
   <div class='ocr_carea' id='block_1_30' title="bbox 349 3118 1944 3195">
    <p class='ocr_par' dir='ltr' id='par_1_30' title="bbox 349 3118 1944 3195">
     <span class='ocr_line' id='line_1_30' title="bbox 349 3118 1944 3195; baseline -0.008 -13"><span class='ocrx_word' id='word_1_254' title='bbox 349 3144 493 3183; x_wconf 89' lang='lat' dir='ltr'><strong>suut.</strong></span> <span class='ocrx_word' id='word_1_255' title='bbox 528 3126 665 3194; x_wconf 85' lang='lat' dir='ltr'><strong>Quid</strong></span> <span class='ocrx_word' id='word_1_256' title='bbox 695 3140 824 3195; x_wconf 79' lang='lat' dir='ltr'><strong>ergo</strong></span> <span class='ocrx_word' id='word_1_257' title='bbox 856 3123 1114 3179; x_wconf 89' lang='lat' dir='ltr'><strong>faciemus</strong></span> <span class='ocrx_word' id='word_1_258' title='bbox 1143 3129 1200 3174; x_wconf 91' lang='lat' dir='ltr'><strong>ut</strong></span> <span class='ocrx_word' id='word_1_259' title='bbox 1224 3119 1357 3174; x_wconf 80' lang='lat' dir='ltr'><strong>salvi</strong></span> <span class='ocrx_word' id='word_1_260' title='bbox 1382 3118 1590 3172; x_wconf 90' lang='lat' dir='ltr'><strong>simus?</strong></span> <span class='ocrx_word' id='word_1_261' title='bbox 1620 3118 1944 3187; x_wconf 88' lang='lat' dir='ltr'><strong>lncipianms</strong></span> 
     </span>
    </p>
   </div>
   <div class='ocr_carea' id='block_1_31' title="bbox 349 3209 1945 3284">
    <p class='ocr_par' dir='ltr' id='par_1_31' title="bbox 349 3209 1945 3284">
     <span class='ocr_line' id='line_1_31' title="bbox 349 3209 1945 3284; baseline -0.007 -9"><span class='ocrx_word' id='word_1_262' title='bbox 349 3237 416 3275; x_wconf 78' lang='lat' dir='ltr'><strong>ex</strong></span> <span class='ocrx_word' id='word_1_263' title='bbox 472 3221 669 3275; x_wconf 80' lang='lat' dir='ltr'><strong>virtute</strong></span> <span class='ocrx_word' id='word_1_264' title='bbox 713 3218 929 3284; x_wconf 77' lang='lat' dir='ltr'><strong>vivere,</strong></span> <span class='ocrx_word' id='word_1_265' title='bbox 961 3213 1088 3269; x_wconf 91' lang='lat' dir='ltr'><strong>dum</strong></span> <span class='ocrx_word' id='word_1_266' title='bbox 1135 3222 1348 3281; x_wconf 87' lang='lat' dir='ltr'><strong>tempus</strong></span> <span class='ocrx_word' id='word_1_267' title='bbox 1392 3209 1945 3265; x_wconf 78' lang='lat' dir='ltr'><strong>habetnuszvirtutes</strong></span> 
     </span>
    </p>
   </div>
   <div class='ocr_carea' id='block_1_32' title="bbox 353 3301 1946 3372">
    <p class='ocr_par' dir='ltr' id='par_1_32' title="bbox 353 3301 1946 3372">
     <span class='ocr_line' id='line_1_32' title="bbox 353 3301 1946 3372; baseline -0.006 -6"><span class='ocrx_word' id='word_1_268' title='bbox 353 3311 510 3366; x_wconf 86' lang='lat' dir='ltr'><strong>nobis</strong></span> <span class='ocrx_word' id='word_1_269' title='bbox 532 3309 950 3372; x_wconf 76' lang='lat' dir='ltr'><strong>distribuamus,</strong></span> <span class='ocrx_word' id='word_1_270' title='bbox 976 3304 1117 3358; x_wconf 91' lang='lat' dir='ltr'><strong>sicut</strong></span> <span class='ocrx_word' id='word_1_271' title='bbox 1151 3301 1537 3371; x_wconf 79' lang='lat' dir='ltr'><strong>agriculturam</strong></span> <span class='ocrx_word' id='word_1_272' title='bbox 1564 3301 1816 3372; x_wconf 73' lang='lat' dir='ltr'><strong>agricola:</strong></span> <span class='ocrx_word' id='word_1_273' title='bbox 1842 3318 1856 3358; x_wconf 89' lang='lat'><em>:</em></span> <span class='ocrx_word' id='word_1_274' title='bbox 1893 3302 1946 3357; x_wconf 91' lang='lat' dir='ltr'><strong>in</strong></span> 
     </span>
    </p>
   </div>
   <div class='ocr_carea' id='block_1_33' title="bbox 1049 430 2849 521">
    <p class='ocr_par' dir='ltr' id='par_1_33' title="bbox 1049 430 2849 521">
     <span class='ocr_line' id='line_1_33' title="bbox 1049 430 2849 521; baseline -0.004 -26"><span class='ocrx_word' id='word_1_275' title='bbox 1049 437 1107 495; x_wconf 71' lang='grc'><strong>8.</strong></span> <span class='ocrx_word' id='word_1_276' title='bbox 1146 436 1423 498; x_wconf 65' lang='grc' dir='ltr'><strong>ΙΟᾹΝΝΙΞ</strong></span> <span class='ocrx_word' id='word_1_277' title='bbox 1460 431 1931 493; x_wconf 66' lang='grc' dir='ltr'><strong>ειιιιγεοδτοω</strong></span> <span class='ocrx_word' id='word_1_278' title='bbox 1967 430 2281 521; x_wconf 67' lang='lat' dir='ltr'><strong>ARClllEP.</strong></span> <span class='ocrx_word' id='word_1_279' title='bbox 2320 431 2849 492; x_wconf 76' lang='lat' dir='ltr'><strong>CONSTANTlNOP.</strong></span> 
     </span>
    </p>
   </div>
   <div class='ocr_carea' id='block_1_34' title="bbox 3508 428 3610 487">
    <p class='ocr_par' dir='ltr' id='par_1_34' title="bbox 3508 428 3610 487">
     <span class='ocr_line' id='line_1_34' title="bbox 3508 428 3610 487; baseline 0.02 -3"><span class='ocrx_word' id='word_1_280' title='bbox 3508 428 3610 487; x_wconf 73' lang='grc' dir='ltr'><strong>ΗΞ</strong></span> 
     </span>
    </p>
   </div>
   <div class='ocr_carea' id='block_1_35' title="bbox 2040 537 3628 610">
    <p class='ocr_par' dir='ltr' id='par_1_35' title="bbox 2040 537 3628 610">
     <span class='ocr_line' id='line_1_35' title="bbox 2040 537 3628 610; baseline 0 -16"><span class='ocrx_word' id='word_1_281' title='bbox 2040 538 2144 596; x_wconf 92' lang='lat' dir='ltr'><strong>hoc</strong></span> <span class='ocrx_word' id='word_1_282' title='bbox 2171 556 2355 596; x_wconf 87' lang='lat' dir='ltr'><strong>mense</strong></span> <span class='ocrx_word' id='word_1_283' title='bbox 2384 554 2751 610; x_wconf 81' lang='lat' dir='ltr'><strong>expugnemus</strong></span> <span class='ocrx_word' id='word_1_284' title='bbox 2781 537 3127 592; x_wconf 86' lang='lat' dir='ltr'><strong>maledictum</strong></span> <span class='ocrx_word' id='word_1_285' title='bbox 3154 578 3170 607; x_wconf 94' lang='lat'><strong>,</strong></span> <span class='ocrx_word' id='word_1_286' title='bbox 3201 542 3584 596; x_wconf 85' lang='lat' dir='ltr'><strong>contumeliam</strong></span> <span class='ocrx_word' id='word_1_287' title='bbox 3613 584 3628 607; x_wconf 92' lang='lat'><strong>,</strong></span> 
     </span>
    </p>
   </div>
   <div class='ocr_carea' id='block_1_36' title="bbox 2040 629 3628 702">
    <p class='ocr_par' dir='ltr' id='par_1_36' title="bbox 2040 629 3628 702">
     <span class='ocr_line' id='line_1_36' title="bbox 2040 629 3628 702; baseline 0 -17"><span class='ocrx_word' id='word_1_288' title='bbox 2040 631 2176 686; x_wconf 81' lang='lat' dir='ltr'><strong>iram</strong></span> <span class='ocrx_word' id='word_1_289' title='bbox 2209 631 2458 702; x_wconf 85' lang='lat' dir='ltr'><strong>injustam</strong></span> <span class='ocrx_word' id='word_1_290' title='bbox 2482 671 2497 694; x_wconf 89' lang='lat'><strong>,</strong></span> <span class='ocrx_word' id='word_1_291' title='bbox 2526 641 2580 684; x_wconf 91' lang='lat' dir='ltr'><strong>et</strong></span> <span class='ocrx_word' id='word_1_292' title='bbox 2608 629 2763 684; x_wconf 88' lang='lat' dir='ltr'><strong>nobis</strong></span> <span class='ocrx_word' id='word_1_293' title='bbox 2790 629 3131 698; x_wconf 88' lang='lat' dir='ltr'><strong>imponamus</strong></span> <span class='ocrx_word' id='word_1_294' title='bbox 3161 629 3332 700; x_wconf 81' lang='lat' dir='ltr'><strong>legero</strong></span> <span class='ocrx_word' id='word_1_295' title='bbox 3353 672 3370 696; x_wconf 93' lang='lat'><strong>,</strong></span> <span class='ocrx_word' id='word_1_296' title='bbox 3399 640 3455 686; x_wconf 91' lang='lat' dir='ltr'><strong>et</strong></span> <span class='ocrx_word' id='word_1_297' title='bbox 3478 632 3628 687; x_wconf 83' lang='lat' dir='ltr'><strong>dica-</strong></span> 
     </span>
    </p>
   </div>
   <div class='ocr_carea' id='block_1_37' title="bbox 2040 720 3631 791">
    <p class='ocr_par' dir='ltr' id='par_1_37' title="bbox 2040 720 3631 791">
     <span class='ocr_line' id='line_1_37' title="bbox 2040 720 3631 791; baseline 0.001 -12"><span class='ocrx_word' id='word_1_298' title='bbox 2040 739 2195 791; x_wconf 86' lang='lat' dir='ltr'><strong>mus,</strong></span> <span class='ocrx_word' id='word_1_299' title='bbox 2227 725 2397 779; x_wconf 90' lang='lat' dir='ltr'><strong>llodie</strong></span> <span class='ocrx_word' id='word_1_300' title='bbox 2446 723 2548 777; x_wconf 92' lang='lat' dir='ltr'><strong>hoc</strong></span> <span class='ocrx_word' id='word_1_301' title='bbox 2575 733 2721 777; x_wconf 89' lang='lat' dir='ltr'><strong>recte</strong></span> <span class='ocrx_word' id='word_1_302' title='bbox 2760 720 3019 777; x_wconf 87' lang='lat' dir='ltr'><strong>faciemus</strong></span> <span class='ocrx_word' id='word_1_303' title='bbox 3067 739 3081 776; x_wconf 88' lang='lat'><strong>:</strong></span> <span class='ocrx_word' id='word_1_304' title='bbox 3123 730 3178 777; x_wconf 88' lang='lat' dir='ltr'><strong>et</strong></span> <span class='ocrx_word' id='word_1_305' title='bbox 3217 725 3267 776; x_wconf 84' lang='lat' dir='ltr'><strong>iit</strong></span> <span class='ocrx_word' id='word_1_306' title='bbox 3308 723 3416 777; x_wconf 82' lang='lat' dir='ltr'><strong>alio</strong></span> <span class='ocrx_word' id='word_1_307' title='bbox 3444 735 3631 782; x_wconf 77' lang='lat' dir='ltr'><strong>mense</strong></span> 
     </span>
    </p>
   </div>
   <div class='ocr_carea' id='block_1_38' title="bbox 2038 813 3629 886">
    <p class='ocr_par' dir='ltr' id='par_1_38' title="bbox 2038 813 3629 886">
     <span class='ocr_line' id='line_1_38' title="bbox 2038 813 3629 886; baseline -0.001 -15"><span class='ocrx_word' id='word_1_308' title='bbox 2038 831 2140 871; x_wconf 89' lang='lat' dir='ltr'><strong>nos</strong></span> <span class='ocrx_word' id='word_1_309' title='bbox 2163 818 2308 886; x_wconf 92' lang='lat' dir='ltr'><strong>ipsos</strong></span> <span class='ocrx_word' id='word_1_310' title='bbox 2336 816 2627 870; x_wconf 89' lang='lat' dir='ltr'><strong>doceamus</strong></span> <span class='ocrx_word' id='word_1_311' title='bbox 2655 814 2968 883; x_wconf 86' lang='lat' dir='ltr'><strong>patientiam</strong></span> <span class='ocrx_word' id='word_1_312' title='bbox 2996 855 3012 880; x_wconf 95' lang='lat'><strong>,</strong></span> <span class='ocrx_word' id='word_1_313' title='bbox 3043 821 3097 867; x_wconf 90' lang='lat' dir='ltr'><strong>et</strong></span> <span class='ocrx_word' id='word_1_314' title='bbox 3124 813 3176 867; x_wconf 92' lang='lat' dir='ltr'><strong>in</strong></span> <span class='ocrx_word' id='word_1_315' title='bbox 3204 813 3312 869; x_wconf 84' lang='lat' dir='ltr'><strong>alio</strong></span> <span class='ocrx_word' id='word_1_316' title='bbox 3334 815 3492 869; x_wconf 88' lang='lat' dir='ltr'><strong>aliam</strong></span> <span class='ocrx_word' id='word_1_317' title='bbox 3520 817 3629 870; x_wconf 90' lang='lat' dir='ltr'><strong>vir-</strong></span> 
     </span>
    </p>
   </div>
   <div class='ocr_carea' id='block_1_39' title="bbox 2042 906 3629 977">
    <p class='ocr_par' dir='ltr' id='par_1_39' title="bbox 2042 906 3629 977">
     <span class='ocr_line' id='line_1_39' title="bbox 2042 906 3629 977; baseline 0 -13"><span class='ocrx_word' id='word_1_318' title='bbox 2042 918 2207 964; x_wconf 89' lang='lat' dir='ltr'><strong>tutem</strong></span> <span class='ocrx_word' id='word_1_319' title='bbox 2236 951 2252 976; x_wconf 93' lang='lat'><strong>,</strong></span> <span class='ocrx_word' id='word_1_320' title='bbox 2294 918 2348 962; x_wconf 90' lang='lat' dir='ltr'><strong>et</strong></span> <span class='ocrx_word' id='word_1_321' title='bbox 2374 923 2496 962; x_wconf 90' lang='lat' dir='ltr'><strong>cum</strong></span> <span class='ocrx_word' id='word_1_322' title='bbox 2523 907 2589 962; x_wconf 93' lang='lat' dir='ltr'><strong>ad</strong></span> <span class='ocrx_word' id='word_1_323' title='bbox 2615 906 2771 976; x_wconf 84' lang='lat' dir='ltr'><strong>hujus</strong></span> <span class='ocrx_word' id='word_1_324' title='bbox 2799 906 3012 969; x_wconf 84' lang='lat' dir='ltr'><strong>virtutis</strong></span> <span class='ocrx_word' id='word_1_325' title='bbox 3044 909 3445 977; x_wconf 88' lang='lat' dir='ltr'><strong>pervenerinms</strong></span> <span class='ocrx_word' id='word_1_326' title='bbox 3476 910 3629 964; x_wconf 86' lang='lat' dir='ltr'><strong>habi-</strong></span> 
     </span>
    </p>
   </div>
   <div class='ocr_carea' id='block_1_40' title="bbox 2042 997 3631 1069">
    <p class='ocr_par' dir='ltr' id='par_1_40' title="bbox 2042 997 3631 1069">
     <span class='ocr_line' id='line_1_40' title="bbox 2042 997 3631 1069; baseline -0.001 -13"><span class='ocrx_word' id='word_1_327' title='bbox 2042 1010 2152 1056; x_wconf 91' lang='lat' dir='ltr'><strong>tum</strong></span> <span class='ocrx_word' id='word_1_328' title='bbox 2178 1043 2194 1068; x_wconf 89' lang='lat'><strong>,</strong></span> <span class='ocrx_word' id='word_1_329' title='bbox 2239 1000 2518 1055; x_wconf 86' lang='lat' dir='ltr'><strong>veniamus</strong></span> <span class='ocrx_word' id='word_1_330' title='bbox 2537 999 2604 1053; x_wconf 90' lang='lat' dir='ltr'><strong>ad</strong></span> <span class='ocrx_word' id='word_1_331' title='bbox 2635 1000 2811 1064; x_wconf 87' lang='lat' dir='ltr'><strong>aliam,</strong></span> <span class='ocrx_word' id='word_1_332' title='bbox 2843 998 2979 1053; x_wconf 91' lang='lat' dir='ltr'><strong>sicut</strong></span> <span class='ocrx_word' id='word_1_333' title='bbox 3014 999 3068 1053; x_wconf 88' lang='lat' dir='ltr'><strong>itt</strong></span> <span class='ocrx_word' id='word_1_334' title='bbox 3095 997 3393 1069; x_wconf 74' lang='lat' dir='ltr'><strong>disciplinis</strong></span> <span class='ocrx_word' id='word_1_335' title='bbox 3422 1015 3485 1054; x_wconf 89' lang='lat' dir='ltr'><strong>ea</strong></span> <span class='ocrx_word' id='word_1_336' title='bbox 3511 1017 3631 1069; x_wconf 85' lang='lat' dir='ltr'><strong>quae</strong></span> 
     </span>
    </p>
   </div>
   <div class='ocr_carea' id='block_1_41' title="bbox 2041 1089 3632 1162">
    <p class='ocr_par' dir='ltr' id='par_1_41' title="bbox 2041 1089 3632 1162">
     <span class='ocr_line' id='line_1_41' title="bbox 2041 1089 3632 1162; baseline -0.003 -12"><span class='ocrx_word' id='word_1_337' title='bbox 2041 1102 2171 1150; x_wconf 89' lang='lat' dir='ltr'><strong>sunt</strong></span> <span class='ocrx_word' id='word_1_338' title='bbox 2199 1091 2461 1162; x_wconf 88' lang='lat' dir='ltr'><strong>acquisita</strong></span> <span class='ocrx_word' id='word_1_339' title='bbox 2491 1100 2809 1154; x_wconf 83' lang='lat' dir='ltr'><strong>servantes,</strong></span> <span class='ocrx_word' id='word_1_340' title='bbox 2852 1099 2908 1143; x_wconf 90' lang='lat' dir='ltr'><strong>et</strong></span> <span class='ocrx_word' id='word_1_341' title='bbox 2946 1089 3049 1153; x_wconf 86' lang='lat' dir='ltr'><strong>alia</strong></span> <span class='ocrx_word' id='word_1_342' title='bbox 3096 1100 3454 1146; x_wconf 88' lang='lat' dir='ltr'><strong>assumentes.</strong></span> <span class='ocrx_word' id='word_1_343' title='bbox 3503 1091 3632 1146; x_wconf 77' lang='lat' dir='ltr'><strong>Post</strong></span> 
     </span>
    </p>
   </div>
   <div class='ocr_carea' id='block_1_42' title="bbox 2042 1182 3631 1266">
    <p class='ocr_par' dir='ltr' id='par_1_42' title="bbox 2042 1182 3631 1266">
     <span class='ocr_line' id='line_1_42' title="bbox 2042 1182 3631 1266; baseline -0.002 -26"><span class='ocrx_word' id='word_1_344' title='bbox 2042 1186 2187 1240; x_wconf 85' lang='lat' dir='ltr'><strong>illam</strong></span> <span class='ocrx_word' id='word_1_345' title='bbox 2217 1184 2498 1240; x_wconf 87' lang='lat' dir='ltr'><strong>ve&#39;niamus</strong></span> <span class='ocrx_word' id='word_1_346' title='bbox 2538 1182 2609 1237; x_wconf 92' lang='lat' dir='ltr'><strong>ad</strong></span> <span class='ocrx_word' id='word_1_347' title='bbox 2651 1190 3020 1266; x_wconf 78' lang='lat' dir='ltr'><strong>contemptum</strong></span> <span class='ocrx_word' id='word_1_348' title='bbox 3065 1184 3307 1251; x_wconf 80' lang='lat' dir='ltr'><strong>pecunia:</strong></span> <span class='ocrx_word' id='word_1_349' title='bbox 3335 1199 3377 1238; x_wconf 54' lang='grc' dir='ltr'><strong>εκ</strong></span> <span class='ocrx_word' id='word_1_350' title='bbox 3396 1183 3631 1253; x_wconf 89' lang='lat' dir='ltr'><strong>primum</strong></span> 
     </span>
    </p>
   </div>
   <div class='ocr_carea' id='block_1_43' title="bbox 2042 1271 3632 1343">
    <p class='ocr_par' dir='ltr' id='par_1_43' title="bbox 2042 1271 3632 1343">
     <span class='ocr_line' id='line_1_43' title="bbox 2042 1271 3632 1343; baseline -0.001 -11"><span class='ocrx_word' id='word_1_351' title='bbox 2042 1291 2233 1332; x_wconf 87' lang='lat' dir='ltr'><strong>manus</strong></span> <span class='ocrx_word' id='word_1_352' title='bbox 2273 1274 2646 1332; x_wconf 86' lang='lat' dir='ltr'><strong>contineamus</strong></span> <span class='ocrx_word' id='word_1_353' title='bbox 2700 1274 2769 1328; x_wconf 91' lang='lat' dir='ltr'><strong>ab</strong></span> <span class='ocrx_word' id='word_1_354' title='bbox 2821 1271 3046 1337; x_wconf 85' lang='lat' dir='ltr'><strong>avaritia</strong></span> <span class='ocrx_word' id='word_1_355' title='bbox 3095 1281 3151 1328; x_wconf 90' lang='lat' dir='ltr'><strong>et</strong></span> <span class='ocrx_word' id='word_1_356' title='bbox 3198 1273 3348 1343; x_wconf 88' lang='lat' dir='ltr'><strong>plura</strong></span> <span class='ocrx_word' id='word_1_357' title='bbox 3399 1274 3632 1330; x_wconf 82' lang='lat' dir='ltr'><strong>habendi</strong></span> 
     </span>
    </p>
   </div>
   <div class='ocr_carea' id='block_1_44' title="bbox 2046 1365 3635 1440">
    <p class='ocr_par' dir='ltr' id='par_1_44' title="bbox 2046 1365 3635 1440">
     <span class='ocr_line' id='line_1_44' title="bbox 2046 1365 3635 1440; baseline -0.001 -16"><span class='ocrx_word' id='word_1_358' title='bbox 2046 1368 2362 1440; x_wconf 87' lang='lat' dir='ltr'><strong>cupiditate,</strong></span> <span class='ocrx_word' id='word_1_359' title='bbox 2390 1376 2446 1422; x_wconf 91' lang='lat' dir='ltr'><strong>et</strong></span> <span class='ocrx_word' id='word_1_360' title='bbox 2475 1375 2600 1421; x_wconf 92' lang='lat' dir='ltr'><strong>tunc</strong></span> <span class='ocrx_word' id='word_1_361' title='bbox 2631 1365 2887 1421; x_wconf 88' lang='lat' dir='ltr'><strong>faciamus</strong></span> <span class='ocrx_word' id='word_1_362' title='bbox 2916 1365 3312 1437; x_wconf 82' lang='lat' dir='ltr'><strong>eleemosynam</strong></span> <span class='ocrx_word' id='word_1_363' title='bbox 3339 1384 3352 1420; x_wconf 89' lang='lat'><strong>:</strong></span> <span class='ocrx_word' id='word_1_364' title='bbox 3384 1384 3489 1423; x_wconf 92' lang='lat' dir='ltr'><strong>non</strong></span> <span class='ocrx_word' id='word_1_365' title='bbox 3517 1383 3635 1424; x_wconf 87' lang='lat' dir='ltr'><strong>ont-</strong></span> 
     </span>
    </p>
   </div>
   <div class='ocr_carea' id='block_1_45' title="bbox 2043 1455 3635 1528">
    <p class='ocr_par' dir='ltr' id='par_1_45' title="bbox 2043 1455 3635 1528">
     <span class='ocr_line' id='line_1_45' title="bbox 2043 1455 3635 1528; baseline -0.002 -13"><span class='ocrx_word' id='word_1_366' title='bbox 2043 1461 2129 1515; x_wconf 90' lang='lat' dir='ltr'><strong>nia</strong></span> <span class='ocrx_word' id='word_1_367' title='bbox 2163 1470 2367 1515; x_wconf 91' lang='lat' dir='ltr'><strong>temere</strong></span> <span class='ocrx_word' id='word_1_368' title='bbox 2393 1455 2807 1523; x_wconf 89' lang='lat' dir='ltr'><strong>confundamus,</strong></span> <span class='ocrx_word' id='word_1_369' title='bbox 2842 1455 3029 1511; x_wconf 88' lang='lat' dir='ltr'><strong>iisdem</strong></span> <span class='ocrx_word' id='word_1_370' title='bbox 3060 1457 3306 1512; x_wconf 82' lang='lat' dir='ltr'><strong>manibus</strong></span> <span class='ocrx_word' id='word_1_371' title='bbox 3334 1466 3389 1513; x_wconf 91' lang='lat' dir='ltr'><strong>et</strong></span> <span class='ocrx_word' id='word_1_372' title='bbox 3419 1459 3635 1528; x_wconf 82' lang='lat' dir='ltr'><strong>rapien-</strong></span> 
     </span>
    </p>
   </div>
   <div class='ocr_carea' id='block_1_46' title="bbox 2046 1547 3634 1618">
    <p class='ocr_par' dir='ltr' id='par_1_46' title="bbox 2046 1547 3634 1618">
     <span class='ocr_line' id='line_1_46' title="bbox 2046 1547 3634 1618; baseline -0.001 -13"><span class='ocrx_word' id='word_1_373' title='bbox 2046 1562 2127 1607; x_wconf 90' lang='lat' dir='ltr'><strong>tes</strong></span> <span class='ocrx_word' id='word_1_374' title='bbox 2151 1559 2207 1606; x_wconf 91' lang='lat' dir='ltr'><strong>et</strong></span> <span class='ocrx_word' id='word_1_375' title='bbox 2235 1550 2427 1605; x_wconf 89' lang='lat' dir='ltr'><strong>dantes</strong></span> <span class='ocrx_word' id='word_1_376' title='bbox 2457 1549 2858 1618; x_wconf 87' lang='lat' dir='ltr'><strong>eleemosynam</strong></span> <span class='ocrx_word' id='word_1_377' title='bbox 2885 1565 2898 1600; x_wconf 89' lang='lat'><strong>:</strong></span> <span class='ocrx_word' id='word_1_378' title='bbox 2933 1556 3116 1617; x_wconf 86' lang='lat' dir='ltr'><strong>postea</strong></span> <span class='ocrx_word' id='word_1_379' title='bbox 3160 1548 3227 1602; x_wconf 90' lang='lat' dir='ltr'><strong>ad</strong></span> <span class='ocrx_word' id='word_1_380' title='bbox 3274 1547 3431 1607; x_wconf 84' lang='lat' dir='ltr'><strong>aliam</strong></span> <span class='ocrx_word' id='word_1_381' title='bbox 3464 1550 3634 1604; x_wconf 88' lang='lat' dir='ltr'><strong>virtu-</strong></span> 
     </span>
    </p>
   </div>
   <div class='ocr_carea' id='block_1_47' title="bbox 2047 1637 3635 1710">
    <p class='ocr_par' dir='ltr' id='par_1_47' title="bbox 2047 1637 3635 1710">
     <span class='ocr_line' id='line_1_47' title="bbox 2047 1637 3635 1710; baseline -0.001 -13"><span class='ocrx_word' id='word_1_382' title='bbox 2047 1653 2153 1699; x_wconf 90' lang='lat' dir='ltr'><strong>tem</strong></span> <span class='ocrx_word' id='word_1_383' title='bbox 2177 1684 2191 1708; x_wconf 95' lang='lat'><strong>,</strong></span> <span class='ocrx_word' id='word_1_384' title='bbox 2222 1650 2277 1697; x_wconf 87' lang='lat' dir='ltr'><strong>et</strong></span> <span class='ocrx_word' id='word_1_385' title='bbox 2305 1641 2375 1696; x_wconf 86' lang='lat' dir='ltr'><strong>ab</strong></span> <span class='ocrx_word' id='word_1_386' title='bbox 2406 1639 2496 1695; x_wconf 85' lang='lat' dir='ltr'><strong>illa</strong></span> <span class='ocrx_word' id='word_1_387' title='bbox 2523 1638 2589 1694; x_wconf 87' lang='lat' dir='ltr'><strong>ad</strong></span> <span class='ocrx_word' id='word_1_388' title='bbox 2615 1639 2796 1693; x_wconf 90' lang='lat' dir='ltr'><strong>aliam.</strong></span> <span class='ocrx_word' id='word_1_389' title='bbox 2835 1637 3119 1709; x_wconf 80' lang='lat' dir='ltr'><strong>Turpitudo</strong></span> <span class='ocrx_word' id='word_1_390' title='bbox 3166 1650 3213 1694; x_wconf 89' lang='lat' dir='ltr'><strong>et</strong></span> <span class='ocrx_word' id='word_1_391' title='bbox 3260 1642 3635 1710; x_wconf 79' lang='lat' dir='ltr'><strong>stultiloquium</strong></span> 
     </span>
    </p>
   </div>
   <div class='ocr_carea' id='block_1_48' title="bbox 2046 1731 3633 1805">
    <p class='ocr_par' dir='ltr' id='par_1_48' title="bbox 2046 1731 3633 1805">
     <span class='ocr_line' id='line_1_48' title="bbox 2046 1731 3633 1805; baseline -0.001 -15"><span class='ocrx_word' id='word_1_392' title='bbox 2046 1746 2093 1790; x_wconf 84' lang='lat' dir='ltr'><strong>et</strong></span> <span class='ocrx_word' id='word_1_393' title='bbox 2131 1734 2417 1790; x_wconf 73' lang='lat' dir='ltr'><strong>scurrilitas</strong></span> <span class='ocrx_word' id='word_1_394' title='bbox 2447 1748 2508 1787; x_wconf 90' lang='lat' dir='ltr'><strong>ne</strong></span> <span class='ocrx_word' id='word_1_395' title='bbox 2553 1732 2843 1786; x_wconf 84' lang='lat' dir='ltr'><strong>nominetur</strong></span> <span class='ocrx_word' id='word_1_396' title='bbox 2870 1731 3077 1802; x_wconf 84' lang='lat' dir='ltr'><strong>quidem</strong></span> <span class='ocrx_word' id='word_1_397' title='bbox 3114 1733 3254 1802; x_wconf 82' lang='lat' dir='ltr'><strong>apud</strong></span> <span class='ocrx_word' id='word_1_398' title='bbox 3292 1750 3378 1787; x_wconf 80' lang='lat' dir='ltr'><strong>vos</strong></span> <span class='ocrx_word' id='word_1_399' title='bbox 3406 1732 3633 1805; x_wconf 73' lang='lat' dir='ltr'><strong>(Ep/tes.</strong></span> 
     </span>
    </p>
   </div>
   <div class='ocr_carea' id='block_1_49' title="bbox 2045 1823 3640 1895">
    <p class='ocr_par' dir='ltr' id='par_1_49' title="bbox 2045 1823 3640 1895">
     <span class='ocr_line' id='line_1_49' title="bbox 2045 1823 3640 1895; baseline 0 -14"><span class='ocrx_word' id='word_1_400' title='bbox 2045 1826 2099 1881; x_wconf 83' lang='lat'><strong>5.</strong></span> <span class='ocrx_word' id='word_1_401' title='bbox 2161 1823 2241 1895; x_wconf 69' lang='grc'><strong>4).</strong></span> <span class='ocrx_word' id='word_1_402' title='bbox 2302 1823 2427 1879; x_wconf 71' lang='grc' dir='ltr'>ιιωε</span> <span class='ocrx_word' id='word_1_403' title='bbox 2469 1823 2681 1877; x_wconf 91' lang='lat' dir='ltr'><strong>interim</strong></span> <span class='ocrx_word' id='word_1_404' title='bbox 2718 1831 2866 1877; x_wconf 88' lang='lat' dir='ltr'><strong>recte</strong></span> <span class='ocrx_word' id='word_1_405' title='bbox 2914 1837 3188 1893; x_wconf 78' lang='lat' dir='ltr'><strong>geramus.</strong></span> <span class='ocrx_word' id='word_1_406' title='bbox 3238 1823 3354 1877; x_wconf 86' lang='lat' dir='ltr'><strong>Non</strong></span> <span class='ocrx_word' id='word_1_407' title='bbox 3387 1841 3521 1893; x_wconf 90' lang='lat' dir='ltr'><strong>opus</strong></span> <span class='ocrx_word' id='word_1_408' title='bbox 3556 1838 3640 1881; x_wconf 81' lang='lat' dir='ltr'><strong>est</strong></span> 
     </span>
    </p>
   </div>
   <div class='ocr_carea' id='block_1_50' title="bbox 2045 1911 3641 1984">
    <p class='ocr_par' dir='ltr' id='par_1_50' title="bbox 2045 1911 3641 1984">
     <span class='ocr_line' id='line_1_50' title="bbox 2045 1911 3641 1984; baseline 0.002 -13"><span class='ocrx_word' id='word_1_409' title='bbox 2045 1924 2260 1984; x_wconf 87' lang='lat' dir='ltr'><strong>sumptu</strong></span> <span class='ocrx_word' id='word_1_410' title='bbox 2283 1954 2299 1979; x_wconf 92' lang='lat'><strong>,</strong></span> <span class='ocrx_word' id='word_1_411' title='bbox 2344 1928 2449 1967; x_wconf 92' lang='lat' dir='ltr'><strong>non</strong></span> <span class='ocrx_word' id='word_1_412' title='bbox 2490 1913 2674 1969; x_wconf 87' lang='lat' dir='ltr'><strong>labore</strong></span> <span class='ocrx_word' id='word_1_413' title='bbox 2694 1954 2710 1978; x_wconf 93' lang='lat'><strong>,</strong></span> <span class='ocrx_word' id='word_1_414' title='bbox 2741 1928 2847 1968; x_wconf 90' lang='lat' dir='ltr'><strong>non</strong></span> <span class='ocrx_word' id='word_1_415' title='bbox 2878 1911 3115 1969; x_wconf 84' lang='lat' dir='ltr'><strong>sudore:</strong></span> <span class='ocrx_word' id='word_1_416' title='bbox 3145 1913 3343 1969; x_wconf 83' lang='lat' dir='ltr'><strong>sufficit</strong></span> <span class='ocrx_word' id='word_1_417' title='bbox 3372 1916 3511 1972; x_wconf 87' lang='lat' dir='ltr'><strong>velle</strong></span> <span class='ocrx_word' id='word_1_418' title='bbox 3531 1958 3547 1982; x_wconf 91' lang='lat'><strong>,</strong></span> <span class='ocrx_word' id='word_1_419' title='bbox 3584 1928 3641 1974; x_wconf 86' lang='lat' dir='ltr'><strong>et</strong></span> 
     </span>
    </p>
   </div>
   <div class='ocr_carea' id='block_1_51' title="bbox 2047 2005 3638 2077">
    <p class='ocr_par' dir='ltr' id='par_1_51' title="bbox 2047 2005 3638 2077">
     <span class='ocr_line' id='line_1_51' title="bbox 2047 2005 3638 2077; baseline 0.001 -14"><span class='ocrx_word' id='word_1_420' title='bbox 2047 2006 2296 2063; x_wconf 86' lang='lat' dir='ltr'><strong>conlecta</strong></span> <span class='ocrx_word' id='word_1_421' title='bbox 2327 2014 2454 2061; x_wconf 92' lang='lat' dir='ltr'><strong>sunt</strong></span> <span class='ocrx_word' id='word_1_422' title='bbox 2474 2007 2672 2060; x_wconf 86' lang='lat' dir='ltr'><strong>omnia.</strong></span> <span class='ocrx_word' id='word_1_423' title='bbox 2704 2005 2820 2061; x_wconf 85' lang='lat' dir='ltr'><strong>Non</strong></span> <span class='ocrx_word' id='word_1_424' title='bbox 2845 2016 2929 2073; x_wconf 85' lang='lat' dir='ltr'><strong>est</strong></span> <span class='ocrx_word' id='word_1_425' title='bbox 2954 2021 3090 2076; x_wconf 89' lang='lat' dir='ltr'><strong>opus</strong></span> <span class='ocrx_word' id='word_1_426' title='bbox 3119 2024 3363 2077; x_wconf 80' lang='lat' dir='ltr'><strong>magnam</strong></span> <span class='ocrx_word' id='word_1_427' title='bbox 3388 2010 3523 2064; x_wconf 83' lang='lat' dir='ltr'><strong>viam</strong></span> <span class='ocrx_word' id='word_1_428' title='bbox 3553 2012 3638 2065; x_wconf 85' lang='lat' dir='ltr'><strong>itt-</strong></span> 
     </span>
    </p>
   </div>
   <div class='ocr_carea' id='block_1_52' title="bbox 2047 2097 3640 2171">
    <p class='ocr_par' dir='ltr' id='par_1_52' title="bbox 2047 2097 3640 2171">
     <span class='ocr_line' id='line_1_52' title="bbox 2047 2097 3640 2171; baseline 0.001 -19"><span class='ocrx_word' id='word_1_429' title='bbox 2047 2098 2219 2171; x_wconf 86' lang='lat' dir='ltr'><strong>gredi,</strong></span> <span class='ocrx_word' id='word_1_430' title='bbox 2252 2113 2423 2167; x_wconf 87' lang='lat' dir='ltr'><strong>neque</strong></span> <span class='ocrx_word' id='word_1_431' title='bbox 2451 2097 2768 2153; x_wconf 89' lang='lat' dir='ltr'><strong>immensum</strong></span> <span class='ocrx_word' id='word_1_432' title='bbox 2818 2113 2967 2153; x_wconf 89' lang='lat' dir='ltr'><strong>mare</strong></span> <span class='ocrx_word' id='word_1_433' title='bbox 2994 2099 3373 2168; x_wconf 79' lang='lat' dir='ltr'><strong>transmittere,</strong></span> <span class='ocrx_word' id='word_1_434' title='bbox 3405 2100 3499 2157; x_wconf 85' lang='lat' dir='ltr'><strong>sed</strong></span> <span class='ocrx_word' id='word_1_435' title='bbox 3529 2114 3640 2156; x_wconf 78' lang='lat' dir='ltr'><strong>stu-</strong></span> 
     </span>
    </p>
   </div>
   <div class='ocr_carea' id='block_1_53' title="bbox 2041 2188 3629 2264">
    <p class='ocr_par' dir='ltr' id='par_1_53' title="bbox 2041 2188 3629 2264">
     <span class='ocr_line' id='line_1_53' title="bbox 2041 2188 3629 2264; baseline 0.004 -22"><span class='ocrx_word' id='word_1_436' title='bbox 2041 2190 2184 2244; x_wconf 88' lang='lat' dir='ltr'><strong>dium</strong></span> <span class='ocrx_word' id='word_1_437' title='bbox 2222 2188 2478 2246; x_wconf 87' lang='lat' dir='ltr'><strong>adltibere</strong></span> <span class='ocrx_word' id='word_1_438' title='bbox 2513 2202 2567 2247; x_wconf 89' lang='lat' dir='ltr'><strong>et</strong></span> <span class='ocrx_word' id='word_1_439' title='bbox 2601 2209 2721 2249; x_wconf 86' lang='lat' dir='ltr'><strong>esse</strong></span> <span class='ocrx_word' id='word_1_440' title='bbox 2762 2205 3007 2264; x_wconf 85' lang='lat' dir='ltr'><strong>prompto</strong></span> <span class='ocrx_word' id='word_1_441' title='bbox 3035 2206 3088 2250; x_wconf 91' lang='lat' dir='ltr'><strong>et</strong></span> <span class='ocrx_word' id='word_1_442' title='bbox 3119 2195 3280 2250; x_wconf 89' lang='lat' dir='ltr'><strong>alacri</strong></span> <span class='ocrx_word' id='word_1_443' title='bbox 3325 2195 3504 2251; x_wconf 88' lang='lat' dir='ltr'><strong>animo</strong></span> <span class='ocrx_word' id='word_1_444' title='bbox 3527 2235 3542 2260; x_wconf 88' lang='lat'><strong>,</strong></span> <span class='ocrx_word' id='word_1_445' title='bbox 3572 2203 3629 2249; x_wconf 87' lang='lat' dir='ltr'><strong>et</strong></span> 
     </span>
    </p>
   </div>
   <div class='ocr_carea' id='block_1_54' title="bbox 2044 2280 3630 2356">
    <p class='ocr_par' dir='ltr' id='par_1_54' title="bbox 2044 2280 3630 2356">
     <span class='ocr_line' id='line_1_54' title="bbox 2044 2280 3630 2356; baseline 0.004 -23"><span class='ocrx_word' id='word_1_446' title='bbox 2044 2280 2236 2350; x_wconf 84' lang='lat' dir='ltr'><strong>linguae</strong></span> <span class='ocrx_word' id='word_1_447' title='bbox 2267 2280 2473 2336; x_wconf 82' lang='lat' dir='ltr'><strong>frenum</strong></span> <span class='ocrx_word' id='word_1_448' title='bbox 2493 2283 2766 2354; x_wconf 84' lang='lat' dir='ltr'><strong>imponere</strong></span> <span class='ocrx_word' id='word_1_449' title='bbox 2790 2296 2975 2341; x_wconf 87' lang='lat' dir='ltr'><strong>contra</strong></span> <span class='ocrx_word' id='word_1_450' title='bbox 2998 2287 3324 2356; x_wconf 83' lang='lat' dir='ltr'><strong>importunas</strong></span> <span class='ocrx_word' id='word_1_451' title='bbox 3352 2296 3630 2340; x_wconf 71' lang='lat' dir='ltr'><strong>corname-</strong></span> 
     </span>
    </p>
   </div>
   <div class='ocr_carea' id='block_1_55' title="bbox 2045 2369 3628 2445">
    <p class='ocr_par' dir='ltr' id='par_1_55' title="bbox 2045 2369 3628 2445">
     <span class='ocr_line' id='line_1_55' title="bbox 2045 2369 3628 2445; baseline 0.003 -21"><span class='ocrx_word' id='word_1_452' title='bbox 2045 2372 2161 2424; x_wconf 87' lang='lat' dir='ltr'><strong>lias.</strong></span> <span class='ocrx_word' id='word_1_453' title='bbox 2197 2369 2338 2435; x_wconf 87' lang='lat' dir='ltr'><strong>lras,</strong></span> <span class='ocrx_word' id='word_1_454' title='bbox 2377 2372 2611 2443; x_wconf 88' lang='lat' dir='ltr'><strong>itnpuras</strong></span> <span class='ocrx_word' id='word_1_455' title='bbox 2653 2374 2902 2431; x_wconf 88' lang='lat' dir='ltr'><strong>libidines</strong></span> <span class='ocrx_word' id='word_1_456' title='bbox 2923 2418 2938 2441; x_wconf 93' lang='lat'><strong>,</strong></span> <span class='ocrx_word' id='word_1_457' title='bbox 2964 2376 3222 2442; x_wconf 84' lang='lat' dir='ltr'><strong>delicias,</strong></span> <span class='ocrx_word' id='word_1_458' title='bbox 3255 2387 3502 2445; x_wconf 87' lang='lat' dir='ltr'><strong>sumptus</strong></span> <span class='ocrx_word' id='word_1_459' title='bbox 3545 2375 3628 2429; x_wconf 66' lang='lat' dir='ltr'><strong>nio</strong></span> 
     </span>
    </p>
   </div>
   <div class='ocr_carea' id='block_1_56' title="bbox 2046 2464 3630 2539">
    <p class='ocr_par' dir='ltr' id='par_1_56' title="bbox 2046 2464 3630 2539">
     <span class='ocr_line' id='line_1_56' title="bbox 2046 2464 3630 2539; baseline 0.003 -24"><span class='ocrx_word' id='word_1_460' title='bbox 2046 2464 2217 2529; x_wconf 72' lang='lat' dir='ltr'><strong>auios,</strong></span> <span class='ocrx_word' id='word_1_461' title='bbox 2270 2467 2512 2534; x_wconf 77' lang='lat' dir='ltr'><strong>pecunia:</strong></span> <span class='ocrx_word' id='word_1_462' title='bbox 2552 2469 2873 2537; x_wconf 86' lang='lat' dir='ltr'><strong>cupiditates</strong></span> <span class='ocrx_word' id='word_1_463' title='bbox 2898 2511 2913 2534; x_wconf 94' lang='lat'><strong>,</strong></span> <span class='ocrx_word' id='word_1_464' title='bbox 2948 2469 3179 2539; x_wconf 83' lang='lat' dir='ltr'><strong>perjuria</strong></span> <span class='ocrx_word' id='word_1_465' title='bbox 3229 2478 3285 2524; x_wconf 85' lang='lat' dir='ltr'><strong>et</strong></span> <span class='ocrx_word' id='word_1_466' title='bbox 3326 2467 3630 2538; x_wconf 71' lang='lat' dir='ltr'><strong>iuramenta</strong></span> 
     </span>
    </p>
   </div>
   <div class='ocr_carea' id='block_1_57' title="bbox 2044 2554 3631 2628">
    <p class='ocr_par' dir='ltr' id='par_1_57' title="bbox 2044 2554 3631 2628">
     <span class='ocr_line' id='line_1_57' title="bbox 2044 2554 3631 2628; baseline 0.004 -22"><span class='ocrx_word' id='word_1_467' title='bbox 2044 2554 2257 2609; x_wconf 85' lang='lat' dir='ltr'><strong>assidua</strong></span> <span class='ocrx_word' id='word_1_468' title='bbox 2289 2571 2316 2609; x_wconf 86' lang='lat' dir='ltr'><strong>a</strong></span> <span class='ocrx_word' id='word_1_469' title='bbox 2351 2568 2528 2612; x_wconf 83' lang='lat' dir='ltr'><strong>nostra</strong></span> <span class='ocrx_word' id='word_1_470' title='bbox 2551 2559 2895 2628; x_wconf 83' lang='lat' dir='ltr'><strong>expellamns</strong></span> <span class='ocrx_word' id='word_1_471' title='bbox 2923 2561 3123 2614; x_wconf 89' lang='lat' dir='ltr'><strong>anima.</strong></span> <span class='ocrx_word' id='word_1_472' title='bbox 3156 2559 3213 2615; x_wconf 90' lang='lat' dir='ltr'><strong>Si</strong></span> <span class='ocrx_word' id='word_1_473' title='bbox 3244 2574 3341 2615; x_wconf 88' lang='lat' dir='ltr'><strong>nos</strong></span> <span class='ocrx_word' id='word_1_474' title='bbox 3367 2559 3445 2616; x_wconf 90' lang='lat' dir='ltr'><strong>sic</strong></span> <span class='ocrx_word' id='word_1_475' title='bbox 3483 2557 3631 2612; x_wconf 89' lang='lat' dir='ltr'><strong>cola-</strong></span> 
     </span>
    </p>
   </div>
   <div class='ocr_carea' id='block_1_58' title="bbox 2045 2647 3632 2719">
    <p class='ocr_par' dir='ltr' id='par_1_58' title="bbox 2045 2647 3632 2719">
     <span class='ocr_line' id='line_1_58' title="bbox 2045 2647 3632 2719; baseline 0.001 -20"><span class='ocrx_word' id='word_1_476' title='bbox 2045 2659 2198 2713; x_wconf 90' lang='lat' dir='ltr'><strong>tnus,</strong></span> <span class='ocrx_word' id='word_1_477' title='bbox 2230 2647 2413 2718; x_wconf 90' lang='lat' dir='ltr'><strong>spinas</strong></span> <span class='ocrx_word' id='word_1_478' title='bbox 2449 2664 2568 2717; x_wconf 82' lang='lat' dir='ltr'><strong>quae</strong></span> <span class='ocrx_word' id='word_1_479' title='bbox 2612 2649 2761 2719; x_wconf 89' lang='lat' dir='ltr'><strong>prius</strong></span> <span class='ocrx_word' id='word_1_480' title='bbox 2789 2659 2942 2705; x_wconf 84' lang='lat' dir='ltr'><strong>erant</strong></span> <span class='ocrx_word' id='word_1_481' title='bbox 2985 2650 3279 2705; x_wconf 83' lang='lat' dir='ltr'><strong>evellentes</strong></span> <span class='ocrx_word' id='word_1_482' title='bbox 3303 2692 3318 2716; x_wconf 93' lang='lat'><strong>,</strong></span> <span class='ocrx_word' id='word_1_483' title='bbox 3349 2659 3405 2704; x_wconf 90' lang='lat' dir='ltr'><strong>et</strong></span> <span class='ocrx_word' id='word_1_484' title='bbox 3447 2662 3632 2703; x_wconf 87' lang='lat' dir='ltr'><strong>semen</strong></span> 
     </span>
    </p>
   </div>
   <div class='ocr_carea' id='block_1_59' title="bbox 2046 2738 3633 2810">
    <p class='ocr_par' dir='ltr' id='par_1_59' title="bbox 2046 2738 3633 2810">
     <span class='ocr_line' id='line_1_59' title="bbox 2046 2738 3633 2810; baseline 0.001 -18"><span class='ocrx_word' id='word_1_485' title='bbox 2046 2738 2262 2793; x_wconf 82' lang='lat' dir='ltr'><strong>c.t:lcstc</strong></span> <span class='ocrx_word' id='word_1_486' title='bbox 2293 2738 2616 2808; x_wconf 74' lang='lat' dir='ltr'><strong>injicientes,</strong></span> <span class='ocrx_word' id='word_1_487' title='bbox 2647 2743 2947 2810; x_wconf 90' lang='lat' dir='ltr'><strong>poterimus</strong></span> <span class='ocrx_word' id='word_1_488' title='bbox 2974 2741 3112 2796; x_wconf 87' lang='lat' dir='ltr'><strong>bona</strong></span> <span class='ocrx_word' id='word_1_489' title='bbox 3145 2741 3410 2810; x_wconf 87' lang='lat' dir='ltr'><strong>promissa</strong></span> <span class='ocrx_word' id='word_1_490' title='bbox 3439 2752 3633 2793; x_wconf 82' lang='lat' dir='ltr'><strong>conse-</strong></span> 
     </span>
    </p>
   </div>
   <div class='ocr_carea' id='block_1_60' title="bbox 2038 2832 3638 2909">
    <p class='ocr_par' dir='ltr' id='par_1_60' title="bbox 2038 2832 3638 2909">
     <span class='ocr_line' id='line_1_60' title="bbox 2038 2832 3638 2909; baseline 0.004 -22"><span class='ocrx_word' id='word_1_491' title='bbox 2038 2832 2152 2904; x_wconf 91' lang='lat' dir='ltr'><strong>qui.</strong></span> <span class='ocrx_word' id='word_1_492' title='bbox 2202 2833 2400 2890; x_wconf 78' lang='lat' dir='ltr'><strong>Veniet</strong></span> <span class='ocrx_word' id='word_1_493' title='bbox 2423 2836 2569 2891; x_wconf 90' lang='lat' dir='ltr'><strong>enim</strong></span> <span class='ocrx_word' id='word_1_494' title='bbox 2609 2838 2842 2909; x_wconf 80' lang='lat' dir='ltr'><strong>agricola</strong></span> <span class='ocrx_word' id='word_1_495' title='bbox 2870 2879 2884 2904; x_wconf 93' lang='lat'><strong>,</strong></span> <span class='ocrx_word' id='word_1_496' title='bbox 2915 2847 2970 2893; x_wconf 84' lang='lat' dir='ltr'><strong>et</strong></span> <span class='ocrx_word' id='word_1_497' title='bbox 3015 2855 3113 2893; x_wconf 86' lang='lat' dir='ltr'><strong>nos</strong></span> <span class='ocrx_word' id='word_1_498' title='bbox 3156 2849 3382 2909; x_wconf 88' lang='lat' dir='ltr'><strong>reponet</strong></span> <span class='ocrx_word' id='word_1_499' title='bbox 3429 2839 3484 2894; x_wconf 89' lang='lat' dir='ltr'><strong>in</strong></span> <span class='ocrx_word' id='word_1_500' title='bbox 3512 2840 3638 2894; x_wconf 89' lang='lat' dir='ltr'><strong>hor-</strong></span> 
     </span>
    </p>
   </div>
   <div class='ocr_carea' id='block_1_61' title="bbox 2055 2928 3640 3000">
    <p class='ocr_par' dir='ltr' id='par_1_61' title="bbox 2055 2928 3640 3000">
     <span class='ocr_line' id='line_1_61' title="bbox 2055 2928 3640 3000; baseline 0.003 -19"><span class='ocrx_word' id='word_1_501' title='bbox 2055 2942 2232 2990; x_wconf 85' lang='lat' dir='ltr'><strong>reum,</strong></span> <span class='ocrx_word' id='word_1_502' title='bbox 2260 2936 2314 2983; x_wconf 90' lang='lat' dir='ltr'><strong>et</strong></span> <span class='ocrx_word' id='word_1_503' title='bbox 2341 2928 2479 2983; x_wconf 89' lang='lat' dir='ltr'><strong>bona</strong></span> <span class='ocrx_word' id='word_1_504' title='bbox 2507 2929 2687 2984; x_wconf 91' lang='lat' dir='ltr'><strong>omnia</strong></span> <span class='ocrx_word' id='word_1_505' title='bbox 2715 2944 3107 3000; x_wconf 88' lang='lat' dir='ltr'><strong>consequentur</strong></span> <span class='ocrx_word' id='word_1_506' title='bbox 3130 2947 3142 2985; x_wconf 93' lang='lat'><strong>:</strong></span> <span class='ocrx_word' id='word_1_507' title='bbox 3168 2947 3288 3000; x_wconf 63' lang='lat' dir='ltr'><strong>quae</strong></span> <span class='ocrx_word' id='word_1_508' title='bbox 3308 2929 3464 2986; x_wconf 89' lang='lat' dir='ltr'><strong>detur</strong></span> <span class='ocrx_word' id='word_1_509' title='bbox 3487 2931 3640 2985; x_wconf 88' lang='lat' dir='ltr'><strong>nobis</strong></span> 
     </span>
    </p>
   </div>
   <div class='ocr_carea' id='block_1_62' title="bbox 2058 3019 3639 3095">
    <p class='ocr_par' dir='ltr' id='par_1_62' title="bbox 2058 3019 3639 3095">
     <span class='ocr_line' id='line_1_62' title="bbox 2058 3019 3639 3095; baseline 0.002 -21"><span class='ocrx_word' id='word_1_510' title='bbox 2058 3019 2306 3074; x_wconf 90' lang='lat' dir='ltr'><strong>omnibus</strong></span> <span class='ocrx_word' id='word_1_511' title='bbox 2333 3020 2581 3077; x_wconf 89' lang='lat' dir='ltr'><strong>obtinere</strong></span> <span class='ocrx_word' id='word_1_512' title='bbox 2606 3061 2622 3088; x_wconf 91' lang='lat'><strong>,</strong></span> <span class='ocrx_word' id='word_1_513' title='bbox 2652 3022 2823 3091; x_wconf 84' lang='lat' dir='ltr'><strong>gratia</strong></span> <span class='ocrx_word' id='word_1_514' title='bbox 2854 3032 2908 3077; x_wconf 88' lang='lat' dir='ltr'><strong>et</strong></span> <span class='ocrx_word' id='word_1_515' title='bbox 2940 3022 3267 3095; x_wconf 81' lang='lat' dir='ltr'><strong>benignitate</strong></span> <span class='ocrx_word' id='word_1_516' title='bbox 3295 3024 3504 3079; x_wconf 88' lang='lat' dir='ltr'><strong>Domini</strong></span> <span class='ocrx_word' id='word_1_517' title='bbox 3538 3040 3639 3081; x_wconf 88' lang='lat' dir='ltr'><strong>no-</strong></span> 
     </span>
    </p>
   </div>
   <div class='ocr_carea' id='block_1_63' title="bbox 2059 3110 3639 3183">
    <p class='ocr_par' dir='ltr' id='par_1_63' title="bbox 2059 3110 3639 3183">
     <span class='ocr_line' id='line_1_63' title="bbox 2059 3110 3639 3183; baseline 0.003 -19"><span class='ocrx_word' id='word_1_518' title='bbox 2059 3110 2157 3165; x_wconf 88' lang='lat' dir='ltr'><strong>stri</strong></span> <span class='ocrx_word' id='word_1_519' title='bbox 2186 3111 2313 3166; x_wconf 88' lang='lat' dir='ltr'><strong>Jesu</strong></span> <span class='ocrx_word' id='word_1_520' title='bbox 2341 3111 2586 3180; x_wconf 87' lang='lat' dir='ltr'><strong>Christi,</strong></span> <span class='ocrx_word' id='word_1_521' title='bbox 2640 3128 2762 3168; x_wconf 90' lang='lat' dir='ltr'><strong>cum</strong></span> <span class='ocrx_word' id='word_1_522' title='bbox 2809 3130 2916 3183; x_wconf 89' lang='lat' dir='ltr'><strong>quo</strong></span> <span class='ocrx_word' id='word_1_523' title='bbox 2948 3113 3094 3169; x_wconf 87' lang='lat' dir='ltr'><strong>Patri</strong></span> <span class='ocrx_word' id='word_1_524' title='bbox 3138 3130 3241 3170; x_wconf 88' lang='lat' dir='ltr'><strong>una</strong></span> <span class='ocrx_word' id='word_1_525' title='bbox 3279 3132 3401 3170; x_wconf 90' lang='lat' dir='ltr'><strong>cum</strong></span> <span class='ocrx_word' id='word_1_526' title='bbox 3454 3126 3639 3170; x_wconf 84' lang='lat' dir='ltr'><strong>sancto</strong></span> 
     </span>
    </p>
   </div>
   <div class='ocr_carea' id='block_1_64' title="bbox 2059 3202 3643 3275">
    <p class='ocr_par' dir='ltr' id='par_1_64' title="bbox 2059 3202 3643 3275">
     <span class='ocr_line' id='line_1_64' title="bbox 2059 3202 3643 3275; baseline 0.004 -18"><span class='ocrx_word' id='word_1_527' title='bbox 2059 3202 2259 3272; x_wconf 88' lang='lat' dir='ltr'><strong>Spiritu</strong></span> <span class='ocrx_word' id='word_1_528' title='bbox 2287 3203 2458 3273; x_wconf 80' lang='lat' dir='ltr'><strong>gloria</strong></span> <span class='ocrx_word' id='word_1_529' title='bbox 2484 3246 2499 3270; x_wconf 97' lang='lat'><strong>,</strong></span> <span class='ocrx_word' id='word_1_530' title='bbox 2533 3205 2814 3275; x_wconf 90' lang='lat' dir='ltr'><strong>imperium</strong></span> <span class='ocrx_word' id='word_1_531' title='bbox 2841 3247 2856 3270; x_wconf 89' lang='lat'><strong>,</strong></span> <span class='ocrx_word' id='word_1_532' title='bbox 2906 3206 3078 3261; x_wconf 89' lang='lat' dir='ltr'><strong>honor</strong></span> <span class='ocrx_word' id='word_1_533' title='bbox 3105 3218 3159 3262; x_wconf 90' lang='lat' dir='ltr'><strong>et</strong></span> <span class='ocrx_word' id='word_1_534' title='bbox 3186 3207 3428 3263; x_wconf 90' lang='lat' dir='ltr'><strong>adoratiu</strong></span> <span class='ocrx_word' id='word_1_535' title='bbox 3448 3248 3463 3275; x_wconf 92' lang='lat'><strong>,</strong></span> <span class='ocrx_word' id='word_1_536' title='bbox 3500 3222 3643 3263; x_wconf 88' lang='lat' dir='ltr'><strong>nunc</strong></span> 
     </span>
    </p>
   </div>
   <div class='ocr_carea' id='block_1_65' title="bbox 2057 3296 3356 3364">
    <p class='ocr_par' dir='ltr' id='par_1_65' title="bbox 2057 3296 3356 3364">
     <span class='ocr_line' id='line_1_65' title="bbox 2057 3296 3356 3364; baseline 0.003 -15"><span class='ocrx_word' id='word_1_537' title='bbox 2057 3304 2112 3349; x_wconf 91' lang='lat' dir='ltr'><strong>et</strong></span> <span class='ocrx_word' id='word_1_538' title='bbox 2140 3310 2375 3364; x_wconf 88' lang='lat' dir='ltr'><strong>semper,</strong></span> <span class='ocrx_word' id='word_1_539' title='bbox 2402 3304 2459 3352; x_wconf 89' lang='lat' dir='ltr'><strong>et</strong></span> <span class='ocrx_word' id='word_1_540' title='bbox 2485 3296 2537 3350; x_wconf 90' lang='lat' dir='ltr'><strong>in</strong></span> <span class='ocrx_word' id='word_1_541' title='bbox 2567 3296 2764 3351; x_wconf 55' lang='lat' dir='ltr'><strong>sarcula</strong></span> <span class='ocrx_word' id='word_1_542' title='bbox 2795 3298 3133 3353; x_wconf 71' lang='lat' dir='ltr'><strong>saeculorum.</strong></span> <span class='ocrx_word' id='word_1_543' title='bbox 3162 3301 3356 3355; x_wconf 85' lang='lat' dir='ltr'><strong>Amen.</strong></span> 
     </span>
    </p>
   </div>
   <div class='ocr_carea' id='block_1_66' title="bbox 1764 3537 2364 3600">
    <p class='ocr_par' dir='ltr' id='par_1_66' title="bbox 1764 3537 2364 3600">
     <span class='ocr_line' id='line_1_66' title="bbox 1764 3537 2364 3600; baseline 0 -1"><span class='ocrx_word' id='word_1_544' title='bbox 1764 3537 2115 3600; x_wconf 82' lang='lat' dir='ltr'><strong>HOMILIA</strong></span> <span class='ocrx_word' id='word_1_545' title='bbox 2156 3537 2364 3599; x_wconf 85' lang='lat' dir='ltr'><strong>XXV.</strong></span> 
     </span>
    </p>
   </div>
   <div class='ocr_carea' id='block_1_67' title="bbox 302 3656 1951 3729">
    <p class='ocr_par' dir='ltr' id='par_1_67' title="bbox 302 3656 1951 3729">
     <span class='ocr_line' id='line_1_67' title="bbox 302 3656 1951 3729; baseline -0.005 -7"><span class='ocrx_word' id='word_1_546' title='bbox 302 3656 311 3665; x_wconf 68' lang='grc'><em>’</em></span> <span class='ocrx_word' id='word_1_547' title='bbox 352 3666 480 3722; x_wconf 63' lang='grc' dir='ltr'>αλιι.</span> <span class='ocrx_word' id='word_1_548' title='bbox 520 3667 599 3721; x_wconf 88' lang='lat' dir='ltr'><strong>Il.</strong></span> <span class='ocrx_word' id='word_1_549' title='bbox 640 3665 727 3721; x_wconf 80' lang='lat' dir='ltr'><strong>l7.</strong></span> <span class='ocrx_word' id='word_1_550' title='bbox 763 3663 895 3718; x_wconf 84' lang='lat' dir='ltr'><strong>Fide</strong></span> <span class='ocrx_word' id='word_1_551' title='bbox 926 3665 1118 3719; x_wconf 75' lang='lat' dir='ltr'><strong>obtulit</strong></span> <span class='ocrx_word' id='word_1_552' title='bbox 1145 3664 1403 3718; x_wconf 80' lang='lat' dir='ltr'><strong>Abraham</strong></span> <span class='ocrx_word' id='word_1_553' title='bbox 1425 3663 1610 3729; x_wconf 80' lang='lat' dir='ltr'><strong>Isaac,</strong></span> <span class='ocrx_word' id='word_1_554' title='bbox 1642 3679 1754 3715; x_wconf 86' lang='lat' dir='ltr'><strong>cum</strong></span> <span class='ocrx_word' id='word_1_555' title='bbox 1785 3670 1951 3716; x_wconf 87' lang='lat' dir='ltr'><strong>tenta-</strong></span> 
     </span>
    </p>
   </div>
   <div class='ocr_carea' id='block_1_68' title="bbox 424 3754 1952 3828">
    <p class='ocr_par' dir='ltr' id='par_1_68' title="bbox 424 3754 1952 3828">
     <span class='ocr_line' id='line_1_68' title="bbox 424 3754 1952 3828; baseline -0.003 -18"><span class='ocrx_word' id='word_1_556' title='bbox 424 3770 583 3823; x_wconf 87' lang='lat' dir='ltr'><strong>retur,</strong></span> <span class='ocrx_word' id='word_1_557' title='bbox 603 3768 650 3812; x_wconf 89' lang='lat' dir='ltr'><strong>et</strong></span> <span class='ocrx_word' id='word_1_558' title='bbox 673 3757 987 3828; x_wconf 84' lang='lat' dir='ltr'><strong>unigenitum</strong></span> <span class='ocrx_word' id='word_1_559' title='bbox 1005 3758 1170 3826; x_wconf 81' lang='lat' dir='ltr'><strong>ﬁlium</strong></span> <span class='ocrx_word' id='word_1_560' title='bbox 1187 3754 1450 3823; x_wconf 77' lang='lat' dir='ltr'><strong>o/ferebat,</strong></span> <span class='ocrx_word' id='word_1_561' title='bbox 1470 3756 1522 3809; x_wconf 89' lang='lat' dir='ltr'><strong>in</strong></span> <span class='ocrx_word' id='word_1_562' title='bbox 1541 3771 1641 3826; x_wconf 89' lang='lat' dir='ltr'><strong>quo</strong></span> <span class='ocrx_word' id='word_1_563' title='bbox 1657 3761 1952 3824; x_wconf 78' lang='lat' dir='ltr'><strong>susceperat</strong></span> 
     </span>
    </p>
   </div>
   <div class='ocr_carea' id='block_1_69' title="bbox 425 3845 1955 3919">
    <p class='ocr_par' dir='ltr' id='par_1_69' title="bbox 425 3845 1955 3919">
     <span class='ocr_line' id='line_1_69' title="bbox 425 3845 1955 3919; baseline -0.003 -17"><span class='ocrx_word' id='word_1_564' title='bbox 425 3851 840 3919; x_wconf 86' lang='lat' dir='ltr'><strong>repromissiones</strong></span> <span class='ocrx_word' id='word_1_565' title='bbox 862 3865 878 3902; x_wconf 93' lang='lat'><em>:</em></span> <span class='ocrx_word' id='word_1_566' title='bbox 899 3849 983 3905; x_wconf 80' lang='grc'><strong>18.</strong></span> <span class='ocrx_word' id='word_1_567' title='bbox 1005 3849 1074 3902; x_wconf 86' lang='lat' dir='ltr'><strong>ad</strong></span> <span class='ocrx_word' id='word_1_568' title='bbox 1089 3866 1232 3914; x_wconf 82' lang='lat' dir='ltr'><strong>quem</strong></span> <span class='ocrx_word' id='word_1_569' title='bbox 1246 3849 1434 3902; x_wconf 84' lang='lat' dir='ltr'><strong>dictum</strong></span> <span class='ocrx_word' id='word_1_570' title='bbox 1451 3858 1526 3902; x_wconf 90' lang='lat' dir='ltr'><strong>est</strong></span> <span class='ocrx_word' id='word_1_571' title='bbox 1546 3889 1561 3914; x_wconf 95' lang='lat'><strong>,</strong></span> <span class='ocrx_word' id='word_1_572' title='bbox 1576 3848 1627 3901; x_wconf 89' lang='lat' dir='ltr'><strong>in</strong></span> <span class='ocrx_word' id='word_1_573' title='bbox 1643 3845 1794 3900; x_wconf 84' lang='lat' dir='ltr'><strong>Isaac</strong></span> <span class='ocrx_word' id='word_1_574' title='bbox 1809 3862 1955 3899; x_wconf 84' lang='lat' dir='ltr'><strong>voca-</strong></span> 
     </span>
    </p>
   </div>
   <div class='ocr_carea' id='block_1_70' title="bbox 429 3937 1954 4011">
    <p class='ocr_par' dir='ltr' id='par_1_70' title="bbox 429 3937 1954 4011">
     <span class='ocr_line' id='line_1_70' title="bbox 429 3937 1954 4011; baseline -0.003 -19"><span class='ocrx_word' id='word_1_575' title='bbox 429 3941 563 3993; x_wconf 82' lang='lat' dir='ltr'><strong>bitur</strong></span> <span class='ocrx_word' id='word_1_576' title='bbox 576 3940 666 3993; x_wconf 86' lang='lat' dir='ltr'><strong>tibi</strong></span> <span class='ocrx_word' id='word_1_577' title='bbox 682 3956 849 3993; x_wconf 82' lang='lat' dir='ltr'><strong>semen</strong></span> <span class='ocrx_word' id='word_1_578' title='bbox 867 3954 885 3993; x_wconf 90' lang='lat'><strong><em>:</em></strong></span> <span class='ocrx_word' id='word_1_579' title='bbox 904 3939 988 3996; x_wconf 69' lang='lat' dir='ltr'><strong>lt).</strong></span> <span class='ocrx_word' id='word_1_580' title='bbox 1007 3940 1259 3993; x_wconf 86' lang='lat' dir='ltr'><strong>arbitrans</strong></span> <span class='ocrx_word' id='word_1_581' title='bbox 1274 3938 1410 4011; x_wconf 85' lang='lat' dir='ltr'><strong>quod</strong></span> <span class='ocrx_word' id='word_1_582' title='bbox 1422 3947 1468 3992; x_wconf 91' lang='lat' dir='ltr'><strong>et</strong></span> <span class='ocrx_word' id='word_1_583' title='bbox 1481 3955 1512 3990; x_wconf 90' lang='lat' dir='ltr'><strong>a</strong></span> <span class='ocrx_word' id='word_1_584' title='bbox 1528 3937 1734 3991; x_wconf 86' lang='lat' dir='ltr'><strong>mortuis</strong></span> <span class='ocrx_word' id='word_1_585' title='bbox 1749 3937 1954 3990; x_wconf 85' lang='lat' dir='ltr'><strong>suscita-</strong></span> 
     </span>
    </p>
   </div>
   <div class='ocr_carea' id='block_1_71' title="bbox 430 4028 1956 4102">
    <p class='ocr_par' dir='ltr' id='par_1_71' title="bbox 430 4028 1956 4102">
     <span class='ocr_line' id='line_1_71' title="bbox 430 4028 1956 4102; baseline -0.003 -15"><span class='ocrx_word' id='word_1_586' title='bbox 430 4051 484 4088; x_wconf 85' lang='lat' dir='ltr'><strong>re</strong></span> <span class='ocrx_word' id='word_1_587' title='bbox 499 4042 672 4102; x_wconf 85' lang='lat' dir='ltr'><strong>potens</strong></span> <span class='ocrx_word' id='word_1_588' title='bbox 692 4043 762 4087; x_wconf 80' lang='lat' dir='ltr'><strong>est</strong></span> <span class='ocrx_word' id='word_1_589' title='bbox 785 4032 922 4087; x_wconf 83' lang='lat' dir='ltr'><strong>Deus</strong></span> <span class='ocrx_word' id='word_1_590' title='bbox 945 4048 964 4087; x_wconf 89' lang='lat'><strong><em>:</em></strong></span> <span class='ocrx_word' id='word_1_591' title='bbox 987 4032 1119 4087; x_wconf 78' lang='lat' dir='ltr'><strong>unde</strong></span> <span class='ocrx_word' id='word_1_592' title='bbox 1133 4048 1247 4085; x_wconf 88' lang='lat' dir='ltr'><strong>eum</strong></span> <span class='ocrx_word' id='word_1_593' title='bbox 1276 4041 1323 4086; x_wconf 86' lang='lat' dir='ltr'><strong>et</strong></span> <span class='ocrx_word' id='word_1_594' title='bbox 1349 4032 1400 4085; x_wconf 91' lang='lat' dir='ltr'><strong>in</strong></span> <span class='ocrx_word' id='word_1_595' title='bbox 1421 4030 1717 4102; x_wconf 87' lang='lat' dir='ltr'><strong>parabolam</strong></span> <span class='ocrx_word' id='word_1_596' title='bbox 1739 4028 1956 4096; x_wconf 81' lang='lat' dir='ltr'><strong>accepit.</strong></span> 
     </span>
    </p>
   </div>
   <div class='ocr_carea' id='block_1_72' title="bbox 434 4119 1954 4195">
    <p class='ocr_par' dir='ltr' id='par_1_72' title="bbox 434 4119 1954 4195">
     <span class='ocr_line' id='line_1_72' title="bbox 434 4119 1954 4195; baseline -0.005 -16"><span class='ocrx_word' id='word_1_597' title='bbox 434 4126 487 4179; x_wconf 79' lang='grc'><strong>1.</strong></span> <span class='ocrx_word' id='word_1_598' title='bbox 518 4124 596 4195; x_wconf 74' lang='grc' dir='ltr'><strong>(τι)</strong></span> <span class='ocrx_word' id='word_1_599' title='bbox 625 4126 829 4181; x_wconf 74' lang='lat' dir='ltr'><strong>Revera</strong></span> <span class='ocrx_word' id='word_1_600' title='bbox 852 4140 1041 4195; x_wconf 80' lang='lat' dir='ltr'><strong>magna</strong></span> <span class='ocrx_word' id='word_1_601' title='bbox 1075 4139 1164 4179; x_wconf 90' lang='lat' dir='ltr'><strong>res</strong></span> <span class='ocrx_word' id='word_1_602' title='bbox 1191 4131 1281 4178; x_wconf 89' lang='lat' dir='ltr'><strong>est</strong></span> <span class='ocrx_word' id='word_1_603' title='bbox 1311 4122 1445 4178; x_wconf 86' lang='lat' dir='ltr'><strong>lich</strong></span> <span class='ocrx_word' id='word_1_604' title='bbox 1466 4121 1717 4180; x_wconf 78' lang='lat' dir='ltr'><strong>Abralue.</strong></span> <span class='ocrx_word' id='word_1_605' title='bbox 1747 4119 1878 4174; x_wconf 88' lang='lat' dir='ltr'><strong>Nam</strong></span> <span class='ocrx_word' id='word_1_606' title='bbox 1902 4119 1954 4173; x_wconf 91' lang='lat' dir='ltr'><strong>in</strong></span> 
     </span>
    </p>
   </div>
   <div class='ocr_carea' id='block_1_73' title="bbox 364 4213 1954 4281">
    <p class='ocr_par' dir='ltr' id='par_1_73' title="bbox 364 4213 1954 4281">
     <span class='ocr_line' id='line_1_73' title="bbox 364 4213 1954 4281; baseline -0.007 -8"><span class='ocrx_word' id='word_1_607' title='bbox 364 4219 533 4273; x_wconf 72' lang='lat' dir='ltr'><strong>Abele</strong></span> <span class='ocrx_word' id='word_1_608' title='bbox 560 4227 615 4273; x_wconf 89' lang='lat' dir='ltr'><strong>et</strong></span> <span class='ocrx_word' id='word_1_609' title='bbox 642 4217 752 4272; x_wconf 83' lang='lat' dir='ltr'><strong>Noe</strong></span> <span class='ocrx_word' id='word_1_610' title='bbox 782 4226 837 4272; x_wconf 93' lang='lat' dir='ltr'><strong>et</strong></span> <span class='ocrx_word' id='word_1_611' title='bbox 865 4216 1046 4271; x_wconf 87' lang='lat' dir='ltr'><strong>Enoch</strong></span> <span class='ocrx_word' id='word_1_612' title='bbox 1070 4214 1306 4270; x_wconf 89' lang='lat' dir='ltr'><strong>solarum</strong></span> <span class='ocrx_word' id='word_1_613' title='bbox 1329 4213 1595 4269; x_wconf 89' lang='lat' dir='ltr'><strong>rationum</strong></span> <span class='ocrx_word' id='word_1_614' title='bbox 1617 4219 1735 4267; x_wconf 88' lang='lat' dir='ltr'><strong>erat</strong></span> <span class='ocrx_word' id='word_1_615' title='bbox 1760 4225 1954 4281; x_wconf 81' lang='lat' dir='ltr'><strong>pugna,</strong></span> 
     </span>
    </p>
   </div>
   <div class='ocr_carea' id='block_1_74' title="bbox 366 4301 1955 4375">
    <p class='ocr_par' dir='ltr' id='par_1_74' title="bbox 366 4301 1955 4375">
     <span class='ocr_line' id='line_1_74' title="bbox 366 4301 1955 4375; baseline -0.008 -9"><span class='ocrx_word' id='word_1_616' title='bbox 366 4324 421 4366; x_wconf 90' lang='lat' dir='ltr'><strong>et</strong></span> <span class='ocrx_word' id='word_1_617' title='bbox 475 4310 735 4365; x_wconf 87' lang='lat' dir='ltr'><strong>humanas</strong></span> <span class='ocrx_word' id='word_1_618' title='bbox 781 4307 1016 4362; x_wconf 88' lang='lat' dir='ltr'><strong>rationes</strong></span> <span class='ocrx_word' id='word_1_619' title='bbox 1074 4305 1358 4375; x_wconf 82' lang='lat' dir='ltr'><strong>Oportebat</strong></span> <span class='ocrx_word' id='word_1_620' title='bbox 1405 4317 1662 4373; x_wconf 87' lang='lat' dir='ltr'><strong>superare</strong></span> <span class='ocrx_word' id='word_1_621' title='bbox 1699 4301 1830 4358; x_wconf 88' lang='lat' dir='ltr'><strong>:hic</strong></span> <span class='ocrx_word' id='word_1_622' title='bbox 1858 4316 1955 4354; x_wconf 88' lang='lat' dir='ltr'><strong>au-</strong></span> 
     </span>
    </p>
   </div>
   <div class='ocr_carea' id='block_1_75' title="bbox 370 4394 1958 4467">
    <p class='ocr_par' dir='ltr' id='par_1_75' title="bbox 370 4394 1958 4467">
     <span class='ocr_line' id='line_1_75' title="bbox 370 4394 1958 4467; baseline -0.009 -9"><span class='ocrx_word' id='word_1_623' title='bbox 370 4414 475 4458; x_wconf 89' lang='lat' dir='ltr'><strong>tem</strong></span> <span class='ocrx_word' id='word_1_624' title='bbox 526 4417 634 4456; x_wconf 89' lang='lat' dir='ltr'><strong>non</strong></span> <span class='ocrx_word' id='word_1_625' title='bbox 688 4399 863 4455; x_wconf 89' lang='lat' dir='ltr'><strong>solum</strong></span> <span class='ocrx_word' id='word_1_626' title='bbox 920 4397 1206 4467; x_wconf 89' lang='lat' dir='ltr'><strong>oportebat</strong></span> <span class='ocrx_word' id='word_1_627' title='bbox 1256 4410 1512 4465; x_wconf 89' lang='lat' dir='ltr'><strong>superare</strong></span> <span class='ocrx_word' id='word_1_628' title='bbox 1563 4394 1824 4449; x_wconf 88' lang='lat' dir='ltr'><strong>humanas</strong></span> <span class='ocrx_word' id='word_1_629' title='bbox 1874 4407 1958 4446; x_wconf 67' lang='lat' dir='ltr'><strong>ra~</strong></span> 
     </span>
    </p>
   </div>
   <div class='ocr_carea' id='block_1_76' title="bbox 371 4481 1959 4560">
    <p class='ocr_par' dir='ltr' id='par_1_76' title="bbox 371 4481 1959 4560">
     <span class='ocr_line' id='line_1_76' title="bbox 371 4481 1959 4560; baseline -0.007 -12"><span class='ocrx_word' id='word_1_630' title='bbox 371 4497 564 4556; x_wconf 88' lang='lat' dir='ltr'><strong>tiones,</strong></span> <span class='ocrx_word' id='word_1_631' title='bbox 594 4493 686 4547; x_wconf 88' lang='lat' dir='ltr'><strong>sed</strong></span> <span class='ocrx_word' id='word_1_632' title='bbox 713 4492 871 4547; x_wconf 88' lang='lat' dir='ltr'><strong>etiam</strong></span> <span class='ocrx_word' id='word_1_633' title='bbox 900 4489 1098 4560; x_wconf 89' lang='lat' dir='ltr'><strong>aliquid</strong></span> <span class='ocrx_word' id='word_1_634' title='bbox 1122 4488 1358 4557; x_wconf 74' lang='lat' dir='ltr'><strong>amplius</strong></span> <span class='ocrx_word' id='word_1_635' title='bbox 1377 4485 1661 4541; x_wconf 88' lang='lat' dir='ltr'><strong>ostendere</strong></span> <span class='ocrx_word' id='word_1_636' title='bbox 1680 4501 1694 4538; x_wconf 92' lang='lat'><strong>:</strong></span> <span class='ocrx_word' id='word_1_637' title='bbox 1716 4498 1838 4538; x_wconf 90' lang='lat' dir='ltr'><strong>nam</strong></span> <span class='ocrx_word' id='word_1_638' title='bbox 1867 4481 1959 4537; x_wconf 87' lang='lat' dir='ltr'><strong>Dei</strong></span> 
     </span>
    </p>
   </div>
   <div class='ocr_carea' id='block_1_77' title="bbox 370 4573 1960 4652">
    <p class='ocr_par' dir='ltr' id='par_1_77' title="bbox 370 4573 1960 4652">
     <span class='ocr_line' id='line_1_77' title="bbox 370 4573 1960 4652; baseline -0.009 -11"><span class='ocrx_word' id='word_1_639' title='bbox 370 4588 511 4641; x_wconf 83' lang='lat' dir='ltr'><strong>dicta</strong></span> <span class='ocrx_word' id='word_1_640' title='bbox 541 4584 854 4639; x_wconf 84' lang='lat' dir='ltr'><strong>videbantur</strong></span> <span class='ocrx_word' id='word_1_641' title='bbox 879 4597 1114 4652; x_wconf 80' lang='lat' dir='ltr'><strong>pugnare</strong></span> <span class='ocrx_word' id='word_1_642' title='bbox 1142 4595 1265 4634; x_wconf 87' lang='lat' dir='ltr'><strong>cum</strong></span> <span class='ocrx_word' id='word_1_643' title='bbox 1289 4578 1445 4632; x_wconf 85' lang='lat' dir='ltr'><strong>dictis</strong></span> <span class='ocrx_word' id='word_1_644' title='bbox 1470 4576 1587 4643; x_wconf 91' lang='lat' dir='ltr'><strong>Dei,</strong></span> <span class='ocrx_word' id='word_1_645' title='bbox 1613 4585 1667 4631; x_wconf 90' lang='lat' dir='ltr'><strong>et</strong></span> <span class='ocrx_word' id='word_1_646' title='bbox 1696 4573 1829 4630; x_wconf 83' lang='lat' dir='ltr'><strong>fides</strong></span> <span class='ocrx_word' id='word_1_647' title='bbox 1860 4588 1960 4643; x_wconf 88' lang='lat' dir='ltr'><strong>pu-</strong></span> 
     </span>
    </p>
   </div>
   <div class='ocr_carea' id='block_1_78' title="bbox 371 4667 1962 4747">
    <p class='ocr_par' dir='ltr' id='par_1_78' title="bbox 371 4667 1962 4747">
     <span class='ocr_line' id='line_1_78' title="bbox 371 4667 1962 4747; baseline -0.006 -19"><span class='ocrx_word' id='word_1_648' title='bbox 371 4677 568 4747; x_wconf 74' lang='lat' dir='ltr'><strong>gnabat</strong></span> <span class='ocrx_word' id='word_1_649' title='bbox 609 4689 731 4730; x_wconf 90' lang='lat' dir='ltr'><strong>cum</strong></span> <span class='ocrx_word' id='word_1_650' title='bbox 782 4673 884 4727; x_wconf 84' lang='lat' dir='ltr'><strong>llde</strong></span> <span class='ocrx_word' id='word_1_651' title='bbox 911 4713 928 4739; x_wconf 93' lang='lat'><strong>,</strong></span> <span class='ocrx_word' id='word_1_652' title='bbox 971 4682 1025 4727; x_wconf 88' lang='lat' dir='ltr'><strong>et</strong></span> <span class='ocrx_word' id='word_1_653' title='bbox 1070 4671 1244 4738; x_wconf 70' lang='lat' dir='ltr'><strong>jus-sio</strong></span> <span class='ocrx_word' id='word_1_654' title='bbox 1289 4683 1412 4724; x_wconf 89' lang='lat' dir='ltr'><strong>cum</strong></span> <span class='ocrx_word' id='word_1_655' title='bbox 1459 4667 1820 4739; x_wconf 85' lang='lat' dir='ltr'><strong>promissione</strong></span> <span class='ocrx_word' id='word_1_656' title='bbox 1855 4681 1867 4718; x_wconf 89' lang='lat'><strong>:</strong></span> <span class='ocrx_word' id='word_1_657' title='bbox 1903 4673 1962 4718; x_wconf 92' lang='lat' dir='ltr'><strong>ut</strong></span> 
     </span>
    </p>
   </div>
   <div class='ocr_carea' id='block_1_79' title="bbox 373 4757 1964 4839">
    <p class='ocr_par' dir='ltr' id='par_1_79' title="bbox 373 4757 1964 4839">
     <span class='ocr_line' id='line_1_79' title="bbox 373 4757 1964 4839; baseline -0.008 -17"><span class='ocrx_word' id='word_1_658' title='bbox 373 4769 518 4825; x_wconf 84' lang='lat' dir='ltr'><strong>verbi</strong></span> <span class='ocrx_word' id='word_1_659' title='bbox 542 4766 733 4839; x_wconf 82' lang='lat' dir='ltr'><strong>gratia,</strong></span> <span class='ocrx_word' id='word_1_660' title='bbox 761 4765 895 4819; x_wconf 80' lang='lat' dir='ltr'><strong>dixit</strong></span> <span class='ocrx_word' id='word_1_661' title='bbox 925 4783 938 4817; x_wconf 91' lang='lat'><strong>:</strong></span> <span class='ocrx_word' id='word_1_662' title='bbox 974 4761 1229 4835; x_wconf 81' lang='lat' dir='ltr'><strong>Egredere</strong></span> <span class='ocrx_word' id='word_1_663' title='bbox 1247 4762 1309 4815; x_wconf 87' lang='lat' dir='ltr'><strong>de</strong></span> <span class='ocrx_word' id='word_1_664' title='bbox 1339 4770 1473 4814; x_wconf 88' lang='lat' dir='ltr'><strong>terra</strong></span> <span class='ocrx_word' id='word_1_665' title='bbox 1503 4758 1628 4813; x_wconf 84' lang='lat' dir='ltr'><strong>etde</strong></span> <span class='ocrx_word' id='word_1_666' title='bbox 1654 4757 1964 4829; x_wconf 85' lang='lat' dir='ltr'><strong>cognatione</strong></span> 
     </span>
    </p>
   </div>
   <div class='ocr_carea' id='block_1_80' title="bbox 374 4849 1961 4929">
    <p class='ocr_par' dir='ltr' id='par_1_80' title="bbox 374 4849 1961 4929">
     <span class='ocr_line' id='line_1_80' title="bbox 374 4849 1961 4929; baseline -0.006 -15"><span class='ocrx_word' id='word_1_667' title='bbox 374 4873 483 4929; x_wconf 86' lang='lat' dir='ltr'><strong>tua,</strong></span> <span class='ocrx_word' id='word_1_668' title='bbox 508 4870 555 4914; x_wconf 85' lang='lat' dir='ltr'><strong>et</strong></span> <span class='ocrx_word' id='word_1_669' title='bbox 579 4858 710 4913; x_wconf 84' lang='lat' dir='ltr'><strong>dabo</strong></span> <span class='ocrx_word' id='word_1_670' title='bbox 742 4857 829 4911; x_wconf 66' lang='lat' dir='ltr'><strong>tibi</strong></span> <span class='ocrx_word' id='word_1_671' title='bbox 852 4867 1038 4910; x_wconf 88' lang='lat' dir='ltr'><strong>terram</strong></span> <span class='ocrx_word' id='word_1_672' title='bbox 1056 4855 1187 4908; x_wconf 87' lang='lat' dir='ltr'><strong>hanc</strong></span> <span class='ocrx_word' id='word_1_673' title='bbox 1214 4851 1370 4923; x_wconf 78' lang='lat' dir='ltr'><strong>(Gen.</strong></span> <span class='ocrx_word' id='word_1_674' title='bbox 1407 4849 1494 4906; x_wconf 72' lang='lat'><strong>12.</strong></span> <span class='ocrx_word' id='word_1_675' title='bbox 1521 4852 1575 4920; x_wconf 83' lang='lat' dir='ltr'><strong>l)</strong></span> <span class='ocrx_word' id='word_1_676' title='bbox 1602 4865 1617 4914; x_wconf 88' lang='lat'><strong>;</strong></span> <span class='ocrx_word' id='word_1_677' title='bbox 1645 4858 1700 4904; x_wconf 87' lang='lat' dir='ltr'><strong>et</strong></span> <span class='ocrx_word' id='word_1_678' title='bbox 1726 4863 1833 4904; x_wconf 91' lang='lat' dir='ltr'><strong>non</strong></span> <span class='ocrx_word' id='word_1_679' title='bbox 1863 4849 1961 4904; x_wconf 89' lang='lat' dir='ltr'><strong>de-</strong></span> 
     </span>
    </p>
   </div>
   <div class='ocr_carea' id='block_1_81' title="bbox 375 4940 1960 5015">
    <p class='ocr_par' dir='ltr' id='par_1_81' title="bbox 375 4940 1960 5015">
     <span class='ocr_line' id='line_1_81' title="bbox 375 4940 1960 5015; baseline -0.01 -5"><span class='ocrx_word' id='word_1_680' title='bbox 375 4956 454 5010; x_wconf 89' lang='lat' dir='ltr'><strong>dit</strong></span> <span class='ocrx_word' id='word_1_681' title='bbox 481 4955 531 5010; x_wconf 86' lang='lat' dir='ltr'><strong>ei</strong></span> <span class='ocrx_word' id='word_1_682' title='bbox 573 4952 925 5008; x_wconf 87' lang='lat' dir='ltr'><strong>hereditatem</strong></span> <span class='ocrx_word' id='word_1_683' title='bbox 957 4950 1008 5003; x_wconf 91' lang='lat' dir='ltr'><strong>in</strong></span> <span class='ocrx_word' id='word_1_684' title='bbox 1045 4963 1108 5002; x_wconf 86' lang='lat' dir='ltr'><strong>ea</strong></span> <span class='ocrx_word' id='word_1_685' title='bbox 1134 4989 1149 5013; x_wconf 93' lang='lat'><strong>,</strong></span> <span class='ocrx_word' id='word_1_686' title='bbox 1200 4962 1266 5000; x_wconf 87' lang='lat' dir='ltr'><strong>ne</strong></span> <span class='ocrx_word' id='word_1_687' title='bbox 1301 4959 1513 5015; x_wconf 88' lang='lat' dir='ltr'><strong>passum</strong></span> <span class='ocrx_word' id='word_1_688' title='bbox 1542 4941 1757 5013; x_wconf 90' lang='lat' dir='ltr'><strong>quidem</strong></span> <span class='ocrx_word' id='word_1_689' title='bbox 1788 4940 1960 5012; x_wconf 90' lang='lat' dir='ltr'><strong>pedis.</strong></span> 
     </span>
    </p>
   </div>
   <div class='ocr_carea' id='block_1_82' title="bbox 376 5034 1964 5114">
    <p class='ocr_par' dir='ltr' id='par_1_82' title="bbox 376 5034 1964 5114">
     <span class='ocr_line' id='line_1_82' title="bbox 376 5034 1964 5114; baseline -0.011 -12"><span class='ocrx_word' id='word_1_690' title='bbox 376 5045 541 5102; x_wconf 74' lang='lat' dir='ltr'><strong>Vides</strong></span> <span class='ocrx_word' id='word_1_691' title='bbox 565 5042 840 5114; x_wconf 88' lang='lat' dir='ltr'><strong>quomodo</strong></span> <span class='ocrx_word' id='word_1_692' title='bbox 869 5056 989 5111; x_wconf 70' lang='lat' dir='ltr'><strong>qua:</strong></span> <span class='ocrx_word' id='word_1_693' title='bbox 1018 5038 1155 5092; x_wconf 79' lang='lat' dir='ltr'><strong>facta</strong></span> <span class='ocrx_word' id='word_1_694' title='bbox 1184 5046 1312 5090; x_wconf 88' lang='lat' dir='ltr'><strong>sunt</strong></span> <span class='ocrx_word' id='word_1_695' title='bbox 1345 5034 1652 5105; x_wconf 83' lang='lat' dir='ltr'><strong>pugnabant</strong></span> <span class='ocrx_word' id='word_1_696' title='bbox 1675 5048 1796 5088; x_wconf 91' lang='lat' dir='ltr'><strong>cum</strong></span> <span class='ocrx_word' id='word_1_697' title='bbox 1834 5046 1964 5102; x_wconf 87' lang='lat' dir='ltr'><strong>pro-</strong></span> 
     </span>
    </p>
   </div>
   <div class='ocr_carea' id='block_1_83' title="bbox 378 5124 1966 5194">
    <p class='ocr_par' dir='ltr' id='par_1_83' title="bbox 378 5124 1966 5194">
     <span class='ocr_line' id='line_1_83' title="bbox 378 5124 1966 5194; baseline -0.011 0"><span class='ocrx_word' id='word_1_698' title='bbox 378 5135 677 5194; x_wconf 82' lang='lat' dir='ltr'><strong>missione?</strong></span> <span class='ocrx_word' id='word_1_699' title='bbox 711 5134 915 5188; x_wconf 77' lang='lat' dir='ltr'><strong>Rursus</strong></span> <span class='ocrx_word' id='word_1_700' title='bbox 943 5129 1072 5185; x_wconf 75' lang='lat' dir='ltr'><strong>dicit</strong></span> <span class='ocrx_word' id='word_1_701' title='bbox 1101 5170 1114 5190; x_wconf 89' lang='lat'><strong>,</strong></span> <span class='ocrx_word' id='word_1_702' title='bbox 1148 5126 1212 5181; x_wconf 87' lang='lat' dir='ltr'><strong>In</strong></span> <span class='ocrx_word' id='word_1_703' title='bbox 1240 5126 1389 5183; x_wconf 87' lang='lat' dir='ltr'><strong>Isaac</strong></span> <span class='ocrx_word' id='word_1_704' title='bbox 1411 5125 1667 5180; x_wconf 83' lang='lat' dir='ltr'><strong>vocabitur</strong></span> <span class='ocrx_word' id='word_1_705' title='bbox 1686 5124 1774 5178; x_wconf 84' lang='lat' dir='ltr'><strong>tibi</strong></span> <span class='ocrx_word' id='word_1_706' title='bbox 1798 5139 1966 5178; x_wconf 82' lang='lat' dir='ltr'><strong>semen</strong></span> 
     </span>
    </p>
   </div>
   <div class='ocr_carea' id='block_1_84' title="bbox 378 5213 1963 5301">
    <p class='ocr_par' dir='ltr' id='par_1_84' title="bbox 378 5213 1963 5301">
     <span class='ocr_line' id='line_1_84' title="bbox 378 5213 1963 5301; baseline -0.015 -10"><span class='ocrx_word' id='word_1_707' title='bbox 378 5233 543 5301; x_wconf 85' lang='lat' dir='ltr'><strong>(Gen.</strong></span> <span class='ocrx_word' id='word_1_708' title='bbox 563 5227 655 5282; x_wconf 72' lang='grc'><strong>21.</strong></span> <span class='ocrx_word' id='word_1_709' title='bbox 688 5224 807 5295; x_wconf 70' lang='lat'><strong>12),</strong></span> <span class='ocrx_word' id='word_1_710' title='bbox 831 5232 886 5277; x_wconf 86' lang='lat' dir='ltr'><strong>et</strong></span> <span class='ocrx_word' id='word_1_711' title='bbox 912 5219 1175 5276; x_wconf 82' lang='lat' dir='ltr'><strong>credidit:</strong></span> <span class='ocrx_word' id='word_1_712' title='bbox 1207 5227 1261 5274; x_wconf 84' lang='lat' dir='ltr'><strong>et</strong></span> <span class='ocrx_word' id='word_1_713' title='bbox 1291 5231 1476 5271; x_wconf 91' lang='lat' dir='ltr'><strong>rursus</strong></span> <span class='ocrx_word' id='word_1_714' title='bbox 1501 5214 1635 5271; x_wconf 86' lang='lat' dir='ltr'><strong>dicit</strong></span> <span class='ocrx_word' id='word_1_715' title='bbox 1660 5257 1675 5281; x_wconf 91' lang='lat'><strong>,</strong></span> <span class='ocrx_word' id='word_1_716' title='bbox 1707 5213 1963 5270; x_wconf 80' lang='lat' dir='ltr'><strong>Sacriﬁca</strong></span> 
     </span>
    </p>
   </div>
   <div class='ocr_carea' id='block_1_85' title="bbox 380 5303 1966 5383">
    <p class='ocr_par' dir='ltr' id='par_1_85' title="bbox 380 5303 1966 5383">
     <span class='ocr_line' id='line_1_85' title="bbox 380 5303 1966 5383; baseline -0.009 -12"><span class='ocrx_word' id='word_1_717' title='bbox 380 5320 512 5375; x_wconf 89' lang='lat' dir='ltr'><strong>milti</strong></span> <span class='ocrx_word' id='word_1_718' title='bbox 553 5318 730 5382; x_wconf 90' lang='lat' dir='ltr'><strong>hunc,</strong></span> <span class='ocrx_word' id='word_1_719' title='bbox 757 5314 845 5383; x_wconf 85' lang='lat' dir='ltr'><strong>qui</strong></span> <span class='ocrx_word' id='word_1_720' title='bbox 888 5322 1005 5368; x_wconf 91' lang='lat' dir='ltr'><strong>erat</strong></span> <span class='ocrx_word' id='word_1_721' title='bbox 1051 5309 1370 5379; x_wconf 76' lang='lat' dir='ltr'><strong>impleturus</strong></span> <span class='ocrx_word' id='word_1_722' title='bbox 1418 5307 1728 5361; x_wconf 85' lang='lat' dir='ltr'><strong>universum</strong></span> <span class='ocrx_word' id='word_1_723' title='bbox 1778 5303 1966 5358; x_wconf 87' lang='lat' dir='ltr'><strong>orbem</strong></span> 
     </span>
    </p>
   </div>
   <div class='ocr_carea' id='block_1_86' title="bbox 384 5398 1970 5470">
    <p class='ocr_par' dir='ltr' id='par_1_86' title="bbox 384 5398 1970 5470">
     <span class='ocr_line' id='line_1_86' title="bbox 384 5398 1970 5470; baseline -0.011 -3"><span class='ocrx_word' id='word_1_724' title='bbox 384 5424 542 5466; x_wconf 66' lang='lat' dir='ltr'><strong>terra:</strong></span> <span class='ocrx_word' id='word_1_725' title='bbox 570 5424 636 5465; x_wconf 84' lang='lat' dir='ltr'><strong>ex</strong></span> <span class='ocrx_word' id='word_1_726' title='bbox 661 5406 869 5463; x_wconf 84' lang='lat' dir='ltr'><strong>semine</strong></span> <span class='ocrx_word' id='word_1_727' title='bbox 912 5419 1030 5458; x_wconf 90' lang='lat' dir='ltr'><strong>suo.</strong></span> <span class='ocrx_word' id='word_1_728' title='bbox 1067 5401 1260 5457; x_wconf 80' lang='lat' dir='ltr'><strong>Vidisti</strong></span> <span class='ocrx_word' id='word_1_729' title='bbox 1320 5414 1548 5470; x_wconf 80' lang='lat' dir='ltr'><strong>pugnam</strong></span> <span class='ocrx_word' id='word_1_730' title='bbox 1591 5398 1867 5467; x_wconf 74' lang='lat' dir='ltr'><strong>iussorum</strong></span> <span class='ocrx_word' id='word_1_731' title='bbox 1914 5405 1970 5451; x_wconf 88' lang='lat' dir='ltr'><strong>et</strong></span> 
     </span>
    </p>
   </div>
   <div class='ocr_carea' id='block_1_87' title="bbox 390 5481 1971 5574">
    <p class='ocr_par' dir='ltr' id='par_1_87' title="bbox 390 5481 1971 5574">
     <span class='ocr_line' id='line_1_87' title="bbox 390 5481 1971 5574; baseline -0.013 -15"><span class='ocrx_word' id='word_1_732' title='bbox 390 5481 808 5574; x_wconf 70' lang='lat' dir='ltr'><strong>promissionis?</strong></span> <span class='ocrx_word' id='word_1_733' title='bbox 836 5494 1007 5553; x_wconf 66' lang='lat' dir='ltr'><strong>JllSsit</strong></span> <span class='ocrx_word' id='word_1_734' title='bbox 1032 5491 1304 5548; x_wconf 79' lang='lat' dir='ltr'><strong>contraria</strong></span> <span class='ocrx_word' id='word_1_735' title='bbox 1336 5488 1618 5560; x_wconf 89' lang='lat' dir='ltr'><strong>promissis</strong></span> <span class='ocrx_word' id='word_1_736' title='bbox 1644 5503 1660 5551; x_wconf 88' lang='lat'><strong>;</strong></span> <span class='ocrx_word' id='word_1_737' title='bbox 1705 5497 1761 5540; x_wconf 90' lang='lat' dir='ltr'><strong>et</strong></span> <span class='ocrx_word' id='word_1_738' title='bbox 1795 5498 1971 5555; x_wconf 87' lang='lat' dir='ltr'><strong>neque</strong></span> 
     </span>
    </p>
   </div>
   <div class='ocr_carea' id='block_1_88' title="bbox 388 5578 1970 5662">
    <p class='ocr_par' dir='ltr' id='par_1_88' title="bbox 388 5578 1970 5662">
     <span class='ocr_line' id='line_1_88' title="bbox 388 5578 1970 5662; baseline -0.015 -11"><span class='ocrx_word' id='word_1_739' title='bbox 388 5598 466 5651; x_wconf 86' lang='lat' dir='ltr'><strong>sic</strong></span> <span class='ocrx_word' id='word_1_740' title='bbox 504 5591 756 5662; x_wconf 77' lang='lat' dir='ltr'><strong>caligavit</strong></span> <span class='ocrx_word' id='word_1_741' title='bbox 789 5590 967 5659; x_wconf 89' lang='lat' dir='ltr'><strong>justus</strong></span> <span class='ocrx_word' id='word_1_742' title='bbox 992 5628 1005 5648; x_wconf 86' lang='lat'><strong>,</strong></span> <span class='ocrx_word' id='word_1_743' title='bbox 1054 5600 1229 5654; x_wconf 86' lang='lat' dir='ltr'><strong>neque</strong></span> <span class='ocrx_word' id='word_1_744' title='bbox 1255 5583 1391 5639; x_wconf 78' lang='lat' dir='ltr'><strong>dixit</strong></span> <span class='ocrx_word' id='word_1_745' title='bbox 1425 5598 1485 5637; x_wconf 88' lang='lat' dir='ltr'><strong>se</strong></span> <span class='ocrx_word' id='word_1_746' title='bbox 1514 5595 1637 5637; x_wconf 89' lang='lat' dir='ltr'><strong>esse</strong></span> <span class='ocrx_word' id='word_1_747' title='bbox 1661 5578 1970 5646; x_wconf 88' lang='lat' dir='ltr'><strong>deceptum.</strong></span> 
     </span>
    </p>
   </div>
   <div class='ocr_carea' id='block_1_89' title="bbox 392 5668 1976 5752">
    <p class='ocr_par' dir='ltr' id='par_1_89' title="bbox 392 5668 1976 5752">
     <span class='ocr_line' id='line_1_89' title="bbox 392 5668 1976 5752; baseline -0.013 -11"><span class='ocrx_word' id='word_1_748' title='bbox 392 5686 524 5742; x_wconf 72' lang='lat' dir='ltr'><strong>Nam</strong></span> <span class='ocrx_word' id='word_1_749' title='bbox 555 5699 651 5738; x_wconf 88' lang='lat' dir='ltr'><strong>vos</strong></span> <span class='ocrx_word' id='word_1_750' title='bbox 681 5681 897 5752; x_wconf 88' lang='lat' dir='ltr'><strong>quidem</strong></span> <span class='ocrx_word' id='word_1_751' title='bbox 924 5720 939 5745; x_wconf 94' lang='lat'><strong>,</strong></span> <span class='ocrx_word' id='word_1_752' title='bbox 991 5678 1198 5747; x_wconf 90' lang='lat' dir='ltr'><strong>inquit,</strong></span> <span class='ocrx_word' id='word_1_753' title='bbox 1249 5691 1353 5730; x_wconf 90' lang='lat' dir='ltr'><strong>nou</strong></span> <span class='ocrx_word' id='word_1_754' title='bbox 1385 5671 1630 5740; x_wconf 86' lang='lat' dir='ltr'><strong>poteritis</strong></span> <span class='ocrx_word' id='word_1_755' title='bbox 1664 5670 1765 5724; x_wconf 90' lang='lat' dir='ltr'><strong>hoc</strong></span> <span class='ocrx_word' id='word_1_756' title='bbox 1795 5668 1976 5722; x_wconf 87' lang='lat' dir='ltr'><strong>dicere</strong></span> 
     </span>
    </p>
   </div>
   <div class='ocr_carea' id='block_1_90' title="bbox 394 5761 1974 5848">
    <p class='ocr_par' dir='ltr' id='par_1_90' title="bbox 394 5761 1974 5848">
     <span class='ocr_line' id='line_1_90' title="bbox 394 5761 1974 5848; baseline -0.012 -18"><span class='ocrx_word' id='word_1_757' title='bbox 394 5777 538 5848; x_wconf 86' lang='lat' dir='ltr'><strong>quod</strong></span> <span class='ocrx_word' id='word_1_758' title='bbox 573 5776 838 5844; x_wconf 82' lang='lat' dir='ltr'><strong>pollicitus</strong></span> <span class='ocrx_word' id='word_1_759' title='bbox 867 5775 938 5825; x_wconf 85' lang='lat' dir='ltr'><strong>sit</strong></span> <span class='ocrx_word' id='word_1_760' title='bbox 968 5770 1206 5837; x_wconf 77' lang='lat' dir='ltr'><strong>requiem</strong></span> <span class='ocrx_word' id='word_1_761' title='bbox 1230 5809 1242 5827; x_wconf 88' lang='lat'><strong>.</strong></span> <span class='ocrx_word' id='word_1_762' title='bbox 1272 5775 1327 5821; x_wconf 89' lang='lat' dir='ltr'><strong>et</strong></span> <span class='ocrx_word' id='word_1_763' title='bbox 1353 5764 1563 5820; x_wconf 85' lang='lat' dir='ltr'><strong>dederit</strong></span> <span class='ocrx_word' id='word_1_764' title='bbox 1588 5761 1932 5816; x_wconf 80' lang='lat' dir='ltr'><strong>afflictionem</strong></span> <span class='ocrx_word' id='word_1_765' title='bbox 1958 5771 1974 5821; x_wconf 90' lang='lat'><strong>;</strong></span> 
     </span>
    </p>
   </div>
   <div class='ocr_carea' id='block_1_91' title="bbox 422 5850 1983 5934">
    <p class='ocr_par' dir='ltr' id='par_1_91' title="bbox 422 5850 1983 5934">
     <span class='ocr_line' id='line_1_91' title="bbox 422 5850 1983 5934; baseline -0.021 -8"><span class='ocrx_word' id='word_1_766' title='bbox 422 5890 431 5903; x_wconf 80' lang='lat'>‘</span> <span class='ocrx_word' id='word_1_767' title='bbox 464 5875 537 5934; x_wconf 74' lang='grc' dir='ltr'><strong>(ιι)</strong></span> <span class='ocrx_word' id='word_1_768' title='bbox 566 5871 653 5922; x_wconf 80' lang='lat' dir='ltr'><strong>Hic</strong></span> <span class='ocrx_word' id='word_1_769' title='bbox 686 5868 920 5929; x_wconf 76' lang='lat' dir='ltr'><strong>ingentes</strong></span> <span class='ocrx_word' id='word_1_770' title='bbox 955 5860 1116 5934; x_wconf 75' lang='lat' dir='ltr'><strong>hiatus</strong></span> <span class='ocrx_word' id='word_1_771' title='bbox 1134 5869 1265 5934; x_wconf 66' lang='lat' dir='ltr'><strong>sunt</strong></span> <span class='ocrx_word' id='word_1_772' title='bbox 1289 5861 1339 5906; x_wconf 87' lang='lat' dir='ltr'><strong>iu</strong></span> <span class='ocrx_word' id='word_1_773' title='bbox 1364 5854 1581 5907; x_wconf 75' lang='lat' dir='ltr'><strong>(lolbert.</strong></span> <span class='ocrx_word' id='word_1_774' title='bbox 1606 5850 1818 5902; x_wconf 81' lang='lat' dir='ltr'><strong>Homilia</strong></span> <span class='ocrx_word' id='word_1_775' title='bbox 1847 5850 1983 5910; x_wconf 74' lang='lat' dir='ltr'><strong>tige-</strong></span> 
     </span>
    </p>
   </div>
   <div class='ocr_carea' id='block_1_92' title="bbox 401 5923 1184 5999">
    <p class='ocr_par' dir='ltr' id='par_1_92' title="bbox 401 5923 1184 5999">
     <span class='ocr_line' id='line_1_92' title="bbox 401 5923 1184 5999; baseline -0.023 -13"><span class='ocrx_word' id='word_1_776' title='bbox 401 5923 707 5999; x_wconf 62' lang='grc' dir='ltr'><strong>διιιίςίσμιίυιίι</strong></span> <span class='ocrx_word' id='word_1_777' title='bbox 732 5923 860 5994; x_wconf 64' lang='lat' dir='ltr'><strong>pene</strong></span> <span class='ocrx_word' id='word_1_778' title='bbox 885 5933 982 5976; x_wconf 82' lang='lat' dir='ltr'><strong>tota</strong></span> <span class='ocrx_word' id='word_1_779' title='bbox 1004 5923 1184 5971; x_wconf 69' lang='lat' dir='ltr'><strong>deficit.</strong></span> 
     </span>
    </p>
   </div>
   <div class='ocr_carea' id='block_1_93' title="bbox 370 6250 453 6334">
    <p class='ocr_par' dir='ltr' id='par_1_93' title="bbox 370 6250 453 6334">
     <span class='ocr_line' id='line_1_93' title="bbox 370 6250 453 6334; baseline 0 0"><span class='ocrx_word' id='word_1_780' title='bbox 370 6250 453 6334; x_wconf 72' lang='grc' dir='ltr'><strong>ι</strong></span> 
     </span>
    </p>
   </div>
   <div class='ocr_carea' id='block_1_94' title="bbox 2052 3668 3637 3741">
    <p class='ocr_par' dir='ltr' id='par_1_94' title="bbox 2052 3668 3637 3741">
     <span class='ocr_line' id='line_1_94' title="bbox 2052 3668 3637 3741; baseline -0.001 -14"><span class='ocrx_word' id='word_1_781' title='bbox 2052 3671 2141 3727; x_wconf 90' lang='lat' dir='ltr'><strong>hic</strong></span> <span class='ocrx_word' id='word_1_782' title='bbox 2167 3672 2311 3727; x_wconf 88' lang='lat' dir='ltr'><strong>enim</strong></span> <span class='ocrx_word' id='word_1_783' title='bbox 2349 3670 2473 3727; x_wconf 83' lang='lat' dir='ltr'><strong>facit</strong></span> <span class='ocrx_word' id='word_1_784' title='bbox 2513 3686 2575 3725; x_wconf 89' lang='lat' dir='ltr'><strong>ea</strong></span> <span class='ocrx_word' id='word_1_785' title='bbox 2620 3687 2739 3741; x_wconf 77' lang='lat' dir='ltr'><strong>qua:</strong></span> <span class='ocrx_word' id='word_1_786' title='bbox 2779 3680 2863 3726; x_wconf 89' lang='lat' dir='ltr'><strong>est</strong></span> <span class='ocrx_word' id='word_1_787' title='bbox 2895 3671 3182 3740; x_wconf 88' lang='lat' dir='ltr'><strong>pollicitus.</strong></span> <span class='ocrx_word' id='word_1_788' title='bbox 3214 3668 3538 3735; x_wconf 82' lang='lat' dir='ltr'><strong>Quomodo?</strong></span> <span class='ocrx_word' id='word_1_789' title='bbox 3567 3671 3637 3726; x_wconf 80' lang='lat' dir='ltr'><strong>In</strong></span> 
     </span>
    </p>
   </div>
   <div class='ocr_carea' id='block_1_95' title="bbox 2053 3761 3634 3835">
    <p class='ocr_par' dir='ltr' id='par_1_95' title="bbox 2053 3761 3634 3835">
     <span class='ocr_line' id='line_1_95' title="bbox 2053 3761 3634 3835; baseline 0 -19"><span class='ocrx_word' id='word_1_790' title='bbox 2053 3764 2267 3829; x_wconf 86' lang='lat' dir='ltr'><strong>mundo,</strong></span> <span class='ocrx_word' id='word_1_791' title='bbox 2297 3764 2488 3833; x_wconf 88' lang='lat' dir='ltr'><strong>inquit,</strong></span> <span class='ocrx_word' id='word_1_792' title='bbox 2519 3763 2841 3834; x_wconf 74' lang='lat' dir='ltr'><strong>aﬂlictionem</strong></span> <span class='ocrx_word' id='word_1_793' title='bbox 2873 3762 3114 3817; x_wconf 82' lang='lat' dir='ltr'><strong>habebitis</strong></span> <span class='ocrx_word' id='word_1_794' title='bbox 3151 3761 3346 3833; x_wconf 85' lang='lat' dir='ltr'><strong>(Joan.</strong></span> <span class='ocrx_word' id='word_1_795' title='bbox 3378 3763 3467 3818; x_wconf 76' lang='grc'><strong>16.</strong></span> <span class='ocrx_word' id='word_1_796' title='bbox 3493 3764 3565 3819; x_wconf 74' lang='lat'><strong>53</strong></span> <span class='ocrx_word' id='word_1_797' title='bbox 3589 3763 3634 3835; x_wconf 92' lang='lat'><strong>).</strong></span> 
     </span>
    </p>
   </div>
   <div class='ocr_carea' id='block_1_96' title="bbox 2057 3854 3637 3927">
    <p class='ocr_par' dir='ltr' id='par_1_96' title="bbox 2057 3854 3637 3927">
     <span class='ocr_line' id='line_1_96' title="bbox 2057 3854 3637 3927; baseline -0.001 -16"><span class='ocrx_word' id='word_1_798' title='bbox 2057 3856 2158 3922; x_wconf 88' lang='lat' dir='ltr'><strong>Qui</strong></span> <span class='ocrx_word' id='word_1_799' title='bbox 2182 3873 2284 3911; x_wconf 88' lang='lat' dir='ltr'><strong>non</strong></span> <span class='ocrx_word' id='word_1_800' title='bbox 2310 3856 2559 3927; x_wconf 86' lang='lat' dir='ltr'><strong>acceperit</strong></span> <span class='ocrx_word' id='word_1_801' title='bbox 2582 3872 2779 3909; x_wconf 88' lang='lat' dir='ltr'><strong>crucem</strong></span> <span class='ocrx_word' id='word_1_802' title='bbox 2800 3871 2967 3921; x_wconf 88' lang='lat' dir='ltr'><strong>suam,</strong></span> <span class='ocrx_word' id='word_1_803' title='bbox 2996 3865 3043 3907; x_wconf 89' lang='lat' dir='ltr'><strong>et</strong></span> <span class='ocrx_word' id='word_1_804' title='bbox 3072 3870 3148 3908; x_wconf 89' lang='lat' dir='ltr'><strong>me</strong></span> <span class='ocrx_word' id='word_1_805' title='bbox 3177 3854 3327 3924; x_wconf 81' lang='lat' dir='ltr'><strong>fuerit</strong></span> <span class='ocrx_word' id='word_1_806' title='bbox 3353 3866 3590 3925; x_wconf 88' lang='lat' dir='ltr'><strong>sequutus</strong></span> <span class='ocrx_word' id='word_1_807' title='bbox 3620 3897 3637 3920; x_wconf 92' lang='lat'><strong>,</strong></span> 
     </span>
    </p>
   </div>
   <div class='ocr_carea' id='block_1_97' title="bbox 2054 3944 3641 4018">
    <p class='ocr_par' dir='ltr' id='par_1_97' title="bbox 2054 3944 3641 4018">
     <span class='ocr_line' id='line_1_97' title="bbox 2054 3944 3641 4018; baseline -0.003 -15"><span class='ocrx_word' id='word_1_808' title='bbox 2054 3966 2158 4004; x_wconf 85' lang='lat' dir='ltr'><strong>non</strong></span> <span class='ocrx_word' id='word_1_809' title='bbox 2184 3959 2256 4004; x_wconf 89' lang='lat' dir='ltr'><strong>est</strong></span> <span class='ocrx_word' id='word_1_810' title='bbox 2287 3964 2365 4002; x_wconf 89' lang='lat' dir='ltr'><strong>me</strong></span> <span class='ocrx_word' id='word_1_811' title='bbox 2392 3949 2576 4018; x_wconf 88' lang='lat' dir='ltr'><strong>dignus</strong></span> <span class='ocrx_word' id='word_1_812' title='bbox 2602 3947 2621 4018; x_wconf 89' lang='lat'><strong>(</strong></span> <span class='ocrx_word' id='word_1_813' title='bbox 2645 3946 2833 4000; x_wconf 73' lang='lat' dir='ltr'><strong>Matth.</strong></span> <span class='ocrx_word' id='word_1_814' title='bbox 2865 3946 2951 4002; x_wconf 81' lang='grc'><strong>10.</strong></span> <span class='ocrx_word' id='word_1_815' title='bbox 2981 3947 3049 4002; x_wconf 80' lang='grc'><strong>58</strong></span> <span class='ocrx_word' id='word_1_816' title='bbox 3075 3944 3118 4018; x_wconf 84' lang='lat'><strong>).</strong></span> <span class='ocrx_word' id='word_1_817' title='bbox 3151 3945 3251 4012; x_wconf 89' lang='lat' dir='ltr'><strong>Qui</strong></span> <span class='ocrx_word' id='word_1_818' title='bbox 3276 3962 3377 4000; x_wconf 89' lang='lat' dir='ltr'><strong>non</strong></span> <span class='ocrx_word' id='word_1_819' title='bbox 3401 3946 3509 4001; x_wconf 84' lang='lat' dir='ltr'><strong>odit</strong></span> <span class='ocrx_word' id='word_1_820' title='bbox 3529 3948 3641 4000; x_wconf 86' lang='lat' dir='ltr'><strong>ani-</strong></span> 
     </span>
    </p>
   </div>
   <div class='ocr_carea' id='block_1_98' title="bbox 2055 4036 3641 4105">
    <p class='ocr_par' dir='ltr' id='par_1_98' title="bbox 2055 4036 3641 4105">
     <span class='ocr_line' id='line_1_98' title="bbox 2055 4036 3641 4105; baseline -0.004 -8"><span class='ocrx_word' id='word_1_821' title='bbox 2055 4059 2191 4097; x_wconf 85' lang='lat' dir='ltr'><strong>mant</strong></span> <span class='ocrx_word' id='word_1_822' title='bbox 2230 4058 2413 4105; x_wconf 89' lang='lat' dir='ltr'><strong>suam,</strong></span> <span class='ocrx_word' id='word_1_823' title='bbox 2442 4057 2543 4093; x_wconf 89' lang='lat' dir='ltr'><strong>non</strong></span> <span class='ocrx_word' id='word_1_824' title='bbox 2572 4041 2785 4093; x_wconf 84' lang='lat' dir='ltr'><strong>inveniet</strong></span> <span class='ocrx_word' id='word_1_825' title='bbox 2814 4055 2963 4104; x_wconf 88' lang='lat' dir='ltr'><strong>eam;</strong></span> <span class='ocrx_word' id='word_1_826' title='bbox 2992 4047 3047 4093; x_wconf 89' lang='lat' dir='ltr'><strong>et</strong></span> <span class='ocrx_word' id='word_1_827' title='bbox 3077 4079 3092 4104; x_wconf 92' lang='lat'><strong>,</strong></span> <span class='ocrx_word' id='word_1_828' title='bbox 3127 4036 3228 4105; x_wconf 85' lang='lat' dir='ltr'><strong>Qui</strong></span> <span class='ocrx_word' id='word_1_829' title='bbox 3258 4054 3357 4092; x_wconf 86' lang='lat' dir='ltr'><strong>non</strong></span> <span class='ocrx_word' id='word_1_830' title='bbox 3387 4039 3641 4091; x_wconf 86' lang='lat' dir='ltr'><strong>renuntiat</strong></span> 
     </span>
    </p>
   </div>
   <div class='ocr_carea' id='block_1_99' title="bbox 2056 4129 3644 4201">
    <p class='ocr_par' dir='ltr' id='par_1_99' title="bbox 2056 4129 3644 4201">
     <span class='ocr_line' id='line_1_99' title="bbox 2056 4129 3644 4201; baseline -0.004 -12"><span class='ocrx_word' id='word_1_831' title='bbox 2056 4133 2289 4189; x_wconf 88' lang='lat' dir='ltr'><strong>omnibus</strong></span> <span class='ocrx_word' id='word_1_832' title='bbox 2319 4132 2461 4187; x_wconf 85' lang='lat' dir='ltr'><strong>bonis</strong></span> <span class='ocrx_word' id='word_1_833' title='bbox 2496 4131 2600 4186; x_wconf 85' lang='lat' dir='ltr'><strong>suis</strong></span> <span class='ocrx_word' id='word_1_834' title='bbox 2625 4172 2640 4197; x_wconf 95' lang='lat'><strong>,</strong></span> <span class='ocrx_word' id='word_1_835' title='bbox 2669 4140 2716 4185; x_wconf 89' lang='lat' dir='ltr'><strong>et</strong></span> <span class='ocrx_word' id='word_1_836' title='bbox 2746 4146 2825 4184; x_wconf 89' lang='lat' dir='ltr'><strong>me</strong></span> <span class='ocrx_word' id='word_1_837' title='bbox 2850 4130 3077 4199; x_wconf 83' lang='lat' dir='ltr'><strong>sequitur</strong></span> <span class='ocrx_word' id='word_1_838' title='bbox 3096 4171 3110 4195; x_wconf 94' lang='lat'><strong>,</strong></span> <span class='ocrx_word' id='word_1_839' title='bbox 3134 4146 3235 4184; x_wconf 87' lang='lat' dir='ltr'><strong>non</strong></span> <span class='ocrx_word' id='word_1_840' title='bbox 3261 4138 3333 4183; x_wconf 90' lang='lat' dir='ltr'><strong>est</strong></span> <span class='ocrx_word' id='word_1_841' title='bbox 3362 4146 3440 4183; x_wconf 87' lang='lat' dir='ltr'><strong>me</strong></span> <span class='ocrx_word' id='word_1_842' title='bbox 3460 4129 3644 4201; x_wconf 83' lang='lat' dir='ltr'><strong>dignus</strong></span> 
     </span>
    </p>
   </div>
   <div class='ocr_carea' id='block_1_100' title="bbox 2059 4220 3646 4297">
    <p class='ocr_par' dir='ltr' id='par_1_100' title="bbox 2059 4220 3646 4297">
     <span class='ocr_line' id='line_1_100' title="bbox 2059 4220 3646 4297; baseline -0.003 -19"><span class='ocrx_word' id='word_1_843' title='bbox 2059 4224 2212 4297; x_wconf 89' lang='lat' dir='ltr'><strong>(Luc.</strong></span> <span class='ocrx_word' id='word_1_844' title='bbox 2238 4226 2324 4280; x_wconf 72' lang='grc'><strong>14.</strong></span> <span class='ocrx_word' id='word_1_845' title='bbox 2355 4223 2508 4280; x_wconf 72' lang='grc' dir='ltr'><strong>26.ει</strong></span> <span class='ocrx_word' id='word_1_846' title='bbox 2536 4224 2627 4293; x_wconf 76' lang='grc'>55)</span> <span class='ocrx_word' id='word_1_847' title='bbox 2652 4239 2665 4289; x_wconf 90' lang='grc'>;</span> <span class='ocrx_word' id='word_1_848' title='bbox 2698 4233 2752 4278; x_wconf 91' lang='lat' dir='ltr'><strong>et</strong></span> <span class='ocrx_word' id='word_1_849' title='bbox 2775 4237 2992 4277; x_wconf 89' lang='lat' dir='ltr'><strong>rursus:</strong></span> <span class='ocrx_word' id='word_1_850' title='bbox 3013 4220 3142 4274; x_wconf 85' lang='lat' dir='ltr'><strong>Ante</strong></span> <span class='ocrx_word' id='word_1_851' title='bbox 3162 4238 3303 4293; x_wconf 83' lang='lat' dir='ltr'><strong>reges</strong></span> <span class='ocrx_word' id='word_1_852' title='bbox 3327 4232 3372 4276; x_wconf 89' lang='lat' dir='ltr'><strong>et</strong></span> <span class='ocrx_word' id='word_1_853' title='bbox 3403 4220 3646 4293; x_wconf 69' lang='lat' dir='ltr'><strong>praesides</strong></span> 
     </span>
    </p>
   </div>
   <div class='ocr_carea' id='block_1_101' title="bbox 2058 4311 3647 4385">
    <p class='ocr_par' dir='ltr' id='par_1_101' title="bbox 2058 4311 3647 4385">
     <span class='ocr_line' id='line_1_101' title="bbox 2058 4311 3647 4385; baseline -0.004 -14"><span class='ocrx_word' id='word_1_854' title='bbox 2058 4317 2313 4371; x_wconf 86' lang='lat' dir='ltr'><strong>ducemini</strong></span> <span class='ocrx_word' id='word_1_855' title='bbox 2342 4327 2554 4385; x_wconf 82' lang='lat' dir='ltr'><strong>prapter</strong></span> <span class='ocrx_word' id='word_1_856' title='bbox 2583 4330 2695 4378; x_wconf 87' lang='lat' dir='ltr'><strong>me;</strong></span> <span class='ocrx_word' id='word_1_857' title='bbox 2732 4324 2786 4369; x_wconf 89' lang='lat' dir='ltr'><strong>et</strong></span> <span class='ocrx_word' id='word_1_858' title='bbox 2816 4328 3002 4368; x_wconf 88' lang='lat' dir='ltr'><strong>rursus</strong></span> <span class='ocrx_word' id='word_1_859' title='bbox 3026 4354 3041 4377; x_wconf 90' lang='lat'><strong>,</strong></span> <span class='ocrx_word' id='word_1_860' title='bbox 3081 4311 3287 4367; x_wconf 84' lang='lat' dir='ltr'><strong>Inimici</strong></span> <span class='ocrx_word' id='word_1_861' title='bbox 3313 4313 3532 4366; x_wconf 79' lang='lat' dir='ltr'><strong>hominis</strong></span> <span class='ocrx_word' id='word_1_862' title='bbox 3554 4313 3647 4366; x_wconf 88' lang='lat' dir='ltr'><strong>do-</strong></span> 
     </span>
    </p>
   </div>
   <div class='ocr_carea' id='block_1_102' title="bbox 2058 4405 3647 4483">
    <p class='ocr_par' dir='ltr' id='par_1_102' title="bbox 2058 4405 3647 4483">
     <span class='ocr_line' id='line_1_102' title="bbox 2058 4405 3647 4483; baseline -0.004 -18"><span class='ocrx_word' id='word_1_863' title='bbox 2058 4411 2254 4466; x_wconf 84' lang='lat' dir='ltr'><strong>mestici</strong></span> <span class='ocrx_word' id='word_1_864' title='bbox 2277 4412 2386 4483; x_wconf 81' lang='lat' dir='ltr'><strong>ejus</strong></span> <span class='ocrx_word' id='word_1_865' title='bbox 2413 4408 2623 4480; x_wconf 82' lang='lat' dir='ltr'><strong>(Matth.</strong></span> <span class='ocrx_word' id='word_1_866' title='bbox 2655 4409 2739 4462; x_wconf 85' lang='lat' dir='ltr'><strong>l0.</strong></span> <span class='ocrx_word' id='word_1_867' title='bbox 2775 4407 2843 4463; x_wconf 79' lang='grc'><strong>18</strong></span> <span class='ocrx_word' id='word_1_868' title='bbox 2868 4415 2913 4461; x_wconf 89' lang='lat' dir='ltr'><strong>et</strong></span> <span class='ocrx_word' id='word_1_869' title='bbox 2934 4405 3002 4463; x_wconf 78' lang='lat'><strong>&#39;56</strong></span> <span class='ocrx_word' id='word_1_870' title='bbox 3027 4406 3068 4477; x_wconf 92' lang='lat'><strong>).</strong></span> <span class='ocrx_word' id='word_1_871' title='bbox 3091 4406 3159 4461; x_wconf 86' lang='lat' dir='ltr'><strong>Et</strong></span> <span class='ocrx_word' id='word_1_872' title='bbox 3180 4405 3398 4460; x_wconf 84' lang='lat' dir='ltr'><strong>afflictio</strong></span> <span class='ocrx_word' id='word_1_873' title='bbox 3428 4405 3513 4459; x_wconf 91' lang='lat' dir='ltr'><strong>hic</strong></span> <span class='ocrx_word' id='word_1_874' title='bbox 3541 4415 3647 4472; x_wconf 88' lang='lat' dir='ltr'><strong>est,</strong></span> 
     </span>
    </p>
   </div>
   <div class='ocr_carea' id='block_1_103' title="bbox 2059 4496 3649 4575">
    <p class='ocr_par' dir='ltr' id='par_1_103' title="bbox 2059 4496 3649 4575">
     <span class='ocr_line' id='line_1_103' title="bbox 2059 4496 3649 4575; baseline -0.006 -17"><span class='ocrx_word' id='word_1_875' title='bbox 2059 4505 2213 4575; x_wconf 88' lang='lat' dir='ltr'><strong>quies</strong></span> <span class='ocrx_word' id='word_1_876' title='bbox 2238 4512 2415 4556; x_wconf 88' lang='lat' dir='ltr'><strong>autem</strong></span> <span class='ocrx_word' id='word_1_877' title='bbox 2446 4509 2503 4556; x_wconf 91' lang='lat' dir='ltr'><strong>et</strong></span> <span class='ocrx_word' id='word_1_878' title='bbox 2527 4499 2777 4554; x_wconf 88' lang='lat' dir='ltr'><strong>remissio</strong></span> <span class='ocrx_word' id='word_1_879' title='bbox 2804 4496 2915 4567; x_wconf 74' lang='lat' dir='ltr'><strong>illic</strong></span> <span class='ocrx_word' id='word_1_880' title='bbox 2939 4504 3023 4553; x_wconf 90' lang='lat' dir='ltr'><strong>est</strong></span> <span class='ocrx_word' id='word_1_881' title='bbox 3050 4537 3066 4562; x_wconf 91' lang='lat'><strong>,</strong></span> <span class='ocrx_word' id='word_1_882' title='bbox 3114 4510 3311 4564; x_wconf 87' lang='lat' dir='ltr'><strong>nempe</strong></span> <span class='ocrx_word' id='word_1_883' title='bbox 3339 4497 3391 4550; x_wconf 89' lang='lat' dir='ltr'><strong>in</strong></span> <span class='ocrx_word' id='word_1_884' title='bbox 3422 4496 3528 4550; x_wconf 86' lang='lat' dir='ltr'><strong>vita</strong></span> <span class='ocrx_word' id='word_1_885' title='bbox 3563 4496 3649 4550; x_wconf 89' lang='lat' dir='ltr'><strong>fu-</strong></span> 
     </span>
    </p>
   </div>
   <div class='ocr_carea' id='block_1_104' title="bbox 2063 4584 3651 4656">
    <p class='ocr_par' dir='ltr' id='par_1_104' title="bbox 2063 4584 3651 4656">
     <span class='ocr_line' id='line_1_104' title="bbox 2063 4584 3651 4656; baseline -0.004 -8"><span class='ocrx_word' id='word_1_886' title='bbox 2063 4605 2202 4648; x_wconf 87' lang='lat' dir='ltr'><strong>tura.</strong></span> <span class='ocrx_word' id='word_1_887' title='bbox 2254 4591 2312 4646; x_wconf 92' lang='lat' dir='ltr'><strong>In</strong></span> <span class='ocrx_word' id='word_1_888' title='bbox 2360 4589 2630 4646; x_wconf 86' lang='lat' dir='ltr'><strong>Abraham</strong></span> <span class='ocrx_word' id='word_1_889' title='bbox 2676 4598 2856 4643; x_wconf 85' lang='lat' dir='ltr'><strong>autem</strong></span> <span class='ocrx_word' id='word_1_890' title='bbox 2896 4595 3086 4642; x_wconf 86' lang='lat' dir='ltr'><strong>contra</strong></span> <span class='ocrx_word' id='word_1_891' title='bbox 3117 4584 3446 4656; x_wconf 86' lang='lat' dir='ltr'><strong>:jubebatur</strong></span> <span class='ocrx_word' id='word_1_892' title='bbox 3475 4585 3651 4641; x_wconf 87' lang='lat' dir='ltr'><strong>facere</strong></span> 
     </span>
    </p>
   </div>
   <div class='ocr_carea' id='block_1_105' title="bbox 2062 4676 3650 4754">
    <p class='ocr_par' dir='ltr' id='par_1_105' title="bbox 2062 4676 3650 4754">
     <span class='ocr_line' id='line_1_105' title="bbox 2062 4676 3650 4754; baseline -0.006 -13"><span class='ocrx_word' id='word_1_893' title='bbox 2062 4685 2334 4742; x_wconf 90' lang='lat' dir='ltr'><strong>contraria</strong></span> <span class='ocrx_word' id='word_1_894' title='bbox 2363 4679 2811 4754; x_wconf 87' lang='lat' dir='ltr'><strong>promissionibus</strong></span> <span class='ocrx_word' id='word_1_895' title='bbox 2835 4721 2849 4743; x_wconf 91' lang='lat'><strong>,</strong></span> <span class='ocrx_word' id='word_1_896' title='bbox 2879 4687 2935 4734; x_wconf 89' lang='lat' dir='ltr'><strong>et</strong></span> <span class='ocrx_word' id='word_1_897' title='bbox 2964 4692 3031 4733; x_wconf 90' lang='lat' dir='ltr'><strong>ne</strong></span> <span class='ocrx_word' id='word_1_898' title='bbox 3058 4677 3137 4732; x_wconf 87' lang='lat' dir='ltr'><strong>sic</strong></span> <span class='ocrx_word' id='word_1_899' title='bbox 3157 4676 3374 4747; x_wconf 89' lang='lat' dir='ltr'><strong>quidem</strong></span> <span class='ocrx_word' id='word_1_900' title='bbox 3408 4678 3650 4732; x_wconf 88' lang='lat' dir='ltr'><strong>turbatus</strong></span> 
     </span>
    </p>
   </div>
   <div class='ocr_carea' id='block_1_106' title="bbox 2064 4768 3646 4849">
    <p class='ocr_par' dir='ltr' id='par_1_106' title="bbox 2064 4768 3646 4849">
     <span class='ocr_line' id='line_1_106' title="bbox 2064 4768 3646 4849; baseline -0.009 -13"><span class='ocrx_word' id='word_1_901' title='bbox 2064 4788 2146 4837; x_wconf 89' lang='lat' dir='ltr'><strong>est</strong></span> <span class='ocrx_word' id='word_1_902' title='bbox 2171 4791 2347 4849; x_wconf 88' lang='lat' dir='ltr'><strong>neque</strong></span> <span class='ocrx_word' id='word_1_903' title='bbox 2370 4773 2653 4843; x_wconf 86' lang='lat' dir='ltr'><strong>caligavit,</strong></span> <span class='ocrx_word' id='word_1_904' title='bbox 2686 4785 2862 4842; x_wconf 87' lang='lat' dir='ltr'><strong>neque</strong></span> <span class='ocrx_word' id='word_1_905' title='bbox 2891 4768 3225 4826; x_wconf 79' lang='lat' dir='ltr'><strong>existimavit</strong></span> <span class='ocrx_word' id='word_1_906' title='bbox 3253 4784 3315 4824; x_wconf 92' lang='lat' dir='ltr'><strong>se</strong></span> <span class='ocrx_word' id='word_1_907' title='bbox 3341 4785 3465 4825; x_wconf 89' lang='lat' dir='ltr'><strong>esse</strong></span> <span class='ocrx_word' id='word_1_908' title='bbox 3484 4768 3646 4825; x_wconf 87' lang='lat' dir='ltr'><strong>dece-</strong></span> 
     </span>
    </p>
   </div>
   <div class='ocr_carea' id='block_1_107' title="bbox 2065 4858 3659 4941">
    <p class='ocr_par' dir='ltr' id='par_1_107' title="bbox 2065 4858 3659 4941">
     <span class='ocr_line' id='line_1_107' title="bbox 2065 4858 3659 4941; baseline -0.008 -17"><span class='ocrx_word' id='word_1_909' title='bbox 2065 4880 2212 4941; x_wconf 91' lang='lat' dir='ltr'><strong>ptum</strong></span> <span class='ocrx_word' id='word_1_910' title='bbox 2240 4886 2254 4922; x_wconf 91' lang='lat'>:</span> <span class='ocrx_word' id='word_1_911' title='bbox 2280 4880 2378 4922; x_wconf 86' lang='lat' dir='ltr'><strong>vos</strong></span> <span class='ocrx_word' id='word_1_912' title='bbox 2397 4874 2579 4919; x_wconf 83' lang='lat' dir='ltr'><strong>autem</strong></span> <span class='ocrx_word' id='word_1_913' title='bbox 2607 4860 2746 4918; x_wconf 88' lang='lat' dir='ltr'><strong>nihil</strong></span> <span class='ocrx_word' id='word_1_914' title='bbox 2766 4861 3048 4918; x_wconf 86' lang='lat' dir='ltr'><strong>sustinetis</strong></span> <span class='ocrx_word' id='word_1_915' title='bbox 3073 4858 3217 4931; x_wconf 90' lang='lat' dir='ltr'><strong>quod</strong></span> <span class='ocrx_word' id='word_1_916' title='bbox 3248 4860 3320 4914; x_wconf 91' lang='lat' dir='ltr'><strong>sit</strong></span> <span class='ocrx_word' id='word_1_917' title='bbox 3340 4871 3495 4916; x_wconf 81' lang='lat' dir='ltr'><strong>extra</strong></span> <span class='ocrx_word' id='word_1_918' title='bbox 3527 4874 3659 4931; x_wconf 81' lang='lat' dir='ltr'><strong>pro-</strong></span> 
     </span>
    </p>
   </div>
   <div class='ocr_carea' id='block_1_108' title="bbox 2066 4952 3656 5022">
    <p class='ocr_par' dir='ltr' id='par_1_108' title="bbox 2066 4952 3656 5022">
     <span class='ocr_line' id='line_1_108' title="bbox 2066 4952 3656 5022; baseline -0.007 -4"><span class='ocrx_word' id='word_1_919' title='bbox 2066 4962 2378 5018; x_wconf 89' lang='lat' dir='ltr'><strong>missionem</strong></span> <span class='ocrx_word' id='word_1_920' title='bbox 2413 4998 2428 5022; x_wconf 91' lang='lat'><strong>,</strong></span> <span class='ocrx_word' id='word_1_921' title='bbox 2481 4965 2539 5013; x_wconf 89' lang='lat' dir='ltr'><strong>et</strong></span> <span class='ocrx_word' id='word_1_922' title='bbox 2595 4953 2907 5011; x_wconf 90' lang='lat' dir='ltr'><strong>turbamini.</strong></span> <span class='ocrx_word' id='word_1_923' title='bbox 2963 4952 3059 5007; x_wconf 88' lang='lat' dir='ltr'><strong>Ille</strong></span> <span class='ocrx_word' id='word_1_924' title='bbox 3126 4952 3333 5008; x_wconf 88' lang='lat' dir='ltr'><strong>audivit</strong></span> <span class='ocrx_word' id='word_1_925' title='bbox 3386 4953 3656 5010; x_wconf 88' lang='lat' dir='ltr'><strong>contraria</strong></span> 
     </span>
    </p>
   </div>
   <div class='ocr_carea' id='block_1_109' title="bbox 2068 5046 3657 5127">
    <p class='ocr_par' dir='ltr' id='par_1_109' title="bbox 2068 5046 3657 5127">
     <span class='ocr_line' id='line_1_109' title="bbox 2068 5046 3657 5127; baseline -0.005 -17"><span class='ocrx_word' id='word_1_926' title='bbox 2068 5053 2351 5127; x_wconf 89' lang='lat' dir='ltr'><strong>promissis</strong></span> <span class='ocrx_word' id='word_1_927' title='bbox 2379 5050 2447 5105; x_wconf 92' lang='lat' dir='ltr'><strong>ab</strong></span> <span class='ocrx_word' id='word_1_928' title='bbox 2470 5063 2538 5105; x_wconf 91' lang='lat' dir='ltr'><strong>eo</strong></span> <span class='ocrx_word' id='word_1_929' title='bbox 2568 5048 2686 5118; x_wconf 91' lang='lat' dir='ltr'><strong>ipso</strong></span> <span class='ocrx_word' id='word_1_930' title='bbox 2713 5047 2803 5118; x_wconf 90' lang='lat' dir='ltr'><strong>qui</strong></span> <span class='ocrx_word' id='word_1_931' title='bbox 2831 5053 2950 5102; x_wconf 88' lang='lat' dir='ltr'><strong>erat</strong></span> <span class='ocrx_word' id='word_1_932' title='bbox 2970 5046 3237 5116; x_wconf 86' lang='lat' dir='ltr'><strong>pollicitus</strong></span> <span class='ocrx_word' id='word_1_933' title='bbox 3266 5088 3281 5114; x_wconf 93' lang='lat'><strong>,</strong></span> <span class='ocrx_word' id='word_1_934' title='bbox 3316 5057 3371 5103; x_wconf 89' lang='lat' dir='ltr'><strong>et</strong></span> <span class='ocrx_word' id='word_1_935' title='bbox 3406 5064 3512 5103; x_wconf 92' lang='lat' dir='ltr'><strong>non</strong></span> <span class='ocrx_word' id='word_1_936' title='bbox 3542 5059 3657 5103; x_wconf 82' lang='lat' dir='ltr'><strong>tur—</strong></span> 
     </span>
    </p>
   </div>
   <div class='ocr_carea' id='block_1_110' title="bbox 2068 5137 3656 5206">
    <p class='ocr_par' dir='ltr' id='par_1_110' title="bbox 2068 5137 3656 5206">
     <span class='ocr_line' id='line_1_110' title="bbox 2068 5137 3656 5206; baseline -0.009 -3"><span class='ocrx_word' id='word_1_937' title='bbox 2068 5146 2332 5206; x_wconf 86' lang='lat' dir='ltr'><strong>babatur.</strong></span> <span class='ocrx_word' id='word_1_938' title='bbox 2381 5141 2479 5198; x_wconf 84' lang='lat' dir='ltr'><strong>sed</strong></span> <span class='ocrx_word' id='word_1_939' title='bbox 2521 5155 2584 5195; x_wconf 87' lang='lat' dir='ltr'><strong>ea</strong></span> <span class='ocrx_word' id='word_1_940' title='bbox 2638 5137 2871 5193; x_wconf 80' lang='lat' dir='ltr'><strong>faciebat</strong></span> <span class='ocrx_word' id='word_1_941' title='bbox 2914 5147 3184 5206; x_wconf 87' lang='lat' dir='ltr'><strong>tamquam</strong></span> <span class='ocrx_word' id='word_1_942' title='bbox 3233 5138 3609 5193; x_wconf 84' lang='lat' dir='ltr'><strong>convenientia</strong></span> <span class='ocrx_word' id='word_1_943' title='bbox 3643 5154 3656 5189; x_wconf 89' lang='lat'><strong>:</strong></span> 
     </span>
    </p>
   </div>
   <div class='ocr_carea' id='block_1_111' title="bbox 2075 5226 3664 5299">
    <p class='ocr_par' dir='ltr' id='par_1_111' title="bbox 2075 5226 3664 5299">
     <span class='ocr_line' id='line_1_111' title="bbox 2075 5226 3664 5299; baseline -0.009 -6"><span class='ocrx_word' id='word_1_944' title='bbox 2075 5244 2230 5294; x_wconf 87' lang='lat' dir='ltr'><strong>erant</strong></span> <span class='ocrx_word' id='word_1_945' title='bbox 2255 5232 2400 5291; x_wconf 89' lang='lat' dir='ltr'><strong>enim</strong></span> <span class='ocrx_word' id='word_1_946' title='bbox 2420 5228 2793 5287; x_wconf 88' lang='lat' dir='ltr'><strong>convenientia</strong></span> <span class='ocrx_word' id='word_1_947' title='bbox 2821 5245 2835 5282; x_wconf 89' lang='lat'><strong>:</strong></span> <span class='ocrx_word' id='word_1_948' title='bbox 2865 5228 3134 5283; x_wconf 86' lang='lat' dir='ltr'><strong>contraria</strong></span> <span class='ocrx_word' id='word_1_949' title='bbox 3168 5228 3383 5299; x_wconf 87' lang='lat' dir='ltr'><strong>quidem</strong></span> <span class='ocrx_word' id='word_1_950' title='bbox 3411 5226 3664 5280; x_wconf 88' lang='lat' dir='ltr'><strong>humanis</strong></span> 
     </span>
    </p>
   </div>
   <div class='ocr_carea' id='block_1_112' title="bbox 2077 5323 3668 5410">
    <p class='ocr_par' dir='ltr' id='par_1_112' title="bbox 2077 5323 3668 5410">
     <span class='ocr_line' id='line_1_112' title="bbox 2077 5323 3668 5410; baseline -0.016 -6"><span class='ocrx_word' id='word_1_951' title='bbox 2077 5345 2392 5410; x_wconf 88' lang='lat' dir='ltr'><strong>rationibus,</strong></span> <span class='ocrx_word' id='word_1_952' title='bbox 2418 5337 2793 5397; x_wconf 87' lang='lat' dir='ltr'><strong>convenientia</strong></span> <span class='ocrx_word' id='word_1_953' title='bbox 2817 5345 2996 5391; x_wconf 89' lang='lat' dir='ltr'><strong>autem</strong></span> <span class='ocrx_word' id='word_1_954' title='bbox 3021 5348 3088 5390; x_wconf 76' lang='lat' dir='ltr'><strong>ex</strong></span> <span class='ocrx_word' id='word_1_955' title='bbox 3120 5331 3224 5388; x_wconf 90' lang='lat' dir='ltr'><strong>llde</strong></span> <span class='ocrx_word' id='word_1_956' title='bbox 3248 5371 3263 5386; x_wconf 97' lang='lat'><strong>.</strong></span> <span class='ocrx_word' id='word_1_957' title='bbox 3297 5336 3354 5386; x_wconf 92' lang='lat' dir='ltr'><strong>et</strong></span> <span class='ocrx_word' id='word_1_958' title='bbox 3373 5323 3668 5399; x_wconf 89' lang='lat' dir='ltr'><strong>quomodo,</strong></span> 
     </span>
    </p>
   </div>
   <div class='ocr_carea' id='block_1_113' title="bbox 2080 5416 3669 5512">
    <p class='ocr_par' dir='ltr' id='par_1_113' title="bbox 2080 5416 3669 5512">
     <span class='ocr_line' id='line_1_113' title="bbox 2080 5416 3669 5512; baseline -0.018 -15"><span class='ocrx_word' id='word_1_959' title='bbox 2080 5436 2502 5512; x_wconf 72' lang='lat' dir='ltr'><strong>ipse‘Apostolus</strong></span> <span class='ocrx_word' id='word_1_960' title='bbox 2526 5446 2624 5487; x_wconf 89' lang='lat' dir='ltr'><strong>nos</strong></span> <span class='ocrx_word' id='word_1_961' title='bbox 2652 5429 2835 5486; x_wconf 90' lang='lat' dir='ltr'><strong>docuit</strong></span> <span class='ocrx_word' id='word_1_962' title='bbox 2859 5469 2873 5494; x_wconf 91' lang='lat'><strong>,</strong></span> <span class='ocrx_word' id='word_1_963' title='bbox 2905 5427 3092 5483; x_wconf 89' lang='lat' dir='ltr'><strong>dicens</strong></span> <span class='ocrx_word' id='word_1_964' title='bbox 3121 5441 3137 5476; x_wconf 90' lang='lat'><strong>:</strong></span> <span class='ocrx_word' id='word_1_965' title='bbox 3171 5422 3437 5512; x_wconf 54' lang='lat' dir='ltr'><strong>Arbitrum</strong></span> <span class='ocrx_word' id='word_1_966' title='bbox 3458 5416 3596 5512; x_wconf 76' lang='lat' dir='ltr'><strong>quod</strong></span> <span class='ocrx_word' id='word_1_967' title='bbox 3622 5423 3669 5470; x_wconf 87' lang='lat' dir='ltr'><strong>et</strong></span> 
     </span>
    </p>
   </div>
   <div class='ocr_carea' id='block_1_114' title="bbox 2078 5506 3667 5593">
    <p class='ocr_par' dir='ltr' id='par_1_114' title="bbox 2078 5506 3667 5593">
     <span class='ocr_line' id='line_1_114' title="bbox 2078 5506 3667 5593; baseline -0.017 -6"><span class='ocrx_word' id='word_1_968' title='bbox 2078 5506 2115 5586; x_wconf 72' lang='lat' dir='ltr'><strong>ti</strong></span> <span class='ocrx_word' id='word_1_969' title='bbox 2137 5506 2345 5586; x_wconf 75' lang='lat' dir='ltr'><strong>mortuis</strong></span> <span class='ocrx_word' id='word_1_970' title='bbox 2374 5524 2621 5589; x_wconf 78' lang='lat' dir='ltr'><strong>suscitare</strong></span> <span class='ocrx_word' id='word_1_971' title='bbox 2649 5531 2825 5593; x_wconf 83' lang='lat' dir='ltr'><strong>potens</strong></span> <span class='ocrx_word' id='word_1_972' title='bbox 2848 5530 2922 5574; x_wconf 83' lang='lat' dir='ltr'><strong>est</strong></span> <span class='ocrx_word' id='word_1_973' title='bbox 2949 5517 3102 5572; x_wconf 87' lang='lat' dir='ltr'><strong>Deus.</strong></span> <span class='ocrx_word' id='word_1_974' title='bbox 3127 5512 3186 5569; x_wconf 83' lang='lat' dir='ltr'><strong>Id</strong></span> <span class='ocrx_word' id='word_1_975' title='bbox 3208 5519 3324 5568; x_wconf 86' lang='lat' dir='ltr'><strong>est:</strong></span> <span class='ocrx_word' id='word_1_976' title='bbox 3347 5509 3425 5565; x_wconf 84' lang='lat' dir='ltr'><strong>Ex</strong></span> <span class='ocrx_word' id='word_1_977' title='bbox 3453 5506 3667 5573; x_wconf 84' lang='lat' dir='ltr'><strong>eadem,</strong></span> 
     </span>
    </p>
   </div>
   <div class='ocr_carea' id='block_1_115' title="bbox 2081 5599 3668 5693">
    <p class='ocr_par' dir='ltr' id='par_1_115' title="bbox 2081 5599 3668 5693">
     <span class='ocr_line' id='line_1_115' title="bbox 2081 5599 3668 5693; baseline -0.018 -15"><span class='ocrx_word' id='word_1_978' title='bbox 2081 5627 2283 5693; x_wconf 86' lang='lat' dir='ltr'><strong>inquit,</strong></span> <span class='ocrx_word' id='word_1_979' title='bbox 2316 5617 2419 5673; x_wconf 87' lang='lat' dir='ltr'><strong>fide</strong></span> <span class='ocrx_word' id='word_1_980' title='bbox 2439 5632 2541 5688; x_wconf 84' lang='lat' dir='ltr'><strong>qua</strong></span> <span class='ocrx_word' id='word_1_981' title='bbox 2571 5612 2799 5670; x_wconf 89' lang='lat' dir='ltr'><strong>credidit</strong></span> <span class='ocrx_word' id='word_1_982' title='bbox 2829 5609 2972 5682; x_wconf 79' lang='lat' dir='ltr'><strong>quod</strong></span> <span class='ocrx_word' id='word_1_983' title='bbox 2998 5608 3297 5663; x_wconf 88' lang='lat' dir='ltr'><strong>donaturus</strong></span> <span class='ocrx_word' id='word_1_984' title='bbox 3325 5609 3472 5658; x_wconf 86' lang='lat' dir='ltr'><strong>esset</strong></span> <span class='ocrx_word' id='word_1_985' title='bbox 3499 5599 3668 5653; x_wconf 88' lang='lat' dir='ltr'><strong>lilium</strong></span> 
     </span>
    </p>
   </div>
   <div class='ocr_carea' id='block_1_116' title="bbox 2080 5694 3669 5786">
    <p class='ocr_par' dir='ltr' id='par_1_116' title="bbox 2080 5694 3669 5786">
     <span class='ocr_line' id='line_1_116' title="bbox 2080 5694 3669 5786; baseline -0.014 -21"><span class='ocrx_word' id='word_1_986' title='bbox 2080 5714 2169 5786; x_wconf 90' lang='lat' dir='ltr'><strong>qui</strong></span> <span class='ocrx_word' id='word_1_987' title='bbox 2201 5718 2463 5772; x_wconf 81' lang='lat' dir='ltr'><strong>nouerat,</strong></span> <span class='ocrx_word' id='word_1_988' title='bbox 2493 5723 2558 5761; x_wconf 79' lang='lat' dir='ltr'><strong>ex</strong></span> <span class='ocrx_word' id='word_1_989' title='bbox 2583 5704 2771 5761; x_wconf 90' lang='lat' dir='ltr'><strong>eadem</strong></span> <span class='ocrx_word' id='word_1_990' title='bbox 2801 5704 2963 5757; x_wconf 81' lang='lat' dir='ltr'><strong>etiam</strong></span> <span class='ocrx_word' id='word_1_991' title='bbox 2989 5706 3257 5754; x_wconf 87' lang='lat' dir='ltr'><strong>mortuum</strong></span> <span class='ocrx_word' id='word_1_992' title='bbox 3288 5694 3669 5749; x_wconf 87' lang='lat' dir='ltr'><strong>suscitaturum</strong></span> 
     </span>
    </p>
   </div>
   <div class='ocr_carea' id='block_1_117' title="bbox 2080 5790 3671 5880">
    <p class='ocr_par' dir='ltr' id='par_1_117' title="bbox 2080 5790 3671 5880">
     <span class='ocr_line' id='line_1_117' title="bbox 2080 5790 3671 5880; baseline -0.016 -20"><span class='ocrx_word' id='word_1_993' title='bbox 2080 5822 2202 5861; x_wconf 83' lang='lat' dir='ltr'><strong>esse</strong></span> <span class='ocrx_word' id='word_1_994' title='bbox 2224 5846 2238 5869; x_wconf 89' lang='lat'><strong>,</strong></span> <span class='ocrx_word' id='word_1_995' title='bbox 2269 5814 2321 5858; x_wconf 89' lang='lat' dir='ltr'><strong>et</strong></span> <span class='ocrx_word' id='word_1_996' title='bbox 2354 5814 2667 5873; x_wconf 84' lang='lat' dir='ltr'><strong>persuasum</strong></span> <span class='ocrx_word' id='word_1_997' title='bbox 2700 5795 2885 5880; x_wconf 59' lang='lat' dir='ltr'><strong>habuit</strong></span> <span class='ocrx_word' id='word_1_998' title='bbox 2927 5790 3068 5862; x_wconf 90' lang='lat' dir='ltr'><strong>quod</strong></span> <span class='ocrx_word' id='word_1_999' title='bbox 3093 5796 3381 5844; x_wconf 85' lang='lat' dir='ltr'><strong>mactatum</strong></span> <span class='ocrx_word' id='word_1_1000' title='bbox 3409 5792 3525 5839; x_wconf 88' lang='lat' dir='ltr'><strong>erat</strong></span> <span class='ocrx_word' id='word_1_1001' title='bbox 3549 5798 3671 5843; x_wconf 83' lang='lat' dir='ltr'><strong>sus-</strong></span> 
     </span>
    </p>
   </div>
   <div class='ocr_carea' id='block_1_118' title="bbox 2084 5878 3670 5960">
    <p class='ocr_par' dir='ltr' id='par_1_118' title="bbox 2084 5878 3670 5960">
     <span class='ocr_line' id='line_1_118' title="bbox 2084 5878 3670 5960; baseline -0.02 -2"><span class='ocrx_word' id='word_1_1002' title='bbox 2084 5907 2358 5959; x_wconf 79' lang='lat' dir='ltr'><strong>citaturus.</strong></span> <span class='ocrx_word' id='word_1_1003' title='bbox 2382 5896 2511 5953; x_wconf 69' lang='lat' dir='ltr'><strong>Et‘at</strong></span> <span class='ocrx_word' id='word_1_1004' title='bbox 2547 5891 2688 5949; x_wconf 85' lang='lat' dir='ltr'><strong>enim</strong></span> <span class='ocrx_word' id='word_1_1005' title='bbox 2719 5878 2870 5960; x_wconf 62' lang='lat' dir='ltr'><strong>teque</strong></span> <span class='ocrx_word' id='word_1_1006' title='bbox 2891 5885 3131 5954; x_wconf 88' lang='lat' dir='ltr'><strong>dubium,</strong></span> <span class='ocrx_word' id='word_1_1007' title='bbox 3155 5883 3409 5948; x_wconf 88' lang='lat' dir='ltr'><strong>humana,</strong></span> <span class='ocrx_word' id='word_1_1008' title='bbox 3433 5878 3670 5946; x_wconf 85' lang='lat' dir='ltr'><strong>inquam,</strong></span> 
     </span>
    </p>
   </div>
  </div>
