4202 6444
367 417 466 474 ΠΙ

361 535 428 588 Εἰ
479 533 590 604 γάρ
631 530 724 584 καὶ
757 529 848 585 διὰ
893 528 1126 600 Βαλαὰμ
1180 531 1476 602 ἐνήργησε,
1537 533 1721 604 πολλῷ
1761 535 1964 605 μᾶλλον

359 619 430 672 δι’
459 615 720 681 ἀναξίων,
744 615 841 669 καὶ
870 613 1029 668 τοῦτο
1049 613 1139 667 διὰ
1160 615 1286 679 τοὺς
1311 614 1611 685 μέλλοντας
1633 617 1961 688 κερδαίνειν.

363 699 520 775 [225]
543 701 602 752 El
616 699 671 752 δέ
693 697 793 752 καὶ
810 700 1011 780 σημεῖα
1023 698 1120 750 καὶ
1139 697 1346 769 τέρατα
1359 699 1460 752 οὑκ
1482 699 1669 770 ίσχυσε
1688 701 1965 763 κολάσεως

362 782 700 849 ἀπαλλάξαι,
750 782 938 855 πολλῷ
987 783 1214 853 μᾶλλον,
1265 783 1368 837 κᾶν
1399 786 1458 837 ἐν
1487 785 1764 856 ἀξιώματι
1820 787 1966 856 ἱεραο

359 870 502 940 τικῷ
537 887 621 932 τις
653 868 728 920 ὢν
758 868 1030 939 τυγχάνῃ,
1068 869 1174 922 κᾶν
1210 871 1292 932 εἰς
1338 868 1438 940 τὴν
1482 871 1748 924 ἀνωτάτω
1795 870 1963 943 τιμὴν

359 954 569 1024 φθάσῃ,
599 950 703 1004 κᾶν
753 951 836 1012 είς
877 950 979 1021 τὴν
1022 952 1366 1022 χειροτονίαν
1411 953 1742 1027 ἐνεργήσῃὴ
1778 955 1960 1025 χάρις,

357 1037 466 1088 κάν
500 1036 582 1098 είς
610 1033 679 1086 τὰ
704 1032 844 1088 ἀλλα
874 1035 1055 1086 πάντα
1083 1033 1172 1086 διὰ
1199 1035 1328 1095 τοὺς
1356 1035 1459 1106 τῆς
1481 1037 1826 1107 προστασίας
1845 1037 1964 1089 δεο-

360 1119 583 1188 μένους,
619 1117 918 1170 ἀκούσεται
943 1119 1036 1171 καὶ
1059 1117 1243 1182 αὐτὸς,
1260 1119 1534 1173 Οὑδέποτέ
1553 1137 1612 1172 σε
1637 1119 1963 1188 ἕγνων,οὑδέ

357 1201 505 1264 τότε,
525 1201 617 1254 ὅτε
641 1202 949 1271 ἐνήργησεν
978 1203 1036 1255 ἐν
1069 1201 1153 1254 σοὶ
1177 1204 1209 1272 ὴ
1234 1202 1420 1273 χάρις.
1457 1203 1655 1268 Βαϐαῖ,
1689 1203 1831 1273 πόση
1861 1205 1962 1274 τῆς

353 1285 451 1337 τοῦ
483 1283 601 1353 βίου
634 1284 1013 1354 καθαρότητος
1042 1287 1074 1355 ἡ
1107 1283 1338 1355 ζήτησις
1370 1287 1522 1339 ἐκεῖί
1555 1286 1672 1350 πῶς
1700 1287 1838 1359 αὑτὴ
1866 1289 1962 1342 καὶ

355 1369 479 1423 καθ’
506 1369 714 1440 ἑαυτὴν
733 1371 898 1440 ἀρκεῖ
913 1370 994 1432 είς
1009 1368 1108 1441 τὴν
1133 1369 1414 1439 βασιλείαν
1439 1373 1587 1442 ἡμᾶς
1606 1373 1956 1440 είσαγαγεῖνί

351 1453 478 1518 πῶς
504 1454 562 1508 δὲ
597 1452 824 1508 ἀποῦσα
855 1453 1151 1526 προδίδωσι
1183 1455 1276 1507 τὸν
1301 1455 1492 1528 ἄνδρα,
1528 1455 1634 1509 κᾶν
1661 1457 1830 1526 μυρία
1861 1456 1959 1528 ἔχη

347 1538 563 1608 τέρατα
587 1537 684 1590 καὶ
716 1540 926 1607 σημεῖα
960 1537 1375 1590 ἐπιδείκνυσθαι
1407 1538 1420 1591 !
1455 1539 1624 1592 Οὑδέν
1657 1538 1766 1610 γὰρ
1785 1539 1960 1602 οὑτως

349 1621 645 1694 εὐφραίνει
672 1621 767 1675 τὸν
795 1622 954 1688 Θεὸν,
993 1622 1070 1685 ὼς
1096 1621 1347 1675 πολιτεία
1379 1622 1603 1693 ἀρίστη.
1636 1623 1778 1677 Ἐὰν
1815 1624 1959 1692 ἀγα-

345 1705 506 1761 πᾶτέ
525 1723 624 1776 με,
662 1707 852 1778 φησὶν,
881 1706 984 1759 οὑκ
1031 1702 1177 1770 εἷπε,
1224 1707 1435 1776 Σημεῖα
1487 1709 1772 1776 ποιήσατε,
1823 1707 1960 1761 ἀλλὰ

343 1791 438 1856 τίς
475 1792 589 1858 Τὰς
608 1789 873 1855 ἐντολάς
888 1808 1008 1860 μου
1043 1790 1366 1860 τηρήσατε.
1389 1790 1502 1844 Καὶ
1523 1791 1710 1844 πάλινο
1730 1791 1956 1856 Φίλους

344 1872 513 1945 ὑμᾶς
530 1876 710 1947 λέγω,
743 1876 844 1946 οὑχ
887 1876 1018 1929 ὅταν
1048 1875 1306 1944 δαιμόνια
1342 1875 1636 1942 ἐκϐάλητε,
1671 1875 1788 1928 ἀλλ’
1821 1875 1958 1928 Ἐὰν

343 1961 662 2031 τηρήσητε
685 1961 829 2027 τοὺς
852 1962 1077 2030 λόγους
1092 1960 1236 2026 τοὺς
1251 1961 1457 2029 ἐμούς.
1489 1961 1708 2015 Ἐκεῖνα
1733 1960 1831 2030 μὲν
1847 1959 1957 2031 γάρ

341 2046 451 2117 τῆς
473 2045 570 2100 τοῦ
610 2045 748 2101 Θεοῦ
791 2046 1004 2118 δωρεᾶς
1040 2046 1194 2098 ἐστι·
1227 2044 1404 2098 ταῦτα
1437 2045 1493 2098 δὲ
1515 2045 1653 2116 μετά
1705 2044 1803 2116 τὴν
1859 2044 1955 2098 τοῦ

344 2130 493 2185 Θεοῦ
517 2130 733 2200 δωρεὰν
766 2129 864 2182 καὶ
897 2129 999 2198 τῆς
1038 2128 1319 2200 ἡμετέρας
1371 2129 1632 2199 σπουδῆς.
1699 2129 1957 2182 Σπουδά-

353 2229 540 2285 σωμεν
564 2213 824 2283 γενέσθαι
880 2212 1026 2282 φίλοι
1086 2212 1184 2266 τοῦ
1244 2211 1404 2278 Θεοῦ,
1439 2214 1534 2265 καὶ
1567 2213 1642 2284 μὴ
1703 2213 1957 2284 μένωμεν

355 2297 566 2372 ἐχθροί.
608 2299 720 2354 ’Λεὶ
752 2298 932 2351 ταῦτα
962 2297 1219 2368 λέγομεν,
1253 2298 1341 2350 ἀεὶ
1371 2296 1545 2350 ταῦτα
1576 2296 1957 2368 παραινοῦμεν

356 2381 457 2438 καὶ
479 2383 610 2453 ἡμῖν
641 2384 833 2445 αὑτοῖς
888 2381 986 2436 καὶ
1033 2382 1186 2452 ὑμῖν,
1234 2381 1397 2435 πλέον
1419 2381 1474 2435 δὲ
1503 2381 1657 2435 οὐδὲν
1698 2381 1911 2450 γίνεται
1939 2397 1954 2413 ⁸

353 2467 434 2520 διὸ
459 2469 554 2520 καὶ
575 2467 818 2521 δέδοικα.
864 2467 978 2521 Καὶ
1025 2466 1338 2539 ἐϐουλόμην
1374 2468 1474 2537 μὲν
1508 2468 1759 2539 σιγῆσαι,
1812 2467 1958 2521 ὥστε

356 2554 430 2623 μῆ
481 2553 574 2606 τὸν
629 2554 885 2607 κίνδυνον
944 2554 1076 2624 ὑμῖν
1133 2553 1402 2621 αὐξῆσαν
1440 2553 1640 2622 τὸγὰρ
1689 2551 1958 2617 πολλάκις

347 2634 620 2690 ἀκούοντα
648 2636 784 2708 μηδέ
815 2636 960 2695 οὑτω
988 2639 1184 2697 ποιεῖν,
1231 2636 1534 2707 παροξῦναι
1555 2636 1647 2689 τὸν
1679 2636 1958 2705 Δεσπότην

347 2720 499 2776 ἐστίν
518 2739 530 2750 ·
566 2720 707 2774 ἀλλά
733 2720 952 2774 δέδοικα
972 2721 1068 2775 καὶ
1081 2721 1246 2785 αὑτὸς
1265 2721 1356 2773 τὸν
1376 2721 1462 2773 ἐτε
1474 2737 1567 2790 ρον
1600 2721 1848 2774 κίνδυνον
1866 2720 1958 2774 τὸν

345 2805 448 2873 τῆς
485 2804 651 2874 σιγῆς
675 2844 689 2868 ,
725 2803 862 2872 εἴγε
901 2807 982 2867 είς
1043 2804 1204 2872 λόγου
1255 2804 1536 2859 διακονίαν
1592 2804 1956 2874 τεταγμένος,

337 2888 612 2960 μέλλοιμι
650 2889 832 2960 σιγᾷν.
873 2888 938 2942 Τί
979 2885 1075 2942 οὑν
1107 2890 1432 2960 ποιήσομεν,
1491 2890 1680 2960 φησὶν,
1735 2889 1824 2942 ἵνα
1849 2905 1959 2942 σω-

345 2972 537 3043 θῶμεν
565 2990 581 3038 ;
628 2971 957 3045 Ἀρξώμεθα
986 2973 1086 3044 τῆς
1111 2974 1336 3045 ἀρετῆς,
1362 2973 1470 3037 ἕως
1499 2977 1694 3045 καιρὸν
1723 2973 1956 3044 ἔχομεν’

339 3055 727 3126 διανείμωμεν
761 3058 981 3119 ἑαυτοῖς
1003 3056 1103 3119 τάς
1134 3059 1360 3126 ἀρετὰς,
1383 3057 1750 3128 καθάπερτῆν
1772 3073 1956 3128 γεωρ-

341 3141 473 3208 γίαν
509 3141 560 3194 οἱ
593 3140 860 3210 γηπὸνοι·
894 3140 954 3194 ἐν
984 3138 1062 3210 τῷ
1100 3141 1234 3212 μηνὶ
1253 3141 1430 3212 τούτῳ
1461 3143 1831 3213 κρατήσωμεν
1851 3139 1956 3194 λοι-

339 3224 560 3298 δορίας,
616 3225 857 3297 ὕϐρεως,
915 3225 1086 3296 ὀργῆς
1120 3225 1334 3292 ἀδίκου,
1367 3228 1461 3280 καὶ
1497 3224 1682 3296 θῶμεν
1736 3226 1954 3289 ἑαυτοῖς

1146 410 1214 466 IN
1241 411 1462 469 EPIST.
1501 413 1593 467 AD
1643 411 2012 471 UEBREOS.
2048 410 2202 467 CAP.
2266 411 2360 467 XI.
2392 409 2629 468 1102111..
2671 411 2837 469 XXV;

3569 413 3672 466 172

2069 531 2256 602 νόμον,
2293 531 2388 584 καὶ
2414 530 2682 598 εἴπωμεν,
2727 529 2977 600 Σήμερον
3011 527 3129 582 τόδε
3186 525 3634 599 κατορθώσωμεν
3655 542 3668 555 ³

2066 616 2162 670 καὶ
2180 617 2239 668 ἐν
2258 615 2334 684 τῷ
2351 614 2484 684 μηνὶ
2502 613 2580 683 τῷ
2599 613 2745 684 ἄλλῳ
2770 614 2869 683 τὴν
2888 611 3252 677 ἀνεξικακίαν
3277 613 3511 674 ἐαυτοὺς
3539 627 3665 663 παι-

2065 698 2372 768 δεύσωμεν,
2409 700 2504 752 καὶ
2532 700 2592 750 ἐν
2615 698 2787 768 ἑτέρῳ
2824 697 2993 768 ἀλλην
3021 698 3260 768 ἀρετήν·
3307 697 3406 749 καὶ
3453 696 3583 750 ὅταν
3615 696 3672 746 ἐν

2065 783 2180 848 ἐξει
2203 782 2412 852 ταύτης
2439 781 2736 852 γενώμεθα
2769 784 2867 851 τῆς
2897 782 3121 854 ἀρετῆς,
3154 783 3240 851 ἐφ’
3271 781 3466 852 ἑτέραν
3499 778 3670 830 ἔλθω-

2068 885 2191 938 μεν,
2240 866 2497 937 καθάπερ
2529 867 2623 918 ἐπὶ
2652 866 2764 919 τῶν
2795 865 3141 936 μαθημάτων
3162 908 3175 932 ,
3208 867 3278 919 τά
3309 883 3369 918 τε
3399 865 3501 936 ἥδη
3530 879 3670 931 κτηο

2067 952 2230 1006 θέντα
2257 951 2645 1020 φυλάττοντες,
2668 953 2863 1005 καίέτε
2875 970 2941 1022 ρα
2964 951 3508 1022 προσλαμϐάνοντες.
3533 944 3668 1000 Μετ’

2065 1037 2285 1106 ἐκείνην
2313 1034 2557 1105 ἔλθωμεν
2585 1035 2677 1087 ἐπὶ
2702 1037 2805 1103 τὴν
2834 1036 2943 1087 τῶν
2978 1036 3284 1107 χρημάτων
3319 1032 3629 1103 ὑπεροψίαν
3651 1043 3668 1062 ⁸

2065 1121 2285 1191 πρῶτον
2315 1121 2688 1189 κατάσχωμεν
2723 1119 2822 1182 τὰς
2847 1123 3037 1191 χεῖρας
3064 1119 3170 1171 ἀπὸ
3200 1118 3539 1182 πλεονεξίας,
3570 1118 3667 1169 καὶ

2063 1206 2186 1258 τότε
2220 1207 2541 1277 ποιήσωμεν
2568 1204 2980 1273 ἐλεημοσύνην·
3017 1205 3094 1274 μὴ
3118 1204 3298 1257 πάντα
3320 1203 3508 1266 ἁπλῶς
3534 1218 3667 1269 συγ-

2065 1289 2304 1360 χέωμεν,
2355 1292 2479 1351 ταῖς
2547 1289 2742 1350 αὑταῖς
2793 1288 2953 1357 χερσὶ
3003 1290 3100 1340 καὶ
3132 1288 3504 1356 ἁρπάζοντες,
3568 1286 3666 1339 καὶ

2063 1374 2350 1436 ἐλεοῦντες
2379 1375 2543 1444 δῆθεν
2569 1391 2579 1402 ·
2615 1374 2756 1442 μετά
2787 1373 2948 1424 τοῦτο
2973 1374 3062 1425 ἐπ’
3092 1372 3262 1442 ἄλλην
3291 1370 3518 1442 ἀρε-τῆν,
3569 1371 3665 1423 καὶ

2066 1459 2186 1527 μετ’
2207 1457 2428 1525 ἐκείνην
2452 1457 2540 1509 ἐπ’
2577 1456 2768 1527 ἄλλην.
2795 1457 3156 1526 Αἱσχρότης,
3185 1456 3341 1526 σησὶ,
3359 1454 3459 1508 καὶ
3472 1470 3666 1524 μωρο-

2060 1542 2241 1608 λογία
2255 1541 2352 1594 καὶ
2371 1541 2742 1609 εὐτραπελία
2761 1541 2917 1610 μηδὲ
2937 1539 3320 1610 ὀνομαζέσθω
3339 1538 3475 1608 παρ’
3496 1537 3662 1606 ὑμῖν.

2067 1622 2219 1696 [226]
2241 1625 2431 1680 Ταῦτα
2452 1626 2593 1689 τέως
2610 1624 3075 1696 κατορθώσωμεν.
3097 1627 3212 1678 Οὑκ
3232 1625 3347 1677 ἐστι
3388 1623 3550 1693 χρεία
3567 1622 3664 1674 δα-

2062 1711 2266 1782 πάνης,
2287 1711 2388 1763 οὑκ
2408 1710 2524 1763 ἐστι
2550 1711 2755 1773 πόνων,
2774 1711 2875 1763 οὑκ
2910 1710 3059 1762 ἐστιν
3095 1709 3336 1780 ἱδρώτων
3356 1727 3368 1739 ·
3389 1709 3554 1779 ἀρκεῖ
3570 1706 3662 1759 θε-

2062 1792 2226 1865 λῆσαι
2254 1795 2440 1864 μόνον,
2462 1795 2557 1848 καὶ
2580 1795 2761 1848 πάντα
2783 1795 3038 1864 ῆνυσται.
3059 1795 3135 1847 υὺ
3153 1795 3235 1846 δεῖ
3275 1796 3497 1864 μακρὰν
3543 1791 3670 1845 ὁδὸν

2063 1876 2298 1947 βαδίσαι,
2319 1878 2441 1931 οὑδέ
2459 1877 2698 1946 πέλαγος
2712 1877 2992 1930 διαϐαλεῖν
3010 1876 3260 1947 ἄπειρον,
3273 1875 3413 1930 ἀλλά
3432 1874 3665 1928 σπουδά-

2063 1963 2261 2016 σαικαὶ
2289 1961 2734 2033 προθυμηθῆναι,
2753 1962 2848 2014 καὶ
2877 1961 3096 2032 χαλινὸν
3113 1960 3379 2015 ἐπιθεῖναι
3399 1963 3464 2031 τῇ
3488 1959 3664 2026 γλώτ-

2060 2063 2126 2116 τῃ
2141 2044 2276 2114 πρὸς
2291 2046 2391 2108 τὰς
2415 2044 2605 2114 ὑϐρεις
2627 2045 2727 2110 τὰς
2764 2046 3053 2117 ἀκαίρους.
3094 2045 3207 2108 Τάς
3227 2045 3420 2114 ὀργάς,
3435 2045 3534 2107 τὰς
3549 2047 3666 2097 ἐπι-

2063 2129 2266 2198 θυμίας
2283 2131 2377 2192 τάς
2395 2131 2656 2195 ἀτόπους,
2675 2132 2776 2200 τῆν
2794 2129 3032 2199 τρυφὴν,
3064 2129 3165 2200 τὴν
3198 2128 3552 2182 πολυτέλειαν
3570 2129 3662 2182 ἐκ-

2063 2214 2342 2282 ϐάλωμεν,
2364 2214 2462 2284 τὴν
2489 2213 2794 2285 ἐπιθυμίαν
2817 2214 2926 2266 τῶν
2959 2215 3282 2284 χρημάτων,
3317 2212 3426 2267 ἀπὸ
3442 2213 3544 2282 τῆς
3560 2211 3668 2281 ψυ-

2061 2299 2163 2368 χῆς
2187 2297 2288 2366 τῆς
2328 2298 2632 2368 ἡμετέρας,
2657 2299 2756 2360 τὰς
2785 2298 3102 2368 ἐπιορκίας,
3135 2299 3264 2363 τοὺς
3301 2299 3501 2370 ὅρκους
3535 2297 3664 2358 τοὺς

2065 2383 2332 2451 συνεχεῖς.
2366 2382 2464 2435 Ἂν
2502 2381 2677 2446 οὑτως
2711 2383 2944 2446 ἑαυτοὺς
2979 2383 3355 2453 γεωργῶμεν,
3390 2380 3490 2444 τάς
3527 2380 3663 2451 πρό·-

2061 2481 2222 2534 τερον
2249 2463 2495 2529 ἀκάνθας
2525 2466 2892 2534 ἐκτίλλοντες,
2922 2468 3016 2521 καὶ
3039 2467 3133 2520 τὸν
3154 2467 3409 2538 οὐράνιον
3457 2468 3660 2540 σπόρον

2063 2549 2086 2599 ἐ
2097 2547 2452 2622 μϐἀλλοντες,
2481 2549 2832 2622 δυνησόμεθα
2873 2555 3061 2622 τυχεῖν
3091 2551 3202 2604 τῶν
3223 2549 3662 2622 ἐπηγγελμένων

2062 2631 2306 2701 ἀγαθῶν.
2336 2633 2497 2699 Ἥξει
2523 2635 2675 2704 γάρὸ
2698 2637 2972 2709 γεωργὸς,
3005 2637 3100 2689 καὶ
3135 2634 3479 2705 ἀποϐήσεται
3508 2635 3660 2706 ἡμᾶς

2064 2719 2144 2780 είς
2176 2719 2278 2788 τὴν
2309 2717 2626 2790 ἀποθήκην,
2662 2720 2761 2774 καὶ
2813 2721 3214 2791 ἐπιτευξόμεθα
3270 2718 3497 2772 πάντων
3550 2717 3668 2770 τῶν

2064 2799 2288 2870 ἀγαθῶν
2313 2820 2326 2833 ·
2350 2795 2425 2855 ὧν
2454 2801 2668 2872 γένοιτο
2700 2803 2912 2867 πάντας
2937 2806 3090 2875 ἡμᾶς
3131 2805 3436 2873 ἐπιτυχεῖν,
3473 2802 3661 2873 χάριτι

2023 2879 2036 2890 ’
2066 2886 2161 2940 καὶ
2185 2885 2575 2960 φιλανθρωπίᾳ
2607 2887 2704 2941 τοῦ
2731 2889 2942 2959 Κυρίου
2979 2887 3138 2958 ἡμῶν
3173 2887 3351 2958 Ἰησοῦ
3393 2887 3660 2958 Χριστοῦ,

2069 2969 2188 3040 μεθ’
2212 2963 2275 3022 οὑ
2290 2970 2366 3041 τῷ
2396 2972 2577 3043 Πατρι
2607 2971 2727 3043 ἅμα
2754 2971 2835 3044 τῷ
2858 2973 3000 3044 ἁγίῳ
3031 2971 3317 3043 Πνεὺμλατι
3347 2971 3498 3036 δόξα,
3524 2969 3665 3039 κρά⁴

2065 3071 2179 3120 τος,
2205 3055 2340 3126 τιμὴ
2365 3058 2461 3109 καὶ
2481 3057 2880 3128 προσκύνησις,
2913 3057 3008 3112 νῦν
3039 3058 3134 3112 καὶ
3163 3059 3273 3124 ἀεὶ,
3299 3056 3393 3111 καὶ
3418 3057 3499 3121 είς
3532 3055 3665 3119 τοὺς

2062 3139 2267 3204 αίῶνας
2292 3141 2402 3193 τῶν
2432 3141 2666 3196 αἰώνων.
2712 3141 2909 3211 Ἀμήν.

355 3385 3635 3411 u—Wm

1822 3513 2072 3569 OMIAIA
2125 3515 2254 3571 KE'.

346 3648 563 3704 Πίστει
586 3647 1053 3718 προσενήνοχεν
1085 3650 1334 3718 Ἀϐραὰμ
1363 3651 1470 3705 τὸν
1514 3652 1716 3706 Ἰσαὰκ
1744 3666 1946 3720 πειρα-

422 3720 690 3789 ζόμενος,
720 3720 820 3772 καὶ
876 3720 990 3791 τὸν
1022 3721 1321 3791 μονογενῆ
1381 3721 1757 3790 προσέφερεν
1783 3725 1816 3776 ό
1845 3723 1953 3790 τὰς

419 3791 792 3862 ἐπαγγελίας
847 3789 1320 3862 ἀναδεξάμενος,
1385 3793 1534 3860 πρὸς
1557 3789 1951 3862 ὃνίὲλαλήθηί,

435 3861 541 3914 Ἐν
565 3859 756 3933 [σαὰλι
785 3859 1165 3933 κληθήσεταί
1192 3877 1292 3916 σοι
1315 3859 1589 3931 σπέρμαο
1618 3859 1952 3933 λογισάμεὲ

420 3947 531 4002 νος
551 3931 584 3983 ὅ
592 3949 639 3983 τι
663 3931 761 3983 καί
789 3931 857 3984 ὲκ
884 3932 1117 4002 νεκρῶν
1138 3933 1396 4002 ἐγείρειν
1425 3933 1687 3998 δυνατὸς
1707 3931 1743 3988 ὁ
1763 3931 1908 4002 Θεός
1936 3951 1954 3966 ι

423 4000 564 4057 ὅθεν
586 4002 781 4055 αὑτὸν
806 4001 904 4054 καὶ
928 4002 998 4055 ἑν
1036 4000 1352 4073 παραϐολῇ
1387 4004 1735 4074 ἐκομίσατο.

424 4143 494 4199 α’.
517 4143 752 4214 Μεγάλη
786 4144 962 4200 ὅντως
985 4145 1017 4212 ἡ
1050 4144 1238 4210 πίστις
1269 4144 1362 4198 τοῦ
1402 4146 1678 4218 Ἀϐραάμ.
1698 4146 1827 4201 Ἐπὶ
1856 4145 1955 4216 μέν

354 4227 462 4300 γάρ
480 4229 576 4282 τοῦ
617 4228 790 4281 Ἀϐελ
827 4228 923 4282 καὶ
949 4227 1046 4281 τοῦ
1070 4229 1194 4282 Νῶε
1226 4231 1322 4283 καὶ
1347 4230 1441 4283 τοῦ
1473 4231 1643 4301 Ἑνὼχ
1669 4230 1951 4300 λογισμῶν

355 4309 426 4385 ἦν
455 4314 608 4384 μάχη
645 4313 848 4384 μόνων,
886 4313 984 4366 καὶ
1030 4314 1160 4377 τοὺς
1215 4315 1596 4386 ἀνθρωπίνους
1645 4314 1949 4386 ὑπερϐῆναι

346 4396 521 4468 ἐχρῆν
581 4395 883 4466 λογισμούς
903 4411 919 4428 ⁶
946 4397 1184 4451 ἐνταῦθα
1212 4397 1268 4450 δέ
1293 4400 1354 4451 οὑ
1394 4400 1524 4462 τοὺς
1567 4397 1950 4470 ἀνθρωπίνους

349 4481 520 4552 μόνον
553 4480 874 4552 ὑπερϐῆναι
898 4481 1066 4551 ἐχρῆν
1101 4481 1426 4552 λογισμοὺς,
1458 4481 1595 4534 ἀλλά
1624 4482 1720 4534 καὶ
1761 4481 1954 4553 ἔτερόν

344 4583 400 4618 τι
429 4566 595 4619 πλέον
627 4564 1039 4631 ἐπιδείξασθαι·
1071 4565 1139 4618 τά
1169 4565 1282 4636 γάρ
1317 4564 1411 4618 τοῦ
1443 4565 1580 4618 Θεοῦ
1636 4566 1815 4619 ἐδόκει
1840 4567 1954 4630 τοῖς

344 4650 446 4704 τοῦ
475 4651 614 4704 Θεοῦ
642 4651 938 4722 μάχεσθαι,
969 4649 1064 4702 καὶ
1096 4651 1282 4712 πίστις
1309 4649 1551 4719 ἐμάχετο
1603 4650 1807 4716 πίστει,
1860 4652 1956 4703 καὶ

347 4737 691 4808 πρόσταγμα
715 4734 1048 4805 ἐπαγγελίᾳ.
1082 4729 1208 4787 Οἷόν
1225 4752 1276 4788 τι
1298 4733 1442 4802 λέγω
1461 4752 1475 4765 ο
1501 4734 1954 4799 Εἶπενι⁶⁹Εξελθε

345 4817 418 4869 ὲκ
439 4813 553 4883 τῆς
567 4812 677 4884 γῆς
692 4829 833 4878 σου,
854 4813 954 4868 καὶ
975 4815 1042 4867 ἐκ
1060 4813 1166 4882 τῆς
1191 4815 1551 4884 συγγενείας
1568 4830 1705 4882 σου,
1726 4817 1820 4868 καὶ
1841 4814 1954 4868 δώ-

346 4917 441 4955 σω
471 4915 572 4953 σοι
593 4899 710 4967 τὴν
731 4897 848 4968 γῆν
885 4899 1143 4965 ταύτην·
1178 4899 1273 4952 καὶ
1330 4899 1433 4952 οὑκ
1464 4897 1667 4952 ἔδωκεν
1713 4898 1864 4969 αὑτῷ
1897 4901 1954 4952 ἐν

347 4983 496 5053 αὑτῇ
523 4981 919 5053 κληρονομίαν,
967 4982 1090 5035 οὑδέ
1123 4982 1276 5053 βῆμα
1310 4983 1492 5047 ποδός.
1523 4983 1688 5055 Ὁρᾷς
1744 4983 1863 5048 πῶς
1891 4985 1961 5039 τὰ

347 5067 621 5137 γινόμενα
649 5069 716 5136 τῇ
747 5065 1059 5138 ἐπαγγελία
1103 5067 1347 5136 ἐμάχετο
1373 5085 1387 5134 ;
1417 5067 1591 5121 Πάλιν
1625 5067 1813 5137 φησίν·
1855 5068 1960 5122 Ἔν

359 5150 566 5205 Ἰσαὰκ
609 5147 988 5217 κληθήσεταί
1017 5165 1117 5204 σοι
1146 5150 1411 5219 σπέρμα,
1469 5151 1566 5204 καὶ
1626 5151 1918 5203 ἐπίστευσε
1942 5165 1957 5181 ο

319 5234 450 5299 ,καὶ
480 5233 649 5286 πάλιν
681 5233 836 5306 [227]
869 5233 1046 5301 λέγει’
1075 5233 1250 5287 Θῦσον
1285 5235 1410 5306 ἐμοὶ
1448 5235 1663 5300 τοῦτον,
1697 5234 1793 5288 τὸν
1831 5235 1961 5305 μέλ-

350 5315 515 5370 λοντα
544 5317 643 5389 τὴν
671 5317 1006 5388 οἰκουμένην
1038 5319 1224 5371 πᾶσαν
1257 5320 1321 5371 ἐκ
1350 5317 1447 5371 τοῦ
1500 5319 1820 5391 σπέρματος
1859 5320 1960 5372 αὑ-

353 5402 448 5455 τοῦ
482 5401 750 5474 πληροῦν.
797 5397 952 5465 Εἶδες
979 5403 1164 5473 μάχην
1187 5403 1638 5475 προσταγμάτων
1658 5403 1756 5457 καὶ
1783 5405 1959 5472 ἐπαγ-

354 5488 576 5555 γελίαςς
625 5487 885 5542 Ἑναντία
911 5489 1038 5549 ταῖς
1085 5487 1450 5555 ἐπαγγελίαις
1497 5487 1824 5557 προσέταξε,
1861 5487 1960 5542 καὶ

357 5571 478 5624 οὑδέ
542 5571 721 5636 οὑτως
779 5571 1145 5640 ἰλιγγίασε·δὸ
1181 5571 1418 5638 δίκαιος,
1470 5572 1591 5626 οὑδὲ
1641 5573 1962 5643 ἡπατῆσθαι

359 5657 485 5727 ἔφη.
523 5657 718 5727 Ὑμεῖς
775 5655 877 5727 μὲν
928 5655 1060 5725 γὰρ,
1124 5657 1317 5726 φησὶν,
1349 5658 1450 5711 οὑκ
1481 5657 1548 5711 ἂν
1574 5657 1750 5728 ἔχοιτε
1800 5658 1962 5712 τοῦτο

359 5745 555 5808 εἰπεῖν,
589 5743 675 5796 ὃτι
708 5741 896 5796 ἄνεσιν
937 5740 1332 5810 ἐπηγγείλατο,
1379 5743 1477 5796 καὶ
1511 5742 1694 5814 θλῖνζιιν
1725 5743 1956 5798 ἔδωκεν·

425 5895 443 5919 ⁸
468 5896 685 5948 Consule
707 5901 876 5947 notam
911 5895 961 5945 in
985 5909 1138 5959 marg.
1178 5897 1856 5959 interpretationis.Latinae.

2057 3654 2300 3709 ἐνταῦθα
2331 3656 2440 3728 γάρ
2468 3656 2611 3727 άπερ
2639 3660 3034 3729 ἐπηγγείλατο,
3103 3661 3277 3714 ταῦτα
3338 3663 3435 3715 καὶ
3487 3665 3660 3720 ποιεῖ,

2058 3738 2223 3805 Πῶς;
2270 3741 2366 3794 Ἑν
2397 3739 2478 3806 τῷ
2511 3743 2740 3811 κόσμῳ,
2790 3745 2946 3814 φησὶ,
2980 3744 3192 3813 θλῖψιν
3245 3745 3432 3810 ἕξετε.
3489 3747 3549 3800 '0
3567 3747 3658 3818 μὴ

2056 3824 2261 3878 λαϐὼν
2300 3825 2406 3880 τὸν
2437 3827 2709 3895 σταυρὸν
2732 3825 2943 3895 αὑτοῦ,
2984 3829 3083 3881 καὶ
3117 3829 3472 3884 ἀκολουθῶν
3501 3831 3656 3900 ἐμοὶ,

2059 3910 2171 3961 οὐκ
2217 3907 2353 3963 ἐστι
2409 3928 2530 3980 μου
2591 3912 2783 3978 ἄξιος.
2825 3913 2886 3965 Ὀ
2917 3910 3002 3981 μὴ
3024 3912 3228 3982 μισῶν
3271 3913 3388 3981 τὴν
3442 3916 3666 3985 ψυχὴν-

2058 3992 2270 4058 αὐτοῦ,
2310 3995 2382 4047 οὐ
2414 3993 2503 4064 μὴ
2543 3995 2688 4064 εὕρῃ
2747 3995 2978 4064 αὐτήν·
3019 3996 3132 4049 καί·
3172 3999 3276 4063 "Oc
3323 4000 3435 4051 οὐκ
3504 4000 3655 4054 ἀπο·

2057 4075 2370 4137 τάσσεται,
2403 4079 2555 4146 φησὶ,
2584 4077 2736 4134 πᾶσι
2762 4079 2885 4146 τοῖς
2910 4079 3296 4149 ὑπάρχουσιν
3321 4081 3530 4148 αὑτοῦ,
3556 4085 3654 4138 καὶ

2057 4160 2388 4214 ἀκολουθεῖ
2419 4163 2614 4214 ὀπίσω
2635 4180 2755 4231 μου
2777 4202 2792 4226 ,
2839 4165 2951 4217 οὐκ
3011 4164 3145 4216 ἐστι
3183 4181 3304 4232 μου
3334 4163 3505 4231 ἄξιος
3527 4184 3538 4195 ·
3562 4165 3657 4218 καὶ

2061 4244 2247 4296 πάλιν·
2270 4245 2400 4298 Ἐπί
2421 4246 2725 4314 ἡγεμόνας
2741 4248 2838 4300 καὶ
2855 4245 3146 4312 ,ϐασιλεῖς
3167 4249 3518 4315 ἀχθήσεσθε
3531 4248 3655 4302 ἓνε-

2060 4345 2169 4382 κεν
2189 4329 2339 4398 ἐμοῦ
2361 4345 2371 4356 ·
2391 4331 2485 4382 καὶ
2530 4328 2716 4382 πάλινο
2735 4330 2969 4398 Ἐχθρεί
3012 4330 3118 4384 τοῦ
3148 4330 3465 4398 ἀνθρώπου
3491 4337 3545 4387 οί
3573 4337 3656 4388 cl-

2061 4413 2254 4466 κιακοὶ
2280 4412 2490 4466 αὑτοῦ.
2515 4413 2624 4467 Καὶ
2642 4412 2713 4466 τὰ
2735 4413 2834 4484 μὲν
2857 4414 2959 4484 τῆς
2983 4414 3222 4484 θλίψεως
3240 4409 3344 4468 ὧδε
3372 4433 3385 4444 “
3406 4416 3473 4470 τὰ
3490 4417 3545 4471 δὲ
3559 4418 3655 4488 τῆς

2060 4496 2300 4560 ἀνέσεως
2323 4499 2458 4551 ἐκεῖ.
2478 4497 2603 4552 Ἐπὶ
2625 4498 2680 4551 δὲ
2693 4497 2787 4550 τοῦ
2805 4498 3058 4568 Ἀϐραάμ
3073 4500 3387 4553 τούναντίον
3404 4518 3416 4530 ·
3439 4502 3660 4557 ἐναντία

2059 4583 2180 4644 ταῖς
2203 4581 2533 4651 ὑποσχέσεσι
2560 4583 2966 4653 προσετέτακτο
2999 4585 3196 4643 ποιεῖν,
3232 4585 3326 4637 καὶ
3342 4584 3463 4639 οὑδέ
3484 4585 3657 4652 οὑτως

2059 4664 2389 4736 ἐθορυϐήθη,
2425 4665 2546 4718 οὑδέ
2594 4665 2919 4735 ίλιγγίασεν,
2951 4665 3072 4719 οὑδέ
3101 4667 3416 4738 ἡπατῆσθαι
3463 4671 3649 4740 ἐνόμι-

2063 4765 2156 4801 σεν
2172 4765 2186 4779 ⁸
2214 4749 2444 4820 ὑμεῖς,δέ
2463 4749 2615 4802 οὐδὲν
2633 4748 2836 4815 ἔξωθεν
2853 4753 2953 4820 τῆς
2971 4751 3311 4819 ἐπαγγελίας
3329 4753 3656 4824 ὑπομένετε,

2062 4834 2157 4886 καὶ
2225 4832 2570 4903 θορυϐεῖσθε.
2611 4834 2854 4897 Ἐκεῖνος
2907 4834 3131 4887 ἐναντία
3165 4828 3242 4887 ὦν
3289 4836 3666 4906 ἐπηγγείλατο

2060 4918 2263 4988 ἤκουσε
2288 4918 2441 4988 παρά
2456 4917 2552 4971 τοῦ
2574 4917 2742 4971 αὑτοῦ
2780 4917 2874 4971 τοῦ
2916 4919 3106 4970 ἐκεῖνα
3152 4919 3656 4990 ἐπαγγειλαμένου,

2058 5000 2157 5054 καὶ
2187 5001 2287 5054 οὑκ
2315 5001 2655 5073 ἐθορυϐεῖτο,
2679 5000 2796 5054 ἀλλ’
2816 5001 2892 5064 ώς
2927 4999 3204 5071 σύμφωνα
3251 5000 3491 5072 ἔπραττε
3517 5018 3531 5031 ·
3564 5004 3660 5056 καὶ

2058 5084 2167 5154 γάρ
2192 5079 2261 5156 ῆν
2293 5083 2586 5156 σύμφωνα,
2643 5085 2866 5138 ἐναντία
2903 5085 3003 5154 μὲν
3035 5088 3150 5148 τοῖς
3198 5085 3486 5155 λογισμοῖς
3545 5091 3660 5152 τοῖς

2057 5169 2450 5241 ἀνθρωπίνοις,
2476 5169 2816 5240 σύμφωναδὲ
2841 5169 2952 5222 ἀπὸ
2975 5168 3078 5238 τῆς
3106 5169 3347 5233 πίστεως
3364 5187 3376 5202 ο
3399 5172 3660 5237 καὶπῶς,

2059 5253 2225 5316 αὑτὸς
2245 5255 2398 5324 ἡμᾶς
2430 5253 2672 5317 ἐδίδαξεν
2692 5255 2719 5306 ὁ
2747 5253 3094 5316 Ἀπόστολος,
3111 5251 3302 5307 εἰπών·
3324 5254 3662 5325 Λογισάμεο

2057 5354 2168 5402 νος
2187 5337 2276 5390 ὅτι
2297 5337 2476 5390 καὶὲκ
2497 5335 2730 5404 νεκρῶν
2763 5337 3018 5406 ἐγείρειν
3044 5335 3322 5416 ὶδυνατός
3342 5341 3374 5392 ό
3393 5340 3561 5405 Θεός.
3594 5341 3669 5394 '0-

2057 5421 2303 5490 δὲλέγει,
2322 5421 2481 5475 τοῦτό
2505 5423 2656 5474 ἐστιν
2673 5437 2688 5452 ·
2717 5421 2852 5474 Ἀπὸ
2865 5422 2966 5492 τῆς
2993 5420 3168 5490 αὑτῆς
3184 5422 3444 5486 πίστεως,
3465 5422 3658 5494 φησὶν,

2059 5500 2128 5579 ἦς
2149 5505 2478 5559 ἐπίστευσεν
2517 5504 2599 5557 ὅτι
2633 5506 2735 5559 οὑκ
2765 5505 2896 5559 ὄντα
2953 5505 3245 5578 χαρίσεται
3307 5507 3493 5570 παῖδα,
3549 5509 3662 5562 ἀπὸ

2060 5591 2162 5660 τῆς
2185 5589 2361 5659 αὑτῆς
2389 5589 2487 5641 καὶ
2507 5589 2706 5660 νεκρὸν
2726 5588 2986 5661 ἐγείρειν,
3010 5590 3105 5643 καὶ
3133 5591 3215 5643 ὅτι
3239 5590 3660 5660 σφαγιασθέντα

2062 5675 2387 5745 ἀναστήσει,
2423 5673 2741 5728 ἐπέπειστο.
2774 5673 3008 5744 Ὁμοίως
3038 5673 3148 5745 γάρ
3177 5673 3387 5746 ἄπορον
3431 5670 3520 5747 ἧν,
3563 5677 3660 5730 ἀν.

2069 5757 2334 5832 θρωπίνῳ
2363 5757 2508 5826 λέγω
2535 5756 2807 5829 λογισμῷ,
2851 5759 2945 5813 καὶ
2971 5759 3033 5812 ἐκ
3069 5759 3287 5831 μήτρας
3315 5760 3522 5831 νεκρᾶς
3564 5759 3662 5820 καὶ

2125 5898 2146 5915 ¹
2173 5893 2325 5946 Forte
2347 5909 2415 5944 πα
2453 5888 2624 5942 ἀὑτοῦ
2645 5889 2730 5944 τοῦ
2757 5890 2834 5940 ἐκ.
