4172 6494
408 411 523 468 175

395 610 470 664 ad
510 608 839 667 liberorum.
866 604 1302 675 procreationem
1338 603 1450 673 jam
1488 604 1645 673 plane
1682 604 1854 658 inutili
1880 604 2033 659 .dare

400 702 594 757 tilium
621 738 635 763 ,
670 698 1288 755 «suscitare-occisum
1316 714 1338 755 .:
1367 707 1604 753 attamen
1629 697 1678 750 id
1709 713 2029 767 persuasum

398 795 644 861 habuit;
675 809 801 851 nam
814 809 935 861 qum
955 802 1308 860 praecesserat
1331 788 1465 845 ﬁdes
1485 788 1550 843 ad
1570 787 1747 845 futura
1764 790 2030 845 credenda
2062 842 2065 845 .

402 893 559 945 viam,
578 885 834 956 parabat.
865 883 1326 953 Alioquinautem
1354 882 1569 937 videbat
1591 882 1682 938 ille
1710 883 1849 937 bona
1884 884 2030 952 prio~

406 995 505 1038 ra,
554 979 795 1033 molesta
828 985 1010 1035 autem
1046 974 1347 1043 posteriora
1389 983 1445 1028 et
1491 973 1542 1027 in
1576 982 1875 1029 senectute.
1916 973 2028 1031 Vos

406 1082 593 1127 autem
620 1103 640 1135 δ
666 1069 880 1138 inquit,
911 1077 1103 1123 contra
1140 1084 1152 1119 :
1189 1065 1415 1125 molesta
1439 1065 1651 1121 habetis
1675 1067 1884 1135 prima;
1909 1081 2029 1136 qua:

406 1175 594 1223 autem
630 1164 775 1225 bona
804 1169 958 1227 sunt,
983 1159 1205 1217 ultima.
1230 1158 1343 1215 Hoc
1370 1158 1435 1213 ad
1465 1174 1563 1214 eos
1585 1160 1673 1229 qui
1705 1159 1911 1215 audent
1940 1159 2026 1215 di-

403 1274 527 1323 cere
556 1274 574 1314 :
610 1258 749 1314 Post
777 1265 1010 1319 mortem
1043 1253 1291 1324 promisit
1314 1254 1477 1308 nobis
1509 1253 1681 1319 bona;
1707 1269 1806 1319 nos
1837 1252 2029 1309 fortas-

399 1353 739 1421 sedeeepit.
774 1349 1034 1405 Ostendit
1053 1349 1195 1418 quod
1223 1348 1385 1402 etiam
1407 1363 1475 1403 ex
1506 1348 1735 1407 mortuis
1764 1349 2028 1411 suscitape

400 1455 606 1515 potens
622 1442 891 1499 cst-Deus
906 1458 930 1496 -:
962 1440 1211 1495 siautem
1226 1455 1294 1493 ex
1317 1438 1550 1499 mortuis
1569 1440 1830 1493 suscitare
1854 1448 2033 1509 potest

401 1538 571 1599 Deus,
603 1533 843 1591 omnino
860 1532 1054 1586 reddet
1081 1531 1283 1589 omnia.
1310 1530 1364 1586 Si
1388 1540 1575 1590 autem
1605 1530 1876 1587 Abraham
1899 1541 2027 1587 ante

403 1624 1371 1695 latomias-credidit;quod.Deus
1423 1625 1491 1705 sit
1525 1634 1718 1694 potens
1763 1626 2039 1685 suscitare:

400 1722 743 1778 exunontuis
762 1739 787 1774 Δε
816 1719 994 1775 multo
1018 1719 1205 1789 smagis
1226 1733 1363 1785 .npsv
1390 1717 1447 1775 id
1470 1716 1749 1777 debemus
1764 1719 2021 1775 .credere.

404 1817 573 1873 Vides
588 1813 771 1885 quod,
804 1815 946 1868 sicut
962 1812 1118 1881 eprius
1143 1810 1292 1874 dixi.
1323 1826 1472 1867 mors
1501 1812 1753 1867 nondum.
1777 1811 2020 1877 intravit,

398 1907 803 1965 .-t:eosstatim
829 1903 1067 1960 traxit-in
1096 1890 1253 1974 spent
1270 1903 1714 1970 resurrectionis,
1734 1911 1789 1958 et
1808 1902 1885 1957 .ad
1916 1912 2021 1961 tam

400 1997 1382 2068 certamvdeduxitpersuasionem,
1435 1997 1686 2053 utetiam
1728 1996 1865 2067 jussi
1895 2012 2024 2051 suos

404 2094 849 2157 mactareﬁtios,
875 2107 941 2147 ex
974 2089 1589 2162 quibus'exspectabant
1618 2105 1677 2146 se
1706 2090 2045 2159 impleturos

416 2191 605 2243 orbem
634 2197 795 2241 term
815 2227 832 2250 ,
862 2182 939 2238 ad.
962 2183 1014 2237 id
1038 2181 1350 2243 faciendum
1388 2182 1565 2250 parati
1592 2192 1778 2237 essent
1798 2182 1824 2235 ?
1854 2182 2046 2238 Aiiud'

430 2294 653 2348 quoque
686 2277 785 2332 hic
818 2274 1063 2333 ostendit
1112 2288 1225 2344 per.
1258 2276 1361 2329 hoc
1410 2273 1559 2345 quod.
1602 2273 1759 2341 dixit,
1792 2274 2023 2330 Teutavit

436 2372 574 2429 Deus
600 2371 862 2425 Abraham.
909 2369 1054 2438 Quid
1077 2369 1666 2425 «ereti-nesciebatur:
1722 2370 1866 2426 Deus
1893 2387 2018 2427 eum

428 2483 549 2522 esse
596 2466 763 2533 virum
800 2463 998 2518 fortem
1045 2464 1369 2534 ct-probum
1399 2464 1423 2517 ?
1468 2462 1687 2519 Sciebat
1716 2475 1885 2520 certe.
1911 2464 2022 2521 Cur

421 2576 548 2631 ergo
566 2575 701 2615 eum
730 2558 995 2623 teatabat,
1030 2558 1075 2612 si
1100 2557 1351 2612 sciebat?
1388 2557 1505 2613 Non
1536 2567 1595 2614 ut
1617 2561 1733 2629 ipse
1760 2560 2017 2629 disceret,

413 2654 507 2709 sed
537 2664 594 2705 ut
620 2652 744 2706 aliis
774 2650 1129 2715 ostenderet,
1161 2659 1214 2705 ct
1236 2651 1493 2705 omnibus
1525 2653 1865 2709 manifestam
1898 2655 2020 2725 ejus

410 2745 664 2801 redderet
679 2744 885 2815 magni.
901 2743 1069 2798 animi
1088 2743 1374 2805 ,virtutem.
1403 2742 1471 2799 Et
1494 2742 1585 2803 hic
1633 2745 1794 2805 etiam
1827 2756 2015 2802 ostem

394 2828 733 2881 damnosam
756 2831 1145 2894 tentationum,
1166 2842 1232 2882 ne
1254 2828 1631 2882 existimarent
1660 2842 1719 2882 se
1745 2840 2017 2895 tamquam

1250 408 1574 469 INEPISTs
1618 410 1710 464 AD
1749 405 2113 463 ilEBRzEOS.
2156 407 2411 463 C~\P..\'i.
2457 406 2689 463 HOMIL.
2737 407 2905 464 XXV.

398 517 655 579 ratione,
685 522 740 567 et
762 511 1103 570 «ει,ωωὶοθ
1133 518 1379 569 emortua
1406 510 1948 579 scnioqueconfecta
1978 520 2034 567 ct
2060 558 2065 565 .

3622 410 3727 468 17$

2139 519 2331 587 ariete,
2355 518 2554 590 inquit.
2588 518 2916 587 Quomodo?
2940 517 3298 577 Arietccnim
3320 559 3335 583 ,
3370 516 3543 586 inquit
3569 557 3586 582 ,
3617 532 3728 571 ma-

2137 620 2330 678 ctatos,
2361 612 2451 668 hic
2486 613 2587 667 fuit
2630 612 2828 669 salvus.
2860 610 3221 676 Quamobrem
3253 612 3461 681 accepit
3492 625 3615 666 eum
3642 596 3753 680 per'

2135 702 2383 768 arietem,
2414 712 2473 758 ut
2496 702 2756 773 quihunc
2781 717 2878 772 pro
2907 703 3001 756 illo
3032 705 3372 757 inactaverit.
3402 702 3526 757 llaec
3554 712 3736 757 autem

2136 805 2289 851 erant
2315 795 2529 865 quidam
2562 796 2672 867 typi
2702 810 2718 849 :
2751 794 2837 851 hic
2854 794 2999 855 enim
3020 806 3103 849 cst
3128 794 3298 848 Filius
3327 795 3417 849 Dei
3449 805 3733 850 mactatus.

2136 887 2492 944 Mihinautem
2546 888 2826 944 considera
2876 897 3074 955 quanta
3119 888 3192 942 sit
3232 887 3552 958 benignitas.
3603 888 3736 945 Nam

2136 980 2391 1049 quoniam
2425 980 2732 1034 hominibus
2757 980 3002 1049 qumdam
3036 995 3225 1049 magna
3252 989 3370 1034 erat
3405 980 3578 1034 danda
3612 997 3737 1049 gra-

2140 1071 2237 1136 tia,
2257 1072 2526 1131 volcnsid
2554 1088 2659 1126 non
2692 1072 2868 1127 facere
2894 1088 2960 1127 cx
2989 1073 3183 1142 gratia,
3212 1072 3305 1127 sed
3337 1083 3608 1142 tamquam
3637 1073 3735 1127 de-

2137 1161 2279 1218 bitor
2307 1204 2324 1229 ,
2362 1164 2529 1218 efficit
2560 1164 2791 1234 primum
2834 1173 2895 1221 ut
2927 1164 3087 1217 homo
3128 1163 3221 1218 dct
3248 1180 3403 1219 suum
3438 1165 3604 1223 ﬁlium
3640 1182 3737 1236 pro

2136 1256 2338 1325 placito
2387 1257 2479 1311 Dei
2510 1298 2525 1323 ,
2570 1266 2627 1310 ut
2659 1257 2786 1310 nihil
2816 1256 3087 1313 videretur
3114 1272 3361 1326 magnum
3392 1258 3565 1313 facere
3595 1257 3731 1313 dans

2138 1348 2333 1405 Filium
2356 1366 2539 1415 suum,
2570 1349 2839 1420 siquidem
2868 1360 2993 1405 ante
3023 1365 3146 1404 eum
3176 1349 3339 1404 homo
3361 1349 3463 1405 hoc
3491 1348 3640 1417 fecit,
3667 1368 3737 1407 ne

2141 1441 2543 1498 existimaretur
2572 1442 2675 1513 hoc
2702 1442 2882 1498 facere
2907 1458 2974 1497 ex
3004 1443 3174 1512 gratia
3206 1442 3380 1496 solum
3404 1484 3418 1507 ,
3451 1443 3543 1498 sed
3573 1444 3733 1497 etiam

2140 1547 2207 1586 ex
2250 1531 2454 1588 debito.
2484 1532 2615 1587 Nam
2645 1547 2779 1603 quos
2806 1532 3097 1603 diligimus,
3121 1532 3225 1586 hoc
3250 1548 3461 1603 quoque
3490 1535 3739 1589 volumus

2137 1624 2216 1681 eis
2236 1624 2458 1690 donare,
2498 1634 2555 1679 ut
2576 1625 2853 1680 videamur
2866 1625 2935 1679 ab
2956 1626 3019 1679 iis
3039 1625 3183 1694 prius
3199 1626 3516 1695 consequuti
3539 1626 3740 1697 aliquid

2137 1718 2389 1787 exiguum
2415 1759 2430 1783 ,
2480 1718 2559 1773 sic
2618 1717 2694 1771 eis
2737 1725 2908 1771 totum
2940 1716 3114 1783 dare;
3145 1726 3200 1772 et
3238 1719 3407 1789 magis
3449 1719 3742 1789 gloriemur

2140 1808 2281 1879 quod
2314 1808 2704 1879 acceperimus,
2723 1824 2881 1878 quam
2905 1808 3045 1878 quod
3077 1807 3421 1874 dederimus;
3447 1820 3502 1863 et
3524 1826 3628 1865 non
3662 1810 3745 1865 di-

2142 1903 2337 1964 cimus,
2372 1901 2483 1956 lloc
2510 1902 2557 1955 ei
2587 1900 2859 1965 dedimus,
2887 1901 3004 1966 sed,
3035 1902 3149 1955 Hoc
3171 1902 3239 1956 ab
3266 1902 3383 1971 ipso
3404 1902 3737 1972 accepimus.

2144 1993 2293 2048 Unde
2318 2002 2367 2047 et
2385 2009 2537 2059 ,eum,
2571 1992 2776 2063 inquit,
2810 1995 3005 2064 accepit
3051 1994 3105 2047 in
3143 1995 3389 2064 parabota
3417 2036 3432 2062 ,
3479 1995 3583 2050 hoc
3611 2007 3694 2051 est
3725 2039 3739 2063 ,

2144 2097 2417 2157 tamquam
2448 2087 2501 2140 iu
2530 2087 2817 2155 aenigmate
2852 2104 2865 2140 :
2897 2096 3014 2141 erat
3052 2087 3196 2141 enim
3240 2088 3384 2142 aries
3440 2089 3604 2142 veluti
3639 2106 3739 2159 pa-

2144 2180 2325 2234 rabula
2369 2189 2461 2233 aut
2513 2178 2811 2233 similitudo
2847 2179 2995 2237 Isaac
3029 2196 3042 2233 :
3073 2189 3162 2234 aut
3200 2179 3361 2237 veluti
3414 2181 3464 2235 in
3511 2190 3637 2253 typo
3678 2197 3742 2237 ac

2137 2258 2325 2343 ﬁgura.
2369 2272 2532 2335 Nam,
2565 2274 2837 2345 quoniam,
2881 2273 3161 2331 voluntate
3219 2275 3386 2335 animi
3442 2276 3739 2346 perfectum

2137 2369 2307 2421 fuerat
2336 2367 2669 2427 sacrificium,
2704 2377 2761 2423 et
2799 2368 3011 2425 occisus
3053 2368 3199 2431 Isaae
3225 2414 3238 2439 ,
3279 2378 3581 2440 propterea
3602 2385 3761 2427 eum

2140 2458 2303 2513 donat
2326 2460 2676 2529 patriarcha}.

2202 2551 2257 2604 2.
2293 2550 2453 2607 Vides
2481 2552 2585 2609 hoc
2630 2567 2770 2608 nunc
2799 2568 3017 2624 quoque
3043 2552 3294 2621 ostendi,
3323 2554 3464 2625 quod
3508 2570 3730 2626 semper

2133 2643 2287 2717 dico?
2313 2644 2447 2699 Cum
2472 2647 2613 2703 enim
2642 2657 2877 2702 mentem
2902 2656 3151 2705 nostram
3184 2648 3592 2706 exhibuerimus
3616 2667 3740 2722 per-

2134 2735 2349 2803 fcctam,
2379 2745 2434 2792 et
2463 2738 2862 2798 ostenderimus
2891 2754 2993 2794 nos
3021 2755 3109 2795 res
3132 2749 3378 2796 terrenas
3413 2742 3694 2814 deSpicere
3718 2786 3737 2813 ,

2135 2839 2263 2883 tunc
2284 2844 2499 2899 quoque
2531 2831 2688 2885 nobis
2715 2830 2881 2885 donat
2907 2847 2996 2887 res
3028 2842 3271 2889 terrenas
3296 2875 3310 2892 .
3341 2841 3395 2889 et
3426 2851 3529 2889 non
3562 2845 3688 2891 ante
3713 2877 3728 2905 ,

389 2936 419 2972 τι
460 2921 579 2977 Deo
600 2921 907 2981 derelictos
947 2922 1066 2976 hmc
1115 2922 1243 2990 pati.
1287 2921 1424 2976 Nam
1471 2921 1559 2975 hic
1598 2920 1815 2991 quidem
1849 2921 2015 2975 etiam

386 3030 635 3071 necesse
656 3016 995 3077 estitentari.
1028 3015 1172 3085 quod
1196 3016 1355 3069 multi
1375 3015 1486 3068 sint
1511 3015 1602 3083 qui
1626 3022 2019 3083 persequuntur

384 3118 442 3159 et
477 3108 574 3173 qui
605 3105 942 3161 insidiantur
971 3123 983 3159 :
1021 3105 1143 3165 illic-
1169 3114 1349 3160 autem
1396 3121 1517 3175 quae
1544 3114 1661 3159 erat
1688 3104 1739 3160 ei
1775 3105 2019 3160 necessi-

384 3208 471 3251 tas
492 3214 609 3253 .eas
632 3214 765 3266 qna:
804 3214 911 3253 non
941 3207 1096 3253 erant
1115 3198 1424 3268 excogitare
1452 3196 1818 3255 tentationes?
1842 3198 2022 3268 Atque

383 3292 1003 3364 perspicunnnquidein
1030 3302 1135 3355 est,
1185 3292 1328 3362 quod
1376 3291 1491 3345 haec
1529 3289 2025 3346 tentatiofiebatco

372 3388 647 3457 jubente.
692 3384 761 3440 Et
789 3388 911 3441 alia:
953 3385 1167 3456 quidem
1200 3384 1497 3441 ﬁebant-eo
1513 3385 1875 3455 permittente,
1907 3385 2031 3440 bare

378 3494 593 3539 autem
617 3483 787 3536 etiam
807 3480 1058 3551 jubente.
1090 3478 1147 3535 Si
1170 3495 1302 3550 ergo
1331 3479 1470 3534 adeo
1494 3478 1750 3550 probatos
1779 3479 2024 3541 efficiunt

382 3575 764 3637 tentationes,
800 3572 1101 3641 utetiamsi
1135 3587 1252 3626 mn.
1274 3571 1346 3626 sit
1374 3586 1534 3625 causa
1562 3614 1577 3638 ,
1607 3573 1745 3627 Deus
1774 3586 1902 3625 suos
1929 3587 2023 3626 ex-

376 3678 588 3723 erceat
603 3665 874 3729 athletas,
909 3665 1087 3720 multo
1106 3665 1278 3734 magis
1298 3680 1402 3721 nos
1431 3665 1611 3719 omnia
1636 3674 1852 3735 oportet
1882 3664 2025 3721 ferre

376 3762 639 3815 fortiter.
671 3758 809 3814 Cum
843 3774 1037 3829 magna
1060 3768 1242 3813 autem
1275 3757 1529 3827 emphasi
1559 3757 1647 3812 hic
1676 3757 1813 3815 dixit
1840 3800 1853 3821 ,
1891 3757 2024 3811 Fida

376 3854 591 3907 obtulit
610 3850 794 3917 Isaac,
818 3867 933 3904 rum
953 3859 1236 3904 tentaretur
1264 3866 1283 3903 :
1309 3851 1455 3905 nulla
1474 3851 1627 3907 enim
1655 3859 1773 3907 erat
1804 3850 1907 3909 alia
1935 3850 2021 3905 of-

380 3943 621 4002 ferendi
659 3958 825 3999 causa
856 3957 1019 4012 quam
1055 3942 1188 3997 haec.
1240 3941 1448 3997 Deinde
1474 3942 1798 3999 sordentium
1834 3958 2019 4011 perse-

379 4036 611 4105 quitur.
637 4033 759 4088 Non
790 4044 1001 4103 poterat
1029 4071 1047 4097 ,
1097 4033 1312 4102 inquit,
1354 4033 1629 4103 quispiam
1657 4032 1842 4088 dicere
1873 4033 2019 4103 quod

379 4131 597 4185 alium.
622 4126 1054 4183 haberetﬁlium
1084 4167 1119 4192 ,η
1144 4135 1574 4196 ειηριςρρριειιθι
1606 4125 1723 4181 fore
1751 4136 1810 4180 ut
1835 4142 1898 4181 ex
1931 4127 2021 4183 illo

380 4222 732 4291 impleretur
750 4220 1075 4289 promissio,
1103 4228 1159 4275 et
1185 4217 1312 4273 ideo
1340 4219 1683 4275 conﬁdenter
1709 4235 1833 4274 cum
1857 4220 2019 4275 obtu-

381 4315 550 4369 lerit.
586 4311 660 4366 Et
683 4313 1024 4382 unigenitum,
1051 4312 1243 4383 inquit,
1260 4310 1716 4379 ﬁliumo/ferebat,
1741 4313 1828 4382 qui
1852 4328 2024 4371 susce-

379 4405 961 4478 peratpromissioues,
980 4405 1118 4472 Quid
1147 4404 1293 4463 dicis
1312 4404 1684 4474 unigenitum?
1714 4404 1839 4475 quid
1860 4419 2021 4470 vero,

384 4498 607 4555 lsmael
635 4498 907 4555 undenallt
935 4499 1093 4557 erat?
1125 4498 1475 4568 Unigenitum
1504 4497 1648 4564 dico,
1669 4498 1863 4568 inquit,
1878 4497 2021 4568 quod

385 4590 609 4644 attinet
656 4589 725 4647 ad
778 4589 1045 4647 rationem
1100 4588 1524 4659 promissionis:
1556 4599 1839 4659 propterea
1879 4590 2024 4644 enim

384 4698 532 4737 Cum
566 4680 822 4747 dixisset,
849 4680 1205 4752 Unigcnitum,
1235 4679 1479 4748 addidit,
1515 4689 1576 4735 ut
1604 4681 1856 4737 ostendat
1879 4681 2025 4752 quod

388 4782 641 4843 propter
671 4772 819 4829 hunc
847 4772 993 4827 dicat
1028 4791 1041 4827 :
1071 4774 1157 4827 Att
1194 4789 1344 4843 quem
1394 4773 1587 4833 dictum
1628 4784 1703 4828 est
1735 4790 1753 4827 :
1780 4771 1845 4827 In
1871 4772 2026 4828 Isaac

389 4866 677 4924 vocabitur
707 4864 1001 4930 tibisemeu,
1035 4864 1137 4920 hoc
1166 4875 1267 4931 est,
1298 4880 1363 4919 ex
1398 4865 1539 4935 ipso.
1563 4865 1726 4921 Vides
1748 4865 2025 4936 quomodo

392 4961 717 5018 admiretur
745 4959 890 5027 quod
915 4959 1123 5014 factum
1169 4967 1256 5014 est
1287 4958 1654 5029 aipatriarcha
1683 4960 1706 5013 ?
1736 4959 1804 5013 lu
1828 4958 1983 5014 Isaac
2007 5002 2024 5028 ,

393 5052 613 5112 audivit
642 5092 659 5115 ,
695 5051 958 5109 vocabitur
988 5050 1077 5104 tibi
1108 5068 1282 5105 semen
1312 5093 1326 5116 ,
1356 5059 1412 5106 et
1441 5051 1703 5115 oﬂ'erebat
1730 5050 1895 5107 ﬁlium
1924 5051 2026 5106 h0-

398 5150 597 5205 stiam.
630 5146 837 5207 Deinde
883 5161 971 5201 ne.
999 5146 1350 5201 existimaret
1375 5146 1680 5216 quispiam,
1719 5145 2029 5216 quodcum

396 5238 899 5310 desperassetehoc
928 5238 1075 5303 facit,
1112 5248 1164 5293 et
1197 5237 1428 5308 peritae
1452 5238 1662 5308 jussum
1693 5237 1840 5293 illam
1868 5238 2029 5307 ejecit

2135 2939 2206 2977 ne
2253 2932 2533 2993 acceptum
2581 2923 2784 2979 donum
2834 2939 2931 2979 nos
2985 2934 3216 2981 terrenis
3264 2926 3512 2995 alligatos
3566 2927 3739 2998 magis

2137 3017 2317 3072 adhuc
2347 3019 2548 3088 alliget.
2578 3018 2739 3074 Solve
2775 3027 2848 3083 te,
2894 3019 3095 3088 inquit,
3125 3020 3356 3090 primum
3387 3035 3417 3074 a
3450 3021 3736 3087 servitute,

2131 3121 2185 3165 et
2213 3121 2340 3167 tunc
2384 3112 2607 3180 accipe,
2640 3116 2846 3166 ut‘non
2903 3110 3133 3180 amplius
3175 3112 3410 3181 accipias
3458 3122 3732 3184 tamquam

2136 3216 2326 3257 servus
2351 3245 2366 3269 ,
2395 3202 2489 3257 sed
2520 3212 2791 3273 tamquam
2812 3202 3083 3257 dominus
3115 3221 3127 3255 :
3160 3201 3376 3273 despice
3403 3203 3651 3266 divitiis,
3680 3213 3737 3259 et

2132 3295 2241 3351 eris
2268 3294 2453 3358 dives;
2476 3295 2696 3364 despice
2718 3294 2969 3365 gloriam,
2991 3304 3045 3349 et
3062 3293 3170 3349 eris
3191 3295 3489 3365 gloriosus;
3516 3295 3737 3365 despice

2132 3388 2390 3443 ultionem
2424 3388 2800 3454 inimicorum,
2843 3396 2899 3442 et
2944 3397 3071 3447 tunc
3101 3402 3223 3451 eam
3251 3390 3592 3460 assequeris;
3639 3391 3736 3445 de—

2129 3481 2277 3549 spice
2303 3481 2541 3551 quietem
2560 3479 3033 3545 etremissionem,
3062 3490 3117 3535 et
3149 3488 3278 3536 tunc
3303 3496 3421 3536 eam
3449 3484 3682 3553 accipies
3715 3501 3729 3537 :

2131 3581 2189 3630 ιιι
2208 3586 2330 3628 eum
2352 3573 2646 3643 acceperis,
2673 3586 2778 3627 non
2806 3583 3075 3643 tamquam
3098 3573 3307 3628 vinctus
3336 3590 3454 3629 eam
3473 3575 3729 3643 accipias,

2131 3680 2305 3735 neque
2337 3674 2606 3735 tamquam
2645 3678 2832 3720 servus
2860 3665 3335 3735 ,psedtamquam
3384 3666 3542 3722 liber.
3580 3668 3735 3725 Sicut

2129 3759 2272 3812 enim
2308 3760 2355 3819 in
2386 3757 2563 3829 parvis
2594 3758 2797 3828 pueris,
2825 3759 3042 3831 quando
3063 3775 3195 3828 puer
3212 3759 3428 3829 quidem
3459 3761 3733 3817 desiderat

2133 3851 2336 3906 ludicra
2370 3851 2592 3921 puerilia
2619 3893 2634 3917 ,
2670 3866 2900 3920 prepere
2946 3853 3237 3908 admodum
3287 3869 3348 3909 ea
3398 3856 3735 3915 occultamus

2132 3954 2190 3999 nt
2216 3945 2434 4017 globum
2476 3955 2529 3998 et
2568 3954 2762 3999 cmtcra
2815 3944 3120 4013 hujusmodi
3148 3988 3162 4010 ,
3213 3962 3281 4002 ne
3338 3946 3661 4021 impediatur
3701 3964 3734 4005 a

2131 4038 2453 4093 necessariis
2484 4054 2498 4091 :
2529 4036 2743 4106 quando
2770 4045 2953 4093 autent
2983 4052 3045 4095 ea
3071 4037 3303 4107 despicit
3332 4078 3345 4102 ,
3392 4045 3446 4092 et
3479 4053 3583 4091 non
3614 4054 3732 4092 am-

2132 4132 2273 4200 plius
2297 4143 2361 4182 ea
2388 4127 2683 4194 desiderat,
2723 4128 2824 4198 ipsi
2853 4142 2915 4182 ea
2947 4142 3139 4183 secure
3169 4128 3528 4197 impertimur,
3560 4132 3734 4199 utqui

2134 4225 2369 4281 sciamus
2407 4224 2534 4280 inde
2577 4223 2781 4280 nullam
2826 4223 3086 4293 deinceps
3113 4220 3161 4275 ei
3192 4236 3313 4276 esse
3343 4235 3569 4284 noxam,
3615 4234 3741 4283 cum

2135 4316 2266 4377 illud
2293 4315 2622 4375 desiderium
2655 4330 2762 4370 non
2789 4313 3025 4383 amplius
3056 4313 3227 4385 possit
3254 4329 3378 4367 eum
3411 4311 3682 4366 abducere
3707 4326 3738 4377 a

2137 4407 2466 4463 necessariis
2500 4425 2513 4461 :
2546 4406 2618 4461 ita
2660 4406 2805 4461 Deus
2839 4421 3057 4476 quoque
3098 4420 3220 4459 cum
3266 4403 3467 4458 viderit
3506 4419 3602 4459 nos
3631 4418 3738 4457 non

2133 4499 2366 4569 amplius
2392 4514 2590 4567 cupere
2621 4514 2740 4568 qua:
2772 4497 2857 4552 hic
2883 4504 3028 4561 sunt,
3064 4507 3188 4551 tunc
3216 4497 3345 4553 sinit
3374 4512 3472 4551 nos
3500 4497 3580 4551 eis
3609 4499 3683 4550 uti
3719 4512 3735 4565 ξ

2134 4606 2196 4643 ea
2225 4591 2369 4645 enim
2398 4589 2659 4644 habemus
2687 4599 2958 4660 tamquam
2998 4589 3155 4643 liberi
3186 4598 3241 4642 et
3280 4587 3419 4653 viri,
3464 4603 3571 4643 non
3604 4598 3742 4647 tam-

2134 4697 2293 4752 quam
2322 4681 2493 4751 pneri.
2520 4680 2653 4736 Nam
2680 4680 2845 4751 quod,
2869 4680 2913 4733 si
2940 4680 3333 4750 contempseris
3360 4680 3615 4733 ultionem
3646 4695 3738 4736 su:-

2136 4791 2286 4831 mcre
2314 4775 2666 4841 deiuimicis,
2699 4784 2827 4830 tunc
2856 4776 3161 4845 assequeris
3184 4815 3200 4839 ,
3234 4773 3355 4827 audi
3385 4773 3511 4843 quid
3543 4773 3686 4827 dicat
3720 4790 3733 4827 :

2136 4869 2197 4924 Si
2216 4871 2382 4926 .esurit
2413 4879 2529 4923 tuus
2555 4870 2823 4934 inimicus,
2851 4869 2962 4921 ciba
3002 4870 3150 4922 illum
3178 4884 3196 4921 :
3226 4867 3271 4921 si
3299 4868 3405 4920 sitit
3424 4908 3438 4932 ,
3471 4866 3538 4919 da
3565 4866 3611 4918 ei
3636 4882 3734 4936 ρατ

2135 4972 2276 5028 tum;
2305 4971 2359 5017 et
2372 4961 2679 5029 subiunxit,
2712 4959 2763 5013 Η
2769 4978 2827 5014 oc
2846 4961 2978 5014 enim
3000 4961 3215 5031 faciens,
3232 4975 3476 5029 congeret:
3495 4958 3738 5020 carbones

2132 5060 2466 5122 supercaput
2492 5052 2609 5122 ejus
2634 5050 2810 5119 (Rom.
2844 5050 2930 5106 12.
2978 5049 3095 5120 20).
3130 5049 3198 5103 Et
3235 5064 3424 5103 rursus
3467 5047 3611 5118 quod
3638 5090 3652 5113 ,
3687 5048 3735 5109 si

2130 5144 2449 5215 despexeris
2485 5142 2722 5208 divitias,
2756 5153 2884 5197 tunc
2913 5156 3004 5196 eas
3041 5139 3347 5210 assequeris
3371 5181 3387 5207 ,
3417 5139 3542 5193 audi
3571 5138 3735 5196 Οιιτίτ

2128 5249 2272 5295 stum
2300 5240 2577 5307 dicentem
2603 5255 2618 5292 :
2653 5236 2834 5291 Omnis
2857 5236 2945 5307 qui
2970 5234 3231 5305 reiiquerit
3263 5242 3478 5302 patrem,
3508 5243 3597 5287 aut
3625 5251 3735 5287 ma-

404 5335 602 5399 lidcm,
630 5331 728 5387 sed
754 5331 994 5387 disceret
1017 5330 1162 5400 quod
1189 5330 1514 5389 reverarhoe
1536 5345 1755 5401 quoque
1777 5330 1848 5385 sit
1877 5330 2045 5399 ﬁdei,

402 5428 548 5484 dicit
578 5426 724 5495 quod
754 5424 900 5478 illam
937 5440 1155 5496 quoque
1183 5423 1417 5484 habebat
1446 5421 1607 5491 [idem
1636 5465 1653 5489 ,
1690 5438 2019 5494 quamquam

404 5537 532 5577 cum
564 5518 670 5579 hac
707 5518 979 5574 videretur
1000 5532 1274 5589 pugnare;
1311 5516 1425 5575 sed.
1449 5531 1556 5573 non
1600 5514 1897 5586 pugnabat:
1920 5530 2026 5572 non

405 5612 560 5668 enim
582 5610 834 5669 humanis
864 5610 1161 5666 rationibus
1185 5608 1507 5664 metiebatur
1527 5606 1618 5671 Dei
1638 5606 1911 5670 virtutem,
1932 5606 2026 5663 sed

408 5704 601 5757 nuntia
629 5702 972 5770 permittebat
991 5700 1131 5754 ﬁdei.
1159 5699 1310 5754 Unde
1341 5715 1445 5753 non
1478 5708 1563 5753 est
1584 5700 1786 5753 veritus
1809 5697 1988 5752 dicere
2009 5740 2024 5761 ,

405 5792 553 5862 quod
581 5792 748 5848 etiam
766 5790 1076 5846 exmortuis
1098 5792 1364 5844 suscitare
1380 5797 1571 5859 potens
1588 5797 1672 5844 est
1692 5788 1852 5842 Deus.
1874 5783 2027 5841 Unde

410 5902 536 5939 eum
561 5894 616 5943 et
646 5886 697 5940 in
720 5884 1285 5962 parabolamacccpit,
1318 5882 1417 5939 hoc
1443 5891 1546 5951 est,
1575 5882 1626 5940 in
1653 5880 1900 5947 exemplo
1927 5898 1939 5935 :
1974 5880 2025 5943 in

2127 5344 2278 5400 trem,
2308 5342 2396 5387 aut
2424 5332 2633 5389 donum:
2658 5372 2673 5397 ,
2703 5340 2793 5384 aut
2819 5333 3030 5399 fratres,
3063 5326 3359 5397 centupium
3402 5326 3652 5395 accipiet,
3686 5335 3735 5380 et

2127 5427 2283 5493 vitam
2306 5433 2553 5481 (sternam
2578 5421 2857 5493 possidebit
2888 5419 3108 5489 (Matth.
3134 5418 3222 5475 19.
3250 5415 3367 5486 29).
3399 5417 3467 5473 Ει
3491 5417 3660 5488 quod,
3688 5417 3734 5474 si

2126 5516 2443 5589 despexeris
2468 5515 2720 5586 gloriam,
2744 5521 2874 5579 tunc
2899 5528 3019 5568 eam
3046 5510 3377 5581 assequeris,
3404 5508 3527 5564 audi
3556 5510 3733 5579 ipsum

2125 5618 2313 5663 rursus
2330 5605 2603 5663 Christum
2626 5604 2921 5670 dicentem,
2949 5603 3049 5672 Qui
3076 5603 3181 5661 vult
3211 5603 3342 5657 inter
3371 5617 3457 5655 vos
3486 5618 3592 5655 esse
3620 5601 3731 5671 pri-

2125 5716 2260 5766 mus,
2286 5700 2350 5753 sit
2376 5709 2535 5754 vester
2559 5699 2810 5763 minister;
2838 5708 3123 5763 etrursus,
3151 5695 3255 5762 Qui
3283 5710 3337 5748 se
3364 5694 3730 5757 humiliaverit,

2123 5792 2431 5847 cxaltabitur
2478 5791 2707 5862 (Matth.
2763 5789 2854 5846 '20.
2887 5788 2981 5844 26.
3024 5799 3069 5842 et
3101 5788 3193 5843 25.
3236 5786 3352 5855 12).
3392 5786 3529 5855 Quid
3562 5782 3730 5839 diois?

2123 5888 2167 5943 si
2188 5886 2257 5943 d0
2284 5896 2471 5959 potum
2506 5885 2730 5942 inimico
2758 5926 2771 5953 ,
2806 5893 2933 5940 tunc
2977 5898 3099 5939 cum
3142 5879 3344 5952 punio?
3372 5880 3416 5935 si
3444 5879 3727 5935 facultates
