4202 6442
426 392 532 448 175
1162 395 1223 454 S.
1260 394 1538 453 JOANNIS
1574 390 2049 452 ειιῐιῑδθδτοιιι
2087 391 2406 453 ARCHIEP.
2447 397 2978 461 CONSTANTINOP.

424 489 705 551 dimisero.
738 496 867 544 tunc
895 501 989 543 ero
1004 489 1286 543 excelsus?
1306 490 1349 543 si
1377 504 1464 543 me
1488 488 1862 557 humiliavero,
1888 502 2015 546 tunc

423 581 745 636 exaltabor?
770 581 1019 645 Maxime,
1044 582 1219 649 inquit
1245 599 1258 635 :
1291 598 1353 636 ea
1385 590 1468 636 est
1496 584 1641 638 enim
1673 600 1793 639 mea
1821 595 2016 657 poten-

425 672 514 737 tia,
554 680 609 726 ut
638 675 905 727 contraria
938 672 1204 743 prmheam
1233 689 1330 743 per
1357 676 1624 731 contraria
1657 693 1672 731 :
1705 691 1823 731 sum
1857 680 2013 733 locu-

3610 414 3706 474 176

2125 496 2308 564 melia,
2337 498 2601 571 siquidem
2632 500 2748 557 hmc
2769 502 2926 573 digna
2954 504 3225 561 existimat
3248 506 3300 562 in
3327 522 3448 578 qua:
3477 510 3714 569 studium

2121 586 2400 657 conferat,
2428 606 2549 661 qua:
2586 591 2656 647 ab
2691 592 2795 647 illis
2822 591 2972 648 tanto
3011 594 3211 650 distant
3239 597 3523 656 intervallo
3554 619 3569 655 :
3601 603 3713 657 ὶιιιυ

2120 697 2251 737 vero
2293 698 2393 738 nec
2434 685 2628 753 poterit
2675 685 2890 760 quidem
2937 688 3025 742 illa
3077 688 3329 745 admirari
3374 708 3389 746 :
3438 695 3713 764 quomodo

421 764 535 831 ples
560 773 613 818 et
638 764 704 818 ad
746 779 834 819 res
863 763 1099 833 agendas
1141 766 1314 820 solers
1345 783 1359 820 :
1390 781 1456 820 ne
1485 766 1675 821 timeas
1710 784 1725 820 :
1758 769 2011 824 volunta-

421 865 525 908 tem
570 872 741 910 meam
774 860 1019 925 sequitur
1059 873 1237 912 rerum
1269 869 1456 913 natura
1477 900 1493 925 ,
1540 875 1646 914 non
1675 875 1776 930 ego
1813 876 2012 932 sequor

420 960 660 1001 naturam
708 964 852 1019 :rgo
897 951 1074 1002 omnia
1118 965 1350 1021 operor,
1404 967 1509 1005 non
1552 953 1621 1006 ab
1672 953 1776 1008 illis
1824 968 1958 1024 agor
1988 972 2007 1011 :

417 1041 763 1105 «utmuultrem
787 1056 887 1111 ego
913 1058 1004 1096 eas
1030 1057 1247 1111 possum
1281 1054 1640 1099 transmittare
1660 1053 1716 1099 et
1739 1046 2006 1100 transforc

414 1150 577 1187 mare.
613 1134 673 1188 Et
706 1136 831 1203 quid
879 1136 1118 1201 miraris,
1148 1136 1191 1190 si
1224 1136 1274 1189 itt
1309 1136 1391 1189 his
1428 1136 1485 1190 ῐίι
1514 1137 1656 1192 tale?
1696 1137 1799 1192 hoc
1825 1138 2003 1209 ipsum

412 1224 553 1277 enim
588 1225 832 1279 invenies
863 1227 1023 1279 etiam
1054 1227 1105 1279 in
1129 1226 1250 1279 aliis
1279 1225 1549 1280 omnibus.

486 1314 586 1380 Qui
607 1316 915 1368 contumelia
958 1316 1110 1386 aﬁicit
1134 1359 1147 1380 ,
1181 1317 1291 1385 ipse
1327 1317 1633 1370 contumelia
1658 1318 1895 1387 aﬂ'icitur.
1930 1351 2002 1363 -—

409 1403 465 1459 Si
501 1405 750 1476 injuriant
781 1404 968 1472 facias,
1002 1406 1231 1462 allectus
1270 1422 1330 1462 es
1374 1407 1566 1477 injuria
1605 1424 1624 1462 .'
1659 1410 1706 1464 si
1748 1409 1887 1465 facta
1917 1422 2002 1468 est

411 1501 504 1556 tibi
534 1503 727 1571 injuria
754 1546 769 1568 ,
819 1513 944 1559 tunc
989 1521 1093 1559 non
1138 1522 1197 1562 es
1244 1506 1435 1576 injuria
1467 1509 1691 1563 allectus
1722 1526 1736 1562 :
1771 1512 1815 1564 si
1856 1513 1999 1567 ullus

407 1595 594 1660 lueris,
615 1605 741 1650 tunc
766 1613 871 1651 non
899 1607 979 1651 est
1009 1598 1150 1651 ultus
1173 1639 1189 1665 ,
1218 1598 1313 1653 sed
1348 1599 1576 1670 teipsum
1610 1615 1669 1655 es
1698 1601 1860 1656 ultus.
1899 1604 1999 1669 Qui

408 1685 575 1747 enim,
603 1687 812 1756 inquit,
855 1688 1023 1759 diligit
1067 1690 1418 1757 iniquitatem,
1462 1691 1570 1744 odit
1599 1692 1825 1746 animam
1853 1710 1999 1748 suam

409 1775 571 1849 (Prov
617 1778 706 1833 29.
755 1778 871 1850 24).
911 1780 1074 1837 Vides
1116 1783 1255 1852 quod
1302 1799 1405 1836 non
1437 1784 1627 1853 injuria
1656 1784 1859 1850 aflicis,
1902 1788 1995 1842 sed

408 1868 600 1938 injuria
633 1870 856 1927 allectus
899 1874 997 1928 es?
1044 1874 1330 1944 Propterea
1376 1876 1506 1931 dicit
1547 1878 1710 1932 etiam
1751 1877 1947 1934 Paulus
1980 1897 1996 1934 :

409 1958 583 2024 Quare
623 1979 725 2017 non
772 1965 934 2034 magis
977 1967 1218 2038 injuriam
1260 1968 1491 2037 accipitis
1534 1968 1609 2040 (Ι.
1643 1968 1764 2024 Cor.
1803 1970 1856 2025 6.
1902 1967 1999 2042 7)?

406 2050 600 2107 Vidisti
638 2047 782 2123 quod
810 2054 913 2111 hoc
938 2074 1043 2110 non
1072 2060 1142 2111 sit
1168 2057 1356 2128 injuria
1387 2060 1569 2114 allici?
1598 2061 1825 2129 Quando
1863 2078 2000 2119 con-

405 2144 621 2198 tumelia
644 2145 909 2212 alfeceris,
935 2157 1063 2202 tunc
1090 2147 1312 2205 allectus
1339 2165 1398 2206 es
1425 2153 1770 2208 contumelia.
1806 2152 1874 2208 Et
1896 2153 2000 2210 hac

402 2247 470 2288 ex
504 2242 651 2303 parte
677 2237 855 2291 sciunt
882 2238 1034 2293 multi
1075 2257 1088 2295 :
1121 2251 1178 2293 ut
1226 2239 1441 2310 quando
1486 2241 1672 2297 dicunt
1717 2243 1859 2299 inter
1890 2260 1949 2300 se
1978 2261 1993 2297 :

403 2322 541 2378 Hinc
569 2324 950 2391 discedamus,
996 2344 1064 2385 ne
1113 2330 1344 2400 teipsum
1391 2331 1595 2388 afﬁcias
1643 2336 1992 2390 contumelia.

402 2414 804 2483 Quamobrem?
834 2419 1098 2488 Quoniam
1145 2423 1370 2477 multum
1404 2424 1630 2481 interest
1657 2427 1795 2482 inter
1818 2438 1869 2483 te
1892 2470 1908 2495 ,
1939 2438 1994 2484 et

402 2507 596 2563 illum:
642 2525 763 2565 nam
810 2514 1255 2585 quantiscumque
1299 2515 1545 2571 affeceris
1592 2520 1933 2575 contumeliis
1960 2560 1977 2588 ,

399 2598 491 2653 ille
515 2599 740 2669 gloriam
766 2603 1058 2658 existimat.
1096 2605 1206 2660 Hoc
1237 2608 1290 2661 in
1321 2607 1570 2663 omnibus
1596 2609 1914 2679 cogitemus,
1937 2620 1991 2668 et

399 2693 738 2748 contumeliis
791 2695 1069 2751 evadimus
1117 2700 1444 2768 superiores.
1502 2701 1828 2771 Quomodo?
1871 2706 1989 2778 Ego

398 2782 520 2838 dico
551 2803 563 2838 :
596 2783 651 2840 Si
675 2794 758 2841 est
785 2788 937 2843 nobis
970 2804 1144 2860 pugna
1172 2791 1429 2848 adversus
1454 2809 1576 2848 eum
1605 2795 1777 2866 ipsum
1796 2799 1989 2869 quiest

398 2872 615 2927 indutus
664 2890 896 2945 purpura
926 2919 941 2944 ,
989 2894 1112 2934 cum
1155 2884 1479 2938 contumelia
1526 2901 1648 2941 emn
1695 2887 1985 2959 allicimus,

396 2965 771 3022 existimamus
812 2985 910 3024 nos
952 2971 1100 3040 ipsos
1150 2973 1345 3042 injuria
1394 2975 1655 3033 afﬁcere:
1690 2996 1815 3035 nam
1866 2982 1987 3037 ideo

396 3057 541 3127 digni
558 3075 743 3114 sumus
771 3061 861 3132 qui
887 3063 1083 3131 probro
1099 3065 1415 3124 afﬁciantur.
1440 3069 1577 3137 Quid
1596 3069 1750 3135 dicis,
1776 3075 1986 3143 qnznso?

394 3165 516 3205 cum
548 3150 622 3206 sis
647 3152 781 3207 civis
808 3155 1086 3223 calorum,
1113 3166 1170 3212 et
1195 3172 1484 3229 supernam
1518 3160 1718 3219 habeas
1747 3164 1988 3235 philoso-

386 3243 597 3313 phiam,
628 3259 751 3300 cum
774 3262 838 3301 eo
867 3249 955 3318 qui
985 3264 1071 3304 res
1099 3259 1341 3307 terrenas
1361 3266 1539 3309 mente
1560 3258 1744 3325 agitat,
1775 3259 1985 3328 probris

394 3335 624 3402 teipsum
672 3338 921 3407 appetis“!
970 3338 1102 3394 Nam
1150 3342 1359 3398 etiamsi
1408 3347 1662 3410 pecunias
1710 3351 1986 3420 possideat

391 3423 831 3493 innumerabiles,
865 3438 916 3483 et
947 3431 1017 3484 sit
1046 3431 1098 3485 in
1128 3433 1428 3504 principatu
1451 3448 1507 3491 et
1535 3448 1818 3509 potestate,
1849 3458 1984 3497 non-

390 3516 518 3569 dum
550 3528 724 3572 tamen
755 3520 857 3573 scit
896 3520 1091 3575 bonum
1139 3534 1311 3578 tuum.
1360 3524 1479 3581 Noli
1513 3529 1739 3598 teipsum
1786 3543 1975 3588 contu-

389 3606 547 3661 melia
570 3607 807 3678 afﬁcere,
831 3611 975 3667 illum
1004 3614 1243 3674 afﬁciens
1269 3620 1596 3675 contumelia
1627 3637 1640 3675 :
1676 3622 1769 3676 tibi
1794 3623 1975 3693 parce,

388 3713 494 3752 non
525 3699 596 3754 illi
630 3718 644 3755 :
675 3703 902 3770 teipsum
935 3703 1161 3771 honora,
1197 3724 1302 3762 non
1337 3709 1508 3765 illum.
1541 3712 1732 3767 Annon
1760 3725 1845 3769 est
1875 3717 1976 3771 ltu-

381 3790 615 3859 jusmodi
647 3795 984 3862 proverbium
1017 3815 1029 3850 :
1060 3797 1160 3866 Qui
1187 3799 1435 3863 honorat.
1459 3803 1695 3874 seipsum
1720 3805 1969 3861 ltonorat.

385 3885 454 3939 Et
494 3886 686 3940 merito
718 3905 732 3941 :
762 3902 867 3942 non
897 3894 1041 3944 enim
1092 3891 1242 3946 illum
1284 3892 1533 3957 honorat.
1585 3897 1679 3952 sed
1712 3899 1972 3968 seipsum.

384 3974 522 4031 Audi
551 3977 835 4046 quemdam
863 3982 1159 4050 sapientem
1189 3983 1454 4042 dicentem
1489 4007 1503 4044 :
1532 3986 1642 4042 Fac
1666 3991 1854 4044 animae
1874 4000 1973 4045 tua:

382 4066 625 4120 honorem
661 4069 819 4138 juxta
849 4071 962 4141 ejus
989 4072 1289 4143 dignitatem
1320 4078 1337 4146 (
1362 4077 1525 4132 Eccli.
1561 4080 1648 4135 10.
1679 4081 1794 4151 51).
1833 4081 1972 4148 Quid

380 4164 486 4219 cst,
519 4152 683 4211 Juxta
711 4160 822 4229 ejus
864 4162 1205 4230 dignitatem?
1230 4165 1284 4221 Si
1318 4183 1410 4235 per
1438 4170 1717 4224 avaritiam
1751 4171 1972 4226 frauda-

393 4243 488 4305 vit.
518 4251 573 4298 tu
606 4260 673 4300 ne
710 4245 961 4313 fraudes;
1005 4250 1050 4304 si
1095 4249 1273 4307 affecit
1297 4255 1650 4322 contumelia,
1690 4273 1757 4313 ne
1784 4271 1981 4317 contu-

384 4334 548 4387 melia
578 4334 800 4390 afﬁcias.
829 4337 926 4389 Dic
953 4341 1104 4406 mihi,
1136 4358 1340 4413 quarso,
1369 4347 1414 4400 si
1436 4346 1552 4415 quis
1580 4365 1780 4421 pauper
1806 4351 1976 4409 lutum

386 4425 570 4493 iacens
617 4441 648 4481 e
698 4436 783 4481 tua
813 4429 933 4484 aula
979 4433 1282 4503 acciperet,
1312 4452 1436 4490 num
1453 4449 1727 4507 propterea
1744 4457 1866 4498 eum
1883 4461 1979 4502 vo-

389 4529 543 4570 cares
574 4516 625 4570 in
657 4516 958 4584 judicium?
986 4522 1352 4595 Nequaquam.
1390 4528 1609 4596 Quare?
1645 4531 1721 4588 Ne
1748 4543 1800 4589 te
1828 4550 1958 4591 con-

390 4605 603 4660 tumelia
634 4595 857 4675 alﬁcias,
887 4626 954 4666 ne
982 4620 1033 4667 te
1057 4628 1249 4670 omnes
1278 4595 1658 4674 condemnem.
1694 4621 1805 4678 [loc
1833 4641 1975 4682 nunc

385 4711 599 4767 quoque
624 4697 679 4753 ﬁt
711 4716 725 4754 :
755 4700 911 4758 dives
940 4705 1084 4758 enim
1113 4716 1192 4760 est
1219 4722 1454 4777 pauper.
1485 4719 1538 4764 et
1559 4727 1665 4780 quo
1686 4723 1770 4769 est
1789 4715 1971 4785 ditior,

382 4807 451 4847 eo
479 4793 648 4863 magis
677 4811 801 4851 vera
829 4796 1037 4852 laborat
1068 4810 1399 4869 paupertate.
1433 4802 1624 4858 Lutum
1648 4816 1730 4861 est
1755 4824 1969 4878 aurum,

385 4881 438 4937 in
462 4884 582 4938 aula
607 4884 818 4956 jacens,
846 4904 953 4943 non
983 4890 1128 4944 domi
1154 4900 1256 4946 ture
1277 4892 1438 4947 situm
1474 4912 1487 4951 :
1514 4897 1702 4952 caelum
1721 4901 1864 4956 enim
1887 4913 1973 4959 est

385 4973 582 5031 domus
602 4984 709 5030 tua.
729 4976 783 5033 Si
809 4987 1086 5049 propterea
1114 4995 1242 5052 ergo
1273 4983 1415 5061 litem
1447 5000 1662 5043 moveas
1693 4998 1746 5045 et
1768 4991 1972 5061 judicio

383 5065 699 5134 contendas,
719 5082 900 5125 annon
926 5077 977 5125 te
994 5060 1424 5129 condemnabam
1443 5080 1657 5147 superni
1677 5060 1821 5138 cives
1837 5084 1860 5138 ?
1875 5100 1972 5142 an-

380 5169 486 5210 non
508 5157 724 5228 ejicient
751 5173 802 5216 te
823 5179 853 5217 e
875 5178 968 5217 sua
994 5164 1182 5233 patria,
1206 5166 1296 5235 qui
1316 5182 1375 5221 es
1400 5168 1534 5224 adeo
1569 5170 1810 5247 humilis,
1831 5176 1967 5234 adeo

378 5246 502 5302 vilis
530 5259 584 5303 et
619 5251 857 5319 abjectus
877 5293 894 5319 ,
926 5262 980 5307 ut
1012 5269 1108 5325 pro
1133 5256 1345 5312 modico
1375 5259 1484 5313 luto
1529 5262 1661 5317 velis
1689 5246 1923 5336 pugnare
1942 5272 1967 5324 ’ὲ

376 5336 509 5394 Nam
552 5339 598 5394 si
632 5341 862 5397 nmndus
909 5357 1053 5399 esset
1098 5355 1234 5413 tuus,
1283 5348 1478 5407 deinde
1504 5356 1821 5426 sumpsisset
1860 5361 1964 5416 ali-

373 5430 496 5499 quis
525 5446 670 5498 eum,
702 5434 940 5487 converti
971 5437 1140 5506 magis
1165 5448 1457 5509 Oporteret.

443 5524 496 5577 5.
528 5523 714 5579 Nescis
741 5524 883 5592 quod
915 5526 962 5582 si
994 5528 1176 5585 decies
1203 5535 1447 5601 posueris
1473 5538 1657 5595 orbem
1683 5549 1840 5598 terrae
1861 5587 1875 5612 ,
1904 5555 1963 5603 et

372 5614 578 5668 centies
606 5625 662 5669 et
690 5614 871 5669 decies
904 5618 1096 5675 millies
1115 5662 1132 5687 ,
1156 5631 1210 5677 et
1236 5623 1319 5678 his
1357 5633 1560 5683 tantum
1586 5671 1599 5692 ,
1632 5646 1703 5688 ne
1725 5644 1811 5688 eSt
1838 5637 1960 5704 qui-

369 5705 491 5758 dem
518 5708 584 5761 ad
606 5708 882 5762 minimam
904 5720 1108 5778 partem
1133 5715 1393 5772 bonorum
1417 5735 1536 5789 qua:
1557 5732 1682 5779 sunt
1707 5725 1758 5778 in
1786 5727 1960 5782 caelis?

369 5793 471 5859 Qui
500 5812 629 5868 ergo
654 5816 713 5857 ca
743 5816 861 5873 qua:
893 5798 1130 5864 liic‘sunt
1155 5807 1413 5880 miratur,
1451 5813 1538 5870 illa
1570 5814 1735 5874 aflicit
1762 5828 1953 5876 contu-

366 6176 447 6319 ἱ

2122 775 2290 840 enim,
2319 790 2439 831 cum
2469 777 2536 831 ad
2570 777 2683 832 lucc
2709 778 3095 848 obstupescens
3124 780 3338 836 inhies?
3369 784 3709 840 Dissecemus

2117 864 2200 919 vel
2224 880 2347 920 sero
2368 866 2601 933 tandem,
2635 883 2838 938 quaeso,
2874 869 3029 924 funes
3053 879 3104 924 et
3127 870 3344 946 laqueos
3373 892 3389 928 :
3419 875 3533 930 lucc
3559 876 3708 932 enim

2115 966 2241 1009 sunt
2272 972 2357 1012 res
2385 966 2631 1013 terrente.
2677 959 2936 1027 Quamdiu
2978 963 3379 1019 incurvabimur
3415 966 3706 1022 deorsum?

2114 1047 2371 1116 quamdiu
2398 1064 2497 1103 nos
2523 1051 2662 1106 alter
2690 1052 2843 1106 alteri
2890 1053 3260 1110 insidiahimur
3285 1098 3298 1120 ,
3332 1059 3469 1113 sicut
3495 1059 3622 1116 feras
3647 1072 3704 1117 et

2111 1138 2255 1194 sicut
2292 1142 2504 1211 pisces?
2533 1143 2643 1199 lmo
2671 1161 2796 1200 vero
2826 1145 2953 1202 ferzn
2984 1163 3089 1202 non
3123 1160 3311 1220 parant
3337 1153 3436 1208 sibi
3464 1154 3694 1211 invicem

2107 1227 2352 1297 insidias,
2402 1231 2497 1286 sed
2540 1232 2604 1286 iis
2643 1249 2761 1303 qum
2807 1245 2933 1290 sunt
2969 1237 3164 1292 diversi
3190 1243 3404 1309 generis
3432 1262 3447 1299 :
3478 1258 3692 1317 utputa,

2106 1332 2265 1374 ursus
2294 1334 2476 1374 ursum
2512 1337 2617 1376 non
2646 1322 2927 1378 confestim
2957 1327 3235 1392 interimit,
3267 1347 3441 1402 neque
3464 1348 3695 1404 serpens

2103 1408 2173 1463 de
2203 1410 2379 1465 medio
2404 1411 2541 1465 tollit
2573 1423 2880 1482 serpentem
2905 1456 2922 1481 ,
2956 1427 3014 1471 ut
3042 1418 3132 1488 qni
3163 1433 3470 1480 revereatur
3497 1441 3695 1498 cogna-

2104 1498 2304 1555 tionem
2336 1516 2352 1554 :
2381 1509 2438 1555 tu
2465 1513 2645 1557 autem
2687 1519 2811 1560 eum
2849 1506 2941 1576 qui
2985 1517 3069 1563 est
3115 1509 3353 1579 ejusdem
3390 1518 3606 1585 generis
3638 1528 3695 1574 et

2103 1603 2225 1645 cum
2255 1607 2362 1662 quo
2376 1594 2497 1663 jura
2528 1594 2693 1650 habes
2715 1596 3146 1667 innumerabilia,
3175 1606 3572 1673 cognationem,
3604 1624 3690 1663 ra-

2105 1681 2305 1737 tionem
2331 1723 2346 1747 ,
2378 1684 2470 1739 Dei
2511 1685 2872 1756 cognitionem
2893 1727 2912 1757 ,
2944 1692 3054 1745 vim
3083 1700 3291 1750 natura:
3319 1704 3376 1751 et
3408 1698 3509 1752 alia
3537 1699 3696 1754 innu-

2103 1787 2273 1840 mera,
2299 1780 2356 1828 et
2379 1775 2466 1844 qui
2495 1786 2581 1830 est
2606 1776 2850 1845 ejusdem
2879 1790 3083 1836 natura}
3115 1785 3381 1858 particeps
3404 1829 3418 1853 ,
3449 1791 3691 1860 perimis,

2102 1871 2159 1916 et
2186 1862 2239 1916 in
2266 1863 2405 1918 mala
2431 1864 2604 1934 injicis
2644 1866 3074 1926 innumerabilia.
3120 1872 3260 1941 Quid
3289 1886 3401 1932 tum
3443 1881 3586 1935 enim
3606 1922 3619 1947 ,
3647 1883 3693 1937 si

2101 1952 2333 2023 gladium
2365 1971 2472 2010 non
2498 1957 2697 2027 adigis,
2741 1975 2917 2031 neque
2955 1962 3009 2018 in
3034 1965 3233 2021 collum
3264 1967 3540 2025 dexteram
3586 1974 3690 2027 im-

2102 2046 2451 2116 mergis?alia
2483 2048 2613 2103 lacis
2636 2049 2738 2106 hoc
2761 2054 3026 2123 graviora,
3053 2056 3103 2110 in
3130 2069 3416 2130 perpetuas
3442 2063 3692 2133 injiciens

2101 2137 2397 2194 molestias.
2423 2139 2555 2194 Nam
2586 2141 2631 2195 si
2660 2142 2761 2198 hoc
2790 2144 3029 2212 fecisses,
3054 2149 3343 2206 liberasses
3373 2168 3496 2208 eum
3528 2170 3558 2207 a
3589 2155 3694 2210 sol-

2101 2228 2415 2286 licitudine:
2451 2247 2590 2288 nunc
2619 2243 2798 2289 autem
2822 2235 2996 2306 injicis
3018 2238 3070 2293 in
3100 2239 3319 2306 famem,
3352 2244 3690 2313 servitutem,

2101 2320 2444 2390 mgritudines
2469 2333 2523 2378 et
2545 2323 2707 2379 multa
2733 2338 2973 2394 peccata.
2995 2329 3121 2385 Haec
3137 2331 3280 2397 dico,
3309 2343 3361 2389 et
3384 2351 3490 2390 non
3513 2352 3695 2393 cessa-

2100 2410 2173 2466 bo
2209 2411 2421 2478 dicere,
2453 2430 2560 2469 non
2606 2430 2701 2470 vos
2740 2415 2968 2473 incitans
3010 2419 3079 2475 ad
3119 2423 3325 2479 caedem
3368 2425 3688 2493 faciendam,

2100 2519 2273 2574 neque
2295 2504 2588 2560 adhortans
2612 2517 2669 2561 ut
2693 2506 2760 2562 ad
2787 2510 2983 2564 malum
3006 2510 3096 2567 illo
3119 2515 3297 2570 minus
3322 2518 3569 2585 veniatis,
3593 2520 3691 2576 sed

2101 2611 2170 2649 ne
2193 2594 2477 2651 conﬁdatis
2508 2607 2778 2667 tamquam
2819 2614 3007 2667 pteoas
3036 2617 3142 2658 non
3168 2606 3287 2661 sitis
3316 2607 3488 2663 daturi
3519 2627 3535 2665 :
3565 2626 3689 2666 nam

2102 2685 2203 2753 Qui
2251 2688 2434 2742 victum
2474 2689 2658 2743 adimit
2703 2692 2935 2758 proximo
2979 2703 3028 2749 et
3072 2712 3254 2766 panem
3277 2740 3293 2766 ,
3346 2704 3529 2757 occidit
3573 2721 3689 2759 eum

2099 2777 2285 2848 (Eccli.
2330 2780 2420 2834 54.
2465 2778 2580 2850 24).
2611 2780 2997 2840 Contineamus
3028 2788 3242 2844 tondent
3273 2793 3414 2862 apud
3446 2810 3546 2852 nos
3575 2812 3692 2852 ma-

2099 2886 2220 2938 nus,
2245 2887 2430 2941 quarso
2449 2887 2465 2937 ;
2487 2872 2594 2927 imo
2616 2888 2742 2927 vero
2764 2891 2871 2930 non
2897 2879 3290 2950 contineamus,
3313 2885 3408 2941 sed
3430 2901 3522 2942 eas
3543 2898 3690 2946 recte

2097 2961 2471 3029 extendamus,
2502 2978 2608 3015 non
2639 2963 2706 3017 ad
2734 2964 2883 3034 plura
2914 2969 3235 3038 acquirenda
3262 2988 3360 3043 per
3381 2979 3687 3047 avaritiam,

2097 3051 2192 3107 sed
2228 3052 2295 3107 ad
2324 3053 2723 3124 eleemosynam
2758 3074 2772 3109 :
2802 3072 2870 3111 ne
2912 3057 3205 3117 habeamus
3249 3052 3465 3121 manum
3515 3068 3686 3124 infru-

2096 3154 2372 3213 ctuosam,
2408 3161 2505 3201 nec
2548 3147 2751 3203 aridam
2786 3167 2951 3207 :nam
2992 3169 3114 3225 quae
3154 3171 3263 3212 non
3304 3157 3429 3214 facit
3468 3163 3687 3231 quidem

2096 3236 2515 3308 eleemosynam,
2546 3250 2629 3293 est
2657 3240 2807 3296 arida
2839 3261 2854 3297 :
2888 3259 3007 3312 qua:
3027 3255 3206 3302 autem
3236 3249 3398 3304 etiam
3422 3252 3569 3321 plura
3599 3269 3689 3308 ac-

2095 3328 2262 3400 quirit
2287 3345 2383 3398 per
2403 3330 2704 3399 avaritiam,
2728 3341 2813 3388 est
2831 3338 3157 3392 exsecranda
3181 3349 3235 3394 et
3261 3340 3492 3411 impura.
3514 3344 3686 3400 Nemo

2094 3419 2340 3475 comedat
2368 3435 2489 3474 cum
2518 3422 3069 3494 ejusmodimanibus;
3098 3438 3180 3485 est
3203 3431 3345 3486 enim
3364 3437 3685 3492 contumelia

2093 3525 2279 3566 eorum
2307 3511 2396 3580 qui
2422 3522 2546 3567 sunt
2570 3514 2762 3569 vocati.
2785 3516 2939 3583 Nam,
2960 3517 3049 3575 dic
3079 3536 3285 3591 qua-so,
3337 3524 3382 3579 si
3410 3527 3529 3595 quis
3561 3543 3681 3583 cum

2099 3624 2199 3664 nos
2213 3616 2454 3683 curasset
2471 3609 2786 3665 accumbere
2805 3627 2968 3682 super
2986 3622 3195 3684 tapetes
3219 3625 3275 3671 et
3300 3618 3460 3674 molle
3476 3629 3688 3693 stragu-

2096 3701 2206 3758 lum
2242 3711 2297 3757 et
2336 3718 2468 3757 auro
2510 3702 2741 3758 intextas
2761 3713 2941 3760 vestes
2962 3707 3198 3764 lincasin
3229 3710 3391 3767 domo
3419 3728 3606 3783 magna
3630 3725 3686 3772 et

2095 3792 2394 3865 splendida,
2411 3809 2763 3865 magnamque
2787 3805 2841 3851 et
2861 3798 3083 3853 multam
3108 3799 3427 3858 famulorum
3465 3807 3683 3863 adstare

2092 3884 2340 3956 iussisset
2381 3885 2795 3956 multitudinem,
2839 3889 3034 3947 deinde
3064 3908 3302 3950 mensam
3348 3910 3586 3966 parasset
3606 3917 3677 3957 ex

2093 3992 2222 4032 auro
2243 3975 2298 4034 e't
2317 3991 2558 4049 argento,
2588 3988 2642 4035 et
2664 3981 2846 4036 multis
2868 3983 3141 4054 implesset
3160 3987 3425 4059 lautisque
3451 4000 3509 4047 et
3532 4007 3683 4048 sum-

2093 4072 2300 4139 ptuosis
2328 4087 2489 4128 omne
2513 4087 2682 4143 genus
2710 4075 2866 4142 cibis,
2895 4090 2996 4131 nos
3024 4092 3240 4149 cogeret
3264 4082 3552 4140 comedere
3585 4103 3600 4136 :
3628 4088 3675 4142 si

2089 4165 2265 4219 solum
2293 4165 2554 4222 ferremus
2577 4183 2699 4223 eum
2729 4183 2888 4225 emno
2915 4187 3105 4227 manus
3132 4184 3417 4245 nngentem
3447 4185 3502 4232 et
3533 4186 3677 4234 ster-

2088 4271 2219 4313 core
2257 4257 2492 4314 humano
2515 4299 2531 4325 ,
2568 4268 2623 4315 et
2661 4261 2730 4315 ita
2779 4262 2935 4315 simul
2978 4265 3417 4332 accumbentem;
3468 4266 3679 4326 hancne

2087 4363 2302 4419 poenam
2329 4351 2618 4407 sustineret
2642 4352 2925 4423 quispiam,
2949 4365 3003 4409 et
3029 4372 3134 4411 non
3162 4357 3300 4413 hanc
3319 4374 3433 4415 rem
3454 4361 3678 4418 duceret

2085 4456 2206 4496 esse
2233 4443 2647 4497 contumeliam?
2671 4443 2899 4500 Duceret
2943 4462 3074 4503 sane
3093 4488 3108 4513 ,
3139 4449 3360 4519 opinor,
3393 4462 3448 4506 et
3491 4455 3674 4510 statim

2085 4534 2341 4590 resiliret.
2386 4534 2541 4590 Nunc
2568 4546 2747 4591 autem
2793 4552 2899 4593 non
2942 4539 3091 4595 vides
3123 4556 3314 4599 manus
3356 4560 3485 4600 vero
3515 4562 3675 4603 emno

2083 4627 2328 4698 Oppletas
2349 4669 2365 4695 ,
2392 4637 2552 4699 atque
2589 4628 2727 4685 adeo
2758 4630 2901 4701 ipsbs
2938 4633 3100 4688 etiam
3139 4635 3319 4701 cibos,
3358 4648 3410 4693 et
3444 4654 3550 4693 non
3584 4654 3671 4695 re-

2081 4721 2215 4785 silis,
2244 4736 2351 4775 non
2378 4722 2761 4791 reprehendis;
2781 4723 2875 4778 sed
2904 4724 2949 4780 si
2977 4727 3049 4781 sit
3077 4726 3293 4797 quidem
3323 4729 3374 4782 in
3405 4741 3668 4800 potestate

2080 4820 2135 4865 et
2161 4812 2513 4879 auctoritate,
2554 4829 2667 4869 rem
2715 4829 2962 4885 magnam
3005 4831 3127 4872 esse
3166 4819 3378 4886 statuis,
3427 4832 3480 4877 et
3525 4832 3664 4877 tuam

2080 4902 2261 4972 perdis
2288 4904 2521 4959 animam
2543 4946 2559 4971 ,
2586 4920 2813 4960 vescens
2846 4907 3059 4963 talibus.
3089 4909 3292 4977 Quovis
3325 4913 3467 4967 enim
3508 4930 3667 4970 cinno

2078 4996 2228 5066 pejor
2249 4998 2569 5051 estavaritia
2589 5015 2604 5062 ;
2627 4999 2859 5053 animam
2877 5003 3021 5054 enim
3045 5002 3306 5072 inquinat,
3325 5021 3429 5061 non
3446 5010 3664 5079 'corpus,

2074 5099 2129 5144 et
2153 5088 2317 5144 efﬁcit
2346 5101 2404 5144 ut
2432 5089 2727 5146 difﬁciliter
2748 5092 2916 5163 possit
2939 5093 3067 5148 elui.
3095 5094 3174 5150 Tu
3197 5111 3327 5167 ergo
3357 5099 3541 5155 videns
3564 5101 3667 5157 hoc

2073 5194 2229 5235 coeno
2254 5180 2470 5252 quidem
2502 5182 2694 5238 illitum
2722 5199 2843 5238 eum
2873 5186 2963 5255 qui
2993 5188 3281 5253 accumbit,
3309 5199 3365 5245 et
3392 5206 3581 5246 manus
3610 5202 3665 5248 et

2070 5274 2301 5337 oculos.
2353 5274 2574 5331 domum
2627 5291 2843 5348 quoque
2890 5287 2945 5333 et
2995 5294 3236 5336 mensam
3287 5297 3353 5337 eo
3399 5284 3661 5353 repletam

2070 5365 2424 5437 (stercoribus
2446 5368 2616 5435 enim,
2640 5378 2695 5424 et
2722 5370 2767 5424 si
2791 5370 2917 5439 quid
2945 5382 3028 5426 est
3056 5372 3141 5429 his
3164 5374 3514 5444 immundius,
3537 5390 3665 5435 sunt

2070 5460 2144 5515 illi
2170 5460 2273 5515 cibi
2303 5461 2611 5529 Spurciores
2632 5470 2686 5518 et
2709 5463 3123 5536 obscoeniores),
3154 5468 3225 5522 ita
3254 5468 3484 5525 afﬁceris
3507 5473 3661 5543 quasi

2070 5552 2394 5618 honoratus,
2438 5563 2494 5610 et
2536 5561 2807 5626 tamquam
2854 5556 3066 5613 futurus
3102 5560 3155 5614 in
3197 5561 3438 5618 deliciis?
3474 5574 3528 5620 et
3559 5581 3661 5622 nec

2067 5645 2287 5700 Paulum
2319 5646 2534 5717 quidem
2564 5650 2797 5715 vereris,
2831 5651 2920 5720 qui
2949 5651 3015 5706 ad
3050 5668 3291 5709 mensam
3319 5655 3656 5726 Graecorum,

2065 5737 2109 5792 si
2135 5738 2381 5805 velimus,
2417 5738 2550 5793 citra
2597 5741 3037 5811 impedimentum
3086 5744 3241 5799 nobis
3274 5749 3535 5816 permittit
3561 5764 3671 5838 εις-ι

2065 5830 2278 5901 cedere,
2306 5831 2375 5888 ad
2425 5824 2705 5892 avarorum
2744 5844 2923 5894 autem
2970 5847 3024 5895 ct
3075 5850 3260 5895 corum
3304 5842 3397 5911 qui
3447 5841 3657 5899 damnis
