4172 6524
268 459 383 511 175

251 573 394 624 τότε
447 570 620 625 αὑτὸν
665 573 928 640 κολάζως
969 576 1068 630 ἐὰν
1113 579 1236 647 ἀφῶ
1273 579 1341 631 τὰ
1376 577 1694 648 ὑπάρχοντα
1719 617 1734 639 ,
1776 576 1899 628 τότε

248 661 414 714 αὖτὰ
444 660 595 731 ἐχως
629 663 728 716 ἐὰν
749 663 1081 719 ταπεινώσω
1106 667 1366 737 ἐμαυτὸν,
1392 666 1516 720 τότε
1549 665 1753 736 ὑψηλὸς
1777 665 1900 717 ἐσο-

261 766 415 818 μαι;
447 749 565 802 Ναὶ
596 793 612 812 ,
652 751 793 821 φησί
831 767 844 780 ·
894 752 1125 823 τοιαύτη
1166 753 1274 824 γάρ
1305 756 1340 825 ἡ
1371 754 1479 822 ἐμὴ
1510 752 1778 823 δύναμις,
1809 752 1900 806 διά

263 840 386 892 τῶν
420 840 695 894 ὲναντίων
716 841 788 895 τά
826 844 1049 896 ἐναντία
1076 845 1306 914 παρέχει
1337 854 1357 875 ⁸
1385 842 1622 914 εὑπορός
1653 846 1772 914 είμι
1803 844 1899 898 καὶ

273 932 624 1000 εὑμήχανος,
695 930 774 1001 μὴ
828 932 1054 1004 δείσῃς·
1107 932 1186 998 τῷ
1236 932 1356 1004 ἐμῷ
1399 932 1668 1003 θελήματι
1710 937 1744 1004 ἡ
1787 935 1898 987 τῶν

277 1019 634 1088 πραγμάτων
667 1019 961 1073 ἀκολουθεῖ
990 1020 1173 1088 φύσις,
1200 1023 1300 1075 οὑκ
1335 1023 1446 1090 ἐγὼ
1473 1025 1539 1094 τῇ
1573 1023 1734 1092 φύσει
1763 1023 1897 1077 ἕπο-

281 1125 388 1176 μαι
427 1121 442 1134 ·
491 1105 610 1174 ἐγὼ
658 1109 846 1162 πάντα
887 1111 1221 1180 ἐργάζομαι,
1257 1111 1360 1165 οὑκ
1399 1111 1514 1180 ἐγὼ
1543 1107 1638 1166 ὑπ’
1669 1111 1898 1166 ἐκείνων

280 1199 515 1264 ἄγομαι·
558 1195 647 1248 διὸ
688 1197 788 1249 καὶ
826 1197 1235 1267 μεταπλάττειν
1277 1199 1374 1252 καὶ
1423 1199 1896 1273 μεταρῤυθμίζειν

281 1287 423 1339 αὑτά
454 1285 726 1356 δύναμαι.
761 1287 873 1339 Καὶ
910 1287 966 1342 τί
996 1287 1305 1357 θαυμάζεις
1333 1291 1382 1343 εί
1405 1291 1464 1342 ἐν
1491 1294 1603 1354 τοῖς
1627 1290 1896 1355 τοιούτοις

275 1375 493 1441 γίνεται
529 1376 598 1429 τὸ
636 1377 893 1443 τοιοῦτος
921 1377 982 1430 τὸ
1021 1378 1154 1432 αὑτὸ
1181 1379 1289 1450 γάρ
1329 1380 1422 1433 καὶ
1464 1381 1524 1434 ὲν
1556 1382 1671 1444 τοῖς
1709 1380 1894 1444 ἄλλοις

273 1464 487 1518 ᾶπασιν
510 1465 803 1537 εὑρήσεις.

359 1645 492 1699 Ἐάν
519 1645 638 1716 γὰρ
669 1647 969 1718 ἀδικήσῃς,
1006 1647 1275 1740 ἠδικήθης

273 1738 380 1788 οὑκ
410 1734 692 1806 ἠδικήθης
725 1751 741 1764 ·
788 1735 888 1789 έάν
933 1735 1144 1810 ἀμύνῃ,
1188 1734 1314 1790 τότε
1342 1739 1444 1791 οὐκ
1479 1737 1677 1808 ὴμύνω
1703 1781 1718 1805 ,
1754 1739 1894 1793 ἀλλά

272 1826 479 1878 σαυτὸν
509 1825 740 1896 ἠμύνω.
784 1825 841 1877 '0
873 1826 984 1895 7&9
1018 1824 1268 1894 ἀγαπῶν
1296 1825 1412 1894 τὴν
1437 1825 1702 1892 ἀδικίαν,
1734 1829 1890 1899 φησὶ,

257 1915 440 1982 μισεῖ
470 1916 595 1982 τὴν
629 1915 858 1970 ἑαυτοῦ
902 1913 1139 1982 ψυχήν.
1184 1914 1350 1986 ὐρᾷς
1397 1915 1480 1968 ὅτι
1510 1918 1611 1970 οὑκ
1644 1917 1854 1982 ἀδικεῖς
1875 1960 1891 1985 ,

260 2002 388 2058 ἀλλ’
447 2004 770 2075 ῆδικήθηςς
839 2004 942 2057 Διά
1006 2003 1168 2056 τοῦτο
1215 2004 1311 2058 καὶ
1379 2006 1408 2058 ό
1464 2003 1681 2069 Παῦλός
1733 2023 1892 2076 φησιο

259 2093 376 2148 Διὰ
407 2095 467 2146 τί
507 2093 649 2162 οὐχί
670 2089 922 2160 μᾶλλον
960 2091 1269 2146 ἀδικεῖσθε
1297 2109 1315 2155 ;
1349 2089 1502 2156 Εἶδες
1529 2095 1613 2148 ὅτι
1643 2095 1744 2149 οὑκ
1775 2095 1893 2150 ἔστι

272 2184 446 2236 τοῦτο
498 2183 848 2248 haustae-0:;
900 2183 1077 2235 Ὅταν
1123 2181 1377 2254 ὑϐρίσῃς,
1412 2184 1538 2238 τότε
1595 2185 1888 2256 ὑϐρίσθης.

283 2275 409 2330 Καὶ
432 2273 600 2328 τοῦτο
619 2276 682 2328 ὲκ
715 2275 911 2346 μέρους
951 2275 1134 2328 ἴσασιν
1166 2277 1216 2327 οἱ
1257 2274 1448 2328 πολλοί
1487 2293 1501 2307 ο
1534 2275 1612 2340 ὡς
1640 2275 1769 2330 ὅταν
1803 2275 1892 2329 λέ-

291 2379 443 2429 γωσι
480 2362 624 2434 πρὸς
645 2361 893 2434 ἀλλήλους
914 2403 932 2426 ,
982 2361 1133 2436 [251]
1163 2365 1428 2434 Ἀγωμεν
1469 2364 1721 2418 ἐντεῦθεν
1747 2407 1762 2431 ,
1815 2367 1890 2437 μὴ

296 2451 535 2522 ὑϐρίσῃς
590 2453 795 2505 σαυτόν.
835 2453 940 2506 Διὰ
984 2452 1082 2518 τί;
1132 2453 1255 2506 ’Ότι
1287 2453 1424 2507 πολὺ
1472 2453 1534 2506 τὸ
1587 2456 1754 2526 μέσον
1796 2455 1890 2509 σοῦ

292 2539 569 2592 κάκείνου’
597 2540 694 2592 ὃσα
724 2538 833 2612 7&9
855 2540 922 2593 ἂν
951 2539 1204 2612 ὑϐρίσῃς,
1227 2542 1437 2604 ἐκεῖνος
1465 2541 1623 2608 δόξαν
1654 2543 1888 2612 ἡγεῖται.

286 2629 457 2682 Τοῦτο
484 2630 583 2682 ἐπὶ
613 2631 834 2684 πάντων
863 2629 1167 2700 ἐννοῶμεν,
1200 2631 1296 2684 καὶ
1325 2631 1594 2702 γινόμεθα
1620 2632 1890 2705 ὑψηλότε-

278 2739 366 2791 ροι
415 2719 526 2773 τῶν
575 2720 818 2793 ὕϐρεων.
865 2721 994 2786 Πῶς
1015 2763 1030 2785 ,
1061 2720 1174 2791 ἐγὼ
1207 2722 1354 2791 λέγω
1383 2737 1398 2752 ⁸
1432 2723 1529 2777 ὲάν
1561 2723 1698 2796 πρὸς
1727 2725 1892 2778 αὑτὸν

268 2815 363 2866 τὸν
386 2813 491 2883 τὴν
526 2812 838 2882 ἁλουργίδα
883 2812 1078 2883 ἔχοντα
1128 2814 1311 2885 μάχην
1339 2814 1579 2884 ἔχωμεν,
1613 2814 1689 2886 τῷ
1727 2815 1890 2886 ὑϐρί-

264 2901 384 2965 ζειν
415 2900 593 2954 αὑτὸν
623 2901 778 2971 ἡμᾶς
811 2902 1015 2966 αὐτοὺς
1048 2901 1296 2973 ὑϐρίζειν
1321 2903 1630 2973 ἡγούμεθα’
1657 2905 1753 2958 καὶ
1779 2905 1892 2975 γάρ

261 2988 572 3054 πλύνοντες
613 2993 854 3056 ἐκεῖνον,
902 2993 998 3045 καὶ
1044 2993 1210 3062 ἡμεῖς
1250 2991 1346 3045 τοῦ
1393 2992 1696 3046 πλύνεσθαι
1747 2994 1890 3060 ἄξιοι

257 3078 562 3150 γινόμεθα.
597 3077 668 3131 Τί
697 3078 906 3145 λέγεις,
931 3079 1055 3132 εἰπέ
1085 3097 1176 3149 μοι
1205 3098 1217 3145 ;
1250 3079 1361 3132 τῶν
1384 3080 1633 3151 οὐρανῶν
1663 3082 1890 3155 πολίτης

254 3163 352 3228 ῶν,
405 3165 514 3217 καὶ
561 3163 672 3233 τὴν
724 3163 845 3216 ἀνω
895 3163 1220 3234 φιλοσοφίαν
1270 3163 1434 3234 ἔχων,
1491 3165 1633 3236 μετά
1678 3167 1774 3220 τοῦ
1818 3169 1889 3221 τά

254 3257 422 3322 γήϊνα
458 3251 816 3323 φρονοῦντος
858 3251 1082 3316 πλύνεις
1133 3253 1361 3319 σαυτόν;
1407 3255 1529 3308 Κᾶν
1567 3254 1677 3326 γὰρ
1718 3256 1890 3327 μυρία

252 3345 530 3413 χρήματα
567 3343 876 3411 κέκτηται,
910 3343 1016 3397 κᾶν
1051 3345 1108 3396 ὲν
1146 3343 1440 3415 δυναστεία
1524 3385 1540 3408 ,
1571 3343 1726 3399 οῦπω
1765 3343 1879 3400 οἵδε

247 3433 308 3486 τὸ
335 3433 525 3486 καλὸν
561 3433 626 3484 τὸ
673 3432 788 3488 σόν.
834 3431 926 3504 Μὴ
969 3432 1205 3505 ὑϐρίσῃς
1238 3436 1457 3495 σαυτὸν,
1496 3437 1708 3490 ἐκεῖνον
1729 3435 1884 3508 ὑϐρί-

245 3521 388 3586 ζων·
425 3520 646 3576 σαυτοῦ
689 3524 896 3590 φεῖσαι,
918 3521 991 3590 μὴ
1013 3521 1224 3574 ἐκείνου
1253 3539 1266 3550 ·
1292 3523 1488 3576 σαυτὸν
1526 3525 1782 3595 τίμησον,
1813 3526 1888 3597 μὴ

193 3657 214 3672 .
243 3615 495 3666 ἐκεῖνον.
531 3612 679 3679 Οὐχὶ
704 3611 976 3682 παροιμία
993 3610 1218 3682 τοιαύτη
1256 3613 1424 3677 ἐστὶν,
1442 3613 1502 3666 ’0
1531 3613 1730 3683 τιμῶν,
1758 3617 1888 3669 έαυο

245 3703 335 3756 τὸν
387 3701 543 3771 τιμᾷ
571 3717 586 3766 ;
615 3700 868 3763 Εἰκότως
896 3717 910 3730 ο
935 3700 994 3753 οὑ
1033 3701 1144 3771 7&9
1178 3701 1388 3754 ἐκεῖνον
1421 3703 1578 3773 τιμᾷ,
1609 3703 1726 3756 ἀλλ’
1755 3705 1888 3757 έαυ-

250 3797 358 3851 τόν.
402 3796 626 3848 ’Λκουε
655 3793 828 3862 σοφοῦ
852 3811 999 3858 τινος
1018 3794 1294 3861 λέγοντος·
1321 3795 1593 3861 Ποίησον
1618 3795 1696 3865 τῇ
1713 3796 1889 3867 ψυχῇ

256 3905 369 3944 σου
410 3889 612 3957 τιμὴν
649 3888 806 3942 κατὰ
831 3887 948 3954 τὴν
976 3887 1162 3953 ἀξίαν
1190 3887 1406 3956 αὐτῆς.
1449 3889 1515 3941 Τί
1547 3891 1698 3952 ἐστι,
1727 3892 1890 3945 Κατὰ

261 3979 369 4041 τὴν
428 3978 636 4042 ἀξίαν
693 3975 932 4043 αὑτῆς;
983 3977 1048 4031 Et
1098 3975 1525 4049 ἐπλεονέκτησε.
1580 3977 1754 4049 φησὶ,
1813 3978 1890 4052 μὴ

266 4067 714 4139 πλεονεκτήσῃςο
749 4067 799 4119 εἰ
825 4064 1043 4137 ὕϐρισε,
1079 4065 1154 4136 μὴ
1181 4064 1434 4136 ὑϐρίσῃς.
1467 4065 1604 4119 Εἰπέ
1637 4083 1750 4135 μοι,
1777 4083 1887 4119 πα-

268 4155 518 4222 ρακαλῶ,
545 4155 604 4208 εί
617 4172 705 4219 τις
723 4155 896 4225 πένης
914 4153 1086 4226 πηλὸν
1109 4155 1446 4226 ἐρριμμένον
1470 4154 1581 4208 ἀπὸ
1598 4154 1700 4225 τῆς
1718 4155 1891 4226 αὐλῆς

1283 1667 1294 1680 ·
1327 1648 1422 1702 ἐὰν
1453 1648 1740 1720 ἀδικηθῇς,
1768 1650 1893 1703 τότε

261 4245 422 4299 ἔλαϐε
447 4247 558 4312 τῆς
589 4243 719 4314 σῆς,
743 4239 854 4313 ἆρα
880 4242 948 4296 ἂν
974 4242 1118 4315 ὑπὲρ
1142 4242 1337 4296 τούτου
1359 4242 1716 4314 δικαστήριον
1736 4242 1889 4314 αὑτῷ

258 4333 730 4403 συνεκρότησαςς
771 4331 1062 4402 Οὐδαμῶς.
1103 4330 1204 4384 Διὰ
1246 4331 1334 4396 τί;
1375 4332 1497 4385 Ἵνα
1529 4329 1605 4401 μὴ
1647 4330 1888 4403 ὑϐρίσῃς

251 4421 488 4484 σαυτὸν,
523 4421 616 4474 ἵνα
650 4421 727 4491 μὴ
751 4420 955 4484 πάντες
980 4436 1074 4472 σου
1105 4418 1444 4489 καταγνῶσι.
1471 4419 1646 4473 Τοῦτο
1674 4419 1770 4474 καὶ
1789 4419 1886 4474 νῦν

245 4511 503 4579 γίνεταιο
552 4511 735 4582 πένης
762 4511 873 4582 γάρ
900 4510 1051 4563 ἐστιν
1071 4509 1100 4562 ό
1127 4507 1410 4574 πλούσιος,
1449 4509 1547 4563 καὶ
1575 4510 1689 4580 ὅσῳ
1720 4509 1885 4562 πλου-

250 4603 363 4666 τεῖ,
404 4597 669 4669 τοσούτῳ
693 4599 867 4671 πένης
887 4598 1101 4665 γίνεται
1125 4599 1227 4668 τὴν
1249 4597 1425 4662 ὅντως
1453 4598 1670 4652 πενίαν.
1703 4599 1884 4670 Πηλός

244 4689 415 4740 ἐστιν
442 4688 473 4740 ό
505 4685 740 4757 χρυσὸς,
773 4686 833 4738 έν
861 4685 1000 4756 αὐλῇ
1033 4685 1393 4756 ἐρριμμένος,
1420 4685 1524 4739 οὑκ
1552 4687 1613 4740 έν
1641 4689 1710 4758 τῇ
1732 4687 1884 4759 οἰκίᾳ

245 4795 346 4832 σου
386 4776 680 4845 κείμενος·
702 4777 736 4846 ἠ
765 4773 876 4846 7&9
905 4774 1056 4846 οἰκία
1082 4790 1177 4827 σου
1207 4774 1236 4827 ό
1259 4773 1492 4844 οὐρανός
1512 4775 1683 4830 ἔστιν.
1709 4776 1882 4848 ’Υπὲρ

245 4865 464 4919 τούτου
493 4859 595 4917 οῦν
627 4864 1032 4933 συγκροτήσεις
1055 4863 1435 4932 δικαστήριον,
1474 4863 1572 4916 καὶ
1610 4863 1673 4917 οὑ
1705 4881 1884 4920 κατα-ι

248 4951 584 5021 γνὼσονταί
621 4967 718 5004 σου
751 4951 801 5003 οἱ
837 4949 951 5004 άνω
971 4951 1226 5015 πολίταις
1256 4950 1358 5007 οὐκ
1376 4951 1672 5007 ἐκϐαλοῦσί
1699 4970 1759 5007 σε
1783 4954 1885 5026 τῆς

253 5045 484 5099 ἑαυτῶν
523 5041 814 5110 πατρίδος.
841 5041 933 5096 τὸν
967 5040 1115 5094 οὕτω
1145 5039 1425 5105 ταπεινὸν,
1457 5041 1552 5099 τὸν
1577 5043 1756 5108 οὕτως
1789 5045 1884 5098 εὑ-

256 5134 416 5203 τελῆ,
455 5131 540 5193 ὡς
572 5129 718 5201 ὑπὲρ
747 5129 932 5198 ὀλίγου
965 5129 1140 5197 πηλοῦ
1173 5132 1448 5205 μάχεσθαι
1473 5133 1793 5206 αἱρεῖσθαις
1820 5133 1884 5188 El

257 5223 368 5295 γάρ
425 5223 456 5276 ὁ
501 5219 717 5290 κόσμος
740 5216 809 5293 ἧν
845 5221 968 5288 σὸς,
1006 5216 1130 5275 εἶτα
1163 5223 1330 5278 αὑτόν
1357 5241 1440 5290 τις
1477 5223 1676 5280 ἐλαϐεν
1700 5265 1717 5292 ,
1761 5226 1884 5282 ὲπι-

262 5310 595 5382 στραφῆναι
636 5310 834 5382 ἐχρῆν.
1217 5297 1225 5303 ’

333 5517 407 5585 γ’.
427 5517 549 5571 Οὑκ
567 5511 719 5582 οἶδας
731 5518 813 5572 ὃτι
831 5517 1058 5584 δεκάκις
1071 5520 1174 5592 τὴν
1188 5520 1520 5593 οἰκουμένην
1539 5519 1636 5574 ὲάν
1653 5520 1776 5591 θῇς,
1793 5521 1888 5576 καὶ

273 5618 666 5687 έκατοντάκις,
703 5620 800 5674 καὶ
831 5620 1120 5694 μυριάκις,
1154 5623 1250 5677 καὶ
1279 5623 1362 5687 δὶς
1389 5622 1667 5688 τοσοῦτον,
1703 5623 1731 5663 ιι
1763 5622 1883 5676 οὐδὲ

335 5829 351 5853 ⁸
379 5830 612 5894 Cnujecit
631 5833 862 5894 παρέχει-ι
891 5831 1127 5882 Dunaeus.

339 5894 364 5933 δ
395 5897 608 5965 ιςῃξλτεί
649 5897 761 5943 οὐδὲ
807 5896 864 5943 το
920 5895 1184 5945 πολλοστὸν
1209 5897 1365 5960 μέρος,
1395 5895 1465 5950 vel
1488 5899 1620 5948 οὐδὲν
1655 5899 1770 5965 πρὸς
1790 5901 1842 5949 τὸ
1870 5936 1884 5962 ,

275 5967 412 6008 nota:
430 5961 467 6008 it
489 5961 723 6009 Duuueus.

1108 455 1171 510 IN
1213 453 1432 512 EPIST.
1470 456 1561 510 AD
1608 457 1976 513 HEBILEOS.
2010 457 2162 513 CAP.
2201 457 2292 513 XI.
2329 457 2566 516 HOMIL.
2607 461 2778 519 XXV.

3497 473 3600 528 176

2005 571 2144 643 πρὸς
2177 572 2239 626 τὸ
2265 573 2557 652 πολλοστὸν
2595 576 2761 648 μέρος
2787 577 2896 632 τῶν
2939 580 2998 631 ἐν
3030 581 3144 643 τοῖς
3177 580 3428 652 οὐρανοῖς
3453 584 3603 639 ἐστιν

2016 661 2026 673 .
2162 659 2186 671 ι.
2311 648 2328 670 ο
2491 663 2502 677 ο
2889 665 2914 676 -
3245 648 3256 652 ’

2003 658 2260 726 αγαθων;
2337 665 2378 714 υ
2417 678 2603 716 τοίνυν
2647 665 2714 718 τὰ
2753 668 2992 720 ὲνταυθα
3034 667 3368 737 θαυμάζων,
3416 671 3603 725 ἐκεῖνα

2004 746 2252 819 ὕϐρισεν,
2289 749 2432 819 εἴγε
2471 751 2648 806 ταῦτα
2682 754 2816 820 ἄξια
2857 755 3095 825 σπουδῆς
3128 758 3371 826 ἡγεῖται,
3411 759 3602 812 τοσοῦ⁹

2003 854 2095 890 τον
2121 838 2347 890 ἐκείνων
2371 839 2872 912 ἁπολιμπανόμενα
2892 859 2906 873 ·
2935 844 3139 914 μᾶλλον
3162 844 3220 898 δὲ
3241 846 3362 898 οὐδὲ
3390 846 3604 916 θαυμά-

2003 941 2094 976 σαι
2143 922 2298 997 [Ξόῗ]
2339 928 2523 980 ἐκεῖνα
2561 929 2850 1000 δυνήσεται
2885 947 2900 960 ·
2941 932 3058 995 πῶς
3087 932 3230 1002 7&9,
3267 934 3402 1004 πρὸς
3428 935 3602 988 ταῦτα

2001 1013 2373 1082 ὲπτοημένος;
2405 1016 2767 1086 Διατέμωμεν
2799 1017 2896 1087 ὀψὲ
2920 1020 3052 1088 γοῦν
3075 1038 3230 1086 ποτε,
3263 1022 3599 1094 παρακαλῶ,

1999 1101 2069 1154 τὰ
2102 1102 2314 1171 σχοινία
2344 1105 2439 1156 καί¹
2477 1103 2577 1166 τὰς
2600 1105 2909 1170 πλεκτάνας
2945 1125 2958 1137 ·
2991 1110 3151 1162 τοῦτο
3181 1110 3290 1180 γάρ
3335 1111 3403 1162 τά
3431 1113 3600 1179 γήϊνα

2002 1190 2328 1260 πράγματα.
2355 1191 2538 1262 Μέχρι
2558 1193 2694 1246 πότε
2721 1195 2874 1248 κάτω
2903 1195 3187 1266 κύπτομεν
3218 1214 3232 1262 ;
3267 1199 3430 1268 μέχρι
3457 1199 3602 1261 τίνος

2002 1278 2257 1350 ἀλλήλοις
2282 1281 2740 1352 ἐπιϐουλεύομεν,
2764 1284 3021 1355 καθάπερ
3043 1286 3112 1340 τά
3137 1285 3328 1356 θηρία,
3348 1287 3604 1358 καθάπερ

2001 1367 2050 1420 οἱ
2077 1367 2291 1437 ίχθύες;
2328 1370 2545 1423 Μᾶλλον
2573 1371 2652 1436 δὲ,
2685 1371 2755 1424 τά
2781 1371 2947 1442 θηρία
2972 1374 3073 1426 οὑκ
3109 1373 3455 1429 ἐπιϐουλεύει
3503 1374 3603 1428 ἁλ-

2000 1452 2205 1525 ληλοις,
2250 1456 2388 1511 ἀλλά
2423 1460 2536 1522 τοῖς
2583 1459 2929 1528 ἀλλοφύλοις·
2973 1455 3108 1524 οἷον,
3147 1461 3350 1533 ἄρκτος
3395 1463 3602 1533 ἄρκτον

1997 1548 2099 1601 οὑκ
2127 1549 2346 1618 ἀναιρεί
2377 1548 2609 1620 ταχέως,
2645 1551 2770 1605 οὐδὲ
2797 1551 2922 1620 ὄφις
2951 1551 3077 1620 ὅφιν
3111 1553 3349 1623 ἀναιρεῖ,
3379 1554 3443 1608 τὸ
3475 1555 3608 1624 ὁμό-

1999 1635 2166 1702 φυλον
2191 1635 2530 1708 αἰδούμενοςσ
2557 1640 2624 1692 σὺ
2652 1639 2709 1692 δὲ
2737 1641 2876 1710 μετὰ
2899 1640 2996 1694 τοῦ
3017 1641 3295 1712 ὁμοφύλου
3320 1642 3413 1695 καὶ
3433 1643 3603 1713 μυρία

2001 1723 2142 1794 ἔχων
2188 1724 2538 1796 δικαιώματα
2559 1766 2574 1790 ,
2612 1725 2674 1780 τὸ
2713 1729 3001 1797 συγγενὲς,
3033 1729 3094 1782 τὸ
3137 1728 3378 1797 λογικὸν,
3411 1729 3475 1781 τὸ
3505 1729 3598 1782 τὸν

1999 1811 2134 1864 Θεὸν
2179 1813 2404 1876 εἰδέναι,
2452 1816 2554 1884 τῆς
2598 1813 2818 1882 φύσεως
2857 1816 2958 1885 τὴν
3007 1817 3162 1886 ἰσχὺν
3191 1856 3206 1880 ,
3251 1815 3425 1888 μυρία
3465 1815 3605 1870 ἄλλα

2000 1902 2185 1972 ἓτερα,
2222 1901 2316 1954 τὸν
2348 1905 2590 1974 συγγενῆ
2633 1905 2729 1957 καὶ
2757 1904 2861 1972 τῆς
2892 1905 3063 1974 αὑτῆς
3098 1904 3317 1974 φύσεως
3351 1921 3606 1958 κεκοινω-

1999 1992 2226 2061 νηκότα,
2270 1989 2461 2043 τοῦτον
2503 1993 2772 2063 ἀναιρεῖς,
2821 1993 2920 2044 καὶ
2975 1995 3196 2062 μυρίοις
3248 1991 3604 2062 περιϐάλλεις

2000 2083 2212 2143 κακοῖς.
2242 2080 2308 2133 Τί
2343 2083 2454 2153 7&9
2481 2121 2496 2144 ,
2528 2082 2576 2133 εί
2610 2081 2686 2152 μὴ
2715 2082 2776 2134 τὸ
2806 2082 2958 2150 ξίφος
2986 2080 3172 2145 ὠθεῖς,
3213 2082 3349 2153 μηδὲ
3391 2081 3601 2153 βαπτί-

2000 2167 2113 2231 ζεις
2132 2169 2210 2230 εἰς
2237 2167 2336 2238 τὴν
2353 2167 2517 2238 δέρην
2540 2169 2640 2240 τὴν
2661 2167 2844 2233 δεξιάν
2869 2186 2882 2233 ;
2909 2169 3073 2240 έτερα
3092 2168 3454 2240 χαλεπώτερα
3476 2168 3603 2223 τού-

1997 2271 2092 2306 του
2131 2257 2329 2318 ποιεῖς,
2381 2254 2584 2318 λύπαις
2615 2255 2890 2326 διηνεκέσι
2941 2257 3310 2327 περιϐάλλων.
3374 2257 3590 2310 Ἐκεῖνο

1997 2341 2108 2415 γὰρ
2139 2343 2188 2395 εί
2216 2343 2480 2414 εἰργάσω,
2518 2341 2838 2415 ἁπήλλαξας
2869 2345 2934 2397 ἂν
2969 2345 3133 2397 αὑτὸν
3162 2343 3467 2416 φροντίδοςθ
3502 2343 3602 2398 νῦν

1996 2431 2052 2484 δὲ
2069 2429 2214 2502 λιμῷ
2237 2432 2330 2483 καὶ
2344 2430 2562 2502 δουλεία
2586 2431 2959 2500 περιϐάλλεις,
2988 2431 3470 2502 ἀποδυσπετήσεσι
3497 2433 3594 2484 καὶ

1997 2518 2298 2589 ἁμαρτίαις
2322 2519 2540 2590 ἑτέραις
2571 2518 2818 2582 πολλαῖς.
2849 2518 3037 2573 Ταῦτα
3071 2519 3219 2586 λέγω
3242 2560 3257 2584 ,
3288 2521 3382 2574 καλ⁸
3407 2519 3600 2589 λέγων

1996 2607 2057 2659 οὐ
2092 2606 2400 2677 παύσομαι,
2429 2608 2553 2677 οὐχὶ
2586 2607 2754 2678 φονᾷν
2787 2607 2932 2675 ὑμᾶς
2961 2607 3410 2676 παρασκευάζων
3437 2650 3452 2674 ,
3478 2608 3601 2662 οὑδὲ

1995 2695 2072 2760 ὡς
2107 2697 2201 2749 ἐπὶ
2230 2695 2454 2750 ἔλαττον
2496 2697 2709 2750 ἐκείνου
2750 2695 2923 2749 κακὸν
2967 2695 3228 2766 ἔρχεσθαι
3256 2697 3396 2768 πρὸς
3435 2697 3603 2752 τοῦτο

1997 2785 2470 2855 προτρεπόμενος,
2496 2785 2636 2840 ἀλλά
2673 2784 2750 2855 μὴ
2795 2785 3042 2856 θαρρεῖν,
3085 2785 3158 2848 ὼς
3193 2784 3269 2857 μὴ
3299 2785 3596 2856 μέλλοντας

1994 2871 2189 2926 δώσειν
2210 2874 2390 2944 δίκην.
2436 2875 2498 2927 '0
2526 2874 2966 2942 ἀφαιρούμενος
2997 2873 3128 2942 7&9,
3164 2876 3351 2943 φησὶν,
3392 2875 3602 2942 ἐμϐίω-

1994 2977 2100 3015 σιν
2120 2963 2226 3015 τὸν
2244 2962 2515 3030 πλησίον
2539 2961 2728 3016 αὐτοῦ
2752 2963 2846 3015 καὶ
2865 2962 3072 3031 ἄρτον,
3103 2963 3348 3028 φονεύει
3386 2964 3597 3016 αὐτόν.

1995 3050 2381 3121 Κατάσχωμεν
2419 3050 2552 3122 παρ’
2585 3051 2804 3113 ἑαυτοῖς
2839 3049 2938 3114 τὰς
2975 3051 3164 3121 χεῖράς
3206 3066 3339 3103 ποτε
3362 3089 3377 3114 ,
3415 3067 3601 3120 παρα-

1996 3138 2170 3204 καλῶ,
2207 3141 2578 3211 κατάσχωμεν
2601 3157 2616 3173 ο
2649 3141 2851 3212 μᾶλλον
2874 3141 2930 3194 δὲ
2959 3139 3034 3211 μὴ
3064 3141 3454 3209 κατάσχωμεν,
3481 3137 3598 3191 ἀλλ’

1994 3227 2332 3296 ἐπιτείνωμεν
2359 3227 2533 3292 αὑτὰς
2568 3229 2772 3295 καλῶς,
2813 3228 2887 3300 μὴ
2915 3229 3052 3300 πρὸς
3082 3227 3422 3292 πλεονεξίαν,
3461 3227 3600 3281 ἀλλὰ

1994 3316 2132 3386 πρὸς
2175 3315 2587 3386 ἐλεημοσύνην·
2623 3317 2698 3387 μὴ
2735 3317 2986 3388 ἄκαρπον
3023 3315 3235 3387 ἔχωμεν
3272 3317 3374 3386 τὴν
3401 3319 3596 3387 χεῖρα,

1997 3402 2131 3474 μηδὲ
2179 3403 2386 3474 ξηράν·
2432 3406 2465 3474 ή
2514 3403 2614 3475 μὲν
2641 3404 2750 3474 γὰρ
2800 3404 2875 3474 μὴ
2917 3403 3149 3457 ποιοῦσα
3195 3403 3597 3474 ἐλεημοσύνην,

1995 3488 2136 3562 ξηρά
2165 3506 2180 3522 ⁸
2216 3493 2246 3560 ἠ
2288 3491 2345 3545 δὲ
2382 3491 2480 3545 καὶ
2528 3491 2956 3554 πλεονεκτοῦσα,
2999 3493 3173 3562 μιαρά
3208 3495 3302 3545 καὶ
3351 3491 3599 3564 ἀκάθαρ-

1991 3595 2104 3640 τος.
2133 3578 2340 3648 Μηδεὶς
2387 3579 2527 3649 μετὰ
2569 3580 2830 3632 τοιούτων
2873 3581 3104 3634 ἐσθιέτω
3151 3580 3355 3653 χειρῶν
3389 3599 3400 3611 ·
3439 3579 3599 3650 ῦϐρις

1993 3665 2105 3736 7&9
2129 3666 2238 3720 τῶν
2269 3667 2628 3739 κεκλημένων
2649 3668 2828 3721 τοῦτο.
2863 3670 3001 3723 Εἰπὲ
3024 3670 3133 3741 γάρ
3171 3688 3284 3740 μοι,
3310 3669 3364 3722 εί
3386 3687 3472 3732 τις
3504 3671 3599 3722 ἐπὶ

1994 3757 2264 3826 ταπήτων
2308 3757 2404 3810 καὶ
2453 3757 2750 3828 στρωμνῆς
2796 3757 3014 3827 ἁπαλῆς
3065 3759 3161 3811 καὶ
3197 3757 3599 3830 χρυσοπάστων

1995 3843 2250 3898 σινδόνων
2273 3844 2605 3908 κατακλίνας
2641 3846 2789 3915 ἡμᾶς
2824 3846 2882 3899 έν
2923 3845 3060 3917 οἴκῳ
3094 3844 3336 3916 λαμπρῷ
3363 3847 3458 3898 καὶ
3497 3863 3595 3918 με·

1992 3931 2165 4004 γάλῳ,
2198 3934 2294 3987 καὶ
2323 3933 2461 3986 πολὺ
2495 3932 2704 4003 πλῆθος
2751 3934 3018 3988 διακόνων
3061 3934 3591 4005 παραστησάμενος,

1992 4017 2114 4075 εἶτα
2154 4021 2360 4076 πίνακα
2408 4034 2435 4062 α
2483 4021 2544 4087 ὲξ
2587 4021 2836 4093 ἀργύρου
2879 4023 3450 4094 παρασκευασάμενος
3494 4026 3593 4077 καὶ

1991 4109 2220 4180 χρυσοῦ,
2255 4111 2350 4164 καὶ
2381 4109 2593 4164 πολλῶν
2621 4111 2913 4182 ἐμπλήσας
2943 4113 3260 4182 ἐδεσμάτων
3286 4113 3388 4193 καὶ
3422 4111 3592 4164 πολυ-

1989 4197 2163 4251 τελῶν
2189 4198 2286 4252 καὶ
2315 4198 2702 4263 παντοδαπῶν,
2738 4200 3053 4270 ⁴ίγνάγκαζεν
3081 4199 3283 4252 ἐσθίειν
3303 4217 3317 4230 ·
3347 4201 3397 4253 εί
3429 4200 3594 4270 μόνον

1990 4284 2298 4357 ἀνεξόμεθα
2319 4284 2488 4340 αὑτοῦ
2518 4285 2619 4350 τὰς
2649 4289 2842 4358 χεῖρας
2870 4290 2951 4350 είς
2985 4287 3247 4361 βόρϐορον
3276 4287 3526 4359 χρίοντος
3555 4287 3590 4358 ἢ

1991 4377 2084 4430 καὶ
2116 4376 2321 4446 κόπρον
2357 4375 2734 4448 ἀνθρωπίνην,
2764 4377 2861 4430 καλ⁸
2890 4375 3035 4431 οὕτω
3081 4375 3594 4447 συγκατακλινομέ-

1990 4482 2110 4532 νου,
2150 4461 2262 4537 ἆρα
2295 4466 2362 4521 ἄν
2405 4483 2490 4530 τις
2525 4467 2732 4538 ταύτην
2758 4467 3022 4538 ἠνέσχετο
3052 4466 3150 4538 τὴν
3185 4465 3440 4533 κόλασιν,
3474 4466 3591 4520 ἀλλ’

1988 4555 2088 4627 οὑχ
2116 4554 2278 4627 ὕϐριν
2302 4555 2364 4610 τὸ
2383 4557 2618 4628 πρᾶγμα
2644 4556 2899 4628 ἐνόμιζεν
2921 4557 3022 4622 av;
3049 4557 3266 4626 Ἔγωγε
3290 4553 3468 4627 οἴμαι,
3497 4557 3596 4612 καὶ

1989 4645 2196 4709 εὑθέως
2231 4645 2298 4700 ἂν
2335 4645 2678 4718 ἀπεπήδησε.
2715 4645 2832 4700 Νῦν
2875 4647 2933 4700 δὲ
2969 4646 3235 4718 βορϐόρου
3280 4647 3375 4700 τοῦ
3421 4646 3594 4711 ϐντως

1987 4733 2110 4804 οὐχὶ
2156 4733 2258 4798 τὰς
2311 4735 2506 4806 χεῖρας
2536 4731 2693 4808 [255]
2734 4737 2868 4807 ὁρᾷς
2904 4735 3414 4806 ὲμπεπλησμένας,
3453 4735 3594 4789 ἀλλά

1989 4823 2084 4876 καὶ
2117 4820 2260 4876 αὐτὰ
2290 4823 2360 4876 τὰ
2389 4822 2689 4894 ἐδέσματα,
2729 4823 2826 4877 x01
2852 4824 2954 4878 οὐκ
2981 4825 3294 4896 ἀποπηδᾷς,
3330 4824 3430 4878 οὑκ
3461 4825 3593 4879 ἀπο·

1988 4911 2240 4982 φεύγεις,
2265 4913 2367 4966 οὑκ
2391 4909 2677 4984 ἐπιτιμᾷς·
2708 4911 2826 4966 ἀλλ’
2853 4913 2950 4967 έάν
2976 4913 3035 4966 ὲν
3057 4913 3354 4986 δυναστείᾳ
3441 4951 3456 4974 ,
3493 4913 3591 4967 καὶ

1991 5001 2136 5072 μέγα
2167 5001 2228 5054 τὸ
2261 5002 2500 5073 πρᾶγμα
2524 4999 2779 5066 τίθεσαι,
2807 5002 2902 5055 καὶ
2937 5001 3039 5072 τὴν
3081 5001 3262 5072 ψυχὴν
3294 5001 3589 5064 ἀπολλύεις

1985 5089 2086 5161 τὴν
2114 5088 2340 5156 σαυτοῦ,
2367 5088 2595 5144 τοιαῦτα
2631 5089 2974 5159 σιτούμενος.
3008 5089 3218 5152 Παντὸς
3251 5089 3360 5160 γὰρ
3396 5088 3589 5160 βορϐό-

1990 5196 2086 5252 ρου
2117 5179 2402 5245 πλεονεξία
2423 5181 2624 5252 χείρων
2644 5197 2658 5212 ο
2686 5179 2867 5251 ψυχὴν
2896 5179 3027 5251 7&9,
3049 5179 3110 5232 οὑ
3135 5178 3295 5249 σῶμα
3323 5179 3547 5248 μολύνει
3568 5223 3583 5246 ,

1989 5269 2088 5323 καὶ
2120 5272 2268 5323 ποιεῖ
2295 5269 2686 5324 δυσέκπλυτον.
2712 5269 2785 5322 Σὺ
2815 5269 2998 5322 τοίνυν
3026 5267 3168 5340 ὀρῶν
3196 5267 3290 5322 τοῦ
3315 5267 3585 5340 βορϐόρου

1985 5357 2180 5411 τούτου
2203 5357 2696 5429 ἀνακεχρωσμένον
2727 5358 2826 5427 μὲν
2847 5357 2940 5410 τὸν
2965 5356 3454 5428 κατακλινόμενον,
3491 5359 3587 5412 καὶ

1987 5446 2088 5509 τὰς
2121 5449 2310 5518 χεῖρας
2337 5449 2434 5500 καὶ
2465 5447 2566 5519 τὴν
2587 5446 3242 5519 δψιν,.έμπεπλησμένην
3273 5447 3331 5500 δὲ
3369 5447 3474 5518 τὴν
3506 5450 3589 5500 οἰ-

1989 5537 2136 5602 κίαν,
2178 5535 2652 5609 ἐμπεπλησμένην
2680 5536 2737 5590 δὲ
2767 5537 2864 5591 καὶ
2897 5537 2998 5606 τὴν
3043 5537 3326 5608 τράπεζαν
3357 5537 3584 5610 (βολϐίο

1987 5642 2098 5678 των
2135 5627 2266 5694 γὰρ,
2315 5624 2410 5678 καὶ
2454 5625 2508 5677 εἴ
2551 5642 2604 5678 τι
2651 5625 2861 5678 τούτων
2899 5627 3117 5698 χεῖρον,
3162 5624 3598 5698 ἀκαθαρτότερα

1991 5715 2176 5766 ἐκεῖνα
2200 5713 2292 5767 καὶ
2318 5712 2635 5785 μιαρώτερα
2672 5712 2742 5767 τὰ
2774 5712 3092 5785 ἐδέσματα),
3119 5711 3196 5778 ὠς
3223 5711 3288 5785 δὴ
3325 5714 3582 5786 τιμηθεὶς

2059 5962 2079 5990 ί
2104 5957 2238 6022 Conj.
2268 5959 2466 6014 πίνακας
2490 5957 2722 6010 Dunzeus.
