4202 6460
319 367 418 422 177

309 470 552 524 ditantur
589 460 815 527 alienis,
866 474 934 512 ne
987 456 1227 511 volentes
1280 452 1496 523 quidem
1569 449 1715 503 sinit.
1779 445 1926 502 'Nam

305 561 384 613 ait
442 558 552 626 (ti),
604 555 681 610 'S-i
743 553 788 606 is
818 551 907 620 qui
954 553 1112 618 frater
1161 547 1454 600 nominatur
1506 544 1808 606 intersitas,
1853 548 1927 594 'e'st

317 651 644 723 fornicator;
667 647 888 699 fratrem
921 643 1006 696 hic
1037 641 1222 694 dicens
1253 637 1494 693 absolute
1519 631 1765 704 quemvis
1795 632 1922 686 fide-

309 746 450 804 lem,
482 759 587 797 non
616 754 738 794 eum
766 737 855 804 qui
883 735 968 789 est
998 731 1318 787 monachus.
1346 729 1478 784 Nam
1507 727 1641 798 quid
1672 735 1754 781 est
1779 724 1924 794 quod

279 841 282 850 '
312 836 454 890 furit
485 827 918 888 fraternitatem?
949 817 1221 879 lai'acrum
1255 819 1684 892 regenerationis
1709 861 1724 883 ,
1763 832 1926 888 posse

281 923 493 983 'D'eum
548 927 762 980 Patrem
818 934 1032 975 vocare.
1088 915 1452 984 Quamobrem
1505 912 1926 968 catechumenos

279 1017 534 1077 "etiamsi
561 1017 633 1070 sit
663 1010 978 1075 monachus,
1023 1023 1127 1062 non
1156 1017 1239 1061 est
1264 1007 1430 1060 frater
1463 1023 1475 1058 :
1512 1003 1685 1057 fidelis
1721 1012 1923 1066 autem,

313 1112 533 1169 etiamsi
563 1107 870 1164 mundanus
903 1104 972 1159 sit
1000 1145 1014 1168 ,
1045 1118 1140 1157 seu
1171 1099 1470 1166 Stecnlaris,
1505 1108 1586 1153 est
1635 1098 1818 1153 frater.
1863 1096 1926 1151 Si

285 1219 292 1224 '
314 1209 451 1279 quis,
480 1204 676 1274 inquit,
700 1201 858 1272 frater
881 1199 1175 1252 nominatur
1201 1195 1246 1266 (l
1264 1234 1277 1248 .
1311 1194 1430 1248 Cor.
1453 1195 1509 1248 5.
1532 1191 1645 1262 H).
1670 1191 1801 1246 Nam
1827 1206 1927 1245 nec

316 1299 490 1351 ullum
513 1294 732 1365 quidem
758 1301 885 1345 tunc
907 1296 1026 1345 erat
1052 1284 1300 1342 monachi
1328 1284 1633 1355 vestigium,
1658 1283 1750 1338 sed
1772 1297 1928 1336 mun-

312 1381 486 1436 dauis'
507 1396 602 1435 seu
631 1379 984 1434 saecularibus
1013 1379 1332 1432 l'tzec'omnia
1358 1379 1573 1433 dicebat
1602 1379 1687 1432 hic
1715 1379 1926 1434 beatus.

314 1473 381 1529 Si
398 1475 462 1536 is,
511 1471 708 1540 inquit,
736 1473 826 1541 qui
865 1476 1025 1536 frater
1048 1472 1334 1525 nominetur
1355 1514 1369 1537 ,
1407 1472 1470 1524 sit
1501 1472 1810 1542 fornicator,
1840 1481 1930 1525 aut

312 1581 524 1628 avarus,
557 1574 646 1616 aut
678 1563 922 1629 ebriosus,
945 1579 1058 1615 cum
1079 1563 1374 1631 hujusmodi
1398 1579 1486 1615 nec
1511 1562 1676 1615 cibum
1704 1579 1926 1618 sumere.

313 1655 422 1711 Sed
464 1670 572 1709 non
614 1656 685 1708 ita
718 1655 828 1724 agit
871 1669 993 1709 cum
1025 1654 1315 1723 gentilibus
1339 1696 1361 1720 ,.
1404 1653 1496 1708 sed
1529 1653 1697 1724 quid?
1725 1655 1786 1709 Si
1809 1657 1930 1726 quis

312 1757 460 1800 vocat
486 1753 576 1800 eos
603 1746 913 1814 inﬁdelium,
947 1755 992 1798 et
1011 1745 1173 1799 'vultis
1205 1745 1297 1808 ire,
1327 1763 1476 1800 omne
1504 1747 1640 1816 quod
1667 1747 1805 1801 vobis
1827 1764 1924 1816 ap-

311 1840 529 1908 ponitur
554 1837 900 1908 comedite(l.
944 1837 1065 1895 Cor.
1102 1838 1189 1892 10.
1213 1837 1330 1908 27).
1365 1837 1442 1892 'Si
1481 1840 1594 1908 quis
1620 1849 1809 1908 autem,
1840 1840 1926 1894 itt-

311 1933 449 2002 quit,
481 1935 648 2002 frater
675 1932 986 1996 nominatur,
1021 1939 1068 1985 et
1097 1931 1160 1985 sit
1191 1931 1437 1984 ebriosus.

383 2026 446 2080 4.
480 2024 646 2094 Papae
695 2040 855 2095 quam
902 2034 1092 2078 exacte
1122 2026 1358 2095 loquitur
1383 2035 1438 2080 et
1481 2030 1768 2081 aceorate!
1824 2041 1924 2080 nos

308 2127 496 2172 autem
545 2132 656 2170 non
696 2117 869 2170 solum
909 2131 1020 2170 non
1063 2115 1294 2187 fugimus
1320 2116 1585 2181 ebriosos,
1635 2117 1727 2172 sed
1765 2119 1924 2171 etiam

318 2223 418 2264 eos
451 2207 667 2262 adimus
689 2249 701 2270 ,
735 2223 920 2262 eorum
953 2223 1070 2278 qum
1117 2208 1185 2262 ab
1236 2209 1365 2277 ipsis
1405 2217 1744 2276 apponuntur
1765 2206 1930 2263 futuri

323 2300 636 2370 participes.
671 2299 966 2368 Propterea
996 2299 1175 2353 omnia
1199 2312 1400 2370 susque
1433 2299 1606 2369 deque
1627 2309 1760 2354 sunt
1813 2301 1930 2370 agi-

327 2401 463 2458 tata,
489 2392 667 2445 omnia
701 2399 830 2445 sunt
859 2390 1103 2455 confusa,
1139 2406 1328 2446 eversa
1356 2401 1410 2446 et
1439 2390 1824 2461 perdita.‘Nam
1844 2390 1932 2445 dic

324 2484 488 2547 mihi,
525 2485 569 2537 si
601 2483 725 2553 quis
758 2497 948 2538 eorum
991 2483 1082 2552 qui
1124 2493 1251 2536 sunt
1277 2483 1586 2554 bujusmo’di
1617 2494 1668 2539 te
1696 2484 1932 2538 invitarit

322 2576 391 2630 ad
421 2576 753 2641 convivium,
798 2584 854 2631 te
879 2575 970 2646 qui
1001 2576 1331 2629 existimaris
1371 2591 1576 2646 pauper
1605 2578 1835 2648 vilisque
1879 2589 1934 2632 et

321 2666 569 2736 abjectus
594 2708 608 2732 ,
635 2666 844 2722 deinde
870 2681 898 2720 a
936 2678 989 2721 te
1016 2667 1247 2727 audierit
1278 2685 1291 2720 :
1320 2666 1586 2735 Quoniam
1615 2684 1733 2738 qua:
1762 2683 1935 2739 appo—

318 2769 525 2814 nuntur
554 2768 710 2830 parta
730 2769 857 2814 sunt
885 2775 952 2814 ex
977 2760 1221 2816 avaritia.
1252 2774 1358 2813 non
1401 2761 1572 2829 patiar
1600 2777 1773 2817 meam
1813 2762 1932 2832 pol-

312 2852 474 2907 luere
497 2852 734 2904 animam
765 2869 784 2904 :.
808 2857 992 2904 annon
1017 2850 1178 2905 fuerit
1206 2850 1485 2915 reveritus,
1520 2869 1704 2906 annon
1727 2853 1931 2923 pudore

313 2945 745 3002 affectusiﬂoc
789 2945 961 3000 solum
1001 2943 1274 3000 sufficeret
1325 2944 1392 3000 ad
1437 2948 1832 3016 corrigendum,
1879 2959 1934 3003 et

315 3037 676 3092 efficiendum
705 3045 762 3090 ut
788 3051 850 3090 se
881 3035 1099 3105 quidem
1140 3038 1393 3091 miserum
1441 3037 1663 3093 duceret
1707 3049 1926 3110 propter

369 3126 448 3189 (α)
473 3125 571 3176 Hic
595 3127 763 3188 incipit
781 3125 983 3176 homilia
1003 3127 1244 3189 vigesima
1267 3131 1432 3192 quinta
1455 3133 1505 3181 io
1529 3133 1666 3183 Colb.

1101 355 1168 413 IN
1206 355 1422 416 EPIST.
1467 355 1561 413 AD
1596 339 1967 410 HEBREOS.
2006 339 2292 404 c.tr.‘<.\'t.
2335 345 2599 405 uouit.
2650 335 2844 402 XXVI.
3531 345 3634 400 ns

2030 446 2267 504 divitias.
2290 455 2350 501 te
2372 453 2550 500 autem
2588 443 3205 514 adrniraret‘uri'propter
3235 450 3628 514 paupertatem,

2031 542 2076 596 si
2106 553 2174 595 se
2193 539 2398 593 videret
2428 554 2473 592 'a
2516 548 2568 593 te
2599 547 2744 593 tanto
2775 537 2953 592 studio
2980 537 3338 610 d‘cspici.'Sed
3371 537 3503 592 facti
3534 543 3626 592 Stt-

2033 649 2171 698 mus,
2207 633 2392 687 nescio
2418 631 2575 697 unde,
2604 632 2776 686 servi
2802 631 3101 695 hominum,
3135 647 3254 685 cum
3287 631 3480 686 Paulus
3507 647 3627 686 sns-t

2035 741 2138 797 que
2166 723 2337 794 deque
2363 724 2556 778 clamet
2588 742 2602 778 :
2631 722 2806 777 Nolite
2830 724 2940 793 fieri
2967 724 3098 776 servi
3122 723 3382 777 hominum
3410 724 3485 791 (l.
3514 723 3633 777 Cor.

2035 821 2090 874 7.
2120 818 2238 885 23).
2273 817 2426 873 Unde
2455 816 2579 871 facti
2617 833 2805 871 sumus
2831 818 2970 871 servi
3005 817 3326 871 hominum?
3349 817 3481 884 Quia
3513 816 3638 870 facti

2039 923 2225 966 sumus
2251 909 2391 962 servi
2425 908 2626 962 ventris
2652 918 2707 962 et
2735 911 2976 976 pecunia:
3004 918 3056 962 et
3082 909 3268 977 gloria:
3307 920 3360 963 et
3405 907 3636 962 aliorum

2041 1007 2282 1063 omnium
2326 1005 2704 1075 :protlidin.us
2756 1004 3060 1058 libertatem
3109 1020 3211 1073 qua
3265 1019 3365 1058 nos
3425 1003 3642 1057 donavit

2043 1098 2311 1153 Christus.
2338 1095 2476 1162 Quid
2505 1110 2634 1165 ergo
2649 1093 2832 1149 manet
2853 1110 2976 1148 eum
2997 1094 3087 1164 qui
3117 1095 3289 1148 factus
3317 1104 3400 1148 est
3426 1109 3647 1159 servus,-

2027 1189 2134 1244 ‘dic
2161 1179 2496 1243 mihii'Audi
2529 1186 2806 1241 ChriStum
2835 1186 3104 1240 dicentem
3139 1203 3153 1239 ε
3189 1185 3379 1241 Servus
3403 1202 3504 1238 non
3536 1203 3646 1238 ma—

2027 1280 2208 1335 ‘net'in
2235 1280 2385 1333 domo
2415 1281 2466 1331 in
2495 1291 2739 1333 atternum
2795 1276 2974 1350 (Joan.
3000 1275 3197 1350 8.35).
3229 1278 3414 1332 Habes
3433 1279 3648 1330 absolu-

2045 1383 2152 1428 tam
2201 1373 2546 1435 sententiam,
2592 1369 2735 1440 quod
2784 1387 3076 1440 numquam
3110 1372 3162 1425 in
3204 1383 3428 1441 regnum
3465 1371 3648 1437 ingre-

2045 1465 2189 1519 ditur
2226 1480 2238 1514 :
2280 1463 2382 1517 hoc
2434 1463 2578 1516 enim
2610 1473 2693 1516 est
2722 1463 2935 1516 domus.
2972 1462 3104 1518 Nam
3137 1462 3205 1516 In
3237 1464 3410 1528 domo,
3446 1465 3638 1533 inquit.

2027 1556 2222 1610 'Patris
2251 1557 2348 1609 mei
2397 1555 2685 1609 mansiones
2713 1557 2888 1609 mutue
2913 1565 3032 1610 sunt
3066 1555 3367 1626 (Joan.l4.
3400 1556 3479 1629 9.).
3504 1558 3650 1612 “Scr-

2033 1638 2152 1703 'vns
2182 1663 2311 1718 ergo
2341 1663 2446 1700 non
2490 1657 2670 1700 manet
2702 1647 2754 1700 in
2797 1647 2957 1701 domo
3005 1647 3057 1701 in
3103 1657 3364 1702 :eternum
3394 1667 3406 1701 :
3434 1665 3658 1702 ενι-νηπυ-

2047 1741 2177 1796 dicit
2201 1740 2405 1809 peccati
2435 1757 2453 1794 :
2480 1740 2568 1810 qui
2591 1749 2769 1794 autem
2796 1740 3042 1795 in'donto
3067 1754 3172 1794 non
3196 1750 3376 1796 manet
3407 1742 3460 1796 in
3487 1752 3650 1797 teter-

2047 1851 2198 1899 num,
2234 1834 2284 1887 in
2312 1833 2554 1903 gehenna
2585 1845 2762 1886 manet
2793 1833 2844 1886 in
2893 1841 3175 1897 :etermnn,
3201 1833 3400 1886 nullam
3449 1834 3662 1888 habens

2049 1924 2619 1981 consolatioiiem.'Sed
2636 1924 2777 1977 enim
2803 1939 2888 1978 res
2909 1925 2973 1976 ad
2996 1940 3112 1976 eam
3139 1924 3413 1979 redierunt
3437 1927 3612 1996 impro
3634 1957 3645 1966 -

2034 2015 2358 2070 'bitat'em‘et'
2383 2017 2596 2085 vitium,
2626 2023 2684 2072 ut
2729 2020 2891 2075 etiam
2923 2029 2987 2075 ex
3011 2021 3153 2089 ipsis
3180 2022 3376 2076 faciant
3405 2023 3649 2075 eleemo-

2046 2119 2226 2176 synas,
2269 2117 2322 2161 et
2371 2109 2570 2163 multos
2616 2111 2899 2166 accipiant.
2933 2113 3224 2181 PrOpterea
3261 2120 3652 2183 amputataest

2048 2207 2226 2249 nostra
2269 2197 2508 2267 libertas,
2550 2210 2606 2254 et
2639 2211 2749 2254 non
2773 2217 3056 2272 possumus
3087 2204 3315 2272 aliquem
3341 2207 3654 2274 increpare.-

2045 2285 2150 2341 Sed
2183 2301 2325 2344 nunc
2349 2289 2416 2344 de
2448 2300 2650 2346 curtero
2681 2289 3184 2361 fugiamusnomm
3226 2305 3344 2365 qme
3383 2296 3505 2350 itide
3535 2297 3649 2350 dri-

2048 2388 2136 2432 tur
2168 2396 2181 2432 :
2228 2389 2283 2434 et
2313 2397 2408 2436 vos
2438 2383 2532 2452 qui
2562 2383 2664 2439 hoc
2709 2385 2877 2439 lutum
2909 2387 3158 2449 volvitis,
3195 2398 3405 2442 cessate
3437 2388 3504 2441 ab
3549 2387 3649 2442 hac

2043 2472 2307 2543 pernicie,
2344 2483 2399 2530 et
2420 2475 2667 2532 cohibete
2684 2478 2919 2533 vestram
2938 2482 3230 2550 appetitum
3250 2482 3322 2536 ab’
3341 2471 3658 2550 hujnsmodi

2040 2575 2324 2643 con'viidis,
2343 2576 2393 2629 si
2412 2575 2596 2645 aliquo
2623 2575 2787 2632 modo
2810 2577 3079 2647 possimus
3097 2577 3288 2654 saltem
3311 2583 3453 2635 nunc
3472 2576 3655 2638 Dcum‘

2047 2668 2282 2739 placare,
2308 2678 2363 2722 et
2391 2666 2531 2721 ho'na
2563 2670 2822 2735 consequi
2856 2661 3121 2738 promissa
3154 2687 3167 2722 :
3201 2655 3320 2730 una:
3342 2672 3500 2726 detur
3526 2689 3638 2726 om-

2027 2759 2204 2813 ‘nibus
2245 2759 2457 2828 assequi
2490 2801 2504 2825 ,
2545 2759 2732 2829 'gratia
2776 2768 2830 2815 et
2860 2761 3195 2831 benignitate
3223 2764 3440 2819 Domini
3473 2766 3657 2822 nostri-

2039 2848 2166 2904 Jesu
2199 2848 2420 2914 Clll‘lSli,
2453 2865 2574 2906 cum
2608 2866 2714 2918 quo
2745 2850 2886 2904 l’a'tri
2929 2858 3030 2904 una
3075 2868 3196 2907 cum
3227 2865 3414 2909 sancto
3444 2856 3658 2924 Spiritu-

2040 2941 2231 3010 gloria,
2264 2942 2570 3012 imperium,
2595 2942 2786 3007 ltOttttf‘,
2809 2958 2948 2996 nunc
2965 2953 3017 2997 et
3045 2954 3280 3012 semper,
3300 2954 3353 3000 et
3379 2946 3429 2999 in
3452 2947 3648 3001 saecula

2043 3032 2385 3084 saeculorum.
2420 3033 2613 3086 Amen.

317 3242 3240 3271 ww“

3254 3259 3594 3274 -————_

1687 3317 2027 3385 HOMILIA
2071 3323 2312 3386 XXVI.

323 3467 460 3522 Car.
493 3469 583 3522 Il.
616 3483 668 3520 ν.
701 3466 792 3524 20.
812 3453 963 3522 Fide
991 3480 1037 3522 et
1060 3469 1123 3523 de
1143 3467 1332 3536 futuris
1358 3467 1616 3523 benedixit
1654 3465 1805 3522 Isaac
1834 3463 1936 3519 Ja-

408 3559 502 3612 cob
524 3568 571 3612 et
601 3557 763 3614 Esais.
794 3558 885 3612 2|.
917 3558 1048 3614 Fide
1072 3558 1232 3613 Iacob
1263 3559 1485 3613 moriens
1537 3558 1768 3627 singulos
1802 3556 1941 3625 ﬁlio-

399 3669 524 3705 rum
571 3649 768 3721 Joseph
816 3651 1092 3717 benedixit,
1147 3660 1194 3704 et
1238 3650 1468 3705 adorauit
1497 3651 1757 3721 fastigium
1786 3649 1942 3719 virga:

396 3747 536 3816 ejus.
573 3744 667 3798 22.
705 3743 840 3798 Fide
880 3744 1075 3816 Joseph
1107 3745 1328 3800 moriens
1369 3743 1435 3799 de
1468 3743 1781 3814 profectione
1806 3743 1943 3811 ﬁlio-

401 3855 526 3890 rum
554 3837 725 3890 lsrael
759 3847 1065 3890 memoratus
1093 3846 1189 3904 est,
1219 3847 1265 3890 et
1305 3837 1370 3892 de
1403 3837 1598 3892 ossibus
1641 3835 1746 3891 suis
1791 3853 1942 3890 man-

398 3929 566 3982 davit'.

406 4023 459 4075 1.
497 4019 678 4087 Multi,
720 4021 913 4091 inquit,
957 4023 1222 4091 prapftetat
1249 4031 1298 4077 et
1314 4023 1449 4093 justi
1477 4025 1746 4094 cupierunt
1775 4026 1944 4079 videre

325 4129 451 4186 qua:
478 4112 684 4178 videtis,
717 4123 764 4166 et
795 4129 898 4166 non
923 4111 1194 4178 uiderunt;
1221 4124 1267 4167 et
1305 4116 1485 4169 audire
1513 4132 1627 4186 qua:
1671 4117 1860 4171 auditis
1898 4128 1945 4171 et

329 4222 438 4258 non
465 4205 742 4259 audierunt
762 4205 980 4275 (Matth.
1008 4205 1096 4261 l5.
1119 4202 1231 4274 l7).
1263 4205 1533 4276 Numquid
1559 4208 1738 4261 omnia
1769 4207 1943 4262 futura

333 4305 612 4350 noverunt
651 4295 824 4366 justi?
851 4297 1106 4352 Maxime.
1136 4297 1272 4353 Nam
1302 4299 1348 4353 si
1381 4298 1504 4354 ideo
1534 4315 1639 4354 non
1671 4301 1946 4356 revelaba»

337 4400 428 4443 tur
460 4387 502 4441 F
509 4388 634 4442 ilius
655 4400 879 4458 propter
908 4389 1336 4446 imbecillitatem
1379 4405 1565 4445 eorum
1593 4392 1685 4461 qui
1714 4379 1820 4446 non
1855 4408 1950 4461 po-

335 4490 518 4534 terant
553 4479 726 4549 ipsutn
747 4480 1041 4549 suscipere,
1074 4480 1160 4546 iis,
1183 4481 1272 4550 qui
1303 4481 1946 4550 virtuteresplendebant,

337 4573 542 4627 merito
590 4571 956 4626 revelabatur.
1009 4571 1121 4627 Hoc
1179 4588 1322 4627 nunc
1363 4575 1522 4628 etiam
1555 4574 1686 4629 dicit
1729 4575 1948 4643 Paulus,

344 4663 492 4734 quod
545 4664 786 4718 sciebant
835 4663 1052 4730 futura,
1084 4681 1278 4734 nempe
1327 4665 1528 4722 Christi
1596 4671 1954 4724 resurrectio-

342 4772 494 4811 nem.
531 4754 628 4809 Vcl
659 4757 820 4827 igitur
849 4757 951 4812 hoc
970 4757 1126 4821 dicit;
1156 4758 1242 4812 vel
1270 4758 1430 4823 illud,
1459 4757 1588 4813 Fide
1616 4759 1680 4814 de
1727 4762 1913 4831 futuris
1935 4803 1950 4827 ,

342 4849 549 4902 dicitur
578 4864 684 4902 non
709 4848 778 4902 de
801 4848 984 4904 futuro
1002 4851 1332 4918 szeculo,sed
1364 4851 1432 4908 de
1461 4852 1524 4907 iis
1552 4867 1672 4922 qua:
1700 4853 1788 4910 hic
1815 4864 1956 4924 post-

340 4956 404 4995 ea
448 4950 576 4993 sunt
621 4939 819 4994 futura.
875 4941 933 4998 Si
986 4941 1090 4997 hoc
1120 4959 1226 4998 non
1271 4953 1436 5009 esset,
1469 4946 1740 5016 quomodo
1791 4947 1956 5003 homo

342 5026 546 5084 sedens
579 5031 632 5084 in
665 5040 806 5085 terra
834 5033 1123 5103 peregrina
1154 5033 1288 5090 tales
1317 5035 1476 5090 daret
1504 5038 1954 5094 bcnedictiones‘t

345 5121 627 5192 quomodo
655 5123 979 5179 obtinuisset
1007 5111 1465 5194 benedictionem,
1500 5138 1555 5184 et
1581 5146 1698 5184 eam
1734 5146 1839 5186 non
1869 5148 1958 5186 ae.—

350 5213 537 5282 cepit?
579 5212 742 5269 Vides
782 5214 930 5284 quod
961 5215 1102 5270 idem
1151 5217 1440 5274 dicendum
1483 5220 1535 5274 in
1583 5220 1782 5292 Joseph
1813 5224 1956 5292 quod

351 5303 461 5358 dixi
484 5304 535 5358 in
565 5305 892 5372 Abrahamo,
915 5308 1056 5378 quod
1080 5324 1186 5364 non
1207 5325 1334 5365 usus
1354 5313 1427 5366 sit
1447 5311 1843 5381 benedictione,
1863 5317 1962 5371 sed

335 5393 756 5450 benedictiones
797 5393 1048 5447 exierunt
1075 5393 1140 5446 ad
1170 5405 1460 5464 posteros;
1496 5399 1607 5468 ipse
1635 5409 1817 5454 autem
1869 5397 1952 5450 fn-

340 5487 459 5543 tnra
489 5499 574 5542 est
602 5495 928 5557 asseqnutus
949 5486 973 5539 ?
995 5487 1301 5543 invenimus
1331 5491 1476 5547 enim
1508 5495 1724 5551 fratrem
1752 5491 1816 5545 iis
1839 5505 1952 5543 ma-

351 5585 420 5653 εἰς
453 5583 702 5653 potitum.
731 5581 864 5636 Nam
901 5583 1018 5652 ipse
1042 5579 1257 5652 quidem
1297 5583 1350 5638 in
1381 5586 1642 5641 servitute
1665 5597 1719 5640 et
1748 5585 1803 5640 in
1842 5585 1950 5638 vita

348 5671 683 5731 mercenaria
709 5673 845 5729 etin
881 5673 1140 5742 periculis
1169 5685 1224 5729 et
1262 5676 1314 5728 in
1362 5676 1569 5732 insidiis
1597 5687 1651 5733 et
1704 5681 1754 5732 in
1801 5676 1956 5731 dece-

351 5767 626 5834 ptionibus
643 5777 698 5820 ct
729 5766 782 5819 in
803 5765 1083 5820 timoribus
1105 5777 1222 5821 toto
1245 5779 1483 5838 tempore
1499 5779 1581 5824 est
1603 5783 1844 5826 versatos
1863 5788 1877 5834 ;
1898 5779 1950 5823 et

349 5873 378 5910 a
396 5859 672 5913 Pharaone
690 5857 1051 5928 interrogatus
1065 5857 1406 5928 dicit,Pauci,
1425 5861 1614 5931 inquit,
1633 5874 1679 5916 et
1700 5863 1822 5916 mali
1851 5866 1955 5931 fuc-

2034 3465 2156 3509 runt
2171 3456 2279 3511 dies
2299 3458 2399 3510 mei
2421 3456 2682 3530 (Gen.47.
2701 3461 2757 3533 9)
2788 3479 2800 3516 :
2825 3462 2915 3518 ille
2941 3475 3071 3520 vero
3097 3467 3159 3521 in-
3191 3470 3480 3524 Securitate
3509 3469 3640 3522 vixit

2037 3555 2092 3602 et
2121 3562 2316 3618 magna
2342 3551 2679 3614 auctoritate,
2726 3563 2786 3607 et
2813 3557 3118 3623 postca'fuit-
3140 3559 3188 3614 ei
3220 3561 3496 3616 terribilis.
3531 3559 3629 3616 libi

2036 3653 2166 3708 ergo
2213 3650 2510 3695 evenerunt
2549 3643 2956 3702 benedictiones
3000 3651 3106 3704 nisi
3145 3652 3196 3705 in
3229 3652 3452 3708 futuro?
3482 3654 3650 3708 Vides

2037 3731 2181 3802 quod
2199 3733 2268 3786 ab
2286 3734 2438 3788 initio
2460 3735 2622 3791 rebus
2647 3741 3004 3807 praesentibus
3027 3745 3178 3813 potiti
3209 3757 3338 3800 sunt
3354 3749 3499 3810 mali;
3514 3747 3648 3814 justi

2039 3835 2218 3880 autem
2239 3839 2449 3892 contra,
2477 3844 2582 3883 non
2612 3839 2790 3886 tamen
2809 3848 3018 3890 omnes.
3049 3836 3188 3892 Ecce
3203 3840 3346 3892 enim
3375 3838 3642 3892 Abraham

2041 3919 2378 3987 eratjnstus,
2407 3929 2464 3975 et.
2489 3925 2834 3991 praesentium
2867 3942 3046 3982 rerum
3077 3933 3289 4000 copiam
3321 3933 3525 3996 habuit,
3551 3933 3656 3986 Sed

2041 4024 2164 4063 cum
2215 4009 2508 4068 afflictione
2550 4024 2608 4070 et
2635 4017 3024 4073 tentationibus
3056 4037 3072 4073 :
3104 4025 3304 4077 etenim
3333 4026 3461 4078 solae
3493 4035 3654 4078 erant’

2043 4102 2275 4166 divitiae;
2331 4105 2570 4175 alioquin
2599 4117 2756 4163 erant
2788 4111 2908 4180 ejus
2936 4114 3116 4167 omnia
3148 4116 3306 4183 plena’
3337 4116 3649 4170 afflictioni-

2043 4196 2182 4257 hus..
2198 4194 2384 4266 Neque
2412 4199 2557 4252 enim
2584 4199 2702 4254 fieri
2723 4212 2903 4271 potest
2933 4217 2990 4257 ut
3021 4220 3124 4259 non
3155 4207 3426 4276 affligatur
3445 4206 3648 4277 justus,

2046 4287 2258 4342 etiamsi
2290 4290 2359 4342 sit
2381 4289 2534 4343 dives
2565 4294 2741 4348 :ina-m'
2765 4295 2982 4364 quando
3005 4296 3389 4353 \‘ult'in‘rebus
3417 4301 3528 4353 suis
3560 4300 3652 4354 lar-

2045 4383 2122 4445 di,
2140 4382 2328 4451 injuria
2356 4381 2507 4438 aflici'
2525 4394 2582 4439 et
2608 4385 2711 4440 alia
2739 4390 2865 4455 pati,
2914 4403 3141 4445 necesse
3163 4401 3246 4446 est
3279 4401 3336 4446 ut
3355 4389 3650 4461 'aflligatur.

2047 4473 2408 4540 Quamobrem
2428 4477 2638 4531 etiamsi
2655 4480 2862 4534 fruatur
2877 4481 3101 4546 divitiis,
3126 4484 3320 4538 fruitur
3334 4499 3438 4538 non
3452 4484 3662 4554 absque

2049 4566 2316 4620 molestia.
2340 4568 2561 4635 Quare’l.
2583 4569 2845 4638 Quoniam
2869 4584 2953 4628 est
2971 4575 3026 4627 in
3054 4575 3346 4630 afflictione
3368 4575 3663 4630 et‘dolorc'.

2049 4657 2106 4712 Si
2135 4669 2313 4713 autem
2337 4659 2466 4728 justi
2494 4673 2638 4716 tunc
2670 4675 2823 4718 erant
2858 4666 2908 4719 in
2939 4666 3250 4733 afflictione,
3283 4669 3449 4722 mnlto
3481 4667 3666 4740 magis

2053 4767 2217 4806 nunc.
2248 4751 2454 4807 Fide‘et
2481 4755 2543 4807 de
2560 4758 2778 4828 "futuris,
2812 4758 3002 4828 inquit,
3034 4760 3292 4814 benedixit
3317 4759 3472 4815 Isaac
3495 4758 3672 4813 Jacolr

2061 4859 2110 4903 et
2140 4848 2302 4905 Esau.
2329 4851 2487 4921 Atqui
2511 4850 2662 4906 Esau.
2681 4861 2798 4906 erat
2818 4850 3168 4920 major'natu;
3197 4851 3290 4906 sed
3309 4862 3530 4922 propter
3555 4854 3670 4905 vir-

2063 4951 2230 4995 tutem
2247 4943 2528 5010 promouit
2549 4942 2741 4997 Jacoh.
2779 4941 2944 4996 Vides
2961 4953 3160 5012 quanta
3181 4953 3328 4996 esset
3357 4944 3489 4997 fides
3504 4943 3529 4995 ?
3556 4943 3674 4999 Gn»

2061 5032 2256 5087 denaut
2282 5033 2631 5101 pollicebatur
2652 5033 2773 5087 filiis
2799 5042 2905 5086 tam
2935 5034 3100 5087 multa
3117 5034 3281 5099 bona,
3309 5034 3412 5087 nisi
3435 5051 3500 5088 eo
3520 5036 3673 5102 quod:

2061 5125 2286 5178 omnino
2334 5125 2442 5178 Deo
2483 5125 2770 5179 crederet?
2802 5124 2937 5178 Fide
2971 5123 3152 5177 Jacob‘
3176 5126 3395 5179 moriens
3435 5127 3678 5198 singulos

2061 5217 2286 5287 ﬁliorum
2332 5215 2525 5287 Joseph
2575 5217 2853 5271 benedixit.
2911 5216 3010 5270 llic
3060 5215 3324 5284 ponenda:
3363 5227 3496 5272 sunt
3538 5228 3674 5273 lota:-

2061 5307 2486 5372 benedictiones,
2513 5317 2572 5362 ut
2587 5308 2869 5362 et‘fideset
2891 5307 3170 5376 prophetia
3199 5307 3318 5376 ejus
3339 5309 3417 5363 sit'
3436 5311 3661 5365 manich

2025 5408 2165 5455 'sta.
2193 5398 2279 5452 'Et
2318 5401 2572 5464 adoravit,
2625 5400 2818 5468 inquit,
2870 5400 3132 5470 fastigium
3188 5402 3346 5471 virga:
3389 5405 3518 5474 ejus.
3566 5404 3675 5458 Hie

2059 5489 2296 5544 ostendit
2325 5490 2469 5558 quod
2496 5506 2601 5544 non
2619 5490 2794 5544 solum
2825 5489 3044 5557 dixerit,
3073 5491 3166 5546 sed
3189 5493 3352 5547 etiam
3371 5493 3506 5548 adeo
3527 5511 3661 5549 con~

2059 5578 2251 5636 fideret
2278 5581 2495 5647 futuris,
2517 5589 2574 5636 ut
2602 5583 2764 5637 etiam
2791 5582 2988 5653 reipsa
3011 5585 3344 5641 ostenderet.
3369 5587 3668 5657 Nam-quo-

2057 5673 2200 5728 niam
2232 5685 2574 5729 surreCturus
2589 5685 2705 5728 erat
2732 5691 2833 5730 rex
2855 5675 2992 5729 alius
3014 5691 3079 5730 ex
3105 5677 3382 5747 Ephraim,
3406 5689 3666 5748 propter-

2055 5780 2140 5828 ca,
2206 5765 2379 5834 inquit
2408 5780 2420 5818 :
2458 5764 2520 5819 Et
2545 5766 2777 5820 adoravit
2791 5767 3052 5838 fastigium
3077 5769 3231 5841 virga
3261 5771 3388 5841 ejus.
3419 5771 3532 5826 lloc
3550 5775 3673 5832 cst,-

2054 5860 2264 5914 etianisi
2297 5869 2440 5916 esset
2470 5844 2633 5915 senex
2662 5860 3325 5933 jam,.adorabatv.loseplt,
3351 5867 3671 5934 significans
