4202 6444
638 300 746 360 |(79

648 401 809 454 totius
837 398 1018 470 populi
1045 399 1415 455 adorationem
1444 402 1494 455 ei
1515 404 1766 457 futuram.
1800 406 1866 459 Et
1893 407 1994 462 hoc
2018 411 2232 479 quidem

637 488 749 559 jam
768 491 970 556 evenit,
993 490 1206 559 quando
1227 506 1350 545 eum
1368 490 1659 547 adorarunt
1679 493 1870 551 fratres
1891 498 2027 567 ejus;
2049 514 2231 570 poSIea

642 589 820 634 autem
852 593 966 636 erat
992 581 1152 635 etiam
1183 590 1499 637 eventurum
1522 599 1619 653 per
1636 584 1820 641 decem
1851 589 2042 644 tribus.
2070 592 2233 649 Vides

640 673 911 741 quomodo
938 672 1185 743 pra‘dixit
1210 690 1272 728 ea
1318 690 1439 743 qua?
1468 686 1649 746 postea
1669 691 1823 735 erant
1850 679 2059 738 futura?
2085 686 2232 743 vides

636 772 890 832 quantam
926 764 1188 818 haberent
1219 765 1416 821 fidem?
1445 769 1718 838 quomodo
1745 772 2029 831 crederent
2055 777 2123 833 de
2151 779 2230 834 fu-

640 854 812 908 turis?
838 853 971 909 Nam
989 855 1091 909 alia
1121 856 1339 925 quidem
1371 874 1492 926 qua:
1514 869 1639 914 sunt
1666 859 1755 916 hie
1776 868 2080 934 praesentia,
2105 880 2230 925 sunt

632 946 879 1015 exempla
908 947 1054 1001 male
1083 948 1316 1016 patiendi
1343 958 1397 1003 et
1424 950 1623 1005 nullius
1648 949 1774 1006 boni
1799 953 2028 1024 fruendi,
2056 968 2112 1012 ut
2137 976 2227 1016 ac~

592 1075 600 1086 .
633 1035 762 1089 cidit
791 1036 843 1090 in
874 1037 1178 1091 Ahrahamo
1202 1047 1257 1093 et
1280 1039 1332 1093 in
1362 1039 1527 1096 Abele
1556 1059 1571 1096 :
1603 1042 1705 1096 alia
1764 1055 1945 1101 autem
1983 1060 2108 1104 sunt
2131 1067 2227 1107 ex-

631 1125 807 1193 empla
838 1126 1055 1192 fidei,ut
1076 1127 1127 1181 in
1152 1127 1286 1194 Noe,
1310 1128 1452 1197 quod
1474 1130 1545 1185 sit
1575 1131 1734 1199 Deus,
1766 1136 1906 1204 quod
1938 1136 2004 1192 sit
2035 1154 2221 1196 rentu-

630 1218 862 1273 neratio.
908 1218 1042 1274 Nam
1100 1219 1203 1273 hoc
1249 1236 1442 1275 nomen
1476 1222 1602 1289 ﬁdes
1650 1226 1796 1281 varie
1839 1229 2123 1298 accipitur,
2168 1244 2224 1290 et

630 1309 795 1363 modo
826 1308 928 1363 hoc
957 1309 1120 1364 modo
1165 1310 1294 1365 illud
1324 1313 1594 1381 significat
1626 1332 1640 1368 :
1673 1314 1760 1369 hic
1787 1327 1967 1374 autem
1997 1321 2217 1391 indicat,

630 1400 772 1468 quod
802 1400 871 1454 sit
897 1403 1280 1466 remuneratio,
1301 1403 1442 1473 quod
1468 1420 1571 1458 non
1597 1406 1648 1459 in
1671 1407 1858 1463 iisdem
1880 1412 2068 1468 eadem
2109 1433 2222 1473 ma-

630 1501 777 1554 neat,
809 1502 864 1547 et
891 1493 1031 1563 quod
1076 1495 1386 1550 certandum
1428 1497 1497 1551 sit
1519 1506 1642 1553 ante
1675 1503 1913 1568 przcmia.
1957 1505 2089 1574 Qua:
2119 1524 2218 1564 au-

628 1593 740 1638 tem
791 1584 842 1638 in
885 1583 1083 1653 Joseph
1136 1596 1452 1650 evenerunt,
1507 1597 1632 1643 sunt
1656 1591 1821 1645 solius
1875 1594 1996 1651 fidei
2031 1602 2211 1669 :quod

631 1675 949 1741 promiserat
976 1674 1306 1739 Abrahamo,
1357 1677 1500 1747 quod
1563 1677 1741 1735 fuerat
1782 1684 2068 1754 pollicitus,
2105 1690 2221 1748 Tibi

628 1764 759 1817 dabo
775 1775 819 1817 et
841 1766 1017 1818 semini
1036 1775 1122 1818 tuo
1144 1775 1327 1819 terram
1348 1767 1498 1832 lianc,
1524 1770 1941 1842 audivitJoseph
1973 1793 1986 1829 :
2015 1788 2071 1833 et
2094 1796 2216 1837 cum

622 1867 772 1913 esset
802 1857 852 1911 in
888 1868 1028 1911 terra
1056 1856 1249 1920 aliena,
1281 1855 1507 1909 necdum
1538 1854 1749 1912 videret
1776 1858 2023 1912 evenisse
2066 1872 2204 1927 pra:-

625 1947 934 2011 dictionem,
966 1961 1033 2000 ne
1064 1946 1142 1999 sic
1168 1944 1382 2014 quidem
1412 1944 1699 2016 despondit
1725 1947 1985 2011 animum,
2014 1946 2107 2002 sed
2138 1948 2210 2002 ita

621 2039 876 2101 credidit,
909 2048 966 2091 ut
991 2039 1152 2092 etiam
1176 2036 1383 2093 diceret
1404 2037 1470 2092 de
1499 2039 1663 2103 exitu,
1694 2049 1748 2095 et
1772 2039 1839 2095 de
1859 2041 1971 2094 suis
1990 2040 2213 2095 manda-

626 2137 711 2184 ret
738 2129 969 2184 ossibus.
1005 2129 1119 2184 Non
1150 2144 1277 2199 ergo
1315 2129 1431 2198 ipse
1457 2131 1606 2186 solus
1643 2130 1892 2196 credidit,
1923 2132 2020 2188 sed
2048 2134 2210 2188 etiam

590 2269 595 2274 .
631 2219 767 2273 alios
809 2218 1020 2273 induxit
1044 2219 1109 2273 ad
1139 2218 1318 2274 fidem.
1346 2218 1471 2274 Ideo
1497 2222 1657 2276 etiam
1698 2223 1972 2278 mandavit
1999 2232 2057 2278 ut
2079 2239 2215 2278 sem-

626 2325 724 2380 per
738 2311 1014 2369 evitumin
1031 2312 1210 2365 animo
1225 2322 1538 2378 versentur;
1567 2328 1672 2368 non
1699 2322 1877 2369 autem
1903 2315 1971 2370 de
1993 2318 2210 2372 ossibus

629 2402 931 2456 mandasset
950 2402 1049 2456 nisi
1069 2401 1137 2457 de
1157 2400 1339 2458 futuro
1354 2402 1532 2457 reditu
1554 2403 1759 2458 firmam
1783 2407 2210 2475 persuasionem,

628 2491 919 2548 habuisset.
977 2492 1340 2559 Quamobrem
1387 2508 1510 2549 cum
1559 2493 1747 2550 dicunt
1794 2496 1956 2566 aliqui
2005 2513 2021 2551 :
2069 2497 2211 2553 Ecce

622 2585 786 2638 etiam
813 2585 934 2654 iusti
957 2600 1140 2640 curam
1169 2595 1454 2656 gesserunt
1495 2597 1966 2643 monumentorum
1992 2607 2003 2643 :
2025 2594 2108 2645 eis
2126 2590 2209 2644 di-

622 2692 812 2731 eamus
839 2676 983 2746 quod
1011 2676 1131 2731 ideo
1159 2692 1344 2732 curam
1368 2686 1694 2747 gesserunt,
1748 2680 1987 2750 alioquin
2030 2692 2211 2737 autem

629 2766 851 2820 minime
875 2783 889 2819 :
919 2767 1125 2823 sciebat
1145 2768 1292 2823 enim
1312 2767 1458 2838 quod
1492 2766 1703 2823 Domini
1726 2779 1802 2824 est
1828 2780 1962 2825 terra
1988 2783 2036 2827 et
2052 2774 2218 2842 pleni—

576 2928 587 2933 -
625 2861 753 2915 tudo
771 2861 881 2932 ejus
907 2858 1026 2931 (Ps.
1054 2860 1147 2916 23.
1176 2863 1254 2927 1).
1302 2861 1418 2916 Non
1450 2861 1552 2917 hoc
1588 2878 1718 2933 ergo
1748 2864 2012 2935 ignoravit
2038 2866 2127 2936 qui
2158 2866 2212 2921 in

630 2960 775 3005 tanta
809 2952 943 3006 vixit
981 2951 1319 3021 pliilOSOphia
1347 2994 1364 3019 ,
1396 2954 1485 3024 qui
1536 2962 1649 3008 toto
1694 2963 1937 3025 tempore
1980 2958 2113 3013 vixit
2154 2960 2209 3013 in

624 3041 885 3114 Egypto.
936 3043 1097 3113 Atqui
1140 3043 1337 3099 licebat
1362 3046 1435 3109 ei,
1466 3045 1510 3100 si
1540 3047 1724 3115 vellet,
1750 3049 1969 3112 reverti.
2019 3050 2218 3106 licebat

628 3147 732 3186 non
760 3133 967 3202 lugere,
990 3148 1090 3188 nec
1118 3148 1259 3203 a'gre
1297 3134 1436 3189 ferre
1460 3145 1515 3191 et
1553 3136 1824 3208 plangere.
1858 3138 1964 3195 Sed
1993 3150 2048 3196 et
2089 3156 2210 3196 cum

630 3231 832 3291 patrem
867 3223 995 3277 illuc
1023 3222 1359 3289 reduxisset,
1389 3241 1486 3280 cur
1512 3242 1635 3282 ossa
1672 3245 1886 3300 quoque
1926 3245 2021 3287 sua
2065 3233 2216 3288 illinc

626 3313 818 3368 abduci
847 3314 1048 3383 jussit?
1077 3329 1254 3370 annon
1276 3318 1483 3373 scilicet
1505 3322 1837 3390 propterea?

695 3402 752 3456 2.
785 3402 950 3470 Petri,
1004 3403 1181 3470 Pauli,
1212 3406 1430 3463 Joannis
1468 3419 1515 3464 et
1557 3410 1765 3467 Thema
1786 3413 2056 3482 manifesta
2095 3424 2215 3469 sunt

620 3495 882 3566 sepulcra.
909 3524 980 3535 —
996 3495 1131 3560 Quid
1149 3512 1301 3563 vero,
1326 3498 1413 3555 die
1435 3500 1565 3556 mihi
1587 3517 1794 3572 quaeso,
1825 3504 1990 3572 ipsius
2017 3504 2214 3576 Moysis

626 3603 748 3643 ossa
777 3601 953 3642 annon
986 3589 1085 3642 sita
1117 3600 1235 3644 sunt
1270 3591 1321 3645 in
1351 3601 1491 3648 terra
1520 3594 1728 3648 aliena?
1754 3597 1982 3651 Aarouis
2010 3605 2210 3659 autem,

626 3678 883 3744 Danielis,
907 3680 1177 3745 Ieremia‘.
1199 3692 1254 3738 et
1276 3687 1640 3754 apostolorum
1674 3689 1986 3757 multorum,
2018 3706 2087 3747 ne
2110 3691 2215 3747 sci-

623 3786 744 3824 mus
766 3770 981 3839 quidem
1005 3772 1095 3827 uhi
1117 3774 1219 3828 sita
1249 3775 1377 3830 sint.
1404 3776 1538 3832 Nam
1562 3778 1704 3833 Petri
1732 3780 1948 3848 quidem
1978 3791 2035 3835 et
2062 3782 2211 3838 Pauli

619 3871 680 3916 et
696 3861 917 3918 Joannis
941 3873 995 3918 et
1019 3864 1239 3921 Thomas
1262 3880 1385 3923 nota
1417 3881 1543 3924 sunt
1568 3871 1811 3940 sepulcra
1847 3874 1952 3945 (a);
1985 3874 2210 3930 aliorum

624 3961 827 4017 autem,
867 3968 989 4008 cum
1020 3955 1128 4010 sint
1168 3965 1275 4011 tam
1308 3959 1484 4023 multi,
1527 3976 1790 4032 nusquam
1819 3973 1942 4018 sunt
1970 3975 2113 4020 uota.
2141 3967 2215 4021 De

619 4057 689 4097 co
712 4058 839 4112 ergo
868 4058 934 4098 ne
962 4045 1296 4115 plangamus,
1326 4064 1501 4120 neque
1531 4051 1666 4106 adeo
1694 4054 1889 4123 pusillo
1917 4068 1969 4112 et
1998 4056 2215 4127 abjecto

624 4133 794 4185 simus
813 4134 1034 4189 animo:
1064 4152 1187 4190 nam
1217 4138 1543 4211 ubicumque
1571 4142 1829 4200 fuerimus
1857 4148 2071 4216 sepul:i,
2105 4148 2212 4202 Do-

626 4230 758 4285 mini
784 4245 857 4287 est
884 4245 1041 4298 term,
1065 4242 1115 4289 et
1143 4232 1402 4303 plenitudo
1441 4235 1573 4306 ejus.
1615 4234 1781 4291 Plane
1815 4235 1876 4289 fit
1916 4233 2057 4305 quod
2090 4231 2204 4288 fieri

619 4337 834 4395 oportet
862 4344 879 4382 :
909 4327 1096 4397 lugere
1122 4335 1301 4380 autem
1323 4335 1378 4382 et
1406 4328 1662 4398 plangere
1687 4334 1744 4383 et
1767 4326 1968 4382 deﬂere
1997 4340 2091 4381 eos
2116 4324 2205 4393 qui

616 4426 991 4483 excesserunt,
1024 4433 1088 4473 ex
1120 4417 1317 4487 pusillo
1356 4428 1412 4473 et
1440 4418 1649 4487 ahjecto
1672 4419 1845 4473 oritur
1882 4418 2083 4472 animo.
2111 4415 2204 4471 25.

621 4509 752 4563 Fide
775 4506 979 4580 Moyses
1001 4519 1149 4563 natus
1170 4509 1453 4563 occultatus
1480 4518 1553 4563 est
1591 4509 1748 4563 tribus
1772 4507 2023 4563 mensibus
2051 4523 2085 4560 a
2113 4519 2206 4576 pa-

615 4599 838 4654 rentibus
866 4600 992 4655 suis.
1021 4600 1181 4655 Vides
1207 4600 1349 4669 quod
1372 4599 1458 4654 hic
1478 4599 1765 4668 sperabant
1786 4613 1907 4668 qua:
1923 4605 2047 4669 post
2060 4611 2205 4652 mor-

613 4699 722 4745 tem
750 4699 904 4744 erant
930 4689 1128 4756 futura,
1162 4690 1371 4759 impleri
1401 4690 1453 4744 iu
1483 4690 1665 4744 terra?
1706 4690 1770 4744 Et
1815 4689 1980 4743 multa
2009 4703 2204 4743 evene-

610 4791 740 4837 runt
788 4792 908 4852 post
937 4784 1391 4836 IllOi‘lan'Ol'ilm.
1429 4782 1539 4837 Hoc
1573 4782 1641 4837 ad
1693 4782 1744 4838 id
1788 4782 1930 4852 quod
1982 4781 2199 4852 quidam

607 4876 817 4939 dicunt,
846 4875 973 4930 ilzec
1002 4884 1119 4944 post
1145 4884 1375 4928 mortem
1410 4876 1514 4928 illis
1548 4875 1764 4940 fiebant,
1792 4890 1912 4944 qua:
1942 4890 2047 4929 non
2075 4883 2201 4929 sunt

606 4968 883 5037 assequuti
911 4967 1172 5030 viventes,
1197 4982 1369 5037 neque
1389 4967 1682 5021 credebant
1708 4968 1884 5023 futura
1906 4978 2028 5037 post
2055 4982 2198 5023 mor-

606 5070 736 5114 tem.
794 5057 865 5112 Et
912 5072 1019 5112 non
1047 5056 1183 5111 dixit
1210 5057 1411 5127 Joseph
1446 5075 1460 5112 :
1491 5057 1620 5112 Mihi
1668 5058 1867 5114 viventi
1913 5075 2018 5114 non
2049 5059 2199 5114 dedit

606 5162 829 5214 terram,
849 5165 1022 5220 neque
1044 5151 1177 5220 patri
1204 5166 1344 5216 meo,
1374 5166 1545 5221 neque
1569 5165 1670 5206 avo
1696 5166 1837 5217 meo,
1858 5152 2013 5223 cujus
2031 5154 2194 5208 etiam

604 5241 889 5311 oportebat
941 5243 1178 5298 revereri
1225 5243 1477 5298 virtutem
1516 5261 1528 5300 :
1560 5242 1662 5299 hos
1690 5255 1871 5301 autem
1901 5246 2194 5302 sceleratos

603 5333 671 5388 iis
696 5332 1003 5403 dignabitur
1051 5333 1247 5404 quibus
1296 5335 1416 5391 illos
1462 5351 1568 5391 non
1597 5347 1680 5391 cst
1729 5336 2023 5408 dignatus?
2048 5337 2191 5393 Nihil

601 5422 798 5477 horum
820 5422 973 5489 dixit,
1003 5425 1098 5480 sed
1129 5425 1231 5481 fide
1269 5427 1447 5482 omnia
1476 5428 1605 5483 vicit
1643 5436 1700 5483 et
1725 5427 2018 5498 superavit.
2051 5429 2193 5483 Dixit

598 5515 670 5570 de
694 5515 885 5583 Abelo,
908 5516 979 5571 de
1004 5516 1137 5585 Noe,
1167 5517 1235 5573 de
1265 5517 1592 5584 Ahrahamo,
1617 5518 1687 5574 de
1709 5518 1878 5585 Isaac,
1907 5518 1974 5573 de
1998 5518 2187 5582 Iacob,

666 5611 739 5721 (αἶ
765 5609 841 5659 De
861 5612 1019 5670 Petri,
1052 5613 1198 5670 Pauli,
1235 5624 1286 5664 et
1307 5614 1510 5687 Joannis
1539 5615 1780 5688 sepulcris
1808 5630 1953 5668 nemo
1975 5618 2175 5670 dubitat.

666 5691 683 5721 ε
709 5672 908 5721 "bonne
931 5675 1156 5721 St'lmlt‘l‘f)
1181 5678 1258 5721 ubi
1281 5677 1448 5721 fuerit.
1473 5693 1566 5721 non
1593 5689 1657 5721 ita
1681 5691 1888 5721 curtum-

606 5673 683 5723 De
709 5672 908 5723 Thema:
931 5675 1156 5739 sepulcro
1181 5678 1258 5725 ubi
1281 5677 1448 5739 fuerit,
1473 5693 1566 5726 nou
1593 5672 1657 5726 ita
1681 5691 1890 5730 curtum.

1423 302 1482 359 s.
1522 302 1799 361 scmus
1832 260 2308 361 cnnvsosront
2348 300 2664 359 AitClliEl".
2706 303 3236 364 COXSTANTINOP.

3841 319 3940 371 HN

2352 405 2422 460 de
2442 407 2664 478 .Ioseph,
2697 410 2787 479 qui
2818 418 2942 464 sunt
2971 424 3159 467 omnes
3186 411 3356 481 gloria
3384 412 3620 483 insignes
3645 424 3697 470 et
3717 418 3955 475 adrnira-

2352 498 2508 555 biles.
2542 499 2749 556 Rursus
2778 510 2939 573 auget
2958 504 3409 571 consolationem,
3428 486 3552 560 brcm
3578 507 3851 565 deducens
3876 513 3941 568 ad

2351 591 2486 645 viles
2507 606 2787 661 personas.
2818 593 2949 648 Nam
2989 594 3132 663 quod
3174 595 3523 652 admirabiles
3559 598 3771 668 quidem
3822 618 3940 673 pero

2346 697 2495 737 sonte
2522 683 2638 739 htec
2671 685 2779 740 sint
2800 700 2993 754 passm,
3026 696 3083 741 et
3107 687 3250 758 quod
3284 688 3390 743 illis
3421 690 3658 745 minores
3679 706 3938 762 apparuco

2346 776 2477 841 rint,
2509 791 2614 831 non
2660 785 2745 832 est
2767 778 2904 833 adeo
2934 795 3096 849 grave
3126 798 3140 833 :
3170 781 3315 851 quod
3345 792 3524 839 autem
3577 784 3814 840 minores
3838 789 3935 846 visi

2342 866 2450 920 sint
2482 867 2828 937 ignobilibus,
2855 871 2957 926 hoc
2982 886 3111 926 vero
3138 883 3219 927 est
3249 887 3432 942 grave.
3461 874 3523 929 Et
3558 875 3744 946 incipit
3785 891 3813 930 a
3845 894 3937 950 pa-

2341 961 2584 1017 rentibus
2612 961 2830 1034 Moysis,
2859 965 2947 1034 qui
2978 964 3199 1021 minimc
3243 978 3394 1022 erant
3427 968 3684 1041 insignes,
3716 979 3774 1027 et
3803 973 3938 1028 nihil

2340 1052 2448 1106 tale
2479 1052 2745 1109 habebant
2777 1057 2936 1126 quale
2965 1056 3125 1112 filius.
3155 1058 3223 1112 Et
3250 1057 3373 1114 ideo
3403 1062 3702 1131 procedens
3721 1080 3938 1136 quoque

2337 1154 2498 1213 auget
2522 1147 2599 1201 rei
2618 1147 2953 1203 insolentiam
2978 1165 3269 1208 recensens
3290 1153 3540 1210 mulieres
3555 1157 3865 1213 meretrices
3877 1166 3937 1219 et

2339 1236 2530 1292 viduas
2559 1255 2575 1292 :
2607 1237 2742 1295 Fide
2759 1242 2927 1309 enim,
2958 1242 3149 1313 inquit,
3188 1243 3367 1299 Rahab
3390 1248 3629 1303 meretrix
3653 1265 3754 1303 non
3778 1251 3936 1319 periit

2331 1347 2447 1386 cum
2460 1332 2757 1397 incredulis,
2779 1335 3036 1403 excipiens
3051 1335 3397 1406 exploratores
3416 1355 3530 1391 cum
3552 1356 3677 1409 pace
3701 1343 3774 1411 (υ.
3807 1343 3868 1398 5i
3884 1342 3927 1412 ).

2334 1422 2402 1477 Et
2432 1439 2536 1478 non
2564 1425 2739 1479 solum
2771 1425 2916 1492 fidei,
2943 1426 3039 1482 sed
3070 1428 3230 1482 ctiam
3256 1428 3588 1485 infidelitatis
3611 1433 3759 1501 ponit
3784 1448 3930 1488 mer-

2331 1513 2543 1582 cedem,
2567 1524 2626 1569 ut
2646 1515 2699 1570 in
2730 1516 2862 1572 Noe.
2894 1517 3111 1572 Interim
3140 1527 3320 1574 autem
3353 1533 3576 1576 necesse
3621 1531 3705 1578 est
3742 1522 3925 1580 dicere

2327 1604 2393 1661 de
2419 1608 2730 1677 parentibus
2756 1609 2973 1680 Moysis,
3004 1610 3205 1667 Omnes
3227 1614 3496 1669 masculos
3524 1615 3733 1669 Pharao
3754 1619 3916 1686 jussit

2327 1699 2583 1766 interfici,
2627 1710 2681 1756 et
2735 1702 2915 1758 nullus
2965 1703 3151 1775 efiugit
3206 1705 3525 1775 periculum.
3585 1705 3737 1763 Unde
3782 1721 3911 1776 ergo

2323 1803 2607 1863 sperarunt
2636 1795 2669 1849 ii
2698 1794 2813 1851 fore
2837 1805 2897 1850 ut
2924 1808 3199 1853 servarent
3237 1797 3532 1854 infantem?
3556 1799 3632 1855 Ex
3685 1798 3808 1853 fide.
3834 1799 3908 1852 lis

2323 1900 2425 1955 qua
2453 1884 2599 1941 fide?
2623 1885 2906 1955 Viderunt,
2935 1889 3126 1960 inquit.
3156 1891 3453 1960 elegantem
3484 1892 3757 1947 infantem.
3791 1891 3911 1963 Ipse

2323 1986 2571 2047 aspectus
2594 1994 2690 2034 eos
2716 1981 2935 2035 attraxit
2958 1982 3024 2035 ad
3056 1982 3235 2038 fidem.
3270 1982 3344 2037 Ita
3374 1984 3554 2039 statim
3576 1983 3645 2038 ab
3673 1983 3828 2038 initio
3856 1996 3912 2037 et

2323 2070 2392 2125 ab
2421 2070 2553 2141 ipsis
2580 2071 2758 2128 fasciis
2783 2074 2932 2143 justo
2972 2073 3137 2128 multa
3194 2075 3367 2129 infusa
3393 2084 3509 2130 erat
3550 2076 3753 2145 gratia,
3801 2091 3907 2130 non

2323 2176 2527 2219 natura:
2556 2164 2650 2221 sed
2676 2165 2769 2221 Dei
2798 2181 2983 2237 opera.
3009 2164 3302 2223 Considera
3333 2168 3476 2223 enim
3508 2186 3521 2219 :
3547 2169 3727 2223 statim
3755 2179 3909 2223 natus

2324 2257 2548 2326 pulcher
2593 2259 2857 2329 apparuit,
2917 2274 3023 2313 non
3069 2258 3343 2314 deformis.
3382 2259 3518 2328 Quid
3563 2259 3666 2315 hoc
3690 2260 3911 2316 effecit?

2321 2349 2436 2406 Non
2467 2360 2674 2413 natura.
2707 2351 2799 2408 sed
2842 2352 3012 2422 gratia
3056 2351 3171 2417 Dei,
3208 2367 3328 2421 qua:
3355 2362 3412 2406 et
3453 2352 3733 2407 barbaram
3764 2354 3907 2409 illam

2322 2444 2572 2500 excitavit
2595 2444 2871 2500 mulierem
2899 2443 3203 2516 Egyptiam
3227 2454 3280 2500 et
3301 2445 3688 2510 corroboravit,
3708 2454 3763 2500 et
3785 2461 3908 2501 cum

2320 2539 2528 2610 accepit
2553 2547 2608 2594 et
2627 2538 2916 2608 assumpsit
2938 2555 2951 2591 :
2975 2552 3295 2608 quamquam
3318 2536 3449 2593 fides
3465 2537 3518 2593 in
3541 2537 3624 2594 his
3648 2553 3753 2593 non
3779 2539 3910 2593 satis

2320 2636 2556 2706 amplum
2610 2633 2795 2688 habuit
2843 2640 3217 2704 argumentum
3266 2648 3282 2686 :
3325 2632 3452 2703 quid
3498 2632 3641 2688 enim
3685 2646 3753 2687 ex
3791 2633 3908 2687 visu

2320 2727 2471 2785 credi
2510 2725 2883 2797 potentised
2931 2740 3049 2789 vos,
3074 2724 3271 2795 inquit,
3322 2739 3395 2780 ex
3450 2723 3613 2780 rebus
3652 2723 3904 2789 creditis,

2319 2824 2480 2877 etiam
2520 2821 2685 2875 multa
2727 2818 2988 2875 habentes
3028 2818 3151 2874 fidei
3198 2819 3424 2889 pignora
3475 2817 3743 2890 (ἣρωσι
3784 2834 3908 2873 eum

2318 2912 2517 2985 gaudio
2553 2911 2828 2980 suscipere
2853 2910 3113 2964 bonorum
3141 2908 3518 2979 direptionem,
3550 2916 3605 2963 et
3630 2923 3908 2978 muccoso-

2317 3021 2424 3077 que
2445 3011 2567 3059 sunt
2590 3000 2917 3071 hujttsmodi,
2951 2999 3072 3055 fidei
3095 3009 3210 3055 erat
3230 3009 3285 3055 et
3302 3000 3619 3055 tolerantia).
3644 2999 3749 3055 Sed
3773 3015 3909 3071 quo.

2317 3097 2461 3152 niam
2509 3095 2594 3152 isti
2621 3109 2834 3165 quoque
2878 3088 3245 3157 crediderunt,
3292 3091 3489 3148 deinde
3519 3092 3707 3163 pusillo
3728 3103 3782 3146 et
3810 3093 3908 3147 ah-

2313 3188 2461 3257 jecto
2489 3185 2706 3241 fuerunt
2740 3184 2955 3247 animo,
2994 3181 3230 3237 ostendit
3266 3181 3409 3253 quod
3454 3182 3668 3236 illorum
3691 3198 3915 3253 quoque

2320 3279 2455 3335 fidos
2477 3278 2700 3333 multum
2722 3275 3114 3331 extendebatur
3145 3292 3161 3330 :
3187 3274 3360 3346 qualis
3381 3273 3477 3329 fuit
3497 3273 3633 3331 fides
3653 3273 3904 3339 Abraha',

2316 3371 2528 3429 etiamsi
2577 3385 2664 3426 res
2704 3368 3014 3424 viderentur
3046 3383 3300 3440 pugnare.
3343 3368 3411 3422 Et
3453 3384 3554 3422 non
3595 3369 3904 3433 timuerunt,

2318 3464 2509 3534 inquit,
2537 3463 2669 3533 regis
2696 3461 2936 3514 edictum.
2968 3461 3129 3528 Atqui
3159 3457 3288 3513 illud
3317 3472 3477 3529 opere
3499 3458 3770 3523 Constitit;
3801 3444 3907 3515 hoc

2317 3565 2496 3610 autem
2527 3563 2640 3609 erat
2667 3553 2824 3623 plane
2864 3549 3003 3605 nuda
3033 3549 3274 3621 quaedam
3322 3548 3670 3617 exspectatio.
3711 3548 3776 3604 Et
3803 3548 3909 3604 hoc
3946 3586 3950 3591 -

2315 3646 2530 3713 quidem
2552 3653 2667 3699 erat
2690 3653 2966 3713 parentum
2992 3658 3005 3694 :
3032 3641 3147 3710 ipse
3170 3655 3296 3693 vero
3321 3638 3530 3710 Moyses
3550 3639 3683 3693 nihil
3705 3640 3903 3694 attulit.

2319 3736 2525 3792 Deinde
2554 3747 2741 3789 rursus
2785 3732 2865 3786 eis
2906 3730 3230 3785 conveniens
3269 3729 3423 3783 affert
3460 3730 3786 3796 exemplum,
3817 3732 3905 3784 vel

2316 3827 2495 3898 potius
2523 3826 2615 3880 illo
2644 3823 2834 3893 majus.
2859 3822 3030 3889 Quale
3054 3820 3223 3874 illud?
3243 3820 3334 3876 24.
3361 3819 3513 3884 Fide,
3536 3821 3727 3890 inquit,
3753 3819 3907 3891 Moy—

2316 3936 2394 3973 ses
2424 3916 2632 3989 grandis
2662 3919 2827 3988 factus
2844 3915 3041 3984 negavit
3057 3929 3110 3966 se
3130 3929 3238 3966 esse
3258 3913 3423 3981 lilium
3445 3912 3568 3979 filia:
3591 3912 3902 3977 Pharaonis,

2313 4012 2405 4067 23.
2446 4008 2608 4080 Magis
2638 4008 2827 4077 eligens
2852 4004 3005 4077 affligi
3033 4021 3145 4057 cum
3172 4005 3361 4075 populo
3384 4001 3501 4069 Dei,
3527 4021 3681 4073 quam
3705 4015 3903 4076 tempo-

2314 4102 2474 4155 raicm
2496 4105 2688 4171 peccati
2708 4098 2890 4152 habere
2900 4096 3315 4167 jucunditatem;
3339 4095 3430 4150 26.
3458 4099 3677 4166 majores
3697 4098 3902 4151 diuitias

2313 4194 2571 4248 crstimans
2600 4194 2837 4249 thesauro
2864 4193 3231 4267 (Egypt‘iorum
3264 4198 3630 4270 improperium
3665 4200 3854 4260 Christi
3875 4221 3900 4256 :

2311 4287 2585 4356 aspiciebat
2611 4288 2745 4341 enim
2790 4288 2844 4342 in
2885 4291 3360 4346 remunerationem.
3394 4292 3690 4364 Tamquam
3720 4297 3764 4350 si
3816 4298 3895 4351 eis

2310 4375 2515 4431 diceret
2545 4393 2559 4429 :
2589 4376 2757 4432 Nemo
2775 4387 3009 4433 vestrum
3039 4380 3238 4434 dimisit
3265 4382 3488 4452 regiam,
3510 4399 3732 4454 eamque
3753 4402 3890 4456 prte-

2308 4466 2993 4537 claram,ncqueejusmodi
3022 4471 3531 4544 thesauros,neque,
3556 4490 3675 4529 cum
3704 4476 3887 4530 liceret

2310 4572 2430 4611 esse
2454 4559 2613 4613 filium
2642 4562 2803 4631 regis,
2828 4560 2932 4617 hoc
2956 4563 3213 4633 despexit,
3249 4565 3384 4619 sicut
3406 4564 3528 4621 fecit
3563 4567 3777 4637 Moyses.
3818 4565 3884 4620 Et

2307 4648 2447 4716 quod
2468 4664 2570 4703 non
2586 4659 2787 4706 temere
2801 4668 2862 4706 ac
2874 4652 3059 4708 leviter
3076 4653 3880 4727 dimiserit,siguiliravitdicens:

2309 4734 2558 4805 Negavit;
2586 4740 2688 4795 hoc
2711 4754 2815 4803 est,
2845 4742 2978 4803 odit.
3009 4751 3283 4798 aversatus
3311 4756 3411 4799 est.
3443 4745 3739 4801 leoenim
3760 4761 3885 4816 pro-

2309 4830 2480 4897 posito
2500 4843 3087 4902 eratsupervacaneum
3136 4835 3386 4891 admirari
3416 4840 3614 4909 regiam
3642 4839 3884 4913 Egypti.

2376 4920 2431 4976 5.
2460 4919 2527 4974 Et
2546 4921 2671 4976 vide
2695 4938 2855 4991 quam
2881 4923 3271 4980 admirabiliter
3286 4926 3389 4981 hoc
3417 4932 3654 4998 posuerit
3675 4930 3887 4986 Paulus.

2302 5009 2419 5064 Non
2445 5010 2602 5077 dixit,
2632 5011 2864 5082 Majores
2906 5014 3118 5069 divitias
3144 5016 3417 5072 aestimans
3448 5017 3704 5074 thesauro
3724 5018 3885 5092 Egy-

2303 5100 2533 5170 ptiorum
2553 5103 2740 5154 caelum
2762 5111 2814 5156 et
2832 5119 2950 5171 qum
2964 5114 3088 5159 sunt
3109 5106 3324 5168 inlcteljs
3344 5123 3358 5170 ;
3380 5107 3473 5162 sed
3499 5108 3666 5177 quid?
3686 5107 3890 5178 Impro-

2301 5194 2499 5264 pen'um
2525 5193 2732 5248 Christi.
2771 5193 2900 5249 Nam
2944 5206 3160 5266 propter
3188 5198 3457 5253 Christum
3506 5200 3716 5268 probris
3739 5201 3881 5256 affici

2302 5284 2492 5338 melius
2521 5285 2862 5350 existimavit,
2890 5302 3047 5356 quant
3075 5301 3194 5343 esse
3226 5288 3277 5342 in
3305 5290 3486 5359 quiete
3509 5297 3564 5343 et
3591 5288 3752 5343 animi
3784 5306 3890 5349 re—

2301 5375 2554 5429 missione
2584 5394 2598 5430 :
2630 5376 2702 5430 ita
2742 5377 3048 5434 etiam-hoc
3074 5379 3246 5449 ipsum
3291 5394 3389 5449 per
3417 5395 3476 5435 se
3502 5389 3618 5434 erat
3652 5396 3884 5437 merces.

2303 5466 2470 5538 Magis
2497 5469 2687 5541 eligens
2708 5469 2863 5540 dﬂigi
2888 5487 3004 5523 cum
3027 5460 3223 5542 popqu
3243 5471 3358 5526 Dei.
3388 5471 3520 5527 Nam
3546 5488 3641 5529 vos
3669 5474 3882 5545 quidem

2300 5574 2396 5629 pro
2423 5560 2575 5615 vobis
2600 5562 2872 5632 patimini;
2897 5564 2987 5619 ille
3016 5575 3198 5620 autem
3225 5581 3322 5636 pro
3360 5567 3481 5623 aliis
3509 5567 3693 5641 elegit,
3721 5578 3773 5624 ct
3802 5568 3882 5623 lu-

2352 5678 2427 5737 (ιι)
2455 5678 2545 5729 Hic
2569 5692 2771 5740 magnus
2792 5681 2956 5730 hiat'u-z
2981 5690 3059 5732 est.
3082 5684 3132 5731 ιι
3157 5682 3293 5734 Colb.
