4202 6436
576 354 689 412 ~135

585 476 899 536 criticabant
946 481 1217 540 tamquam
1252 464 1379 519 Deo.
1436 458 1529 512 llic
1576 459 1746 511 oritur
1790 453 2045 524 qumstio,
2080 466 2180 501 cur

590 567 817 640 apostoli
841 563 1232 636 prohibuerunt
1260 554 1522 611 sacrificia
1546 593 1561 616 ,
1592 566 1686 604 sua
1718 548 2041 602 vestimenta
2092 546 2175 601 di-

595 637 896 721 sciderunt,
940 663 994 707 et
1039 666 1070 706 a
1102 659 1281 719 erepto
1321 660 1416 700 eos
1443 643 1800 707 abduxerunt,
1833 647 1888 695 et
1916 637 2179 695 ﬂeverunt

590 753 829 807 dicentes
849 791 863 812 ,
899 747 1036 812 Quid
1086 742 1252 815 facitis
1275 742 1299 795 1’
1326 748 1371 793 et
1400 754 1491 792 nos
1516 736 1756 790 mortales
1785 750 1960 790 sumus
1988 732 2180 788 similes

591 845 725 899 vobis
751 840 977 895 houtincs
1003 837 1143 907 (Act.
1176 834 1263 889 l4.
1295 833 1387 901 Μ)
1426 849 1439 885 :
1470 828 1654 884 Daniel
1681 837 1858 882 autem
1890 825 2019 881 nihil
2056 825 2180 880 fecit

593 931 921 1004 huiusmodi.
970 928 1105 984 Nam
1150 924 1294 996 quod
1328 923 1442 993 ipse
1477 934 1693 992 quoque
1733 928 1879 976 esset
1924 917 2178 983 humilis,

593 1038 643 1082 et
693 1041 799 1081 non
844 1023 1021 1077 minus
1063 1034 1223 1090 quam
1257 1016 1359 1087 ipsi
1411 1015 1521 1068 Deo
1566 1012 1785 1067 offerret
1824 1012 2086 1082 gloriam,
2115 1026 2180 1066 ex
2218 1052 2227 1063 .

593 1108 773 1171 multis
814 1113 1032 1185 quidem
1072 1119 1158 1165 est
1200 1106 1570 1177 perspicuum.
1613 1102 1842 1157 Maxime
1869 1102 2084 1172 quidem
2128 1112 2185 1157 et

595 1216 717 1263 ante
745 1204 927 1262 omnia
957 1218 1027 1259 ex
1052 1216 1117 1256 eo
1143 1198 1287 1271 quod
1315 1214 1344 1251 a
1375 1198 1486 1252 Deo
1512 1195 1829 1266 diligeretur
1859 1193 1961 1249 hoc
1990 1205 2137 1265 patet
2164 1215 2176 1250 :

600 1316 711 1360 non
732 1297 879 1353 enim
904 1297 1079 1365 ipsum
1102 1292 1194 1346 Dei
1214 1290 1473 1344 honorem
1492 1287 1590 1341 sibi
1612 1296 1955 1354 usurpanlem
1974 1286 2188 1342 sivisset

603 1392 806 1453 vivere,
838 1386 1037 1441 nedum
1066 1397 1185 1438 esse
1214 1381 1265 1435 in
1291 1380 1493 1433 honore
1521 1386 1576 1432 et
1613 1376 2008 1432 existimatione
2048 1394 2065 1433 :
2096 1393 2183 1432 se-

597 1479 774 1537 cundo
795 1487 997 1544 autem,
1025 1475 1166 1543 quod
1189 1487 1308 1526 cum
1332 1471 1495 1525 multa
1520 1468 1764 1524 libertate
1784 1468 1996 1524 dicebat
2019 1488 2029 1521 :
2055 1469 2188 1525 Mihi

595 1588 814 1643 quoque,
841 1588 869 1625 ο
886 1585 991 1634 rex,
1009 1584 1109 1621 non
1131 1563 1595 1635 insapientia,qnar
1622 1572 1696 1615 est
1720 1562 1771 1615 in
1803 1578 1899 1629 me,
1915 1563 2188 1617 revelatum

594 1668 779 1722 esthoc
806 1661 1099 1734 mysterium
1121 1657 1279 1729 (Dan.
1304 1657 1358 1711 2.
1378 1654 1467 1725 50)
1501 1673 1513 1708 :
1546 1663 1600 1709 et
1629 1655 1786 1707 tertio
1829 1670 2033 1721 rursus,
2065 1657 2187 1726 quia

596 1762 652 1815 in
686 1758 799 1812 lacu
824 1764 938 1811 erat
965 1761 1185 1824 propter
1209 1750 1371 1804 Deum
1394 1758 1481 1812 ;et
1507 1746 1717 1816 quando
1735 1746 1911 1801 cibum
1936 1749 1984 1803 ci
2011 1750 2191 1805 attulit

601 1850 860 1923 propheta
892 1863 906 1899 :
941 1844 1251 1898 Recordatus
1289 1850 1381 1906 est,
1414 1840 1615 1908 inquit,
1650 1839 1745 1892 mei
1772 1837 1913 1893 Deus
1943 1838 2105 1911 (Dan.
2135 1841 2189 1903 ιι.

595 1935 694 2007 37)
720 1951 736 1989 :
767 1934 902 1990 adeo
931 1942 1048 1990 erat
1071 1931 1287 1987 humilis
1306 1941 1359 1987 et
1380 1939 1667 1986 contritus.
1691 1929 1749 1983 ln
1779 1928 1895 1981 lacu
1924 1936 2037 1982 erat
2065 1940 2191 1994 pro-

606 2037 722 2094 pter
755 2025 918 2079 Deum
941 2065 956 2091 ,
986 2033 1039 2079 et
1063 2038 1121 2078 se
1147 2022 1418 2094 indignum
1447 2019 1793 2077 existimabat
1829 2029 1885 2073 ut
1931 2020 2048 2087 ejus
2104 2033 2188 2073 re-

594 2115 940 2181 eordaretur,
964 2124 1019 2170 et
1045 2123 1104 2169 ut
1127 2114 1492 2169 exaudiretur.
1518 2111 1625 2167 Nos
1648 2120 1826 2166 autem
1870 2125 1992 2165 cum
2035 2109 2193 2164 innu-

592 2207 883 2263 merabilia
915 2206 1241 2263 exsecranda
1286 2206 1576 2260 audeamus
1608 2204 1915 2268 admittere,
1946 2210 2002 2258 et
2029 2203 2195 2257 simus

594 2301 849 2355 omnium
867 2298 1265 2355 sceleratissimi
1290 2296 1585 2353 etmaxime
1602 2295 1940 2362 exsccrandi,
1968 2296 2014 2349 si
2039 2309 2142 2348 non
2167 2308 2195 2348 a

599 2392 788 2461 .prima
814 2392 1140 2461 precatione
1173 2390 1428 2444 fuerimus
1453 2390 1711 2455 exauditi,
1739 2387 2061 2443 recedimus.
2089 2388 2195 2441 Rc-

610 2499 740 2538 vera
768 2484 999 2537 multum
1032 2484 1173 2536 inter
1202 2481 1322 2535 illos
1353 2491 1403 2534 et
1433 2496 1532 2536 nos
1560 2481 1807 2547 interest,
1836 2490 2092 2549 quantum
2121 2480 2198 2533 in-

613 2589 694 2633 ter
732 2577 920 2633 cadum
965 2586 1021 2629 ot
1051 2584 1245 2630 terram
1269 2615 1284 2637 ,
1313 2583 1365 2629 et
1411 2573 1453 2627 si
1488 2574 1613 2642 quid
1654 2582 1739 2627 est
1778 2573 2027 2643 amplius.
2062 2573 2200 2641 Quid

612 2669 791 2724 dicis?
820 2677 937 2738 post
973 2676 1080 2720 tam
1126 2666 1294 2720 multa
1324 2676 1468 2719 recte
1496 2674 1550 2719 et
1581 2666 1837 2735 prmelare
1863 2676 2009 2736 gesta
2031 2707 2048 2731 ,
2082 2676 2204 2737 post

616 2759 933 2815 miraculum
985 2759 1035 2811 in
1084 2758 1201 2811 lacu
1244 2755 1649 2823 iactum,adeo
1689 2758 1943 2814 humilem
1986 2770 2036 2816 te
2084 2776 2204 2817 esse

617 2852 936 2909 existimas?
961 2849 1154 2914 Certe,
1204 2850 1409 2920 inquit,
1458 2866 1581 2905 nam
1621 2868 1974 2924 qumcumque
2014 2853 2205 2910 feceri-

617 2962 773 3008 mus,
804 2944 945 3000 servi
987 2942 1203 2997 inutiles
1244 2957 1433 2998 sumus
1470 2942 1622 3014 (Luc.
1666 2944 1756 2999 .l7.
1800 2945 1915 3013 10).
1960 2945 2034 3000 lta
2081 2958 2206 3002 ante

619 3037 838 3107 longum
869 3045 1080 3106 tempus
1110 3035 1356 3105 implevit
1377 3035 1745 3105 evangelicum
1778 3044 2127 3107 prmc‘eptum,
2152 3050 2207 3096 et

619 3145 680 3183 se
713 3128 843 3183 nihil
871 3128 1236 3183 existimabat.
1273 3125 1412 3181 Deus
1432 3168 1446 3191 ,
1474 3126 1782 3198 inquiebat,
1807 3130 1914 3184 .mei
1943 3141 2014 3185 est
2034 3149 2207 3186 recor-

622 3224 794 3276 datus.
833 3222 961 3291 Ejus
1010 3234 1197 3275 rursus
1223 3220 1395 3274 oratio
1425 3219 1546 3274 vide
1574 3229 1770 3291 quanta
1812 3221 1965 3290 plena
2010 3223 2080 3279 sit
2106 3223 2208 3279 hu-

624 3314 888 3370 militate?
912 3313 1001 3369 Sic
1025 3322 1081 3369 et
1103 3322 1214 3368 tres
1241 3312 1393 3382 pueri
1421 3311 1671 3366 dicebant
1698 3329 1712 3365 :
1738 3309 2209 3381 Peccavinms,ini-

622 3423 720 3477 que
758 3409 953 3478 egimus
981 3398 1203 3475 (Dan.3.
1246 3403 1375 3473 29);
1424 3412 1478 3457 et
1500 3402 1696 3474 ubique
1722 3419 1875 3459 suam
1921 3407 2215 3465 ostendunt

628 3500 1002 3555 humilitatem.
1028 3498 1187 3567 Atqui
1219 3496 1403 3550 Daniel
1426 3495 1653 3551 habebat
1678 3496 2097 3557 innumerabiles
2125 3504 2214 3558 sui

628 3591 918 3647 esttillendi
946 3590 1294 3653 occasiones,
1330 3587 1425 3642 sed
1463 3588 1668 3643 sciebat
1697 3588 1841 3658 quod
1887 3591 2001 3647 haec
2037 3594 2214 3648 omnia

631 3684 680 3739 ei
702 3686 927 3740 aderant
955 3698 1023 3738 eo
1049 3681 1192 3753 quod
1231 3695 1337 3735 non
1374 3679 1747 3746 extolleretur,
1775 3697 1875 3737 nec
1909 3682 2216 3741 thesaurum

630 3777 891 3846 corrupit.
908 3774 1040 3829 Nam
1059 3773 1198 3844 apud
1222 3787 1410 3828 omnes
1425 3770 1669 3827 homines
1684 3772 1805 3827 etin
1825 3775 2074 3831 universo
2089 3778 2219 3834 orbe

635 3883 900 3924 terrarum
931 3882 1036 3922 non
1064 3875 1284 3935 propter
1312 3863 1425 3917 hmc
1446 3863 1618 3918 solum
1651 3863 2055 3935 dccantabatnr,
2077 3867 2220 3939 quod

633 3977 727 4016 rex
753 3960 805 4014 in
830 3957 1022 4013 faciem
1044 3954 1336 4025 prociderit
1358 3952 1469 4007 etei
1497 3953 1761 4022 libavcrit,
1781 3954 1874 4011 sed
1899 3958 2040 4029 quod
2064 3958 2220 4014 deum

635 4071 758 4111 eum
776 4052 1164 4110 existimaverit
1196 4051 1260 4114 is,
1292 4050 1383 4121 qui
1421 4049 1615 4121 ubique
1652 4038 1913 4108 terrarum
1954 4063 2223 4125 tamquam

637 4149 771 4203 deus
817 4144 1202 4200 bonorabatnr.
1244 4143 1377 4198 Nam
1432 4142 1628 4213 ipsein
1686 4145 1988 4200 universam
2030 4156 2226 4212 terram

639 4239 918 4296 obtinebat
968 4234 1297 4291 dontinatum
1338 4235 1427 4289 :id
1472 4236 1615 4305 quod
1660 4245 1743 4291 est
1786 4238 2123 4306 perspicuum
2162 4254 2229 4294 ex

640 4330 871 4387 Jeremia
896 4346 907 4381 :
932 4327 1032 4393 Qui
1063 4337 1268 4393 terram,
1294 4326 1482 4397 inquit,
1505 4327 1669 4380 induit
1691 4337 1944 4396 tamquam
1970 4330 2233 4385 vestimen-

645 4436 750 4479 tum
794 4423 924 4495 (λον.
963 4421 1053 4475 27.
1093 4418 1234 4493 6);et
1262 4419 1578 4491 rttrsus:Ego
1606 4436 1717 4473 eum
1739 4421 1855 4473 dedi
1881 4419 2231 4477 Nabuchodo-

644 4530 1099 4572 nosorsert'omeo.
1128 4513 1266 4567 Etex
1295 4513 1359 4565 iis
1372 4528 1489 4583 qua:
1508 4512 1692 4568 scribit
1715 4511 1814 4565 hoc
1843 4528 2025 4567 rursus
2046 4514 2233 4584 liquet,

646 4611 793 4679 quod
818 4619 925 4659 non
954 4601 1129 4655 solum
1156 4596 1268 4653 illic
1298 4595 1390 4652 ubi
1413 4602 1548 4655 erat,
1581 4589 1882 4643 habebatur
1908 4586 1959 4638 in
1989 4587 2217 4636 admira~

649 4677 816 4765 tione,
853 4700 948 4751 sed
988 4693 1150 4748 etiam
1184 4690 1401 4759 ubique,
1432 4694 1485 4740 et
1523 4682 1697 4751 major
1735 4677 2037 4767 habebatur
2065 4688 2224 4745 quam

646 4787 694 4843 si
726 4791 1021 4858 prasentes
1044 4798 1166 4840 eum
1206 4780 1471 4833 vidissent
1510 4774 1734 4841 reliqum
1764 4762 1983 4841 gentes,
2011 4762 2227 4836 quando

644 4856 810 4935 etiam
832 4876 1004 4931 literis
1030 4873 1349 4930 servitutem
1381 4865 1667 4922 confessus
1688 4871 1774 4918 est
1797 4870 1851 4915 et
1878 4856 2225 4913 miraculum.

648 4970 753 5027 Sed
776 4986 968 5025 rursus
991 4967 1290 5022 habebatur
1314 4962 1367 5015 in
1391 4957 1752 5019 admiratione
1774 4961 1995 5025 propter
2015 4951 2229 5021 sapien-

647 5065 801 5117 tiam.
829 5059 974 5115 Nam
1001 5069 1057 5112 tu
1085 5074 1163 5122 es,
1203 5053 1403 5124 inquit,
1430 5051 1721 5120 sapientior
1756 5045 1969 5103 Daniele
2004 5041 2223 5115 (Ezech.

584 5198 595 5205 ,
644 5155 734 5210 28.
767 5154 856 5222 3)?
885 5155 949 5208 Et
996 5161 1117 5221 post
1164 5149 1279 5202 haec
1316 5145 1500 5200 omnia
1544 5141 1681 5196 adeo
1717 5149 1833 5196 erat
1877 5137 2129 5201 liumilis,
2169 5143 2228 5190 ut

649 5246 844 5301 millies
877 5253 1098 5313 propter
1128 5237 1416 5293 Dominum
1447 5242 1593 5290 esset
1622 5233 1938 5287 moriturus.

627 5334 637 5406 ᾖ
715 5336 768 5390 5.
801 5335 911 5388 Cur
936 5347 1086 5401 ergo,
1110 5344 1234 5383 cum
1271 5332 1415 5381 esset
1454 5323 1588 5379 adeo
1615 5322 1857 5385 humilis,
1888 5333 1997 5373 non
2024 5315 2225 5386 repulit

647 5441 825 5495 neque
849 5423 994 5493 regis
1023 5418 1393 5474 adorationem
1412 5457 1426 5479 ,
1451 5431 1626 5484 neque
1656 5410 1949 5469 libamina?
1981 5407 2093 5463 Hoc
2114 5422 2224 5461 non

646 5518 855 5585 dicam;
880 5513 1011 5568 mihi
1036 5510 1180 5566 enim
1205 5508 1399 5568 snliicit
1422 5510 1597 5564 solum
1620 5508 1799 5562 dicere
1821 5502 2175 5577 quaestionem
2203 5514 2220 5555 :

1300 348 1355 403 S.
1396 340 1676 402 JOANNlS
1710 333 2176 393 CIIRYSOSTOMI
2218 332 2535 388 ARCIIIEP.
2575 329 3109 388 CONSTANTINOP.

3776 327 3863 379 Hi

2295 458 2439 529 quod
2477 458 2742 529 reliqumn
2780 467 2863 510 est
2903 454 3058 510 vobis
3094 452 3330 519 dimitto,
3350 462 3408 507 ut
3431 452 3510 506 vel
3533 452 3616 505 sic
3639 461 3865 505 ment-ur

2295 561 2529 606 vestram
2550 550 2800 606 excitem.
2818 546 2951 602 Illud
2970 562 3100 603 vero
3122 561 3337 612 moueo,
3357 553 3415 599 ut
3444 545 3627 597 omnia
3653 552 3868 614 propter

2292 641 2385 699 Dei
2425 646 2673 700 timorem
2713 644 2947 713 eligatis,
2967 658 3089 698 eum
3115 642 3241 696 talia
3265 639 3509 694 habeatis
3529 637 3798 706 exempla,
3818 646 3866 691 et

2285 735 2431 806 quod
2452 746 2604 791 certo
2623 751 2685 791 ea
2703 751 2920 806 quoque
2936 749 3057 804 qua:
3076 735 3165 787 hic
3181 742 3309 787 sunt
3329 746 3708 801 assequemur,
3727 729 3771 784 si
3793 728 3871 782 fu-

2286 836 2409 881 tura
2429 828 2644 883 sincere
2666 826 3163 897 apprehendamus.
3201 823 3335 877 Nam
3359 824 3504 894 quod
3530 823 3635 876 hoc
3656 837 3767 875 nou
3793 822 3871 875 fe-

2284 919 2423 974 cerit
2441 934 2507 974 ex
2530 919 2868 990 arrogantia,
2898 917 3246 988 perspicuum
3271 926 3355 970 est
3377 932 3442 970 ex
3464 930 3529 969 eo
3549 912 3696 985 quod
3718 914 3873 968 dive-

2287 1010 2538 1077 rit,Dona
2558 1019 2649 1063 tua
2671 1012 2775 1063 sint
2797 1010 2890 1062 tibi
2912 1008 3072 1077 (Dan.
3091 1008 3145 1061 5.
3166 1007 3278 1075 l7).
3295 1006 3505 1061 Etenim
3528 1015 3609 1060 est
3628 1004 3743 1059 haec
3766 1004 3871 1057 alia

2284 1101 2450 1155 etiam
2474 1104 2726 1171 quaestio,
2748 1099 3023 1171 quomodo
3045 1098 3224 1152 verbis
3249 1097 3534 1168 repellens,
3554 1096 3712 1151 factis
3735 1094 3872 1165 ipsis

2282 1193 2546 1250 honorem
2584 1194 2844 1264 suscepit,
2879 1201 2933 1247 et
2971 1202 3221 1262 torquem
3262 1190 3517 1262 gestavit.
3538 1188 3604 1242 Et
3623 1187 3867 1243 Herodes

2280 1288 2500 1359 quidem
2526 1302 2650 1343 cum
2671 1283 3042 1349 audisset,Est
3058 1298 3156 1337 eoa:
3169 1281 3286 1346 Dei,
3300 1290 3349 1335 et
3367 1297 3469 1334 non
3483 1280 3707 1334 hominis
3721 1277 3863 1350 (Act.

2280 1381 2369 1435 i2.
2396 1379 2512 1450 22),
2537 1380 2797 1449 quoniam
2823 1393 2931 1432 non
2955 1376 3104 1431 dedit
3128 1375 3356 1445 gloriam
3395 1371 3527 1435 Deo,
3550 1372 3782 1441 crepuit,
3812 1381 3865 1425 et

2275 1470 2449 1528 effusa
2476 1479 2605 1526 Sunt
2629 1471 2837 1525 viscera
2860 1469 3113 1538 cjns:hie
3135 1473 3315 1521 autem
3339 1466 3501 1520 etiam
3531 1464 3623 1518 Dei
3646 1467 3864 1520 a.!misit

2278 1566 2564 1627 honorem,
2591 1578 2700 1616 non
2726 1562 2891 1617 verba
2920 1570 3153 1615 tantum.
3195 1558 3300 1614 Sed
3330 1574 3553 1616 necesse
3575 1568 3660 1613 est
3680 1558 3863 1613 dicere

2274 1655 2536 1725 quidnam
2574 1655 2676 1709 hoc
2705 1654 2797 1709 sit.
2826 1652 2939 1708 lllie
2966 1652 3186 1723 quidem
3227 1650 3477 1705 homines
3509 1652 3560 1705 in
3598 1650 3859 1719 majorem

2274 1747 2547 1803 cadebant
2581 1746 2968 1811 idololatriam,
3002 1745 3089 1799 hic
3116 1751 3298 1799 autem
3326 1759 3434 1799 non
3466 1743 3674 1798 itidem.
3708 1742 3858 1809 Quo-

2275 1839 2467 1894 modo?
2496 1837 2632 1893 Nam
2664 1837 2810 1909 quod
2839 1838 2928 1893 hic
2955 1839 3302 1893 existimatus
3325 1845 3471 1893 esset
3491 1837 3639 1902 talis,
3670 1837 3735 1892 ad
3763 1836 3856 1891 Dei

2274 1931 2534 1986 honorem
2586 1930 2931 2002 pertinebat;
2981 1946 3106 1986 nam
3147 1939 3435 2001 prepterea
3470 1928 3624 1999 prius
3657 1929 3793 1983 dixit
3844 1946 3862 1982 ι.

2277 2018 2409 2072 Mihi
2433 2029 2602 2072 autem
2624 2034 2723 2073 non
2745 2035 2797 2071 in
2821 2017 3090 2088 sapientia,
3114 2032 3229 2084 quia
3256 2017 3411 2071 estin
3440 2032 3519 2070 me
3536 2056 3551 2081 ,
3571 2017 3849 2069 revelatum

2275 2119 2350 2163 est
2374 2108 2536 2181 (Dan.
2564 2109 2621 2163 2.
2654 2108 2766 2180 '50).
2798 2109 3046 2178 Alioquin
3077 2124 3176 2162 nec
3215 2108 3454 2161 cernitur
3493 2104 3781 2161 admittere
3799 2105 3877 2169 lix

2275 2202 2488 2257 bamina
2517 2220 2530 2255 :
2560 2203 2696 2257 dixit
2737 2203 2879 2256 enim
2902 2243 2918 2268 ,
2973 2202 3177 2271 inquit,
3223 2199 3365 2271 quod
3395 2206 3611 2270 oportet
3657 2197 3825 2255 libare
3846 2240 3862 2265 ,

2276 2297 2498 2353 minime
2524 2304 2701 2351 autem
2729 2303 2812 2349 est
2851 2295 3191 2349 manifestum
3216 2291 3359 2363 quod
3398 2308 3487 2347 res
3526 2289 3757 2345 deducta
3798 2290 3868 2344 sit
3896 2326 3901 2329 -

2274 2388 2341 2442 ad
2368 2386 2640 2443 etl'ectum.
2673 2387 2783 2441 lllie
2811 2402 2940 2440 vero
2969 2385 3312 2440 adduxerunt
3362 2391 3543 2437 tauros
3583 2389 3640 2436 ut
3669 2379 3867 2434 immo-

2286 2479 2460 2534 larent
2486 2495 2501 2532 :
2528 2487 2585 2534 et
2613 2479 2874 2532 vocabant
2900 2477 3125 2532 alterum
3155 2474 3368 2546 quidem
3390 2474 3611 2540 Jovem,
3639 2473 3870 2528 alterum

2288 2584 2419 2625 vero
2443 2568 2787 2624 Mercurium.
2816 2568 3082 2639 'l‘orquem
3107 2576 3285 2623 autem
3309 2565 3544 2631 admisit,
3578 2573 3636 2620 ut
3661 2579 3719 2619 se
3741 2563 3869 2618 red-

2282 2662 2435 2715 deret
2485 2659 2865 2726 manil‘estum;
2910 2660 3140 2713 libamen
3196 2669 3374 2713 autem
3404 2672 3500 2711 cur
3540 2672 3646 2710 non
3675 2652 3869 2709 dicitur

2284 2752 2585 2822 repellere?
2606 2752 2812 2807 Etenim
2832 2752 2939 2806 illic
2956 2767 3058 2806 non
3082 2752 3339 2815 fecerunt,
3359 2748 3455 2805 sed
3470 2748 3705 2825 aggressi
3724 2756 3866 2810 sunt,

2283 2853 2338 2899 et
2380 2844 2769 2915 prohibuerunt
2815 2844 3041 2913 apostoli
3078 2862 3091 2897 :
3137 2841 3487 2914 quamobrem
3530 2839 3618 2894 hic
3659 2851 3873 2907 quoque

2281 2937 2564 3007 Oportebat
2602 2938 2782 2991 statim
2829 2936 3089 3006 repellere
3119 2952 3132 2989 :
3162 2942 3218 2989 et
3239 2934 3348 2987 illic
3373 2940 3517 2987 totus
3559 2939 3670 2986 erat
3699 2944 3872 3001 popu-

2284 3030 2384 3094 lus,
2414 3029 2501 3083 hic
2523 3038 2703 3084 autem
2729 3037 3006 3099 tyrannus.
3038 3025 3147 3081 Cur
3169 3040 3298 3095 ergo
3326 3039 3452 3080 eum
3477 3022 3544 3077 ab
3570 3022 3659 3077 illa
3685 3035 3743 3076 re
3761 3036 3866 3073 non

2282 3119 2604 3182 abduxerit,
2638 3119 2747 3173 dixi
2778 3129 2933 3173 antea
2958 3161 2973 3185 ,
3005 3117 3147 3189 quod
3198 3133 3304 3172 non
3355 3115 3558 3170 libabat
3604 3123 3872 3181 tamquam

2284 3212 2386 3267 deo
2415 3211 2482 3267 ad
2515 3210 2862 3267 evertendam
2915 3211 3260 3279 religionem,
3307 3208 3402 3263 sed
3450 3216 3669 3278 propter
3704 3204 3877 3272 majus

2286 3303 2622 3357 miraculum.
2663 3301 2982 3370 Quomodo?
3011 3301 3237 3371 Propter
3286 3300 3451 3354 Deum
3484 3298 3608 3354 fecit
3644 3296 3875 3352 edictum

2286 3410 2408 3448 eum
2458 3393 2739 3448 Dominum
2788 3390 3052 3448 confitens
3098 3390 3265 3444 :ideo
3317 3390 3432 3460 ejus
3461 3389 3721 3442 honorem
3772 3400 3876 3438 non

2286 3485 2582 3541 auferebat.
2613 3484 2886 3540 llliautem
2919 3500 3021 3539 non
3050 3482 3128 3537 sic
3147 3526 3161 3551 ,
3186 3482 3279 3538 sed
3305 3484 3451 3554 ipsos
3477 3480 3730 3552 putabant
3759 3492 3881 3534 es.~e

2286 3580 2418 3634 deos
2449 3599 2459 3633 :
2497 3588 2777 3648 propterea
2798 3578 3159 3647 repellebant.

2360 3672 2462 3728 Cur
2487 3672 2675 3726 Daniel
2700 3672 2795 3726 sibi
2838 3672 3062 3725 oblatum
3097 3669 3314 3724 libamen
3363 3667 3569 3721 admisit
3604 3674 3650 3719 et
3677 3681 3743 3717 an
3786 3662 3886 3714 ad-

2291 3765 2498 3818 miserit.
2529 3793 2601 3803 —
2630 3763 2724 3816 llic
2745 3770 2924 3816 autem
2952 3776 3072 3815 eum
3104 3759 3407 3825 adorasset,
3438 3767 3561 3812 tunc
3591 3757 3691 3810 hoc
3718 3753 3881 3809 facit:

2293 3872 2397 3911 non
2440 3856 2581 3910 enim
2627 3869 2749 3909 eum
2808 3853 3051 3908 adoravit
3100 3860 3366 3921 tamquam
3395 3849 3577 3915 deum,
3608 3846 3701 3902 sed
3747 3855 3887 3899 tam-

2291 3962 2449 4017 quam
2508 3945 2779 3999 hominem
2835 3944 3153 4012 sapientem.
3200 3940 3305 3996 Sed
3379 3954 3477 3993 nec
3527 3946 3731 3992 cerlmn
3806 3944 3891 3989 est

2295 4037 2435 4107 quod
2465 4035 2705 4091 libaverit
2734 4052 2749 4089 :
2776 4033 2928 4102 Quod
2956 4033 3001 4087 si
3042 4033 3202 4089 etiam
3245 4031 3460 4098 libavit,
3490 4028 3671 4083 libavit
3697 4026 3747 4081 id
3782 4042 3890 4081 non

2293 4128 2617 4199 suscipiente
2648 4126 2885 4182 Daniele.
2917 4125 3083 4193 Quid,
3120 4123 3261 4193 quod
3291 4122 3450 4178 etiam
3480 4121 3649 4190 ipsum
3682 4117 3893 4172 vocavit
3962 4170 3983 4181 κ

2297 4223 2536 4278 Baltasar
2563 4221 2729 4291 ipsius
2755 4219 2838 4273 dei
2885 4231 3080 4271 nomen
3106 4216 3130 4267 ?
3176 4215 3251 4268 lta
3282 4213 3413 4270 deos
3446 4226 3572 4267 suos
3597 4210 3730 4265 nihil
3776 4225 3888 4262 ma-

2294 4330 2456 4387 gnum
2505 4310 2911 4373 existimabant,
2939 4323 3060 4364 eum
3107 4306 3267 4362 etiam
3300 4302 3569 4373 captivum
3595 4301 3673 4356 sie
3728 4314 3884 4353 voea-

2300 4417 2379 4462 ret
2405 4404 2495 4473 qui
2525 4417 2713 4459 omnes
2753 4400 2976 4472 jubebat
3004 4398 3201 4452 variam
3223 4407 3275 4452 et
3296 4392 3643 4463 multiplicem
3667 4390 3891 4445 adorare

2302 4500 2587 4569 imaginem
2609 4536 2625 4564 ,
2670 4505 2721 4551 et
2751 4494 2841 4564 qui
2866 4492 3077 4549 colebat
3105 4491 3392 4547 draconem
3417 4495 3510 4569 :_et
3537 4494 3692 4569 erant
3720 4482 3889 4569 Baby-

2317 4595 2447 4653 lcnii
2471 4594 2630 4663 longe
2659 4587 2985 4643 amentiores
3011 4581 3078 4636 iis
3102 4577 3197 4650 qui
3237 4581 3392 4630 erant
3439 4562 3650 4663 by-stris
3676 4579 3690 4615 :

2318 4690 2503 4741 obrem
2529 4645 2634 4737 uda
2663 4679 2858 4735 licebat
2895 4690 2990 4730 eos
3018 4671 3198 4728 statim
3221 4666 3287 4721 ad
3311 4664 3414 4718 hoc
3440 4656 3723 4715 inducere.
3744 4645 3903 4701 Multa

2318 4788 2577 4849 praeterea
2627 4774 2731 4829 dici
2768 4777 2992 4842 possunt
3020 4808 3035 4835 ,
3081 4762 3178 4820 sed
3229 4759 3444 4816 interim
3476 4741 3908 4849 hare-sufficiunt.

2318 4841 2373 4929 Si
2430 4885 2559 4942 ergo
2615 4841 2862 4922 volumus
2911 4864 3091 4916 omnia
3151 4856 3289 4910 bona
3349 4841 3653 4942 consequi;
3707 4844 3908 4941 quaera-

2322 4982 2441 5023 mus
2490 4929 2612 5036 qua:
2658 4959 2727 5016 ad
2778 4958 2945 5012 Deum
2975 4950 3268 5022 pertinent.
3300 4943 3451 4999 Sicut
3478 4936 3622 5036 enim
3651 4929 3917 5036 qui-qum:

2460 5018 2581 5134 qua:
2607 5062 2733 5113 sunt
2757 5046 2960 5111 mundi,
2978 5018 3053 5098 iet
3081 5041 3164 5095 his
3192 5046 3247 5093 et
3270 5032 3382 5134 illis
3405 5026 3668 5085 excidunt
3690 5018 3922 5134 :‘it‘a-qpi

2319 5120 2645 5233 priaponunt
2668 5159 2789 5216 qua:
2821 5139 2891 5195 ad
2933 5137 3100 5192 Deum
3142 5127 3423 5202 Ρονιίηθηί
3445 5163 3482 5233 ’Δ
3506 5125 3734 5233 ait”?

2322 5198 2584 5327 addatur.
2616 5198 2701 5296 Ne:
2717 5250 2844 5306 ergo
2869 5232 2986 5286 inec
3016 5233 3324 5297 quxeramus
3346 5259 3362 5284 ,
3391 5211 3485 5270 sed
3513 5209 3604 5327 il‘la
3633 5223 3647 5259 :
3674 5211 3735 5327 ul:
3753 5198 3922 5299 etiam

3225 5313 3238 5326 ⁸
3296 5307 3366 5327 nL
3381 5307 3472 5327 —9-‘
3487 5321 3510 5327 ιι
3570 5313 3662 5327 Δια-ι
3740 5304 3922 5327 Λιιῃιηη

2326 5294 2466 5405 Boiis
2496 5334 2764 5413 promissa
2780 5294 3209 5394 consequamur,
3225 5313 3279 5369 in
3295 5307 3514 5365 Christo
3536 5299 3665 5358 Jesu
3693 5294 3929 5352 Domino

2333 5450 2540 5499 ιξοειιοο.
