4202 6506
416 395 515 447 183

1282 403 1346 461 IN
1369 406 1613 514 .'
1645 409 1736 506 AD
1774 410 2136 512 UEBRAEOSK.
2176 419 2330 475 CAP.
2377 421 2466 480 XI.
2510 427 2738 486 HOMIL.
2789 432 2996 491 XXVII.

3639 439 3740 492 186

406 764 600 843 Cani
620 767 663 821 I.
695 782 746 820 v.
776 767 871 825 28.
905 766 1039 823 Fide
1063 771 1332 825 celebravit
1362 773 1556 841 pascha
1582 783 1629 827 et
1657 771 1926 843 sanguinis
1953 773 2028 840 ef-

484 840 779 931 fusionem,
823 877 888 916 ne
923 862 1009 932 qui
1045 859 1281 918 'vastabat
1320 864 1609 936 primitiva,
1656 840 1882 936 tartperet
1919 881 2025 920 eos.

479 947 578 1029 29.
607 950 741 1024 Fide
761 956 1072 1010 transierunt
1094 973 1235 1012 mare
1263 955 1511 1024 Rubrum,
1537 968 1796 1030 tamquam
1817 976 1908 1028 per
1929 960 2027 1014 ari-

475 1045 601 1098 dam
646 1045 835 1100 ierram
864 1049 1044 1117 :quod
1080 1050 1276 1120 experti
1315 1048 1578 1121 ﬂgyptii,
1620 1051 1844 1105 devorati
1883 1061 2021 1106 sunt.

474 1129 587 1193 50.’
620 1135 755 1193 Fide
795 1140 932 1194 muri
973 1138 1183 1196 Jericho
1228 1151 1547 1209 corruerunt,
1575 1145 1794 1199 circuitu
1822 1145 2024 1200 dierum

473 1221 693 1300 septem.
721 1231 810 1289 51.
851 1232 986 1288 Fide
1016 1231 1198 1288 Rahab
1228 1237 1469 1292 meretrix
1496 1254 1598 1292 non
1627 1240 1776 1309 periit
1805 1255 1918 1294 cum
1943 1240 2024 1294 in-

474 1324 726 1391 credulis,
751 1326 1012 1398 excipiens
1041 1329 1391 1396 exploratores
1411 1341 1530 1387 cum
1560 1349 1706 1404 pace.
1740 1337 1744 1350 ⁵

469 1419 526 1472 1.
561 1415 728 1473 Multa
756 1419 896 1476 solet
923 1421 1122 1478 Paulus
1152 1424 1437 1496 interjecta
1464 1429 1695 1498 probare
1722 1443 1786 1485 ac
1813 1432 2018 1486 confir-

391 1527 573 1577 mare,
606 1499 776 1568 etest
800 1511 993 1570 creber
1017 1515 1326 1574 sententiis.
1364 1519 1508 1576 Talis
1541 1523 1684 1577 enim
1711 1513 1811 1579 est
1844 1527 2017 1596 gratia

393 1597 638 1674 Spiritus
669 1621 683 1660 :
713 1603 904 1662 nonin
929 1609 1224 1665 verborum
1248 1613 1590 1672 multitudine
1615 1619 1855 1675 continet
1885 1629 2018 1693 pau-

386 1691 488 1753 cos
513 1713 734 1765 sensus,
759 1701 852 1757 sed
880 1701 934 1757 in
965 1701 1254 1760 verborum
1279 1705 1542 1765 brevitate
1567 1711 1792 1768 multam
1817 1723 1870 1770 et
1889 1691 2012 1771 ima-

385 1805 555 1858 gnam
608 1790 747 1846 indit
796 1790 1228 1865 intelligentiam.
1278 1796 1410 1854 Vide
1453 1815 1623 1871 ergo,
1672 1809 1794 1859 com
1845 1806 2014 1862 instar

385 1879 793 1938 adherlationis
821 1884 890 1940 de
921 1885 1028 1941 ﬁde
1056 1886 1383 1956 dissereret,
1415 1892 1570 1962 cujus
1600 1894 1785 1964 ﬁgura:
1811 1906 1864 1952 et
1893 1914 2013 1970 my-

384 1977 547 2031 sterii
581 1979 895 2046 admoneat,
926 1981 1080 2051 cujus
1109 1981 1372 2040 habemus
1395 1987 1702 2046 veritatem.
1734 1988 1888 2056 Fide,
1923 1991 2008 2047 iu-

384 2072 531 2142 quit,
567 2061 838 2127 celebravit
868 2071 1076 2128 Pascha
1107 2086 1152 2129 et
1180 2079 1446 2149 sanguinis
1474 2079 1794 2152 e/fusionem,
1830 2099 1894 2139 ne
1921 2087 2012 2154 qui

385 2161 624 2250 t-astulrat
658 2158 998 2235 primogenita
1021 2183 1105 2221 eos
1129 2179 1375 2240 tangeret.
1398 2171 1478 2246 (a)
1512 2172 1648 2242 Quid
1673 2180 2010 2250 est'Sangui-

393 2241 481 2308 nis
503 2243 739 2312 effusio?
779 2247 968 2329 Agnus
996 2241 1416 2316 sacriﬁeabaturﬁ
1440 2241 1490 2317 in
1532 2241 1771 2336 aedibus,
1799 2241 2008 2327 et's'au4

396 2351 518 2418 guis
540 2345 653 2420 ejus
677 2347 991 2406 illinebatur
1017 2351 1283 2423 pestibus,
1309 2364 1365 2410 et
1390 2355 1492 2411 hoc
1518 2369 1633 2413 erat
1662 2378 1769 2432 quo
1799 2367 2008 2422 munie-

397 2433 887 2512 batur‘IEgypliUS
935 2440 1207 2497 interitus.
1254 2443 1312 2500 Si
1344 2447 1485 2517 ergo
1525 2451 1745 2519 Sanguis
1785 2454 1908 2523 agni
1957 2456 2008 2509 in

391 2533 572 2592 medio
601 2533 985 2606 Egyptiorum
1017 2543 1073 2590 et
1115 2535 1170 2590 iu
1205 2545 1354 2592 tanto
1393 2541 1558 2596 exitio
1599 2534 1796 2600 illaesos
1830 2556 2012 2603 custo-

386 2631 573 2687 diebat
601 2625 824 2687 Iudaeos
844 2671 860 2697 ,
898 2631 1071 2684 multo
1098 2631 1270 2701 magis
1297 2648 1396 2687 nos
1422 2637 1767 2693 conservabit
1791 2643 2011 2712 sanguis

383 2724 613 2802 Christi,
646 2721 818 2779 illitus
841 2738 948 2778 non
979 2725 1258 2793 postibus,
1295 2726 1392 2781 sed
1428 2729 1629 2785 nostris
1655 2725 1850 2788 animis
1879 2733 2009 2790 :‘et-

380 2794 532 2871 c'nim
563 2797 712 2870 nunc
743 2829 958 2885 quoque
989 2815 1079 2885 qui
1109 2825 1283 2870 vastat
1312 2826 1366 2872 et
1393 2820 1592 2888 perdit,
1624 2815 1675 2877 in
1708 2823 1808 2880 hac
1830 2826 2008 2883 media

378 2919 546 2964 nocte
573 2903 788 2963 circuit.
819 2908 927 2964 Sed
952 2924 1230 2964 armentur
1250 2910 1343 2964 illo
1368 2913 1654 2970 sacriﬁcio.
1691 2916 2005 2978 chtionem

376 3011 545 3058 vocat
576 3000 900 3057 effusionem
934 3019 946 3057 :
973 3018 1037 3056 ex
1067 3001 1304 3074 Aigypto
1330 3004 1474 3060 enim
1505 3022 1605 3062 nos
1631 3009 1818 3066 eduxit
1842 3013 2008 3084 Deus,

376 3111 412 3151 e
446 3084 718 3161 tenebris,
748 3109 819 3149 ex
851 3091 1180 3149 idololatria.
1212 3096 1372 3166 Atqui
1395 3099 1539 3168 quod
1563 3099 1762 3158 factum
1787 3106 2005 3176 quidem

376 3177 504 3254 fuit,
533 3175 684 3243 nihil
725 3197 872 3254 erat;
920 3188 1063 3258 quod
1087 3191 1287 3245 autem
1321 3189 1451 3248 hinc
1483 3175 1883 3265 perﬁciebatur,
1917 3217 2007 3258 res

376 3267 601 3352 mag'na.
629 3272 763 3334 Nam
789 3279 936 3351 quod
967 3279 1166 3337 factum
1194 3281 1413 3352 quidem
1446 3279 1576 3354 fuit,
1605 3297 1722 3345 erat
1749 3296 2007 3363 sanguis;

373 3373 528 3444 quod
557 3381 744 3428 autem
772 3371 1127 3440 efficiebatur,
1152 3377 1300 3431 salus
1325 3381 1390 3432 et'
1411 3379 1707 3436 obstructio
1735 3399 1796 3440 ac
1823 3388 2009 3456 prohi-

375 3454 542 3521 bitio”
572 3464 849 3521 interitus.
888 3465 1094 3520 Timuit
1133 3470 1450 3539 sanguinem
1496 3475 1752 3544 angelus;
1804 3454 2008 3538 sciebat

371 3551 529 3615 enim
575 3559 730 3640 cujus
778 3543 936 3615 esset
972 3561 1162 3632 typus;
1215 3563 1458 3633 h‘orruit,
1507 3555 1737 3625 mortem
1792 3572 2007 3631 Domini

371 3642 631 3734 uigilans
667 3668 680 3704 :
709 3652 994 3721 prtipterea
1024 3669 1130 3706 non
1160 3655 1412 3726 tangebat
1439 3668 1641 3726 postes.
1678 3661 1828 3717 Dixit
1856 3665 2010 3738 Moy-

373 3729 784 3814 ses,'Ungite;
844 3751 901 3798 et
946 3750 1249 3814 unxerunt,
1299 3745 1624 3822 fueruntque
1673 3729 2008 3815 confidentes

372 3845 433 3891 et
465 3828 670 3890 securi.
703 3836 811 3891 Vos
838 3845 1019 3892 autem
1047 3838 1217 3909 ipsius
1235 3841 1356 3910 agni
1379 3841 1642 3900 habentes
1665 3851 2004 3922 sanguinem,

371 3946 490 3985 non
524 3925 834 3984 conﬁditis?
880 3924 1014 3984 Fide
1052 3934 1364 3989 transierunt
1394 3953 1535 3992 mare
1565 3939 1833 4011 Rubrum,
1869 3954 2005 4000 tant-

368 4038 537 4094 quam
565 4037 656 4093 per
681 4021 882 4076 aridam
905 4031 1114 4081 terram.
1145 4025 1354 4082 Rursus
1385 4037 1554 4084 totum
1579 4036 1836 4104 populum
1859 4051 2008 4094 com-

372 4105 546 4198 parat
582 4107 803 4198 populo,
837 4109 907 4170 ne
946 4115 1159 4182 dicant,
1201 4105 1330 4174 Non
1362 4125 1654 4191 p‘ossilmns
1701 4116 1824 4185 esse“
1869 4133 2010 4189 sicut

372 4197 582 4280 sancti.
615 4191 996 4280 Fide'ainq'uit,
1026 4204 1340 4268 transierunt
1382 4233 1524 4272 mare
1569 4215 1832 4280 Rubrum}
1870 4224 2002 4281 tani-

380 4285 545 4376 quam
569 4317 659 4361 per
684 4293 884 4376 aridam
904 4291 1091 4354 terram
1113 4319 1132 4355 :
1153 4301 1288 4370 quod
1314 4303 1507 4375 experti
1525 4303 1773 4376 Afgyp'tii’
1786 4306 1994 4374 fuerunt

378 4375 658 4448 submersi.
697 4375 796 4449 Hic
825 4393 904 4448 eis
935 4397 1150 4448 revocat
1179 4395 1232 4450 in
1266 4387 1579 4451 memoriam
1621 4408 1681 4452 ea
1711 4404 1828 4468 quae
1869 4403 1992 4467 pe'r-

377 4473 534 4556 pessi
566 4494 691 4540 sunt
720 4475 772 4539 in
804 4484 1057 4557 Egypto.
1076 4479 1542 4554 'Quomo'do'ﬁde?
1569 4488 1836 4556 Quoniam
1866 4503 1991 4559 spe-

375 4567 577 4635 rarunt
602 4569 661 4633 se
693 4565 789 4647 per
811 4563 959 4633 ni‘ar'e
988 4572 1328 4645 transituros,
1353 4585 1416 4633 et'
1436 4579 1556 4634 ideo
1585 4587 1846 4635 orabant:
1879 4583 1986 4636 imo

370 4652 652 4724 verd‘erat
683 4659 1240 4747 bloyses'qui'orabat.
1273 4665 1604 4742 Vides'qnod
1631 4667 1828 4743 ubique
1851 4674 1983 4728 ﬁdes

370 4763 616 4818 humana
643 4743 934 4832 exsuperat
962 4749 1238 4817 ratioCini'a
1267 4761 1321 4818 et
1353 4759 1774 4820 imbecillitatem
1803 4776 1855 4822 et
1881 4767 1981 4820 hu-

367 4839 702 4910 militatem?
739 4845 925 4922 vides,
954 4844 1114 4910 simul
1144 4866 1198 4911 et
1223 4841 1547 4922 Credebant,
1581 4865 1636 4912 et
1659 4859 1975 4928 supplicium

365 4931 762 5014 extimuerunt,
800 4932 860 5002 let
898 4947 952 5002 in
991 4943 1250 5017 s'anguine
1284 4949 1567 5017 ostiorum,
1609 4962 1662 5004 et
1698 4951 1750 5005 iu
1792 4951 1975 5006 Rubro

365 5020 548 5096 mari?
587 5023 782 5098 Et-hoc
808 5041 1115 5096 declarabat
1145 5039 1308 5098 fuisse
1335 5051 1562 5112 aquam,
1607 5060 1703 5114 per
1746 5059 1841 5099 eos
1883 5045 1972 5116 qui

360 5121 687 5189 Ceciderunt
727 5143 781 5187 et
825 5134 876 5186 in
914 5119 976 5187 ca
1019 5121 1236 5186 fuerunt
1266 5133 1528 5199 sufl'ocati,
1564 5143 1620 5190 et
1652 5152 1757 5189 non
1805 5135 1971 5192 luiSse

363 5212 787 5288 visionetn,sed
817 5210 1115 5277 veritatem.
1158 5219 1265 5278 Sed
1299 5225 1438 5278 'sicut
1472 5218 1561 5294 qui
1599 5223 1814 5281 fuerunt
1839 5242 1969 5282 con-

358 5316 566 5388 sumpti
596 5333 625 5370 a
657 5317 924 5382 leonibus,
949 5315 1307 5372 ostendebant
1348 5331 1527 5372 rerum
1559 5320 1839 5376 veritatem
1863 5363 1877 5387 ,
1911 5333 1966 5378 ct

357 5408 449 5478 qui
476 5407 746 5462 combusti
778 5407 994 5462 fuerunt
1019 5407 1070 5461 in
1099 5405 1336 5476 fornace,
1371 5410 1444 5463 ita
1478 5426 1617 5466 nunc
1643 5427 1852 5483 quoque
1884 5417 1963 5468 vi-

357 5501 456 5557 des
482 5517 570 5558 res
591 5488 918 5558 easdem'his
943 5487 1164 5572 quidem
1186 5500 1349 5558 fuisse
1371 5503 1528 5558 saluti
1549 5515 1603 5560 et
1625 5505 1827 5576 glerize,
1855 5508 1962 5563 illis

357 5601 537 5647 autem
562 5593 752 5648 exitio.
784 5591 1015 5647 Tantum
1048 5585 1247 5648 bonum
1276 5603 1360 5650 est
1388 5594 1520 5650 ﬁdes
1549 5615 1562 5650 :
1590 5613 1712 5652 nam
1745 5600 1958 5670 quando

360 5684 420 5738 ad
462 5695 666 5740 tantam
707 5686 1016 5741 venerimus
1061 5683 1506 5757 perplexitatem,
1540 5700 1607 5754 ut
1652 5692 1829 5749 nullus
1871 5693 1954 5748 in-

407 5852 480 5914 (u)
506 5853 597 5906 llic
625 5857 874 5909 humilium
902 5862 1070 5926 incipit
1095 5865 1235 5918 Colb.

2148 774 2600 842 veniaturexitus,
2623 787 2750 833 tunc
2768 779 3076 852 liberamur,
3097 787 3306 843 etiamsi
3331 789 3396 844 ad
3416 790 3584 861 ipsam
3605 810 3740 850 mor-

2145 873 2250 919 tem
2270 867 2808 932 venerimus,etiamsi
2825 884 3122 942 resnostme
3140 878 3246 932 sint
3265 879 3421 948 plane
3437 884 3738 955 desperatae

2144 968 2198 1013 et
2231 957 2548 1028 deplorata).
2578 960 2718 1028 Quid
2758 963 2903 1018 enim
2943 967 3180 1049 restabat
3217 971 3660 1049 aliudhEgyptii
3681 990 3735 1037 et

2139 1065 2287 1105 mare
2325 1065 2419 1105 eos
2453 1050 2860 1109 circumdabant
2906 1047 3184 1127 inermes
3219 1072 3274 1118 et
3316 1047 3599 1136 Oportebat
3637 1088 3730 1130 eos
3766 1085 3773 1091 ‘

2137 1143 2218 1199 vel
2259 1137 2514 1199 Suﬁ‘ocari
2555 1143 2817 1215 fugientes
2839 1189 2853 1213 ,
2887 1149 2968 1203 vel
3000 1149 3236 1209 incidere
3263 1155 3314 1210 in
3347 1175 3537 1216 manus
3557 1161 3728 1236 Egy-

2131 1239 2354 1308 ptiacas.
2399 1237 2505 1293 Sed
2545 1245 2722 1294 tamen
2752 1254 2784 1294 a
2810 1243 2970 1297 rebus
2993 1243 3130 1300 adeo
3157 1245 3334 1304 dubiis
3367 1260 3421 1306 et
3458 1256 3726 1324 perplexis

2127 1347 2222 1388 eos
2253 1332 2497 1388 liberavit
2531 1347 2594 1388 ac
2624 1335 2986 1391 conservavit.
3032 1337 3126 1395 llis
3157 1340 3297 1396 idem
3327 1360 3475 1402 mare
3506 1350 3720 1418 quidem

2124 1433 2350 1479 stratum
2394 1423 2490 1478 fuit
2532 1425 2670 1478 sicut
2708 1432 2850 1480 terra
2870 1467 2886 1493 ,
2917 1426 3036 1483 illos
3065 1441 3245 1488 autem
3272 1435 3557 1492 submersit
3587 1450 3720 1498 tam-

2122 1531 2282 1586 quam
2320 1529 2490 1570 mare.
2541 1515 2652 1596 illic
2677 1517 2892 1587 quidem
2916 1519 3330 1580 obliviscebatur
3365 1539 3589 1597 naturte,
3632 1532 3718 1590 hic

2119 1611 2280 1664 etiam
2320 1608 2585 1664 adversus
2639 1609 2786 1680 ipsos
2814 1613 3139 1672 armabatur.
3185 1617 3318 1674 Fide
3343 1624 3479 1677 muri
3503 1624 3712 1683 Iericho

2115 1711 2414 1756 corruerunt
2452 1703 2668 1756 circuitu
2708 1714 2896 1776 septem
2932 1707 3150 1762 dierum.
3197 1711 3313 1766 Non
3357 1717 3502 1771 enim
3541 1735 3711 1777 sonus

2116 1796 2362 1850 tubarum
2392 1806 2570 1867 potest
2599 1815 2786 1856 muros
2811 1801 3047 1872 dejicere
3067 1847 3082 1871 ,
3116 1807 3327 1864 etiamsi
3358 1814 3506 1869 mille
3533 1831 3709 1872 annos

2110 1887 2370 1953 sonuerit,
2401 1887 2496 1944 sed
2523 1888 2653 1946 ﬁdes
2679 1900 2857 1960 potest
2886 1897 3110 1951 οηιιιῑει..
3436 1932 3460 1945 .-
3518 1935 3522 1942 -
3651 1946 3655 1952 .

2179 1980 2234 2034 2.
2265 1981 2426 2035 Vides
2468 1996 2587 2036 eam
2628 1983 2826 2052 ubique
2879 1984 3094 2050 mutari,
3138 1999 3242 2037 non
3293 1985 3701 2056 consequentia,

2106 2087 2209 2127 nec
2236 2072 2350 2143 lege
2381 2081 2608 2141 naturae,
2637 2073 2734 2129 sed
2766 2075 2942 2129 omnia
2976 2074 3091 2130 ﬁeri
3121 2085 3316 2146 printer
3344 2080 3704 2148 exspectatio-

2105 2164 2264 2219 nem?
2302 2164 2443 2234 Ergo
2477 2163 2565 2219 hic
2601 2180 2816 2236 quoque
2849 2176 3042 2236 praeter
3083 2169 3538 2238 exspectationem
3568 2171 3701 2227 fiunt

2103 2255 2304 2310 omnia.
2344 2255 2477 2310 Nam
2505 2257 2756 2326 quoniam
2783 2274 2983 2328 susque
3018 2260 3193 2330 deque
3231 2261 3442 2317 dicebat
3468 2262 3696 2318 creden-

2101 2345 2229 2401 dum
2274 2361 2395 2402 esse
2433 2348 2549 2417 spei
2598 2349 2790 2402 futura:
2824 2390 2839 2415 ,
2897 2350 2998 2404 hoc
3066 2360 3236 2406 totum
3296 2353 3440 2424 quod
3496 2355 3696 2409 dicitur

2101 2441 2287 2508 movit,
2310 2441 2603 2496 ostendens
2625 2441 2767 2512 quod
2797 2458 2901 2496 non
2921 2460 3063 2499 nunc
3089 2446 3285 2512 solum,
3311 2446 3404 2501 sed
3435 2448 3596 2502 etiam
3625 2448 3694 2504 ab

2097 2530 2250 2586 initio
2272 2532 2451 2586 omnia
2478 2532 2735 2588 miracula
2763 2549 2857 2603 per
2883 2534 3022 2589 hanc
3046 2545 3164 2591 aeta
3192 2545 3316 2592 sunt
3346 2547 3399 2591 et
3431 2537 3690 2606 perfecta.

2096 2621 2230 2676 Fide
2260 2622 2441 2676 Ila/tab
2471 2625 2706 2678 meretrix
2740 2641 2840 2679 non
2876 2627 3024 2696 periit
3064 2644 3179 2681 cum
3214 2628 3523 2693 incredulis,
3555 2631 3690 2684 exci-

2095 2717 2239 2787 piens
2266 2717 2612 2785 exploratores
2637 2734 2754 2771 cum
2790 2736 2932 2787 pace.
2975 2718 3156 2790 Turpe
3185 2730 3268 2776 est
3297 2737 3432 2792 ergo
3453 2721 3498 2777 si
3525 2722 3686 2778 etiam

2093 2810 2379 2863 meretrice
2426 2810 2732 2878 appareatis
2779 2810 2946 2880 magis
2995 2811 3257 2868 increduli
3303 2830 3316 2867 :
3361 2827 3686 2883 quamquam

2091 2901 2179 2955 illa
2219 2902 2362 2956 viros
2398 2902 2599 2956 audivit
2641 2911 2847 2958 tantum
2871 2905 3250 2960 annuntiantes
3275 2914 3330 2961 et
3354 2905 3533 2961 statim
3563 2921 3686 2961 ere-

2089 2992 2244 3048 didit.
2294 2993 2442 3049 Finis
2477 3010 2604 3065 ergo
2636 3005 2720 3050 est
2754 3007 3116 3066 consequutus
3145 3019 3158 3051 :
3187 3013 3308 3052 nam
3338 3014 3463 3054 cum
3495 3014 3685 3055 omnes

2089 3087 2395 3155 periissem,
2421 3087 2533 3141 sola
2558 3087 2652 3140 fuit
2675 3088 2842 3143 salva.
2869 3087 2984 3142 Non
3008 3087 3142 3144 dixit
3159 3089 3301 3160 apud
3324 3105 3405 3156 se,
3433 3091 3538 3145 Ero
3561 3107 3682 3145 cum

2088 3178 2268 3231 multis
2304 3179 2392 3248 qui
2433 3189 2558 3233 sunt
2599 3179 2702 3233 mei
2736 3195 2882 3233 :non
2923 3180 3079 3248 dixit,
3110 3181 3292 3251 Egone
3319 3198 3534 3252 possum
3561 3198 3682 3239 esse

2087 3271 2405 3341 prudentior
2444 3280 2520 3326 tot
2555 3273 2684 3327 viris
2724 3272 3146 3344 intelligentibns
3171 3275 3260 3344 qui
3291 3289 3394 3330 non
3420 3275 3678 3343 credunt,

2084 3373 2138 3419 et
2161 3379 2262 3434 ego
2287 3364 2488 3420 credo?
2519 3365 2660 3419 Nihil
2682 3365 2814 3420 dixit
2840 3366 3122 3437 ejusmodi,
3147 3368 3288 3437 quod
3313 3368 3681 3425 verisimiliter

2083 3462 2220 3517 alius
2261 3462 2488 3519 dixisset
2530 3475 2583 3518 et
2624 3462 2866 3530 fecisset,
2894 3464 2988 3519 sed
3020 3464 3175 3520 dictis
3205 3465 3452 3520 credidit.
3486 3465 3576 3522 5‘2.
3615 3467 3680 3519 Et

2082 3555 2203 3625 quid
2233 3555 2400 3608 adhuc
2421 3557 2629 3610 (liram?
2659 3557 2856 3625 deﬁciet
2881 3573 2958 3610 me
2977 3567 3174 3627 tempus
3195 3569 3533 3612 enarrantem.
3560 3558 3676 3613 Non

2081 3649 2311 3718 amplius
2332 3649 2399 3704 de
2423 3660 2624 3704 cmtern
2646 3651 2793 3719 ponit
2817 3649 3056 3716 nomina,
3086 3652 3179 3705 sed
3206 3667 3326 3704 cum
3351 3652 3600 3707 desiisset
3623 3655 3674 3707 in

2080 3745 2448 3809 meretricem,
2495 3752 2548 3798 et
2589 3758 2683 3797 eos
2731 3743 3017 3797 excitasset
3055 3759 3154 3814 per
3193 3745 3501 3814 qualitatem
3547 3759 3673 3814 per-

2079 3849 2247 3902 sonae,
2273 3850 2378 3890 non
2404 3834 2632 3904 amplius
2655 3835 2842 3888 dilatat
2865 3834 3133 3900 historias,
3155 3851 3222 3889 ne
3245 3835 3490 3890 videatur
3515 3836 3673 3890 nimis

2077 3929 2282 4000 prolixa
2316 3929 2388 3982 uti
2420 3929 2658 3995 ratione;
2709 3944 2814 3981 non
2847 3936 3023 3982 tamen
3053 3943 3144 3982 eas
3174 3926 3427 3994 dimittit,
3457 3928 3551 3982 sed
3580 3929 3674 3982 atl-

2077 4021 2292 4076 modum
2323 4021 2593 4091 Sapienter
2623 4020 2906 4091 percurrit,
2943 4029 3229 4091 utrumque
3254 4036 3471 4086 curans,
3503 4023 3560 4077 et
3587 4037 3672 4078 sa-

2076 4115 2317 4170 tietatem
2362 4114 2591 4183 fugiens,
2642 4123 2696 4169 et
2741 4113 3127 4168 sententiarum
3170 4114 3514 4170 crebritatem
3562 4131 3668 4171 non

2073 4207 2344 4278 perimens
2371 4224 2384 4261 :
2421 4221 2593 4276 neque
2624 4206 2845 4260 omnino
2877 4206 3056 4270 siluit.
3113 4222 3287 4276 neque
3316 4207 3504 4262 dicens
3528 4216 3670 4263 attu-

2073 4300 2134 4354 lit
2160 4299 2497 4366 molestiam,
2519 4299 2612 4354 sed
2638 4308 2922 4370 utrumque
2946 4299 3089 4354 facit.
3115 4299 3247 4355 Nam
3272 4301 3486 4372 quando
3515 4305 3668 4374 quis-

2073 4391 2213 4462 piam
2242 4391 2590 4446 vehementer
2632 4390 2927 4457 contendit,
2980 4391 3024 4447 si
3065 4401 3254 4463 pergat
3299 4387 3666 4464 contendere,

2072 4491 2263 4537 enecat
2299 4481 2597 4537 auditorem
2642 4497 2993 4551 persuasum,
3045 4483 3288 4539 molestia
3327 4485 3589 4554 afﬁciens,
3612 4498 3670 4545 et

2073 4574 2318 4643 praebens
2339 4573 2408 4629 de
2424 4589 2483 4629 se
2503 4574 2810 4643 opinionem
2827 4574 2969 4645 quod
2987 4577 3056 4630 sit
3075 4576 3391 4632 ambitiosus
3415 4588 3468 4632 et
3496 4579 3668 4635 hono-

2067 4665 2140 4718 ris
2158 4663 2384 4734 cupidus
2406 4673 2622 4734 oportet
2645 4665 2789 4722 enim
2815 4682 2876 4723 se
2902 4671 3316 4727 accommodare
3340 4673 3575 4728 utilitati.
3600 4673 3671 4730 Et

2063 4756 2186 4825 quid
2200 4756 2370 4825 adhuc
2388 4758 2593 4814 dicam?
2610 4758 2810 4829 inquit:
2827 4761 3024 4830 deficiet
3043 4780 3120 4816 me
3136 4774 3332 4836 tempus
3350 4779 3672 4822 enarrantem

2063 4849 2126 4903 de
2147 4848 2371 4915 Gedeon,
2394 4849 2582 4918 Barac,
2614 4852 2893 4924 Sampson,
2916 4853 3124 4926 Iephte,
3152 4857 3341 4928 David,
3365 4861 3599 4930 Samuel,
3624 4872 3672 4916 et

2065 4942 2347 5012 prophetis.
2371 4943 2602 5010 Quidam
2624 4944 2846 5001 Paulum
2868 4948 3293 5017 reprehendunt,
3313 4952 3457 5021 quod
3476 4953 3669 5021 Barac,

2063 5033 2330 5105 Sampson
2356 5035 2631 5106 ctJephte
2669 5037 2722 5091 in
2767 5037 2854 5094 his
2899 5049 3064 5108 ponat
3106 5041 3260 5098 locis.
3311 5043 3450 5111 Quid
3496 5043 3669 5102 dicis?

2061 5140 2183 5179 cum
2227 5127 2568 5184 meretricem
2599 5129 2873 5198 posuerit,
2904 5129 3006 5185 bos
3036 5147 3143 5187 non
3176 5133 3380 5203 ponet?
3414 5134 3494 5190 Ne
3536 5136 3669 5192 mihi

2060 5219 2202 5272 enim
2233 5219 2495 5291 reliquam
2527 5236 2717 5276 eorum
2745 5221 2908 5277 vitam
2938 5222 3142 5278 dixeris
3161 5266 3176 5290 ,
3206 5225 3302 5281 sed
3331 5243 3458 5281 num
3487 5228 3667 5284 credi-

2057 5310 2256 5366 derunt
2293 5319 2350 5368 et
2392 5312 2496 5370 ﬁde
2531 5315 3005 5385 respleuduerunt.
3045 5316 3110 5371 Et
3137 5321 3422 5390 praphetis,
3457 5323 3545 5380 35.
3577 5326 3668 5396 qui

2058 5420 2147 5473 per
2186 5403 2341 5472 ﬁdem
2383 5407 2608 5460 vicerunt
2650 5425 2828 5480 regna.
2865 5408 3029 5466 Vides
3068 5412 3211 5482 quod
3248 5429 3358 5470 non
3401 5416 3536 5472 {erat
3563 5419 3667 5476 hoc

2059 5495 2428 5552 testimonium
2450 5497 2517 5552 de
2542 5499 2646 5552 vita
2672 5499 2928 5568 praeclara
2958 5517 2972 5555 :
3000 5517 3106 5556 non
3131 5505 3277 5560 enim
3300 5517 3418 5563 erat
3446 5507 3500 5564 id
3520 5511 3665 5581 quod

2051 5587 2327 5656 prmcipue
2369 5590 2747 5659 quaerebatur;
2795 5592 2890 5647 sed
2919 5592 3046 5650 ﬁdei
3074 5595 3290 5653 interim
3317 5608 3435 5655 erat
3460 5603 3664 5658 exami-

2053 5681 2221 5734 natio.
2256 5679 2391 5735 Nam
2422 5680 2509 5737 dic
2533 5682 2688 5751 mibi,
2719 5699 2900 5740 annon
2928 5686 3035 5743 ﬁde
3063 5689 3375 5746 universum
3408 5694 3661 5751 confece-

2052 5776 2212 5830 runt?
2256 5776 2576 5844 Quomodo?
2626 5779 2732 5835 l’er
2770 5782 2944 5851 ﬁdem,
2991 5784 3185 5856 inquit,
3215 5788 3440 5842 vicerunt
3479 5806 3656 5860 regna.

2053 5886 2246 5939 nempe
2291 5872 2534 5931 Ccdeou.
2586 5873 2800 5943 Operati
2843 5887 2962 5934 sunt
3005 5880 3275 5949 justitiam.
3329 5881 3558 5948 Quinam
3602 5883 3656 5938 hi
