4202 6478
525 452 627 517 187

520 581 682 638 sunt?
712 576 875 637 Iidem
900 580 1121 635 omnino
1151 578 1228 633 i-lli
1260 596 1273 632 :
1303 587 1399 633 aut
1429 578 1814 646 benignitatem
1846 578 1931 633 hic
1956 577 2114 648 justi-

523 677 649 728 tiam
677 674 821 728 dicit.
860 673 1043 743 Adepti
1068 680 1185 726 sunt
1214 670 1647 740 repromissioncs.
1695 671 1771 725 De
1808 670 2002 726 Davide
2028 685 2115 726 ar-

522 764 692 819 bitror
707 780 827 820 eum
851 761 1049 818 dicere.
1080 763 1351 829 Quasnam
1377 762 1798 831 promissiones?
1829 762 1901 817 Dc
1925 763 1990 816 iis
2006 763 2115 834 agit

520 860 589 915 de
614 859 805 928 quibus
829 856 1061 919 dicebat,
1090 855 1235 927 quod
1266 870 1451 910 semen
1479 854 1597 926 ejus
1626 869 1901 910 sessurum
1928 855 1995 909 sit
2024 870 2114 909 su-

520 954 617 1019 per
638 948 818 1003 sedem
837 947 973 1014 ejus.
1005 947 1374 1001 Obturavcrunt
1395 962 1486 1000 ora
1511 944 1732 1011 leonum,
1758 948 1846 1002 δι.
1870 948 2114 1002 exstinxe-

519 1049 635 1093 rmtt
664 1041 905 1109 impetum
933 1037 1087 1110 ignis,
1113 1036 1403 1110 e/i'ugeruttt
1426 1039 1584 1092 aciem
1608 1038 1790 1109 gladii.
1818 1038 1952 1094 Vide
1979 1048 2104 1110 (ισο-

519 1132 681 1187 modo
724 1135 880 1187 erant
929 1131 981 1185 in
1034 1132 1147 1200 ipsa
1193 1140 1401 1194 morte,
1450 1129 1634 1185 Daniel
1675 1129 2038 1186 circumdatus
2079 1146 2110 1186 a

521 1224 765 1279 lcettibus
788 1264 804 1289 ,
839 1232 949 1278 tres
977 1222 1128 1292 pueri
1158 1221 1249 1292 qui
1280 1221 1547 1292 degebant
1572 1221 1625 1275 in
1654 1219 1905 1285 fornace,
1943 1221 2114 1277 Abra-

525 1317 672 1383 ham,
699 1314 865 1379 lsaac,
894 1309 1061 1370 Jacob
1088 1313 1140 1367 in
1165 1312 1395 1369 diversis
1421 1312 1832 1376 tcntationibus;
1861 1319 1918 1367 et
1941 1327 2010 1369 rte
2034 1314 2113 1370 sic

517 1403 737 1478 quidem
762 1409 1136 1479 desperarunt.
1168 1405 1281 1462 Hoc
1304 1407 1446 1461 enim
1475 1414 1556 1461 est
1590 1404 1721 1461 ﬁdes
1748 1424 1761 1461 :
1786 1405 1999 1476 quando
2024 1420 2112 1460 res

519 1502 572 1556 in
595 1500 920 1556 contrarium
944 1510 1161 1564 exeunt,
1188 1507 1314 1553 tunc
1338 1504 1548 1568 oportet
1572 1496 1794 1553 credere
1813 1496 1954 1567 quod
1982 1496 2111 1552 nihil

517 1590 730 1649 eveniat
760 1591 1109 1657 contrarium,
1139 1589 1234 1645 sed
1260 1590 1438 1644 omnia
1465 1587 1865 1659 consequentia.
1897 1587 2112 1661 δινηθε-

519 1694 638 1739 rnnt
668 1685 824 1738 aciem
844 1678 1024 1755 gladii.
1061 1681 1325 1736 Existimo
1350 1696 1472 1735 eum
1506 1694 1692 1735 rursus
1720 1679 1901 1735 dicere
1924 1679 1993 1735 de
2019 1680 2115 1735 tri-

520 1760 623 1814 bus
665 1761 865 1830 pueris.
915 1760 1288 1817 Convalnerunt
1333 1766 1396 1817 de
1434 1765 1747 1833 inﬁrmitate,
1791 1771 1948 1839 fortes
1987 1769 2112 1838 {acti

516 1860 632 1904 sunt
661 1851 714 1905 in
745 1851 893 1917 bello,
923 1862 1090 1906 castra
1114 1861 1362 1908 verterunt
1388 1863 1689 1908 exterarum.
1724 1856 1820 1912 llic
1843 1858 2000 1914 tacite
2030 1860 2104 1913 si-

517 1942 736 2011 gniﬁcat
761 1941 903 2011 quod
931 1942 1127 1997 factum
1154 1952 1236 1998 est
1264 1943 1316 1998 in
1347 1944 1518 1999 reditu
1540 1959 1571 1999 a
1595 1945 1887 2018 Babylone.
1932 1947 2004 2003 De
2027 1950 2107 2003 in-

516 2033 799 2101 ﬁrmitate:
827 2032 929 2088 hoc
958 2042 1057 2094 est.
1089 2034 1156 2089 de
1181 2035 1513 2105 captivitate.
1554 2036 1778 2103 Quando
1810 2053 1896 2095 res
1926 2039 2107 2095 Judai-

516 2138 593 2178 cm
606 2122 717 2194 jam
735 2131 891 2180 erant
909 2126 1226 2196 desperatae,
1244 2128 1458 2198 quando
1485 2144 1515 2183 a
1541 2140 1880 2191 mortuorum
1897 2134 2107 2190 ossibus

518 2215 651 2270 nihil
688 2213 1026 2281 diﬂ'erebant,
1055 2226 1181 2274 tunc
1218 2219 1322 2274 illis
1357 2219 1517 2276 ﬁebat
1554 2222 1775 2278 reditus.
1816 2225 1945 2291 Quis
1987 2240 2107 2295 spe-

518 2314 693 2361 rass‘et
721 2304 956 2361 futurum
984 2316 1041 2362 ut
1070 2308 1307 2364 redirent
1333 2325 1363 2364 a
1397 2310 1688 2383 Babylone,
1719 2324 1774 2368 et
1799 2330 1904 2370 non
1931 2317 2105 2372 solum

518 2398 774 2467 redirent,
804 2401 897 2455 sed
927 2401 1089 2456 etiam
1119 2401 1285 2458 fortes
1314 2402 1522 2470 ﬁerent,
1553 2415 1607 2461 ct
1634 2416 1902 2464 verterent
1929 2426 1990 2465 ac
2020 2410 2107 2466 fu-

517 2498 707 2560 gat-ent
734 2502 909 2548 eastra
937 2495 1284 2549 exterorttm?
1311 2495 1381 2550 At
1405 2496 1559 2552 nobis
1579 2539 1593 2564 ,
1621 2498 1811 2570 inquit,
1842 2502 1972 2557 nihil
2002 2504 2108 2561 tale

516 2580 729 2638 accidit.
759 2582 862 2640 Sed
890 2585 1005 2641 haec
1029 2595 1153 2641 sunt
1175 2587 1281 2658 typi
1311 2586 1630 2644 futurorum.
1661 2590 1975 2663 Acceperunt
1994 2612 2105 2649 mu-

518 2674 664 2729 lieres
686 2675 749 2730 de
772 2678 1136 2732 resurrectione
1155 2689 1379 2735 mortuos
1406 2697 1546 2736 suos.
1582 2681 1657 2739 Dc
1688 2686 1961 2754 prophetis
1991 2688 2106 2747 ha'c

517 2767 666 2835 dicit,
694 2784 886 2839 nempe
926 2769 994 2825 de
1036 2770 1233 2827 Elisch
1271 2782 1326 2827 ct
1367 2773 1528 2829 Elia:
1557 2786 1798 2833 mortuos
1839 2782 1981 2835 enim
2032 2782 2105 2837 illi

516 2858 860 2915 suscitarunt.
904 2862 994 2917 55.
1037 2863 1139 2919 Alii
1182 2873 1350 2919 autem
1393 2866 1601 2921 distenti
1634 2879 1771 2937 sunt,
1808 2888 1909 2925 non
1949 2874 2109 2928 susci-

519 2948 709 3019 pientes
735 2954 1159 3024 redemptionem,
1192 2964 1249 3010 ut
1275 2956 1531 3013 meliorem
1566 2961 1844 3016 invenirent
1877 2980 2107 3021 resurre-

516 3047 753 3099 ctionem.
785 3048 853 3101 At
878 3062 974 3103 nos
1001 3063 1107 3102 non
1137 3050 1404 3120 assequuti
1427 3063 1611 3107 sumus
1631 3057 2104 3115 resurrectionem.

517 3131 625 3192 Sed
653 3145 891 3207 possum,
921 3139 1126 3210 inquit,
1156 3140 1442 3198 ostendere
1470 3144 1630 3199 etiam
1659 3145 1778 3200 illos
1806 3146 1969 3204 fuisse
1999 3149 2110 3205 dis-

518 3235 724 3294 scetos,
764 3229 857 3285 sed
895 3229 1315 3309 redemptionem
1346 3248 1455 3288 non
1484 3237 1808 3307 suscepisse,
1839 3247 1898 3293 ut
1922 3241 2111 3296 melio-

519 3335 630 3374 rem
676 3330 1093 3394 as‘seqttcrentur
1139 3326 1612 3383 resurrectionem.
1661 3328 1769 3384 Cur
1813 3330 1978 3397 enim,
2022 3331 2109 3390 die

518 3410 670 3478 mihi,
693 3427 812 3466 cum
836 3414 1021 3468 liceret
1042 3413 1237 3481 vivere,
1260 3415 1587 3472 noluerunt?
1606 3432 1784 3473 annon
1805 3420 1927 3489 quia
1945 3422 2106 3478 vitam

516 3502 899 3571 («spectabant
925 3502 1243 3559 meliorem?
1271 3503 1336 3559 Et
1360 3505 1450 3577 qui
1476 3506 1610 3563 alios
1637 3508 1978 3579 suscitarant,
2008 3512 2110 3583 ipsi

520 3594 655 3648 mori
693 3595 1003 3665 elegerunt,
1036 3607 1095 3651 ut
1119 3596 1396 3654 meliorem
1426 3611 1843 3671 assequercntur
1869 3618 2112 3663 resurre-

517 3686 773 3752 ctionem,
796 3703 902 3742 non
935 3688 1092 3744 talem
1114 3690 1326 3761 qualem
1353 3692 1501 3762 pueri
1524 3693 1829 3750 mulierum.
1858 3696 1957 3753 Hic
1978 3699 2110 3756 mihi

444 3840 449 3843 ν
516 3773 731 3836 videtur
757 3789 812 3838 et
838 3781 1099 3839 Joannem
1131 3784 1354 3840 innuere
1395 3794 1451 3841 et
1484 3784 1739 3842 Jacobum
1775 3806 1789 3843 :
1820 3791 2112 3859 ἀποτυμπα-

518 3884 676 3943 νισμός
709 3876 852 3931 enim
896 3886 980 3931 est
1015 3877 1207 3947 capitis
1236 3879 1551 3948 amputatio.
1577 3878 1798 3935 Licebat
1824 3883 1903 3938 eis
1927 3886 2111 3943 videre

518 3965 707 4030 solem,
750 3965 944 4021 licebat
986 3981 1093 4020 non
1140 3966 1482 4036 redarguere,
1519 3977 1575 4023 et
1622 3979 1799 4025 tamen
1843 3974 1933 4043 qui
1976 3975 2112 4032 alios

518 4057 926 4123 staScitavcrant,
953 4057 1259 4113 maluerunt
1285 4059 1565 4127 excedere,
1591 4071 1647 4117 ut
1667 4064 1942 4121 meliorem
1966 4084 2115 4126 asse-

520 4158 815 4217 querentur
838 4150 1306 4206 reSttrroctiouem.
1328 4151 1417 4207 56.
1437 4152 1538 4207 Alii
1563 4170 1677 4209 vero
1699 4156 1917 4211 ludibria
1939 4172 1984 4213 et
2006 4179 2113 4213 rer-

520 4239 642 4294 bera
684 4238 911 4311 experti,
963 4240 1171 4311 insuper
1211 4248 1259 4294 et
1295 4240 1500 4295 uincula
1536 4250 1583 4295 et
1619 4244 1860 4310 carceres,
1903 4240 2119 4312 lapidati

520 4339 662 4395 sunt,
694 4330 813 4383 secti
841 4339 979 4397 sunt,
1007 4329 1184 4384 tentati
1207 4338 1347 4387 sunt.

595 4423 649 4478 5.
682 4423 735 4477 in
769 4421 834 4476 iis
858 4422 1075 4488 desinit,
1107 4422 1160 4477 in
1193 4422 1278 4489 iis,
1309 4423 1546 4493 inquam,
1575 4438 1696 4494 qua:
1721 4431 1876 4479 erant
1898 4422 2123 4491 conjun-

522 4515 688 4568 ctiora
713 4519 767 4567 et
791 4511 958 4581 magis
980 4511 1285 4568 familiaria.
1314 4512 1441 4568 Haec
1464 4514 1605 4568 enim
1634 4515 1865 4568 maxime
1891 4512 2120 4568 all'erunt

520 4606 974 4671 Consolationem,
1004 4605 1219 4677 quando
1248 4621 1313 4661 ex
1340 4604 1527 4661 eadem
1564 4620 1725 4661 causa
1765 4606 1924 4661 fuerit
1965 4615 2117 4661 ortus

520 4695 676 4751 dolor
705 4712 721 4728 ο
753 4697 992 4767 alioquin
1019 4697 1228 4753 etiamsi
1255 4696 1628 4752 vehementius
1656 4697 1876 4761 dixeris,
1911 4711 2015 4750 non
2046 4697 2117 4750 sit

520 4794 698 4842 autem
727 4801 794 4842 ex
820 4788 1006 4844 eadem
1037 4803 1197 4843 causa
1223 4797 1372 4843 ortus
1399 4786 1575 4852 dolor,
1605 4788 1737 4842 nihil
1764 4786 1954 4842 efficis.
1984 4787 2115 4841 Pro-

523 4887 704 4948 pterea
736 4881 788 4933 in
819 4879 921 4935 hoc
945 4879 1079 4934 ﬁniit
1108 4878 1431 4946 orationem,
1464 4878 1650 4933 dicens
1674 4878 1901 4943 vincula,
1930 4892 2116 4933 carce-

522 4978 630 5037 res,
655 4971 902 5037 verbera,
926 4971 1301 5042 lapidationes,
1324 4986 1387 5026 ea
1410 4973 1638 5025 ittnucns
1658 4987 1778 5040 quae
1806 4971 2118 5027 acciderunt

519 5062 791 5134 Stephano
818 5074 871 5118 ct
896 5062 1205 5128 Zacharirc;
1235 5073 1290 5120 et
1312 5063 1432 5119 ideo
1453 5063 1730 5132 subiunxit
1751 5081 1764 5117 :
1785 5062 1851 5118 In
1871 5064 2118 5119 occisione

520 5158 680 5227 gladii
710 5156 897 5211 mortui
922 5166 1055 5211 siml.
1091 5155 1233 5223 Quid
1263 5155 1433 5210 dicis?
1457 5156 1544 5210 alii
1572 5156 1787 5225 quidem
1816 5156 2118 5227 elfugeruut

519 5251 686 5306 aciem
714 5249 911 5320 gladii;
943 5250 1034 5305 alii
1054 5260 1231 5303 autem
1254 5249 1450 5304 mortui
1475 5256 1603 5304 sunt
1628 5248 1678 5302 in
1711 5251 1979 5305 occisione
2000 5250 2115 5320 gla—

517 5344 630 5397 dii?
667 5342 792 5414 quid
839 5354 918 5396 est
962 5341 1102 5396 hoc?
1138 5349 1312 5396 utrum
1356 5340 1563 5407 laudas,
1593 5350 1768 5396 utrnm
1796 5343 2117 5398 admiraris?

519 5434 638 5495 hoc,
668 5448 735 5486 an
774 5431 944 5486 illud?
993 5431 1243 5500 Maxime,
1286 5432 1486 5503 inquit,
1524 5442 1578 5488 et
1607 5432 1709 5488 hoc
1735 5442 1786 5488 et
1819 5434 1979 5497 illud;
2015 5434 2117 5489 hoc

522 5537 792 5595 tamquam
813 5521 967 5578 vobis
996 5523 1342 5593 conjunctum
1371 5534 1426 5580 et
1442 5524 1727 5592 familiare,
1753 5525 1881 5580 illud
1908 5535 2113 5592 autem,

518 5618 770 5689 quoniam
791 5615 953 5673 etiam
986 5616 1038 5671 in
1059 5615 1170 5686 ipsa
1195 5626 1367 5673 morte
1395 5618 1562 5673 valuit
1600 5617 1754 5683 ﬁdes,
1781 5627 1836 5673 et
1855 5628 1939 5673 est
1959 5627 2116 5690 typus

518 5710 843 5765 futurorum.
879 5709 998 5764 Duo
1025 5718 1149 5764 sunt
1178 5710 1321 5766 enim
1370 5710 1628 5766 miracula
1674 5710 1835 5776 ﬁdei,
1877 5713 2019 5782 quod
2061 5723 2117 5770 ct

518 5813 708 5874 magna
736 5801 957 5867 clliciat,
981 5810 1036 5858 et
1059 5818 1248 5874 magna
1280 5804 1531 5875 patiatur,
1556 5817 1611 5859 et
1639 5804 1772 5859 nihil
1798 5820 1859 5860 se
1888 5806 1994 5876 pati
2023 5821 2117 5861 cx-

520 5897 736 5955 istimet.
767 5896 877 5956 Nec
907 5906 1085 5968 potes,
1116 5899 1307 5970 inquit,
1336 5898 1519 5956 dicere
1548 5898 1688 5969 quod
1718 5909 1895 5955 essent
1922 5915 2114 5970 pecca-

1268 453 1324 510 S.
1363 441 1640 509 JOANNIS
1662 442 2131 507 CHRYSOSTOMI
2164 441 2480 508 ARCHIEP.
2521 442 3052 509 CONSTANT'INO'P.

3703 454 3730 510 Ι
3742 453 3809 510 88

2210 576 2355 622 tores
2376 575 2430 622 et
2450 564 2696 622 homines
2726 565 2880 620 nihili
2903 581 3058 621 :nam
3086 565 3186 622 etsi
3225 571 3391 622 totum
3420 568 3678 625 mundum
3703 571 3806 628 illis

2208 678 2273 717 ex
2303 661 2533 716 adverso
2560 660 2834 726 statueris,
2886 659 3101 715 invenio
3152 658 3271 714 illos
3300 654 3477 730 pretio
3522 662 3576 717 in
3608 672 3806 720 statera

2208 751 2643 825 praeponderare.
2674 749 2796 805 Ideo
2818 750 2979 805 etiam
3002 750 3080 806 sic
3099 750 3251 816 dixit,
3276 750 3471 818 Quibus
3491 752 3677 824 dignus
3706 773 3806 810 non

2207 856 2314 899 erat
2339 845 2578 898 mundus.
2621 842 2760 911 Quid
2793 857 2924 912 ergo
2967 842 3053 896 hic
3092 852 3247 897 erant
3283 846 3583 915 accepturi,
3612 848 3808 917 quibus

2208 938 2340 992 nihil
2395 936 2617 1007 dignum
2657 934 2854 989 erat?
2924 934 3023 989 llic
3081 948 3269 989 eorum
3334 944 3567 991 mentem
3608 938 3805 1010 erigit,

2206 1028 2459 1086 erudiens
2495 1043 2564 1083 ne
2596 1028 2707 1082 sint
2745 1026 2889 1081 afﬁxi
2947 1028 3335 1097 praesentibus,
3391 1039 3445 1084 et
3494 1040 3553 1085 ut
3602 1034 3805 1104 majora

2207 1122 2386 1175 animo
2413 1121 2616 1191 agitent
2640 1119 2892 1174 omnibus
2917 1134 3036 1189 quae
3073 1127 3198 1173 sunt
3251 1119 3302 1174 in
3353 1121 3460 1175 vita
3519 1126 3804 1192 przesenti;

2206 1211 2471 1282 siquidem
2528 1218 2673 1266 totus
2729 1209 2961 1265 mundus
3004 1225 3110 1264 non
3161 1218 3247 1265 est
3291 1211 3355 1267 iis
3404 1212 3621 1284 dignus.
3668 1215 3807 1284 Quid

2207 1322 2338 1378 ergo
2391 1306 2471 1361 vis
2524 1304 2614 1360 hic
2667 1303 2950 1375 accipere?
3005 1304 3256 1373 probrum
3311 1315 3394 1360 est
3439 1314 3495 1360 et
3531 1321 3809 1364 contume—

2208 1398 2299 1459 lia.
2337 1397 2380 1452 si
2425 1396 2514 1452 hic
2557 1395 2862 1451 mercedem
2900 1395 3192 1464 acceperis.
3234 1394 3313 1449 Ne
3360 1396 3628 1452 mundana
3677 1415 3802 1469 ergo

2204 1490 2386 1538 mente
2421 1481 2688 1553 agitemus
2707 1522 2724 1549 ,
2762 1495 2937 1552 neque
2963 1480 3052 1537 hic
3077 1497 3380 1553 quaeramus
3406 1487 3798 1541 remuneratio-

2206 1588 2352 1639 nem,
2378 1587 2552 1643 neque
2580 1572 2750 1627 simus
2771 1572 2905 1629 adeo
2928 1588 3192 1645 pauperes
3220 1592 3233 1628 :
3263 1590 3384 1630 nam
3407 1576 3451 1631 si
3477 1586 3618 1631 totus
3646 1593 3799 1632 mun-

2206 1663 2308 1718 dus
2336 1680 2442 1718 non
2466 1675 2549 1720 est
2573 1665 2655 1719 his
2684 1664 2876 1735 dignus
2894 1706 2910 1730 ,
2938 1666 3064 1737 quid
3097 1675 3299 1736 partem
3329 1669 3563 1739 qumris‘!
3590 1665 3657 1723 Et
3684 1685 3797 1724 mc-

2205 1755 2350 1812 rito:
2382 1766 2507 1812 sunt
2547 1758 2689 1812 enim
2732 1759 2890 1815 amici
2935 1760 3049 1814 Dei.
3094 1760 3349 1815 Mundam
3389 1777 3520 1832 ergo
3553 1764 3640 1817 hic
3674 1762 3800 1818 dicit

2206 1848 2625 1915 multitudinem,
2653 1858 2745 1903 aut
2777 1850 2943 1920 ipsam
2973 1862 3276 1907 creaturam
3302 1870 3315 1906 :
3346 1863 3630 1924 utrumque
3655 1855 3799 1909 enim

2204 1940 2344 1996 solet
2381 1941 2561 1997 dicere
2601 1941 2895 2012 Scriptura.
2928 1943 2983 1999 Si
3014 1944 3288 2007 universa,
3316 1944 3518 2014 inquit,
3550 1956 3798 2002 creatura

2209 2031 2380 2100 posita
2409 2030 2569 2086 fuerit
2590 2047 2712 2086 cum
2741 2033 2852 2087 suis
2880 2032 3186 2088 hominibus
3206 2075 3221 2100 ,
3253 2035 3488 2089 nondum
3515 2035 3800 2105 mquabunt

2209 2139 2397 2179 eorum
2444 2124 2672 2194 pretium
2709 2135 2804 2180 :et
2833 2125 3047 2181 merito.
3093 2126 3242 2182 Sicut
3272 2128 3413 2181 enim
3444 2126 3625 2183 decies
3651 2127 3801 2182 mille

2210 2216 2388 2287 pondo
2414 2218 2583 2288 palea:
2613 2226 2668 2273 et
2695 2217 2825 2273 [ωιιί
2856 2234 2960 2273 non
2987 2220 3322 2289 arquaverint
3352 2221 3581 2290 pretium
3612 2220 3801 2275 decem

2210 2310 2645 2380 margaritarum,
2676 2310 2747 2365 ita
2777 2326 2875 2365 nec
2901 2310 2976 2365 illi
3006 2328 3019 2364 :
3050 2311 3237 2366 Melior
3268 2323 3341 2367 est
3375 2317 3511 2367 enim
3548 2330 3679 2367 unus
3719 2316 3802 2384 fa-

2210 2403 2347 2456 ciens
2390 2402 2700 2456 voluntatem
2750 2401 2998 2471 Domini,
3052 2419 3206 2473 quam
3254 2404 3423 2458 decies
3463 2407 3602 2459 mille
3645 2400 3804 2472 iniqui

2212 2493 2398 2564 (Eccli.
2423 2495 2510 2550 l6.
2536 2494 2614 2566 3);
2642 2495 2821 2551 decies
2846 2497 2993 2552 mille
3020 2512 3125 2552 non
3154 2498 3352 2553 multos
3371 2498 3578 2563 dicens,
3601 2498 3696 2554 sed
3726 2500 3806 2554 in-

2212 2590 2415 2642 ﬁnitam
2440 2588 2860 2644 multitudinem.
2888 2589 3073 2661 Cogita
3096 2601 3291 2662 quanta
3316 2607 3400 2647 res
3422 2592 3492 2647 sit
3511 2593 3802 2662 virjnsttts.

2213 2680 2357 2736 Dixit
2379 2679 2530 2737 Iesus
2556 2680 2722 2750 Nave,
2754 2681 2865 2737 Stet
2889 2683 2968 2738 sol
2994 2694 3170 2738 contra
3198 2683 3428 2748 Gabaon,
3452 2695 3499 2739 et
3527 2685 3651 2738 luna
3678 2701 3802 2738 con-

2212 2783 2293 2829 tra
2321 2773 2503 2829 vallem
2530 2771 2721 2841 Elom;
2761 2784 2807 2829 et
2844 2777 3035 2847 factum
3058 2786 3131 2829 est
3162 2775 3425 2847 (103.10.
3458 2776 3580 2845 12).
3613 2772 3807 2832 Veniat

2213 2882 2341 2938 ergo
2382 2867 2666 2922 universus
2707 2866 2853 2922 orbis
2890 2875 3048 2923 terra:
3073 2909 3089 2932 ,
3133 2867 3249 2939 imo
3282 2883 3408 2924 vero
3444 2866 3586 2935 duo,
3618 2878 3673 2924 et
3700 2878 3807 2924 tres

2216 2959 2400 3025 etiam,
2432 2966 2488 3013 et
2526 2967 2775 3028 quatuor,
2818 2967 2874 3013 et
2914 2958 3098 3028 viginti
3139 2959 3301 3014 orhes
3342 2968 3518 3022 terrm,
3548 2967 3603 3014 ct
3630 2959 3807 3015 dicant

2216 3051 2319 3106 hoc
2347 3059 2402 3106 et
2429 3050 2656 3117 iaciant;
2700 3048 2796 3105 sed
2835 3064 2941 3104 non
2978 3059 3250 3120 poterunt.
3281 3051 3376 3106 Dei
3402 3060 3578 3105 antem
3605 3051 3807 3105 amicus

2213 3142 2371 3196 amici
2414 3140 2714 3211 imperabat
2750 3142 3051 3206 creaturis;
3103 3141 3211 3196 imo
3239 3156 3365 3196 vero
3395 3141 3626 3195 amicum
3652 3156 3807 3196 suum

2214 3234 2443 3303 rogavit,
2472 3240 2527 3288 et
2555 3233 2822 3288 cedebant
2846 3248 2965 3304 qua;
2996 3234 3303 3289 serviebant
3324 3274 3337 3297 ,
3371 3243 3425 3289 et
3454 3232 3675 3289 inferior
3704 3228 3808 3288 im-

2218 3326 2442 3398 perabat
2468 3325 2738 3396 supernis.
2769 3324 2934 3382 Vides
2964 3325 3107 3397 quod
3132 3341 3196 3381 ea
3224 3335 3398 3381 creata
3423 3327 3529 3380 sint
3561 3327 3612 3380 in
3641 3327 3807 3381 servi-

2217 3427 2407 3487 tutem,
2429 3433 2645 3472 cursum
2668 3418 3020 3473 constitutum
3050 3417 3365 3487 implentia?
3396 3417 3509 3473 Hoc
3529 3426 3611 3472 cst
3637 3418 3810 3488 majus

2214 3525 2373 3582 quam
2421 3524 2542 3580 qua:
2587 3507 2726 3565 facta
2773 3517 2899 3563 sunt
2937 3523 2968 3563 a
3013 3508 3217 3581 Moyse.
3265 3509 3482 3577 Quare?
3527 3509 3643 3564 Non
3684 3518 3811 3565 sunt

2215 3601 2358 3655 enim
2391 3600 2563 3670 paria,
2592 3601 2860 3671 imperare
2887 3600 3046 3666 mari,
3077 3608 3134 3655 et
3161 3601 3227 3654 iis
3252 3615 3371 3669 qua:
3397 3608 3523 3655 sunt
3553 3600 3604 3654 in
3632 3600 3765 3654 etclo
3794 3617 3809 3654 :

2218 3707 2340 3746 nam
2367 3690 2498 3747 illud
2528 3706 2741 3761 quoque
2764 3700 2848 3747 est
2874 3706 3126 3761 magnum
3154 3700 3209 3746 et
3236 3691 3392 3747 valde
3420 3675 3693 3762 magnum,
3716 3691 3810 3746 sed

2218 3799 2324 3841 non
2350 3800 2465 3855 par.
2496 3784 2634 3839 Audi
2657 3798 2787 3840 vero
2807 3799 2905 3839 cur
2926 3785 3047 3839 talis
3070 3784 3141 3838 sit
3165 3783 3409 3839 eﬂ‘ectns.
3440 3783 3656 3849 Quare?
3681 3776 3809 3839 Jesu

2219 3891 2413 3932 nomen
2438 3885 2555 3930 erat
2584 3883 2742 3946 typus
2767 3873 2989 3930 Christi.
3023 3875 3313 3945 Propterea
3341 3892 3489 3943 ergo,
3513 3885 3567 3931 et
3586 3885 3808 3946 propter

2220 3970 2390 4041 ipsam
2415 3968 2467 4022 in
2498 3976 2625 4039 typo
2646 3967 3056 4038 appellationem
3081 3968 3247 4023 verita
3270 3979 3355 4025 est
3375 3981 3642 4026 creatura.
3674 3967 3811 4034 Quid

2220 4061 2388 4119 vero?
2415 4061 2555 4116 alius
2579 4077 2684 4117 non
2704 4070 2924 4117 vocatus
2947 4060 3046 4115 fuit
3065 4060 3256 4116 Jesus?
3279 4062 3384 4117 Sed
3408 4064 3508 4117 iste
3529 4072 3811 4132 propterea

2222 4157 2445 4203 vocatus
2473 4155 2558 4201 est
2583 4144 2635 4200 in
2666 4144 2836 4215 ﬁgura
2867 4160 2883 4201 :
2913 4157 3037 4197 nam
3076 4136 3355 4196 dicebatur
3394 4143 3555 4196 etiam
3586 4144 3760 4197 Auses
3791 4158 3809 4199 :

2225 4248 2509 4311 propterea
2540 4243 2801 4292 mutatum
2829 4235 2927 4289 fuit
2953 4249 3180 4299 nomen;
3210 4230 3483 4303 prmdictio
3512 4233 3655 4288 enim
3693 4241 3809 4288 erat

2219 4340 2275 4387 et
2303 4327 2603 4401 prophetia.
2638 4327 2755 4398 Ipse
2785 4325 3038 4396 populum
3071 4323 3367 4379 introduxit
3403 4324 3455 4379 in
3499 4322 3809 4395 promissio-

2178 4474 2183 4477 .
2219 4438 2365 4489 nem,
2399 4422 2536 4475 sicut
2563 4418 2723 4475 Iesus
2750 4419 2803 4472 in
2833 4417 3047 4479 cretum,
3081 4432 3186 4470 non
3217 4417 3324 4481 lex.
3358 4415 3497 4471 sicut
3527 4431 3629 4471 nec
3655 4412 3807 4487 Moy-

2218 4529 2338 4578 ses,
2369 4512 2462 4567 sed
2493 4512 2691 4587 mansit
2718 4518 2868 4565 extra
2900 4526 2914 4564 :
2947 4522 3053 4562 non
3090 4515 3268 4577 potest
3305 4508 3388 4562 lex
3432 4505 3770 4586 introducere
3791 4547 3806 4571 ,

2216 4603 2309 4658 sed
2328 4603 2518 4673 gratia.
2540 4602 2701 4657 Vides
2726 4601 2919 4670 ﬁguras
2940 4599 3118 4654 multis
3138 4609 3286 4654 retro
3313 4599 3447 4655 actis
3471 4599 3799 4670 temporibus

2219 4694 2365 4763 prius
2388 4692 2639 4748 describi.
2659 4691 2945 4762 imperavit
2959 4699 3240 4755 creaturae,
3257 4690 3366 4745 imo
3377 4706 3508 4745 vero
3524 4692 3800 4761 praecipuae

2216 4788 2355 4858 parti
2402 4794 2685 4853 creaturae,
2718 4784 2967 4841 deorsum
2997 4793 3145 4839 stans
3170 4783 3268 4854 ipsi
3299 4783 3480 4853 capiti,
3503 4792 3563 4837 ut
3591 4781 3804 4852 quando

2216 4879 2413 4934 videris
2452 4878 2504 4933 in
2532 4878 2698 4950 ﬁgura
2720 4877 2952 4932 hominis
2974 4876 3157 4932 Jesum
3185 4875 3374 4931 eadem
3403 4876 3694 4941 dicentem,
3740 4891 3805 4929 nc

2215 4972 2543 5043 perturberis
2571 4986 2704 5027 neve
2733 4969 3001 5025 terrearis.
3033 4970 3151 5039 Ipse
3190 4969 3350 5024 etiam
3380 4968 3594 5022 vivente
3622 4966 3805 5036 Moyse

2213 5065 2348 5119 ludit
2370 5074 2425 5120 et
2446 5064 2643 5133 fugavit
2671 5062 2854 5117 hostes
2887 5082 2900 5117 :
2930 5061 3017 5116 hic
3044 5061 3205 5116 etiam
3233 5059 3449 5114 vivente
3486 5058 3602 5128 lege
3623 5057 3802 5111 ontnia

2212 5157 2571 5223 administrat,
2603 5156 2696 5211 sed
2728 5172 2832 5210 non
2859 5163 3061 5225 aperte.
3091 5153 3197 5210 Sed
3220 5153 3498 5208 videamus
3518 5158 3714 5223 quanta
3734 5149 3806 5202 sit

2212 5254 2381 5307 virtus
2409 5263 2734 5305 sanctorum.

2283 5345 2335 5399 4.
2367 5344 2554 5398 Contra
2577 5358 2661 5397 eos
2684 5341 2770 5410 qui
2800 5340 2978 5394 cwlum
3020 5337 3251 5393 dicebant
3290 5354 3398 5393 esse
3419 5337 3694 5409 spinarum.
3729 5366 3802 5377 —-

2211 5438 2268 5495 Si
2303 5437 2388 5493 hic
2419 5437 2540 5491 talia
2572 5444 2885 5506 cperautur,
2911 5434 2958 5489 si
2990 5433 3076 5488 hic
3105 5447 3167 5489 ea
3201 5432 3401 5486 faciunt
3429 5447 3549 5502 qua:
3598 5424 3797 5501 angeli,

2210 5529 2337 5603 quid
2379 5529 2536 5585 illic?
2565 5536 2824 5600 quantum
2868 5528 3069 5581 habent
3114 5523 3505 5595 splendorem?
3545 5516 3801 5577 Fortasse

2210 5625 2575 5694 unusquisque
2598 5630 2834 5677 vestrum
2858 5619 3020 5675 vellet
3048 5633 3170 5673 esse
3191 5611 3518 5686 lmjusmodi,
3538 5625 3595 5669 ut
3614 5622 3800 5686 posset

2209 5719 2475 5787 imperare
2502 5717 2599 5771 soli
2627 5726 2681 5771 et
2711 5715 2871 5770 luna}.
2918 5712 3015 5767 llic
3038 5712 3072 5765 ii
3100 5710 3189 5781 qui
3225 5710 3416 5764 caelum
3465 5709 3647 5764 dicunt
3671 5722 3794 5763 esse

2210 5811 2501 5880 Sphzeram,
2520 5808 2646 5879 quid
2676 5806 2947 5862 dixerint?
2977 5804 3084 5860 Cur
3107 5820 3211 5859 non
3239 5802 3393 5870 dixit,
3424 5803 3541 5859 Stet
3564 5802 3666 5867 sol,
3700 5800 3794 5856 sed

2208 5900 2441 5968 addidit,
2484 5900 2593 5956 Stct
2638 5910 2815 5955 contra
2860 5897 3098 5963 Gabaon,
3130 5905 3175 5951 ct
3225 5896 3349 5951 luna
3388 5904 3567 5951 contra
3613 5893 3795 5950 vallem
