4202 6492
502 407 607 464 189

495 531 690 590 Elom.’
717 531 833 588 Hec
849 537 951 594 est,
981 529 1122 584 diem
1169 527 1330 582 faciat
1364 526 1644 596 majorem.
1677 525 1788 580 lloc
1819 525 1978 580 etiam
2021 525 2097 580 fa-

488 638 638 682 ctum
667 625 837 680 estin
870 622 1145 686 Ezechia;
1191 619 1270 676 sol
1329 618 1664 673 retrocessit.
1715 616 1821 700 Sed
1875 617 1975 672 hoc
2017 629 2098 673 est

491 718 585 772 illo
611 715 1004 778 admirabilius,
1036 728 1231 781 nempe
1252 710 1518 766 contraria
1539 710 1620 762 via
1647 724 1834 764 rursus
1867 701 2092 778 ingre'di,

494 827 613 865 cum
637 823 860 864 cursum
901 822 1055 860 suum
1084 804 1320 859 nondum
1354 801 1695 856 confecisset.
1723 800 1829 856 Sed
1860 802 1942 855 his
1977 817 2103 854 tna-‘

490 907 604 980 jora
629 919 727 959 nos
752 916 1126 972 assrquetnur,
1169 899 1216 953 si
1244 897 1494 952 velimus.
1515 895 1646 949 Nam
1673 911 1916 966 quccnam
1939 896 2108 950 nobis

491 995 741 1065 promisit
759 993 1008 1048 Christus
1026 992 1047 1044 ?
1066 990 1179 1044 Non
1212 989 1326 1043 fore
1349 993 1408 1041 ut
1434 987 1603 1044 solem
1627 987 1900 1053 sistamus,
1924 1003 2095 1056 neque

488 1090 695 1151 lunam,
725 1101 900 1155 neque
930 1085 1061 1139 solis
1085 1081 1622 1152 retrogradationcm,
1657 1080 1752 1134 sed
1781 1080 1952 1148 quitl?
1993 1080 2092 1134 Ve-

487 1185 708 1248 niamus,
751 1181 945 1250 inquit,
980 1179 1048 1231 ad
1083 1178 1248 1245 ipsum
1289 1193 1379 1246 ego
1403 1185 1448 1228 et
1498 1173 1655 1227 Pater
1684 1189 1845 1239 meus,
1873 1184 1918 1227 et
1950 1191 2095 1227 man-

485 1277 684 1331 sionem
713 1273 851 1345 apud
879 1289 996 1326 eum
1021 1270 1262 1341 faciemus
1294 1267 1476 1337 (Joan.
1509 1266 1595 1323 14.
1624 1265 1743 1334 25).
1775 1265 1915 1334 Quid
1962 1265 2112 1320 mihi"

485 1381 623 1436 opus
654 1374 734 1420 est
781 1364 898 1419 sole
950 1371 1006 1417 et
1052 1363 1175 1416 lttna
1216 1369 1270 1416 et
1323 1359 1404 1413 his
1431 1358 1704 1412 miraculis
1732 1399 1746 1422 ,
1799 1374 1920 1412 cum
1979 1358 2092 1427 ipse

483 1460 730 1513 omnium
765 1456 1026 1511 Dominus
1073 1455 1138 1508 ad
1169 1469 1255 1508 tne
1294 1450 1605 1512 descendat,
1635 1459 1687 1505 et
1719 1450 1856 1518 apud
1891 1467 1979 1505 tne
2003 1451 2091 1503 lir-

483 1568 611 1607 tnus
639 1545 863 1604 maneat
882 1558 935 1603 et
962 1547 1202 1602 stabilis?
1237 1545 1338 1598 hoc
1377 1543 1506 1597 milti
1533 1558 1636 1596 non
1662 1553 1745 1597 est
1767 1557 1927 1610 opus,
1951 1542 2088 1610 Quid

487 1632 638 1680 cnim
671 1629 805 1681 mihi
860 1630 969 1682 ullo
1002 1631 1192 1684 horum
1222 1645 1356 1699 opus
1395 1636 1521 1686 ost?
1571 1633 1685 1702 ipse
1711 1635 1812 1688 erit
1862 1635 1995 1688 mihi
2041 1635 2093 1687 in

482 1720 658 1774 solem
677 1731 732 1774 et
752 1721 933 1775 lunam
957 1731 1012 1776 et
1039 1722 1235 1776 lucem.
1263 1721 1418 1788 Nam,
1449 1722 1536 1776 dic
1559 1723 1710 1788 mihi,
1729 1725 1856 1794 quid
1880 1725 2092 1792 malles,

481 1812 693 1882 regiam
722 1813 1015 1883 ingressus,
1049 1830 1116 1868 an
1138 1813 1338 1884 aliquid
1369 1823 1725 1870 transm‘utare
1756 1832 1940 1870 eorum
1973 1834 2095 1887 quae

483 1905 590 1956 {ista
621 1912 771 1970 sunt,
805 1920 870 1958 an
901 1921 1082 1975 regem
1118 1906 1208 1959 tibi
1244 1915 1390 1960 tanta
1421 1906 1748 1976 conjungere
1802 1907 2094 1963 familiari-

480 2005 617 2058 tate,
641 2005 698 2050 ut
728 1997 777 2052 ei
800 1997 1126 2066 persuadeas
1155 2007 1206 2051 ttt
1238 1997 1302 2050 ad
1339 2008 1388 2052 te
1411 1997 1686 2053 deveniat?
1716 2016 1895 2055 nonne
1921 2001 2089 2055 multo

477 2087 654 2156 magis
683 2087 806 2152 hoc,
839 2105 997 2158 quam
1036 2089 1197 2142 illud?
1226 2089 1362 2155 Quid
1418 2090 1592 2143 vero?
1627 2106 1732 2145 non
1782 2093 1998 2158 mirum,
2043 2096 2084 2148 si

480 2197 601 2248 qum
632 2180 798 2236 homo
828 2181 1076 2251 imperat,
1104 2183 1222 2237 ltarc
1249 2198 1462 2253 quoque
1489 2183 1769 2239 Christus?
1798 2187 1902 2241 Sed
1934 2188 2087 2241 Chri-

488 2282 618 2332 stus.
643 2274 836 2344 inquit,
868 2291 972 2328 non
1004 2285 1153 2345 rogat
1181 2277 1418 2342 Patrem,
1437 2277 1531 2332 sed
1557 2293 1653 2332 sua
1683 2278 1810 2334 facit
1854 2284 2087 2335 auctori-

492 2374 614 2418 tate.
638 2365 806 2421 Recte
839 2384 851 2420 :
887 2367 1120 2436 primum
1144 2383 1271 2437 ergo
1294 2369 1554 2424 conﬁtere
1580 2371 1722 2439 quod
1751 2371 1961 2427 Patrem
1979 2389 2085 2428 non

485 2465 654 2526 rogat,
683 2467 737 2511 et
763 2472 858 2511 sua
890 2459 1012 2512 facit
1034 2459 1391 2524 auctoritate;
1415 2467 1470 2514 et
1510 2469 1635 2516 tunc
1664 2477 1728 2517 ex
1765 2473 1814 2517 te
1837 2463 2082 2518 sciscita-

480 2548 598 2615 hor,
641 2550 752 2606 imo
807 2559 859 2605 te
886 2550 1092 2606 docebo
1138 2550 1282 2606 circa
1313 2553 1698 2621 precationem,
1749 2571 1905 2625 quam
1938 2556 2081 2621 facit,

475 2646 675 2702 fecisse
709 2664 806 2717 per
831 2650 1332 2720 attemperationem
1351 2658 1406 2705 et
1432 2651 1788 2705 oeconomiam
1818 2649 1947 2720 (non
1970 2658 2086 2703 erat

470 2738 620 2791 enim
654 2738 901 2793 Christus
923 2741 1101 2794 minor
1119 2740 1246 2794 Jesu
1272 2739 1466 2807 Nave),
1499 2740 1715 2809 etquod
1748 2749 1954 2808 poterat
1987 2753 2084 2793 nos

471 2828 675 2882 docere
719 2829 837 2883 sine
864 2830 1133 2884 oratione.
1161 2829 1309 2886 Sicut
1335 2830 1478 2884 enim
1508 2830 1820 2900 magistrum
1849 2829 2078 2884 audiens

466 2920 868 2975 balbutientem
913 2933 967 2976 et
995 2921 1261 2976 elementa
1314 2928 1720 2984 recensentem,
1771 2935 1879 2974 non
1936 2919 2074 2975 dicis

466 3015 651 3084 ipsum
693 3015 979 3084 ignorare;
1013 3024 1068 3069 et
1105 3012 1322 3083 quando
1360 3014 1693 3084 interrogat:
1732 3011 1829 3067 Ubi
1870 3020 1951 3066 est
1981 3011 2081 3065 hoc

462 3104 846 3160 elementum?
887 3107 998 3160 scis
1043 3105 1185 3175 quod
1219 3119 1324 3159 non
1350 3105 1607 3175 ignorans
1631 3103 1947 3172 interrogat,
1986 3102 2079 3156 sed

463 3196 798 3267 discipulum
827 3196 1016 3250 volens
1058 3195 1340 3250 instituere
1372 3211 1386 3248 :
1416 3195 1490 3249 ita
1515 3193 1675 3249 etiam
1701 3192 1946 3248 Christus
1976 3210 2075 3248 non

463 3290 720 3344 oratione
748 3288 993 3357 indigens
1043 3287 1253 3352 orabat,
1284 3285 1380 3342 sed
1427 3295 1478 3342 te
1507 3285 1762 3340 inducere
1801 3285 1988 3339 volens
2019 3294 2078 3339 ut

465 3381 695 3436 assidue
725 3381 802 3436 sis
832 3389 1070 3435 attentus
1099 3379 1369 3443 orationi,
1429 3387 1486 3432 ut
1534 3393 1655 3433 eam
1700 3377 1915 3432 emittas
1964 3378 2081 3434 sine

463 3474 896 3540 intermissione,
914 3483 974 3529 ut
1000 3473 1198 3537 sobrie,
1219 3482 1273 3526 et
1291 3487 1413 3527 cum
1436 3471 1603 3526 multa
1622 3469 1913 3541 vigilantia.
1935 3463 2082 3541 Vigi—

464 3567 588 3624 lare
609 3579 790 3623 autem
821 3583 928 3622 non
949 3567 1072 3622 dico
1087 3568 1260 3622 solum
1282 3575 1443 3640 noctu
1459 3565 1780 3635 expergisci,
1800 3563 1894 3618 sed
1918 3563 2077 3618 etiam

465 3659 708 3715 interdiu
723 3660 959 3715 sobrium
983 3673 1103 3714 esse
1123 3660 1174 3712 in
1201 3651 1484 3728 preCibus:
1516 3656 1565 3710 ls
1597 3655 1742 3712 enim
1775 3655 2083 3725 appellatur

461 3754 720 3824 vigilans.
773 3737 953 3808 Potest
991 3755 1136 3808 enim
1181 3768 1302 3808 esse
1332 3760 1389 3806 ut
1419 3752 1538 3821 quis
1568 3760 1729 3804 noctu
1759 3765 1923 3804 orans
1952 3751 2080 3805 dor-

465 3847 625 3911 miat,
672 3854 728 3900 et
758 3845 991 3901 interdiu
1023 3861 1130 3899 non
1159 3859 1322 3900 orans
1362 3843 1587 3914 vigilet,
1616 3841 1833 3912 quando
1869 3843 2080 3896 animus

463 3939 633 3994 fuerit
657 3938 724 3994 ad
767 3940 934 3994 Deum
965 3940 1202 3993 intentus
1224 3937 1460 4008 quando,
1483 3937 1684 4006 cogitat
1705 3951 1824 3991 cum
1847 3953 1952 4006 quo
1979 3936 2092 3988 dis-

463 4042 638 4098 serat,
673 4032 741 4087 ad
781 4048 942 4103 quem
986 4032 1150 4086 verba
1195 4029 1375 4098 faciat,
1423 4028 1637 4098 quando
1664 4029 1714 4083 ci
1743 4027 1796 4082 in
1845 4016 2078 4082 ment-ent

465 4124 620 4179 vertit
645 4123 786 4194 quod
809 4123 986 4195 angeli
1008 4123 1222 4177 adstent
1241 4137 1365 4177 cum
1394 4129 1628 4175 tremore
1641 4128 1698 4176 ct
1725 4119 1939 4184 timore,
1966 4119 1975 4171 i
1983 4134 2081 4189 pse

462 4226 650 4272 autem
681 4215 889 4270 accedit
916 4217 1153 4270 oscitans
1179 4223 1234 4270 et
1259 4228 1318 4269 se
1341 4213 1557 4268 fricans.

548 4307 772 4362 Precum
800 4316 992 4378 quanta
1016 4307 1083 4362 sit
1113 4309 1296 4360 vis.——
1321 4305 1508 4374 Magna
1530 4320 1680 4358 arma
1711 4314 1830 4358 sunt
1867 4318 2077 4374 preces,

464 4403 512 4458 si
544 4417 668 4457 cum
707 4417 771 4456 ea
800 4417 904 4472 qua
931 4417 1026 4471 par
1052 4409 1137 4455 est
1164 4409 1345 4454 mente
1375 4402 1523 4454 fiant.
1557 4397 1621 4451 Et
1643 4407 1702 4451 ut
1723 4412 1910 4451 carum
1963 4397 2078 4450 vim

466 4495 764 4564 intelligas,
800 4495 925 4548 hinc
955 4491 1229 4563 perpende
1261 4508 1274 4545 :
1304 4489 1693 4560 impudentiam
1737 4500 1791 4544 et
1822 4489 2074 4558 iniquita-

471 4593 606 4647 tem,
636 4582 1011 4638 crudelitatem
1052 4591 1108 4635 et
1137 4582 1496 4648 importunam
1545 4577 1822 4631 audaciam
1855 4574 2077 4628 vincunt

470 4675 708 4731 assidam
739 4689 926 4744 preces
954 4693 966 4724 :
997 4672 1184 4726 Audite
1236 4671 1398 4734 enim,
1436 4669 1627 4740 inqttit,
1671 4667 1794 4738 quid
1824 4667 1962 4719 dicat
1986 4663 2080 4734 ju-

471 4770 572 4822 dex
624 4766 904 4836 iniquitatis
935 4764 1087 4835 (Luc.
1133 4765 1185 4819 8.
1217 4762 1300 4833 6).
1334 4763 1399 4816 Et
1443 4775 1631 4815 rursus
1675 4747 1895 4814 vincunt
1940 4757 2081 4811 desi-

471 4860 620 4913 diam
657 4874 672 4910 :
705 4866 761 4911 et
786 4857 933 4926 quod.
962 4872 1069 4909 non
1110 4855 1235 4909 fecit
1273 4854 1526 4917 amicitia,
1560 4851 1663 4904 hoc
1692 4849 1902 4903 assidua
1957 4841 2083 4901 fecit

476 4950 843 5018 interpellatio
872 4967 882 5001 :
915 4947 978 5000 Et
1004 4949 1168 5002 sinon
1195 4962 1252 5000 eo
1283 4944 1418 5016 quod
1444 4947 1508 4997 sit
1529 4933 1862 5014 ejusamicus,
1888 4927 2078 5006 inquit,

474 5042 617 5094 dabit
645 5041 709 5103 ei,
737 5040 828 5094 sed
855 5051 1022 5092 tamen
1055 5049 1262 5110 propter
1290 5037 1399 5107 ejus
1425 5035 1834 5104 impudentiam,
1871 5047 2081 5098 surgens

473 5136 618 5190 dabit
644 5137 692 5189 ei
720 5134 874 5206 (Luc.
914 5135 1000 5187 11.
1033 5133 1109 5204 8).
1143 5133 1209 5185 Et
1247 5147 1364 5184 cant
1418 5145 1537 5199 qua:
1569 5135 1687 5182 erat
1727 5124 1958 5193 indigna,
1995 5123 2081 5176 di-

474 5247 636 5303 gnam
665 5231 792 5285 fecit
839 5228 1129 5283 assiduitas
1162 5243 1174 5278 :
1206 5224 1329 5278 Non
1379 5234 1473 5288 est,
1507 5223 1698 5292 inquit,
1733 5221 1920 5273 bonum
1939 5218 2082 5305 occi-

476 5339 597 5392 pere
642 5339 825 5393 panem
856 5322 1101 5390 ﬁliorum,
1133 5327 1178 5371 et
1228 5318 1352 5370 dare
1378 5314 1606 5370 canibus.
1662 5313 1852 5375 Etiam,
1879 5310 2074 5378 inquit,

481 5417 699 5473 Domine
730 5423 896 5486 :‘nam'
923 5426 970 5469 et
991 5415 1150 5468 catuli
1193 5413 1462 5466 comedunt
1493 5428 1518 5464 c
1561 5425 1732 5462 mensa
1759 5406 2081 5459 dominorum

473 5529 688 5568 suorum
712 5511 929 5583 (Matth.
962 5509 1049 5565 15.
1075 5507 1166 5562 26.
1196 5507 1314 5577 ‘27).

548 5607 601 5662 5.
646 5603 1008 5658 Attendamus
1053 5615 1183 5670 ergo
1209 5598 1440 5654 orationi
1473 5616 1484 5652 :
1517 5605 1641 5652 sunt
1687 5609 1877 5662 magna
1928 5606 2080 5647 arma

478 5712 691 5767 preces,
738 5696 782 5751 si
817 5696 946 5748 liant
989 5702 1194 5746 attente
1224 5701 1278 5746 et
1309 5689 1546 5753 assidue,
1594 5689 1637 5742 si
1692 5688 1897 5756 absque
1937 5685 2079 5765 inani

477 5791 671 5861 gloria,
701 5789 746 5843 si
777 5804 898 5842 cum
959 5803 1094 5856 puro
1125 5795 1180 5840 et
1202 5805 1208 5812 ··
1228 5785 1442 5840 sincero
1485 5781 1700 5836 all‘ccttt.
1729 5779 1910 5835 Oratio
1943 5779 2080 5832 bella

479 5881 696 5948 evertit,
723 5880 836 5949 ipsa
867 5885 1082 5948 gentem
1117 5877 1380 5948 integram
1412 5884 1467 5930 et
1519 5872 1787 5944 indignam
1822 5871 2080 5928 hcncticio

1331 380 1396 462 tti
1434 401 1650 460 EPIST.
1693 397 1785 458 AD
1825 397 2186 458 ttennmos;
2229 401 2381 458 car.
2425 403 2516 458 XI.
2558 402 2769 459 noun.
2835 394 3044 457 xxvn.

3683 403 3697 455 1
3713 404 3778 452 ΩΟ

2185 520 2363 576 alleeit
2396 539 2408 573 :
2443 520 2648 585 Audivi,
2676 520 2868 590 inqttit,
2885 519 3137 590 gemitum
3155 534 3350 585 eorum,
3373 527 3419 573 et
3449 521 3688 574 descendi
3709 522 3776 573 ad

2179 629 2263 665 eos
2319 613 2608 666 liberandos
2653 611 2847 684 tand.
2881 612 2934 665 '5.
2965 610 3059 678 8):
3089 611 3262 664 oratio
3313 620 3396 665 est
3427 610 3775 681 pltarmacnm

2179 703 2505 768 salutare,‘et
2533 703 2824 774 prohibens
2857 710 3098 772 peccata,
3122 711 3174 755 et
3202 701 3656 756 medicamentum
3681 703 3776 757 de-

2181 795 2449 847 lictorum.
2484 793 2540 847 In
2565 809 2626 848 ea
2668 802 2782 847 erat
2816 794 3054 847 assidue
3079 792 3235 846 vidua
3283 793 3372 847 illa
3416 795 3601 848 relicta
3633 796 3769 848 Sola.

2180 888 2312 942 Nam
2340 888 2382 941 si
2415 903 2631 942 oremus
2673 903 2794 940 cum
2830 887 3149 952 lmmilitate,
3201 887 3243 940 si
3276 896 3462 956 pectus
3491 890 3774 956 pulsantes

2179 992 2233 1034 ttt
2267 981 2584 1049 publicanus
2607 1022 2620 1045 ,
2655 981 2698 1033 si
2737 995 2798 1034 ea
2827 996 2945 1049 qua:
2977 981 3064 1034 ille
3097 981 3409 1048 loquentes,
3440 979 3770 1046 si-dicamus,

2179 1071 2305 1126 Esto
2353 1073 2606 1142 propitius
2656 1072 2782 1124 mihi
2811 1073 3062 1142 peccatori
3098 1071 3255 1142 (Luc:
3289 1073 3378 1127 18.
3424 1075 3539 1141 15),
3592 1073 3771 1126 omnia

2178 1182 2594 1236 consequemur.
2639 1166 2771 1220 Nam
2815 1166 2912 1219 etsi
2947 1181 3050 1219 non
3080 1180 3266 1221 sumus
3296 1166 3581 1234 publicani,
3609 1166 3774 1220 habe-

2180 1272 2298 1312 ntus
2319 1245 2669 1328 alia-peceata
2700 1257 2841 1311 illius
2866 1258 3099 1326 peccatis
3131 1273 3234 1310 non
3271 1258 3498 1311 minora.
3533 1257 3609 1312 [ἵε
3639 1257 3772 1312 mihi

2179 1352 2380 1407 dixeris
2429 1360 2483 1407 te
2533 1353 2585 1406 in
2627 1351 2855 1422 quadam
2891 1366 3047 1420 parva
3083 1365 3139 1404 re
3172 1365 3424 1419 peccasse
3458 1368 3470 1404 :
3513 1366 3598 1405 res
3628 1351 3770 1407 enim

2179 1446 2426 1500 eamdem
2465 1445 2626 1499 ltabet
2652 1455 2918 1498 naturam.
2951 1443 3101 1498 Sicut
3128 1443 3270 1498 enim
3308 1443 3560 1499 similiter
3580 1446 3771 1500 dicitur

2178 1537 2466 1604 homicida,
2501 1547 2556 1592 et
2586 1539 2673 1607 qui
2702 1550 2895 1608 parvos
2927 1553 3121 1607 pueros
3159 1538 3453 1601 interentit,
3485 1548 3540 1594 et
3570 1540 3657 1608 qui
3692 1540 3770 1592 vi-

2179 1646 2296 1684 rum
2324 1647 2338 1685 :
2369 1634 2438 1685 ita
2467 1632 2628 1685 etiam
2659 1640 2741 1687 est
2771 1646 2982 1697 avarus,
3009 1640 3062 1685 et
3085 1631 3174 1701 qui
3207 1632 3256 1684 in
3289 1631 3492 1697 multis,
3513 1642 3566 1686 et
3595 1636 3683 1703 qui
3717 1635 3768 1687 itt

2174 1723 2357 1791 paucis
2379 1721 2593 1776 fraudat
2620 1723 2946 1793 quempiam.
2990 1711 3054 1777 Et
3084 1723 3291 1792 injuria:
3321 1733 3556 1794 acoepta:
3586 1740 3771 1778 recor-

2175 1812 2341 1880 datio,
2375 1831 2479 1869 non
2512 1827 2595 1871 est
2623 1831 2864 1884 parvum,
2891 1817 2982 1871 sed
3016 1831 3268 1887 magnum
3295 1829 3575 1885 peceatum
3610 1837 3622 1872 :
3661 1819 3769 1873 Eo-

2175 1923 2289 1960 rum
2319 1912 2457 1962 enitn
2481 1909 2567 1975 qui
2591 1909 2796 1980 injuria:
2821 1919 3042 1979 accepta:
3066 1921 3184 1963 sunt
3219 1927 3484 1979 memores,
3516 1914 3610 1967 vite
3651 1926 3768 1967 sttnt

2172 1993 2238 2043 ad
2260 2003 2467 2044 mortem
2486 1987 2668 2062 (Prov.
2696 1993 2783 2046 1‘2.
2813 1994 2906 2062 28)
2929 2012 2940 2057 ;
2967 1999 3053 2060 'et,
3093 1998 3196 2062 Qui
3213 2000 3466 2054 ‘irascit‘nr
3492 2008 3645 2072 fratri
3675 2023 3766 2061 suo

2173 2080 2284 2136 sine
2310 2099 2486 2150 causa,
2519 2085 2612 2137 erit
2654 2085 2901 2140 obnoxius
2923 2089 3170 2157 gehennae
3214 2087 3426 2161 (:ll'attlt.
3465 2091 3516 2150 5L
3547 2097 3675 2167 22);
3711 2107 3789 2154 et"

2171 2176 2261 2242 qui
2321 2186 2474 2232 vocat
2525 2174 2743 2232 fratrem
2793 2183 2946 2233 suum
2991 2168 3190 2236 fa'tnunt
3223 2195 3276 2238 et
3305 2187 3668 2258 insipientem,
3709 2202 3764 2248 et

2172 2270 2272 2323 alia
2307 2270 2556 2339 plurima.
2597 2265 3038 2326 Reverendortnn
3096 2275 3257 2328 etiam
3305 2291 3764 2340 sacramentorum

2173 2361 2470 2432 participes
2497 2379 2683 2444 sumus
2729 2365 2967 2435 indigne,
2995 2375 3046 2420 ct
3099 2367 3422 2438 invidemus,
3458 2383 3510 2427 et
3543 2376 3765 2431 maledi-

2173 2460 2276 2510 ctis
2322 2449 2623 2526 appeti’mus
2656 2477 2668 2512 :
2700 2459 2916 2529 quidam
2954 2476 3017 2515 ex
3072 2461 3226 2515 nobis
3267 2478 3409 2536 sa-pe
3457 2468 3616 2521 etiam
3645 2480 3767 2524 sunt

2175 2549 2444 2638 inebriati.
2481 2549 2678 2603 Horum
2732 2566 2862 2605 vero
2896 2552 3312 2624 unumquodque
3363 2557 3536 2626 ipsum
3587 2575 3682 2629 per
3709 2576 3768 2615 se

2174 2641 2366 2695 sufficit
2389 2642 2454 2696 ad
2483 2643 2854 2712 expellendum
2874 2660 2903 2697 e
2924 2660 3091 2713 regno
3119 2661 3133 2700 :
3162 2647 3379 2716 quando
3406 2658 3584 2705 autem
3605 2654 3764 2706 simul

2176 2746 2582 2804 congeruntur,
2637 2751 2926 2805 quamnatn
2978 2737 3305 2794 habebimus
3355 2741 3768 2800 defensionem?

2176 2823 2356 2886 Multa,
2399 2840 2429 2880 ο
2478 2825 2682 2891 dilecti,
2733 2827 2888 2880 nobis
2933 2844 3070 2898 opus
3098 2839 3180 2884 est
3215 2833 3550 2902 ptenitentia,
3600 2837 3767 2892 multa

2175 2919 2620 2984 oratione,multa
2657 2921 2965 2988 tolerantia,
2987 2922 3153 2976 multa
3172 2923 3508 2991 assiduitate,
3539 2935 3598 2982 ut
3629 2929 3766 2984 bona

2175 3013 2331 3068 nobis
2362 3015 2625 3083 promissa
2675 3015 2942 3084 possimus
2973 3016 3208 3086 assequi.
3235 3009 3486 3074 Dicamus
3518 3037 3646 3092 ergo
3672 3037 3773 3080 nos

2175 3121 2407 3176 quoque,
2440 3104 2710 3174 Pr0pitius
2741 3116 2845 3160 esto
2874 3106 3001 3159 mihi
3031 3109 3326 3176 peccatori;
3366 3111 3476 3166 imo
3505 3127 3636 3167 vero
3663 3129 3771 3169 non

2177 3198 2349 3252 solum
2394 3197 2655 3261 dicamus,
2680 3197 2776 3252 scd
2822 3199 2979 3252 etiam
3004 3201 3301 3256 sentiamus
3337 3218 3401 3258 ac
3454 3206 3771 3275 cogitemus,

2177 3298 2231 3344 et
2253 3288 2299 3342 si
2327 3287 2463 3342 alius
2489 3303 2585 3344 nos
2616 3287 2697 3342 sic
2715 3299 2952 3355 accuset,
2984 3306 3053 3345 ne
3084 3291 3401 3348 irascamur.
3422 3295 3638 3351 Audivit
3658 3297 3770 3364 ille,

2180 3381 2302 3435 Non
2328 3398 2441 3435 sum
2470 3382 2596 3436 sicut
2619 3382 2922 3453 publicanus
2951 3384 3084 3450 iste;
3131 3401 3232 3440 nec
3272 3387 3464 3456 iratus,
3497 3391 3589 3446 sed
3622 3407 3774 3446 com-

2180 3483 2409 3544 punctus
2434 3483 2517 3528 est
2547 3493 2559 3526 :
2591 3475 2869 3557 victoriam
2895 3475 3142 3541 obtinuit,
3170 3488 3222 3532 et
3243 3481 3587 3549 opprobrium
3609 3483 3775 3553 depo—

2179 3567 2306 3620 suit.
2341 3565 2602 3621 lndicavit
2631 3566 2718 3621 ille
2747 3568 2972 3633 vulnus;
3007 3569 3091 3623 hic
3121 3570 3469 3639 pharntacum
3503 3577 3773 3646 quaesivit.

2180 3659 2429 3714 Dicamus
2458 3674 2606 3730 ergo,
2636 3659 2903 3729 Propitius
2923 3671 3030 3715 esto
3051 3663 3179 3716 mihi
3199 3668 3453 3732 peccatori
3475 3683 3496 3732 ;
3525 3668 3618 3723 scd
3646 3678 3700 3724 et
3729 3671 3775 3725 si

2178 3753 2315 3806 alius
2359 3753 2523 3818 dicat,
2554 3767 2622 3806 ne
2672 3753 3038 3822 indignemur.
3083 3755 3178 3810 Sin
3221 3767 3399 3812 autem
3428 3761 3526 3828 ipsi
3554 3760 3774 3831 quidem

2179 3845 2420 3899 dicamus
2446 3845 2513 3900 de
2539 3845 2692 3900 nobis
2719 3846 2858 3899 mala
2885 3840 3318 3914 innumerabilia,
3354 3859 3409 3905 et
3441 3852 3509 3906 ab
3538 3853 3657 3907 aliis
3678 3869 3771 3908 au—

2179 3938 2390 3992 dientes
2418 3937 2736 4003 irascamur,
2770 3953 2876 3991 non
2900 3947 2976 3993 est
3012 3938 3116 3994 hoc
3145 3941 3328 4012 utique
3376 3943 3650 3999 humilitas
3673 3962 3769 4001 nec

2180 4045 2284 4099 que
2311 4028 2601 4095 confessio,
2619 4029 2711 4084 sed
2740 4031 3029 4086 ostentatio
3053 4041 3106 4086 et
3123 4033 3295 4088 inanis
3315 4035 3502 4105 gloria.
3525 4036 3776 4092 Ostenta-

2181 4124 2326 4177 tione
2343 4129 2446 4184 est,
2463 4121 2652 4190 inquit,
2668 4121 2743 4175 sei
2751 4136 2905 4190 psum
2921 4136 3114 4177 vocare
3129 4133 3460 4192 peccatorem
3476 4123 3739 4182 ?Maxitne
3761 4145 3775 4183 :

2181 4210 2497 4266 humilitatis
2539 4209 2682 4264 enim
2717 4211 3115 4267 existimatione
3161 4211 3408 4281 fruimur,
3458 4215 3512 4269 in
3541 4217 3779 4272 admira-

2181 4307 2324 4360 tione
2355 4305 2636 4370 habemur,
2672 4303 2918 4359 laudibus
2948 4305 3299 4360 extollimur:
3333 4308 3376 4362 si
3409 4322 3538 4363 vero
3582 4308 3650 4364 de
3678 4325 3779 4364 no-

2181 4399 2262 4454 bis
2289 4381 2516 4452 dicimus
2542 4396 2891 4460 contrarium,
2916 4396 3266 4465 despicintur.
3290 4397 3650 4467 Quamobrem
3680 4401 3782 4457 hoc

2181 4506 2394 4563 quoque
2423 4488 2648 4544 facimus
2680 4495 2898 4558 propter
2924 4488 3173 4558 gloriam.

2260 4568 2540 4636 Humilitas
2588 4580 2710 4651 quid
2739 4581 2823 4634 sit.
2857 4612 2927 4621 —
2955 4575 3092 4648 Quid
3122 4590 3207 4638 est
3251 4593 3430 4638 autem
3470 4583 3782 4640 humilitas?

2183 4675 2380 4729 Probra
2410 4674 2614 4742 ingesta
2646 4671 2804 4738 ferre,
2832 4682 3106 4740 peccatum
3152 4687 3462 4744 agnoscere,
3493 4676 3634 4732 ferre
3666 4690 3781 4729 nta-

2185 4769 2396 4823 ledict’a.
2432 4767 2506 4820 Ne
2535 4765 2635 4819 hoc
2667 4765 2881 4833 quidem
2916 4765 3077 4820 fuerit
3109 4761 3447 4831 ltutnilitatis,
3483 4768 3578 4823 sed
3624 4768 3774 4821 heni-

2181 4850 2270 4922 gni‘
2295 4849 2459 4904 animi
2491 4857 2543 4902 et
2567 4847 2801 4917 ingenui.
2819 4846 2971 4899 Nunc
2987 4852 3164 4900 autem
3186 4856 3283 4899 nos
3313 4843 3529 4915 quidem
3548 4845 3778 4899 dicimus

2182 4941 2517 5014 peccatores,
2569 4939 2839 5008 indignos,
2865 4946 2918 4992 et
2944 4937 3047 4990 alia
3094 4935 3543 4997 innumerabilia;
3589 4934 3686 4990 sed
3735 4938 3779 4990 si

2179 5034 2300 5104 quis
2325 5033 2460 5087 alius
2486 5029 2638 5086 nobis
2669 5043 2832 5084 unum
2887 5041 2951 5083 ex
2984 5027 3067 5082 his
3094 5027 3334 5097 obji‘ciat,
3364 5041 3505 5095 mgrc
3533 5025 3777 5092 ferimus,

2183 5126 2492 5181 elleramu'r.
2544 5121 2706 5178 Vides
2736 5120 2876 5191 quod
2911 5121 3010 5174 ltoc
3042 5134 3148 5173 non
3180 5119 3250 5172 sit
3280 5117 3571 5181 confessio,
3604 5133 3781 5187 neque

2181 5221 2346 5276 animi
2398 5217 2740 5290 tngenuitas?
2776 5215 2960 5269 Dixisti
3013 5214 3242 5283 teipsum
3285 5227 3406 5266 esse
3461 5211 3669 5266 talem:
3715 5228 3783 5266 ne

2183 5313 2453 5377 irascaris,
2495 5311 2538 5365 si
2584 5307 2652 5363 ab
2695 5307 2812 5361 aliis
2843 5307 2891 5360 id
2923 5306 3074 5360 a'udis
3119 5315 3173 5360 et
3201 5305 3482 5374 argueris;
3514 5319 3636 5358 nam
3685 5303 3779 5359 tibi

2182 5409 2259 5462 sic
2292 5408 2428 5462 levia
2467 5405 2766 5461 reddantur
2790 5411 3030 5472 peccata,
3058 5401 3273 5472 quando
3298 5401 3386 5454 alii
3415 5401 3779 5470 exprobrant;

2183 5503 2282 5556 sibi
2332 5499 2474 5555 enim
2517 5513 2656 5552 onus
2701 5498 3024 5566 imponunt,
3076 5503 3128 5550 te
3175 5503 3354 5550 autem
3397 5491 3660 5548 inducunt
3714 5493 3780 5547 ad

2185 5581 2599 5664 philosophiam.
2637 5577 2773 5644 Audi
2801 5588 2929 5659 quid
2963 5589 3105 5643 dicat
3133 5588 3323 5643 beatus
3354 5586 3540 5651 David,
3569 5586 3782 5657 quando

2181 5703 2302 5741 eum
2339 5683 2724 5739 cxse'crabatttr
2750 5681 2928 5736 Setnei
2965 5699 2978 5735 :
3016 5679 3226 5734 Dimitte
3259 5696 3394 5743 ett-tit,
3423 5678 3633 5748 inquit:
3671 5677 3780 5733 Do-

2181 5779 2346 5831 minus
2374 5777 2419 5830 ei
2449 5773 2724 5841 inundavit,
2754 5784 2807 5827 ut
2835 5774 2998 5828 videat
3019 5774 3354 5827 humilitatem
3373 5787 3536 5824 meam
3561 5787 3578 5824 :
3601 5781 3644 5824 et
3666 5773 3781 5824 redv

2180 5872 2261 5926 det
2295 5870 2416 5925 mihi
2449 5867 2696 5924 Dominus
2727 5868 2856 5924 bona
2888 5887 2978 5936 pro
3011 5870 3118 5934 eius
3151 5867 3495 5923 exsecratione
3537 5881 3650 5937 qua!
3683 5865 3779 5922 fuit
