4202 6442
377 370 467 424 191

385 494 533 547 hodie
575 490 650 558 te.
698 488 820 556 Reg.
856 462 938 539 is.
996 482 1081 535 to.
1128 477 1353 558 12).Tu
1391 482 1567 529 autem
1597 470 1667 526 de
1705 479 1755 525 te
1782 468 1968 555 dicens

382 550 591 626 summa
620 550 788 632 mala,
807 567 852 621 si
884 578 993 618 non
1019 563 1087 616 ab
1109 550 1226 614 aliis
1257 557 1444 611 audias
1485 566 1797 624 tnaguorum
1830 550 1968 604 viro-

385 681 504 720 rum
531 673 584 718 et
604 662 868 733 justorum
905 655 1112 720 laudes,
1145 651 1407 708 elferaris.
1450 647 1610 704 Vides
1646 643 1788 716 quod
1833 642 1970 697 ludis

387 756 442 811 in
473 755 630 809 rebus
661 767 763 806 non
808 747 1059 803 ludicris?
1111 742 1299 799 laudes
1325 742 1468 798 enim
1497 738 1806 809 repellimus
1836 732 1971 787 alia-

387 862 504 900 rum
534 843 744 898 laudum
771 839 1061 902 desiderio,
1083 846 1141 891 ut
1171 838 1361 890 iterum
1391 834 1593 902 majora
1621 839 1973 897 assequamur

386 934 650 997 encomia,
685 942 741 987 ut
785 933 835 985 in
865 930 1075 1001 majore
1119 929 1415 983 habeamur
1453 923 1826 979 admiratione.
1864 916 1974 974 Nos

389 1027 572 1097 itaque
594 1041 700 1080 non
728 1024 1081 1079 admittentes
1124 1020 1311 1076 laudes
1347 1028 1404 1073 ut
1450 1033 1541 1072 eas
1562 1027 1851 1086 augeamus
1878 1012 1980 1065 hoc

1029 359 1088 412 S.
1128 352 1405 412 JOANNIS
1438 342 1916 410 CllRYSOSTOMl
1955 337 2273 401 ARCHIEP.
2310 322 2841 407 CONSTANTINQI’.

3551 310 3652 366 192

2067 458 2311 522 facimus,
2335 462 2389 509 et
2428 449 2606 506 omnia
2646 462 2676 499 a
2725 439 2877 498 nobis
2916 437 3048 493 fiunt
3078 433 3144 489 ad
3173 430 3419 502 gloriam,
3446 439 3552 479 non
3582 421 3651 475 ad

2068 553 2370 608 veritatem.
2393 547 2676 613 Propterea
2699 545 2825 591 sunt
2850 531 3029 588 omnia
3054 525 3255 591 inania,
3272 521 3449 577 omnia
3467 515 3650 571 dubia.

2072 643 2431 713 Quamobrem
2465 651 2594 705 rego
2622 642 2681 685 ut
2705 642 2845 684 nunc
2873 623 3061 678 saltem
3086 614 3402 674 abstineatis
3430 627 3461 665 a
3485 617 3656 663 matre

2077 707 2337 795 malorum
2386 730 2527 786 inani
2571 724 2738 797 gloria
2763 764 2777 788 ,
2810 727 2866 775 et
2892 716 3077 770 vivatis
3106 721 3162 766 ut
3202 711 3311 765 Deo
3340 707 3512 777 placet
3601 708 3656 753 ut

2082 835 2254 889 l‘utura
2299 835 2512 893 quoque
2542 793 2681 873 bona
2730 820 3145 879 eottscquamur,
3196 803 3248 857 in
3294 793 3659 855 Christolesu

2087 921 2312 977 Domino
2339 924 2542 971 nostro.

397 1144 3573 1193 _______________________.___________.__________———.—-—,
3611 1151 3667 1160 α

1670 1210 2021 1275 HOMILIA
2059 1206 2363 1270 XXVIII.

397 1363 526 1419 CAP.
554 1361 638 1414 ll.
679 1374 731 1411 v.
760 1356 851 1412 57.
897 1353 1213 1411 Circuierunt
1240 1352 1291 1405 in
1319 1347 1534 1413 metatis,
1562 1346 1615 1399 in
1643 1344 1857 1415 pellibus
1882 1357 1967 1395 ea.

471 1453 653 1525 prinis.
680 1458 898 1521 egentes,
922 1446 1223 1518 angustiati,
1252 1440 1451 1512 amicti;
1476 1438 1565 1495 58.
1592 1434 1774 1507 quibus
1794 1432 1981 1501 dignus

473 1561 573 1599 non
602 1552 708 1597 erat
737 1538 979 1603 mundus;
1008 1538 1061 1591 in
1087 1531 1446 1589 solitudinibus
1477 1537 1723 1592 errantes,
1752 1525 1806 1579 in
1834 1539 1982 1576 mon-

476 1634 626 1695 tibus,
653 1634 705 1687 in
730 1630 984 1702 speluncis
1011 1636 1058 1681 et
1086 1630 1140 1680 in
1168 1624 1392 1679 cavernis
1422 1631 1588 1675 terrte.

476 1730 529 1784 ί.
570 1727 796 1795 Semper
822 1721 1059 1793 quidem,
1095 1718 1327 1772 maxime
1354 1722 1532 1770 autem
1562 1709 1777 1782 quando
1805 1707 1985 1778 cogito

405 1834 494 1876 res
516 1827 697 1889 gestas
722 1824 1050 1876 sanctorum,
1080 1820 1207 1868 tunc
1231 1807 1362 1862 mihi
1388 1805 1538 1861 venit
1583 1804 1635 1858 in
1663 1809 1898 1857 mentem
1923 1798 1992 1853 de

408 1929 495 1970 me
521 1912 830 1982 desperare,
855 1906 995 1978 quod
1045 1920 1145 1960 nec
1188 1902 1243 1958 in
1288 1900 1492 1958 somnis
1538 1898 1754 1969 quidem
1785 1894 1991 1966 experti

408 2019 616 2068 sumus,
647 2004 700 2057 in
733 2001 929 2072 quibus
958 1999 1059 2053 viri
1090 1995 1167 2051 illi
1199 2003 1311 2050 toto
1339 2002 1582 2060 tempore
1611 1995 1739 2045 sunt
1765 1985 1991 2053 versati,

410 2112 515 2149 non
548 2101 886 2163 peccatorum
918 2103 1102 2158 pmnas
1129 2088 1356 2150 luentes,
1376 2083 1471 2139 sed
1499 2097 1586 2139 res
1602 2082 1771 2137 bonas
1795 2095 1861 2135 ex
1879 2078 1991 2133 vir-

401 2183 515 2229 tute
534 2183 780 2244 gerentes
797 2182 849 2227 et
868 2188 1080 2243 semper
1097 2171 1299 2227 afflicti.
1317 2172 1449 2228 Nam
1465 2173 1638 2244 cogita
1657 2170 1785 2225 mihi
1806 2170 2000 2234 Ellam,

416 2267 483 2320 ad
531 2281 690 2337 quem
723 2263 885 2320 hodie
914 2264 1053 2319 redit
1076 2265 1247 2320 oratio
1275 2280 1291 2319 :
1318 2264 1386 2319 de
1416 2264 1506 2319 illo
1540 2264 1682 2318 enim
1723 2261 1811 2317 hic
1838 2261 2000 2327 dicit,

414 2361 735 2417 Circuierunt
790 2360 844 2413 in
889 2358 1109 2420 melotis.
1150 2369 1203 2413 et
1259 2359 1311 2412 in
1361 2372 1484 2412 eum
1533 2356 1788 2412 desinunt
1833 2354 2004 2424 ipsius

416 2449 662 2520 exempla
697 2467 711 2504 :
741 2447 885 2519 quod
917 2457 1034 2502 erat
1063 2446 1329 2502 familiare
1358 2447 1475 2502 istis
1504 2454 1559 2501 et
1594 2445 1895 2517 preprium.
1936 2442 2006 2496 Et

422 2542 736 2599 memoratis
780 2539 1044 2609 apostolis
1090 2538 1235 2609 quod
1285 2538 1339 2593 in
1386 2537 1659 2592 occisione
1695 2534 1857 2606 gladii
1899 2534 2007 2587 sint

422 2633 616 2689 mortui
645 2675 661 2698 ,
703 2628 845 2702 quod
894 2629 1111 2699 lapidati
1138 2671 1153 2695 ,
1193 2627 1439 2684 ascendit
1469 2641 1659 2682 rursus
1689 2626 1755 2681 ad
1787 2624 1960 2678 Etiam
1987 2663 2002 2689 ,

421 2724 512 2790 qui
554 2722 740 2778 eadem
766 2737 884 2791 qum
912 2720 1011 2790 ipsi
1050 2733 1240 2789 passus
1269 2727 1372 2774 est.
1414 2716 1549 2773 Nam
1591 2717 1847 2786 quoniam
1890 2720 2007 2769 erat

424 2813 716 2870 verisimile
743 2828 837 2867 eos
866 2811 934 2867 de
974 2809 1233 2879 apostolis
1279 2807 1515 2863 nondum
1565 2814 1765 2861 tantam
1807 2820 2005 2861 concc-

427 2911 569 2979 pisse
613 2904 953 2976 opinionem,
985 2902 1052 2957 ab
1091 2915 1157 2957 co
1205 2901 1293 2971 qui
1345 2901 1441 2954 fuit
1487 2906 1825 2967 assumptus,
1852 2904 1908 2952 et
1952 2897 2006 2950 in

425 2997 659 3051 maxima
676 2995 890 3050 habitus
909 3002 994 3048 est
1014 2991 1392 3054 admiratione,
1410 2987 1565 3043 alfert
1581 2985 2013 3042 exhortationem

421 3101 477 3142 et
497 3085 945 3143 consolationem.
971 3082 1284 3137 Circuierant
1307 3080 1475 3147 enim,
1499 3078 1690 3149 inquit,
1717 3077 1771 3130 in
1793 3075 2013 3139 melotis,

422 3178 476 3232 in
507 3178 725 3248 pellibus
753 3174 1003 3245 caprinis,
1032 3181 1255 3244 egentes,
1281 3170 1578 3242 angustiati,
1606 3168 1778 3239 amicti
1797 3183 1814 3221 :
1836 3166 2017 3237 quibus

425 3269 612 3339 dignus
638 3283 739 3321 non
769 3279 878 3320 erat
912 3262 1153 3318 mundus.
1183 3260 1260 3318 Ne
1286 3273 1488 3317 Vestem
1521 3260 1737 3331 quidem
1760 3300 1775 3324 ,
1806 3259 2014 3329 inquit,

426 3358 697 3414 habebant
720 3366 945 3429 prepter
968 3371 1234 3411 summam
1267 3353 1651 3419 afﬂictionem,
1684 3366 1791 3407 non
1823 3351 2015 3405 civita-

426 3462 553 3516 tem,
585 3466 692 3506 non
722 3449 966 3518 domum,
996 3465 1100 3503 non
1135 3447 1496 3503 habitaculum
1522 3464 1537 3500 :
1560 3445 1665 3500 hoc
1684 3444 1826 3515 quod
1855 3441 2017 3497 Chri—

424 3554 541 3597 stus
592 3540 836 3606 dicebat,
876 3539 1045 3594 Filius
1094 3548 1261 3593 autem
1314 3538 1534 3592 hominis
1581 3552 1684 3589 non
1736 3534 1883 3588 habet
1931 3533 2018 3588 ubi

423 3643 580 3701 caput
607 3633 817 3688 reclinet
850 3630 1071 3704 (Matth.
1100 3632 1154 3686 8.
1182 3628 1298 3703 20).
1328 3628 1467 3698 Quid
1497 3629 1640 3693 dico,
1673 3642 1779 3682 non
1810 3625 2018 3680 habita-

423 3724 642 3780 culum?
672 3740 742 3780 ne
786 3724 1074 3780 stationem
1117 3722 1336 3794 quidem
1362 3739 1376 3777 :
1410 3737 1532 3776 nam
1562 3735 1739 3791 neque
1769 3733 1890 3774 cum
1920 3733 2017 3773 ve-

428 3819 637 3876 nissent
665 3818 719 3874 in
751 3818 1095 3874 solitudinem
1121 3857 1135 3882 ,
1165 3817 1402 3888 quietem
1430 3815 1661 3885 agebant
1687 3828 1702 3867 :
1736 3828 1844 3867 non
1871 3810 2016 3866 enim

424 3913 574 3978 dicit,
601 3911 878 3968 Sedebant
908 3912 961 3965 in
990 3909 1299 3973 solitudine,
1325 3908 1421 3964 sed
1447 3916 1503 3963 et
1526 3922 1649 3962 cum
1677 3906 1786 3960 illic
1808 3911 2014 3970 essent,

424 4005 700 4077 fugiebant
728 4014 783 4061 et
810 4006 958 4060 illinc
983 4003 1417 4074 expellebantur,
1445 4016 1551 4055 non
1581 3998 1756 4053 solum
1782 4013 1847 4053 ex
1873 4006 2014 4051 terra

426 4097 685 4163 habitata,
711 4096 804 4153 sed
834 4097 994 4151 etiam
1018 4111 1085 4151 cx
1113 4092 1467 4150 inhabitabili.
1520 4092 1585 4146 Et
1616 4092 1667 4145 in
1696 4088 2016 4146 memoriam

423 4190 503 4244 eis
533 4197 751 4245 revocat
778 4189 894 4243 loca
926 4187 978 4242 in
1008 4187 1203 4254 quibus
1234 4184 1492 4241 sederunt
1514 4224 1529 4244 .
1562 4191 1617 4237 et
1644 4196 1734 4238 res
1759 4197 1878 4252 quze
1909 4180 2019 4235 illic

426 4283 584 4337 facta:
613 4289 739 4337 sunt
764 4298 778 4335 :
809 4277 1051 4351 Egentes,
1076 4278 1269 4351 afﬂicti.
1300 4276 1506 4333 Deinde
1544 4291 1662 4342 vos,
1696 4272 1898 4345 inquit,
1930 4287 2019 4326 ac-

400 4360 616 4429 :cusaut
663 4382 886 4443 propter
924 4371 1224 4438 Christum,
1255 4379 1311 4425 et
1362 4368 1465 4422 hoc
1508 4366 1792 4437 patrabant
1827 4371 2016 4419 contra

427 4466 605 4520 Etiam
637 4483 650 4521 :
679 4464 808 4535 quid
856 4463 1128 4519 habebant
1153 4462 1223 4518 de
1253 4478 1359 4532 quo
1386 4477 1508 4516 eum
1536 4465 1892 4521 accusarent,
1924 4469 2021 4511 cur

424 4557 795 4627 expellerent,
829 4564 1287 4628 persequerentur
1317 4563 1371 4610 et
1399 4569 1521 4610 cum
1552 4555 1690 4607 fame
1717 4548 2017 4605 conﬂictari

424 4648 721 4720 cogerent?
739 4648 891 4717 Quod
913 4649 964 4702 hi
991 4663 1205 4719 quoque
1232 4658 1356 4701 tunc
1387 4644 1725 4715 patiebantur
1750 4661 1762 4695 :
1785 4650 2021 4711 propter-

424 4756 490 4794 ea
520 4740 647 4794 alibi
683 4739 921 4806 dicebat,
951 4739 1340 4804 Decreverunt,
1369 4734 1562 4804 inquit,
1588 4733 1805 4786 mittere
1830 4729 1908 4784 eis
1928 4727 2019 4798 qui

425 4833 734 4904 afﬂiguntur
762 4848 827 4890 ex
856 4832 1154 4904 discipulis.
1183 4830 1445 4898 Quantum
1473 4834 1746 4896 suppetunt
1764 4823 1915 4878 alicui
1933 4827 2019 4894 [a-

426 4928 655 4994 cultates,
674 4937 960 4983 statuerunt
1003 4925 1342 4995 unusquisque
1370 4936 1546 4976 eorum
1574 4920 1768 4972 mittere
1786 4917 1838 4972 in
1871 4916 2021 4969 mini-

426 5021 636 5074 sterium
667 5020 1009 5074 habitantibus
1036 5017 1090 5072 in
1113 5015 1301 5070 ludam
1330 5011 1576 5084 fratribus
1606 5009 1742 5083 (Act.
1768 5008 1860 5065 H.
1881 5006 1952 5062 99
1972 5007 2015 5078 ).

427 5111 580 5180 Quod
625 5112 818 5168 horum
864 5123 1079 5183 quoque
1135 5115 1271 5163 erat.
1317 5105 1518 5177 Aﬁlicti,
1560 5103 1763 5174 inquit;
1815 5101 1868 5157 id
1915 5109 2018 5168 est,

426 5204 567 5259 male
611 5204 915 5273 patientes,
960 5202 1013 5255 in
1059 5200 1200 5266 viis,
1252 5199 1305 5252 in
1351 5197 1599 5267 periculis
1628 5212 1643 5251 :
1671 5194 1813 5264 quod
1856 5195 2017 5249 etiam

428 5297 619 5351 horum
648 5307 788 5353 erat.
839 5294 1158 5359 Circuieruut
1187 5299 1386 5355 autem,
1418 5289 1543 5360 quid
1570 5291 1685 5345 est?
1728 5287 1796 5341 In
1838 5287 2022 5341 solitu-

426 5387 647 5452 dinibus,
681 5386 895 5455 inquit,
924 5392 1153 5438 errantes
1179 5394 1225 5437 et
1254 5382 1508 5437 montibus
1533 5392 1578 5436 et
1606 5382 1659 5437 in
1684 5380 1944 5451 speluncis
1971 5390 2021 5433 et

427 5479 651 5533 cavernis
682 5487 848 5534 terrm.
879 5476 1156 5544 Tanquam
1188 5475 1418 5546 fugitivi,
1449 5475 1641 5545 inquit,
1667 5472 2016 5537 circuierunt,

429 5580 480 5622 et
511 5568 602 5638 qui
628 5584 659 5624 e
683 5567 799 5622 suis
826 5569 1060 5638 migrant
1088 5567 1330 5634 sedibus,
1359 5578 1629 5637 tamquam
1652 5566 1743 5636 qui
1776 5565 2019 5636 turpissi-

432 5676 641 5715 morum
673 5660 935 5714 scelerum
974 5668 1100 5714 sunt
1124 5660 1391 5724 convicti,
1436 5669 1708 5726 tamquam
1757 5673 1825 5711 ne
1871 5655 2019 5724 digni

432 5744 647 5809 quidem
693 5746 859 5801 solem
908 5746 1103 5801 intueri
1132 5788 1147 5814 ,
1178 5763 1246 5802 ne
1273 5763 1338 5800 ex
1369 5745 1656 5803 solitudine
1687 5742 1903 5812 quidem
1931 5741 2012 5796 iu-

2090 1347 2350 1389 venerunt
2391 1333 2679 1405 ell‘ngium,
2720 1334 2817 1390 sed
2862 1349 3079 1407 semper
3119 1335 3403 1404 oportebat
3450 1335 3681 1406 fugere,
3758 1397 3781 1411 η

2089 1418 2371 1498 opdrtebat
2413 1428 2635 1484 latibula
2679 1443 2959 1498 qumrere,
2987 1428 3275 1497 oportebat
3317 1444 3379 1483 se
3422 1428 3574 1483 vivos
3620 1429 3673 1484 iu

2090 1529 2285 1575 terram
2328 1519 2575 1575 infodere
2600 1563 2615 1587 ,
2661 1536 2877 1590 semper
2919 1534 3040 1575 esse
3086 1521 3138 1574 in
3180 1528 3345 1574 metu.
3380 1520 3471 1574 '59.
3511 1518 3577 1572 Et
3622 1520 3679 1572 hi

2089 1630 2261 1668 omnes
2302 1614 2584 1667 testimonio
2627 1611 2825 1683 probati
2857 1629 2946 1682 per
2971 1612 3185 1681 ﬁdem,‘
3209 1628 3311 1665 non
3353 1611 3677 1664 obtinuerunt

2089 1704 2552 1776 repromissionem,
2578 1704 2669 1758 4t).
2699 1702 2810 1757 Deo
2840 1720 2932 1773 pro
2963 1703 3105 1757 nobis
3135 1704 3317 1758 melius
3334 1703 3529 1771 aliquid
3559 1719 3678 1771 pro-

2089 1799 2305 1864 uidente,
2328 1808 2382 1851 ut
2408 1814 2470 1850 ne
2488 1798 2596 1853 sine
2622 1798 2762 1851 nobis
2781 1807 3276 1851 consunnnarentur.
3299 1797 3429 1864 Qua:
3447 1806 3676 1866 estergo

2090 1903 2297 1953 merces
2322 1898 2486 1944 tante
2512 1889 2662 1960 Spei?
2687 1905 2805 1959 qum
2832 1889 3232 1943 remuneratio?
3259 1888 3426 1944 Tanta
3452 1894 3676 1943 certent

2090 1981 2336 2036 oratione
2361 1980 2589 2049 exprimi
2618 1994 2722 2033 non
2757 1980 2945 2049 possit.
2974 1978 3055 2031 Ea
3085 1980 3227 2032 enim
3249 2019 3263 2040 .
3297 1978 3468 2048 inquit
3493 2017 3513 2042 ,
3542 1993 3677 2046 prat-

2091 2075 2287 2144 paravit
2315 2072 2450 2127 Deus
2476 2072 2804 2143 diligentibus
2832 2088 2969 2135 eum,
2999 2087 3114 2141 qua:
3139 2086 3301 2140 neque
3327 2069 3505 2125 oculus
3529 2070 3674 2130 vidit.

2090 2185 2180 2222 nec
2204 2170 2343 2222 auris
2373 2166 2566 2220 audivit
2592 2207 2607 2230 ,
2639 2181 2730 2219 nec
2761 2165 2814 2219 in
2840 2181 2927 2219 cor
2954 2164 3175 2217 hominis
3215 2163 3555 2217 ascenderunt
3583 2165 3601 2230 (
3625 2162 3677 2215 ιη.

2092 2259 2210 2314 Car.
2239 2258 2296 2314 2.
2325 2257 2418 2329 9).
2477 2256 2582 2312 Sed
2621 2255 2849 2309 nondum
2892 2263 3217 2324 acceperunt,
3262 2268 3452 2307 verum
3500 2252 3683 2306 adhuc

2091 2357 2426 2419 exspectant,
2455 2363 2576 2403 cum
2609 2346 2663 2400 in
2696 2354 2841 2401 tanta
2869 2344 3206 2400 decesserint
3231 2342 3545 2398 afﬂictione.
3576 2342 3683 2397 Tot

2091 2452 2218 2496 sunt
2245 2439 2373 2495 anui
2399 2455 2464 2494 ex
2493 2454 2602 2509 quo
2628 2438 2908 2505 vicerunt,
2939 2444 2993 2491 et
3037 2435 3275 2490 nondum
3308 2446 3676 2505 acceperunt:

2091 2551 2188 2591 vos
2211 2543 2389 2589 autem
2416 2533 2542 2587 dum
2570 2531 2747 2586 adhuc
2766 2530 3007 2595 certatis,
3038 2530 3216 2585 moesti
3242 2529 3409 2584 estis?
3437 2531 3683 2600 Cogitate

2095 2641 2192 2682 vos
2224 2641 2437 2697 queque
2466 2624 2592 2695 quid
2623 2632 2679 2678 et
2707 2631 2965 2695 quantum
2994 2622 3084 2687 sit,
3115 2621 3308 2675 sedere
3332 2620 3603 2676 Abraham
3628 2630 3685 2676 et

2094 2721 2314 2777 Paulum
2358 2718 2663 2791 apostolum
2707 2724 3085 2786 exspectantes
3137 2715 3354 2784 quando
3413 2723 3467 2769 tu
3518 2713 3684 2769 fueris

2093 2822 2534 2875 consummatus,
2568 2818 2625 2865 ut
2655 2819 2782 2864 tunc
2814 2810 3020 2878 possint
3056 2808 3305 2877 accipere
3350 2807 3678 2862 mercedem.

2093 2908 2248 2974 Nam,
2284 2907 2383 2960 nisi
2412 2921 2511 2959 nos
2539 2917 2757 2974 quoque
2785 2900 3137 2972 adfuerimns,
3173 2900 3424 2969 praedixit
3448 2900 3529 2955 eis
3557 2899 3684 2954 Ser-

2094 3009 2249 3055 vator
2274 3013 2335 3053 se
2361 3012 2467 3052 non
2497 2995 2748 3051 daturum
2777 3009 2790 3046 :
2815 2993 2955 3048 sicut
2976 2992 3020 3044 si
3050 3000 3202 3060 pater
3228 2991 3522 3046 benevolus
3543 2990 3686 3044 dicat

2095 3091 2279 3164 probis
2309 3088 2433 3144 filiis
2455 3096 2510 3142 et
2534 3098 2625 3157 qut
2655 3100 2791 3154 opus
2821 3082 3197 3145 confecerunt.
3218 3095 3278 3136 se
3306 3097 3410 3149 non
3433 3080 3681 3136 daturum

2095 3184 2237 3257 quod
2265 3182 2463 3243 edant,
2499 3179 2599 3234 nisi
2634 3176 2887 3232 venerint
2917 3189 3105 3229 eorum
3145 3173 3359 3228 fratres.
3394 3172 3472 3227 Tu
3504 3179 3687 3227 autem

2097 3291 2239 3348 a‘gre
2270 3274 2377 3331 fers
2405 3271 2547 3344 quod
2581 3268 2885 3325 mercedem
2916 3266 3155 3321 nondum
3200 3264 3518 3334 acceperis?
3547 3264 3686 3332 Quid

2097 3384 2227 3440 ergo
2257 3366 2415 3423 faciet
2442 3364 2594 3429 Abel,
2622 3363 2713 3434 qui
2746 3372 2875 3415 ante
2899 3374 3089 3414 omnes
3117 3357 3279 3423 vicit,
3313 3366 3369 3413 et
3397 3356 3548 3412 sedet
3577 3371 3683 3411 non

2098 3457 2420 3518 coronatus?
2439 3454 2565 3526 quid
2588 3468 2716 3508 vero
2737 3450 2851 3506 Noe
2865 3450 2891 3504 ἲ
2907 3448 3035 3521 quid
3055 3447 3115 3513 ii,
3132 3447 3223 3518 qui
3250 3447 3359 3503 illis
3382 3447 3530 3503 fuere
3554 3456 3689 3501 tem-

2099 3553 2351 3627 poribus,
2382 3550 2471 3621 qui
2506 3556 2557 3602 te
2587 3557 2642 3631 et
2671 3561 2766 3601 eos
2791 3543 2882 3615 qui
2919 3552 3043 3612 post
3071 3550 3123 3597 te
3150 3548 3311 3595 erunt
3337 3541 3689 3609 exspectant?

2172 3642 2578 3699 Christianorum
2620 3637 2819 3708 Optima
2846 3634 3092 3689 conditio.
3117 3662 3188 3671 —
3218 3630 3382 3687 Vides
3409 3629 3553 3702 quod
3586 3630 3689 3684 illis

2101 3748 2287 3791 sumus
2315 3732 2647 3800 superiores,
2672 3738 2725 3782 et
2753 3725 2943 3781 melior
2968 3724 3039 3779 sit
3064 3731 3250 3779 nostra
3280 3737 3440 3792 quam
3471 3723 3687 3777 illorum

2101 3824 2374 3882 conditio?
2394 3820 2471 3876 De
2488 3820 2630 3875 nobis
2651 3822 2805 3883 enim,
2832 3815 3027 3886 inquit,
3049 3814 3251 3884 aliquid
3264 3814 3444 3868 melius
3457 3813 3690 3883 prwvidit

2106 3916 2264 3971 Deus.
2287 3911 2366 3968 Ne
2386 3911 2699 3967 viderentur
2709 3908 2852 3962 enim
2875 3920 2996 3960 esse
3018 3903 3256 3960 melioris
3273 3918 3435 3974 quam
3454 3918 3551 3957 nos
3562 3918 3689 3955 con-

2107 4002 2347 4067 ditionis,
2394 4003 2439 4056 sl
2471 3999 2627 4070 primi
2680 4004 3093 4061 coronarentur,
3149 3991 3394 4048 deﬁnivit
3441 3988 3691 4043 omnibus

2110 4108 2274 4150 unum
2309 4101 2519 4161 tempus
2562 4102 2914 4152 coronarum;
2957 4094 3010 4141 et
3038 4085 3128 4155 qui
3154 4092 3259 4139 tam
3287 4082 3468 4138 multis
3490 4089 3612 4135 ante
3643 4089 3695 4132 te

2111 4184 2269 4241 anuis
2292 4182 2440 4248 vicit,
2460 4190 2634 4236 tecum
2664 4178 2856 4248 accipit
2881 4191 3158 4232 coronam.
3186 4174 3350 4230 Vides
3387 4172 3480 4228 Dei
3508 4184 3693 4228 curam

2111 4285 2167 4331 et
2214 4269 2645 4345 providentiam?
2696 4268 2810 4324 Non
2857 4268 3008 4335 dixit,
3040 4265 3116 4322 Ne
3169 4265 3285 4321 sine
3333 4263 3487 4319 nobis
3535 4277 3693 4317 coro-

2115 4377 2343 4432 nentur;
2400 4364 2518 4429 sed,
2575 4361 2641 4417 Ut
2692 4378 2793 4415 non
2842 4361 2952 4415 sine
2988 4360 3132 4413 nobis
3178 4366 3651 4412 consummarentur
3679 4370 3698 4409 :

2115 4459 2295 4529 itaque
2325 4467 2449 4511 tunc
2478 4461 2739 4525 apparent
2784 4451 3032 4522 perfecti.
3078 4450 3479 4506 Praecesserutnt
3501 4449 3553 4501 in
3582 4462 3702 4501 cer-

2118 4547 2442 4612 taminibus,
2498 4543 2593 4599 sed
2663 4560 2768 4597 non
2833 4541 3144 4611 praecedunt
3185 4541 3236 4595 in
3291 4539 3531 4595 coronis.
3582 4537 3703 4592 Non

2117 4640 2237 4694 illos
2286 4637 2446 4701 lmsit,
2497 4634 2592 4689 sed
2639 4649 2739 4689 nos
2785 4632 3074 4687 honoravit
3108 4649 3122 4685 :
3160 4631 3259 4702 ipsi
3312 4630 3456 4685 enim
3507 4629 3704 4684 fratres

2116 4734 2453 4793 exspectant.
2486 4725 2622 4780 Nam
2672 4724 2717 4777 si
2773 4736 2964 4778 omnes
3010 4736 3196 4776 sumus
3246 4736 3413 4775 unum
3467 4732 3700 4789 corpus,

2117 4819 2329 4875 exsistit
2374 4817 2498 4873 huic
2540 4815 2754 4887 corpori
2802 4814 2975 4884 major
3019 4813 3286 4883 voluptas.
3314 4810 3528 4883 quando
3555 4824 3704 4865 com-

2119 4912 2352 4966 muniter
2393 4918 2705 4973 coronatur,
2760 4914 2817 4963 et
2862 4920 2970 4960 non
2996 4904 3329 4975 singulatim.
3382 4903 3595 4958 Etenim
3650 4902 3703 4957 in

2120 5002 2223 5056 hoc
2252 5015 2466 5071 quoque
2488 5006 2614 5053 sunt
2632 4997 2764 5069 justi
2786 4996 3155 5063 admirabiles,
3180 4995 3322 5066 quod
3346 4995 3590 5049 ltetantur
3612 4996 3704 5047 bo-

2119 5094 2203 5148 nis
2233 5091 2456 5147 fratrum
2491 5098 2765 5158 tamquam
2797 5088 2932 5143 suis.
2965 5086 3327 5161 Quamobrem
3360 5086 3464 5141 hoc
3492 5101 3707 5156 quoque

2118 5186 2228 5242 illis
2254 5182 2398 5239 cedit
2423 5198 2489 5238 ex
2519 5181 2684 5237 animi
2713 5180 2794 5235 sui
2826 5181 3116 5245 sententia,
3143 5178 3291 5249 quod
3320 5192 3445 5233 cum
3475 5178 3707 5248 propriis

2121 5275 2380 5331 membris
2409 5273 2519 5329 sint
2539 5271 2783 5329 coronati
2813 5288 2825 5323 :
2855 5270 2999 5341 quod
3023 5270 3166 5326 enim
3193 5268 3351 5324 simul
3374 5268 3481 5324 sint
3506 5268 3706 5339 glorili-

2118 5371 2243 5435 cati,
2268 5384 2459 5439 magna
2490 5376 2573 5423 est
2595 5365 2864 5436 voluptas.
2906 5362 3057 5436 (Cap.
3089 5362 3178 5433 η)
3210 5363 3262 5417 ί.
3290 5361 3516 5433 Ideoque
3539 5371 3585 5414 ct
3615 5377 3705 5414 nos

2122 5473 2320 5518 tantam
2344 5459 2579 5515 habentes
2604 5458 2898 5522 impositam
2926 5455 3108 5510 nubem
3137 5455 3360 5508 testium.

2100 5582 2111 5593 κ
2190 5556 2246 5611 2.
2289 5554 2564 5622 Scriptura
2595 5560 2739 5620 saepe
2765 5549 2961 5619 accipit
2989 5548 3416 5604 consolationem
3444 5545 3501 5609 in
3528 5546 3701 5610 malis,

2119 5664 2150 5705 e
2177 5647 2338 5702 rebus
2364 5662 2483 5716 qua:
2508 5644 2762 5700 accidunt
2789 5660 2802 5697 :
2828 5653 2884 5696 ut
2911 5641 3125 5712 quando
3144 5640 3280 5696 dicit
3306 5640 3563 5711 prepheta
3587 5660 3598 5694 :
3624 5638 3704 5695 lia:

2120 5751 2267 5808 testu,
2300 5748 2345 5794 et
2373 5738 2584 5806 duritie,
2615 5746 2664 5791 et
2693 5736 2939 5792 imbribus
2969 5734 3147 5807 eripiet
3177 5744 3224 5790 te
3252 5732 3408 5791 Usai.
3442 5735 3493 5789 4.
3529 5736 3624 5803 ti);
3653 5743 3708 5787 et
