4202 6438
517 308 616 362 195

510 436 701 501 David,
738 435 840 489 Per
863 436 995 491 diem
1018 438 1095 489 sol
1116 428 1216 489 non
1242 449 1350 491 uret
1379 446 1446 503 te,
1472 456 1634 509 neque
1656 441 1779 491 luna
1805 457 1893 509 per
1914 453 2111 493 noctem

508 528 689 598 (Psal.
716 528 843 583 120.
875 529 954 598 6).
986 530 1095 583 lloc
1119 530 1278 584 etiam
1304 529 1392 583 hic
1416 530 1563 597 dicit,
1592 532 1734 601 quod
1759 533 1971 588 illorum
1996 551 2111 591 san-

507 633 725 679 ctorum
756 624 1083 689 recordatio,
1117 625 1255 677 sicut
1284 624 1454 679 nubes
1484 640 1605 680 cum
1639 625 1728 696 qui
1762 629 1937 683 uritur
1963 647 1989 683 a
2021 647 2108 684 ca-

486 706 702 771 lidiore
731 716 883 770 radio
912 716 1219 783 obumbrat,
1252 717 1321 771 ita
1346 718 1543 772 excitat
1568 729 1617 773 et
1642 734 1852 776 recreat
1874 723 2107 776 animam

507 826 627 878 qua:
657 809 814 862 malis
848 808 1079 863 laborat.
1116 809 1181 863 Et
1210 826 1314 863 non
1348 810 1502 877 dixit,
1538 811 1591 865 In
1620 812 1787 866 altum
1815 829 1983 885 super
2004 833 2107 875 no.

506 903 726 966 elatam,
756 900 874 963 sed,
909 899 1073 954 Nobis
1101 902 1389 970 impositam
1417 918 1435 955 :
1463 904 1607 973 quod
1637 905 1855 974 quidem
1881 917 1996 961 erat
2021 911 2113 963 illo

503 992 765 1061 amplius,
786 1000 843 1047 ut
865 1007 960 1061 per
985 992 1087 1048 hoc
1109 994 1441 1059 ostenderet,
1463 996 1604 1065 quod
1630 997 1786 1052 nobis
1810 999 1859 1053 in
1883 1001 2108 1056 circuitu

502 1084 807 1152 impositus.
826 1086 996 1156 magis
1036 1100 1254 1141 securos
1284 1086 1492 1143 reddet.
1520 1088 1708 1145 Testes
1730 1090 1861 1145 dicit
1886 1094 2114 1149 noneos
2156 1112 2161 1117 ‘

500 1170 805 1240 solumqui
840 1181 966 1224 sunt
998 1178 1049 1225 lu
1081 1172 1232 1227 Novo
1255 1217 1267 1238 ,
1306 1178 1405 1229 Sed
1456 1180 1618 1233 etiam
1653 1198 1746 1237 eos
1774 1185 1862 1253 qui
1897 1192 2023 1240 sunt
2055 1189 2105 1242 in

502 1258 691 1315 Veteri
724 1278 738 1315 :
768 1276 893 1315 nam
931 1261 1032 1332 ipsi
1076 1279 1294 1336 quoque
1336 1270 1577 1323 tulerunt
1626 1270 2003 1331 testimonium
2049 1279 2115 1334 de

500 1353 600 1409 Dei
635 1355 1040 1425 magnitudine:
1065 1367 1121 1412 ut
1142 1369 1253 1414 tres
1278 1363 1448 1429 pueri,
1478 1373 1530 1443 et
1560 1364 1726 1433 lil‘ias,
1755 1378 1803 1422 et
1834 1370 2113 1439 propheta!
2171 1372 2175 1381 ‘

498 1463 714 1502 omnes.
749 1448 1075 1518 Deponentes
1104 1469 1254 1507 omne
1296 1458 1519 1525 pondus.
1563 1458 1760 1526 Omne,
1797 1464 2115 1532 quodnam?

497 1538 786 1604 Somnum,
810 1537 1215 1612 negligentiam,
1241 1547 1371 1601 viles
1394 1559 1447 1601 et
1472 1550 1709 1620 abjcctas
1732 1555 2109 1625 cogitationes,

496 1632 683 1685 omnia
706 1632 957 1686 humana.
980 1632 1048 1688 Et
1071 1636 1407 1693 circumstans
1429 1657 1520 1694 nos
1546 1654 1830 1710 peccatum.
1852 1647 2111 1718 Autqnod

500 1716 602 1777 nos
630 1721 787 1778 facile
810 1724 1183 1791 circumsistit,
1216 1739 1310 1783 aut
1337 1728 1479 1800 quod
1511 1732 1666 1789 facile
1694 1738 1894 1805 patitur
1922 1716 2108 1795 uticir-

502 1817 883 1871 rumvcniatur
909 1836 922 1871 :
952 1817 1057 1874 hoc
1085 1829 1263 1875 autem
1298 1826 1476 1893 potius
1508 1844 1519 1879 :
1553 1825 1707 1884 facile
1739 1832 1905 1899 enim,
1944 1835 1987 1887 si
2024 1851 2109 1889 ve-

500 1911 664 1963 limus
686 1953 700 1973 ,
735 1926 1023 1981 possumus
1047 1931 1307 1984 superare
1336 1930 1640 1986 peccatum.
1677 1922 1780 1977 Per
1810 1928 2109 1995 patientiam

494 2019 771 2055 curramus
794 2006 1110 2074 propositum
1134 2008 1277 2061 nobis
1300 2018 1577 2065 certamen.
1600 2013 1714 2067 Non
1735 2016 1890 2083 dixit,
1910 2018 2110 2089 Pugue-

494 2108 639 2155 ntus,
668 2110 863 2162 neque,
898 2096 1211 2163 Luctemur,
1243 2117 1440 2171 neque,
1474 2104 1681 2159 Bellum
1710 2123 1983 2177 geramus,
2011 2113 2103 2166 sed
2152 2124 2155 2127 ’

495 2189 637 2257 quod
668 2199 789 2244 erat
817 2193 1068 2247 etnnibus
1099 2193 1291 2262 levius,
1319 2212 1515 2267 nempe
1545 2216 1763 2255 cursum
1789 2203 1838 2256 in
1866 2203 2100 2259 medimu

502 2282 692 2334 attulit.
746 2281 933 2352 Neque
959 2284 1127 2353 dixit,
1159 2287 1351 2342 Cursui
1382 2291 1699 2360 adjiciamus
1728 2334 1740 2356 ,
1773 2294 1868 2349 sed
1895 2338 1909 2361 ,
1946 2294 2002 2349 In
2040 2314 2105 2351 eo

504 2374 613 2441 ipso
642 2374 1013 2431 sustineamus
1042 2388 1093 2433 et
1129 2381 1519 2451 parsis-tamus,
1553 2402 1619 2439 ne
1647 2386 1817 2441 simus
1847 2388 2100 2445 dissoluti

497 2482 548 2521 et
594 2471 861 2526 enervati.
909 2471 1224 2541 Curramus,
1260 2476 1469 2547 inquit,
1503 2497 1718 2559 agonem
1763 2484 2100 2553 propositum.

494 2561 696 2618 licinde
726 2566 1115 2621 consolationis
1139 2577 1194 2623 et
1215 2560 1822 2643 exhortationiscaput,
1846 2576 1995 2645 quod
2022 2588 2101 2632 est

486 2670 541 2713 et
575 2661 807 2729 primunt
833 2670 886 2716 et
914 2664 1183 2731 ultimum,
1214 2669 1383 2736 ponit,
1411 2667 1682 2724 Christum
1712 2691 1723 2724 :
1754 2672 1808 2728 2.
1835 2675 2099 2745 Aspicien-

486 2762 581 2813 tes,
609 2754 807 2823 inquit,
834 2756 884 2807 in
909 2760 1171 2810 auctorem
1195 2758 1317 2827 [idei
1342 2770 1386 2812 et
1416 2775 1873 2817 consunmtatorem
1900 2764 2099 2819 Jesum.

484 2844 645 2910 Quod
672 2846 788 2914 ipse
811 2863 1025 2918 quoque
1052 2849 1298 2903 Christus
1324 2852 1540 2906 assiduo
1564 2854 1776 2910 dicebat
1806 2858 1916 2911 suis
1942 2857 2105 2913 disci-

482 2941 631 3010 pulis
683 2958 696 2993 :
753 2940 812 2995 Si
868 2950 1062 3012 patrem
1115 2944 1344 3014 familias
1391 2945 1674 3000 Beelzebub
1731 2948 2099 3019 appellarunt,

482 3045 684 3103 quanto
714 3035 877 3105 magis
908 3035 1214 3091 domesticos
1244 3038 1354 3107 ejus
1378 3038 1595 3108 (.llatth‘.
1632 3040 1721 3095 10.
1750 3044 1881 3114 E25)?
1908 3054 1961 3098 et
1986 3061 2104 3098 rur-

481 3140 600 3187 sus,
640 3124 757 3178 Non
790 3137 861 3179 est
894 3127 1180 3197 discipulus
1211 3146 1368 3200 supra
1398 3130 1719 3201 magistrum,
1749 3152 1906 3204 neque
1928 3153 2101 3189 servus

481 3234 638 3285 super
670 3217 933 3270 dominum
962 3236 1109 3272 suum
1140 3221 1158 3292 (
1195 3218 1327 3274 Ibid.
1360 3239 1405 3275 υ.
1435 3222 1570 3291 21).
1620 3225 1937 3295 Aspicientes
1969 3270 1982 3291 ,
2020 3229 2099 3283 itt-

479 3309 601 3377 qnit
633 3325 647 3362 :
686 3311 785 3362 hoc
815 3318 921 3378 est,
956 3320 1013 3365 ut
1043 3306 1318 3368 discamus
1347 3331 1588 3383 currere,
1624 3318 1908 3373 videamus
1941 3322 2095 3375 Citri-

480 3411 653 3454 Slttnl.
692 3400 841 3457 Sicut
865 3403 1009 3458 enim
1037 3406 1086 3458 io
1121 3406 1373 3461 munibus
1396 3409 1602 3463 artibus
1631 3420 1683 3465 et
1713 3413 2099 3468 certaminibus

480 3494 554 3546 ad
586 3490 877 3569 magistros
910 3497 1265 3566 aspicientes,
1294 3496 1365 3552 ita
1398 3499 1450 3553 in
1482 3513 1666 3555 mente
1698 3514 1871 3557 artem
1908 3505 2097 3572 impri-

483 3589 723 3649 mimus,
763 3604 856 3656 per
892 3589 1106 3644 \idcndi
1154 3590 1463 3646 facultatem
1505 3594 1763 3663 quasdam
1820 3610 2096 3654 sumentes

482 3680 708 3749 regulas
744 3700 756 3735 :
791 3684 861 3735 ita
919 3682 1005 3737 hic
1058 3682 1311 3754 quoque,
1362 3688 1405 3739 si
1459 3686 1688 3742 velimus
1732 3690 1994 3757 currere,
2044 3703 2098 3746 et

480 3763 700 3819 discere
729 3782 875 3823 recte
903 3786 1149 3838 currere,
1173 3778 1463 3845 aspicimus
1492 3780 1556 3832 ad
1586 3775 1864 3837 Christum
1898 3794 2080 3838 aucto-
2128 3776 2131 3779 ’

480 3872 598 3909 rem
632 3844 755 3913 fidei
795 3870 849 3915 et
890 3864 1383 3922 censu‘mmatorem
1414 3871 1617 3925 .lesum.
1652 3873 1788 3941 Quid
1835 3876 1936 3930 hoc
1968 3868 2088 3930 est?

484 3948 543 4002 Id
574 3958 660 4003 est
682 3991 695 4011 .
728 3951 842 4020 ipse
872 3957 1027 4009 nobis
1057 3958 1465 4029 fidem'indidit,
1495 3965 1607 4034 ipse
1636 3968 1959 4037 prineipium
1985 3970 2085 4023 de-
2146 3956 2147 3961 γ

482 4042 583 4095 dit.
635 4042 790 4110 Quod
823 4047 1034 4103 dicebat
1072 4051 1321 4106 Christus
1353 4055 1634 4126 discipulis
1665 4076 1677 4112 :
1714 4058 1835 4113 Non
1876 4078 1962 4115 vos
2012 4079 2092 4115 me

481 4136 727 4205 elegistis,
759 4142 847 4193 sed
880 4159 967 4212 ego
996 4142 1126 4215 elegi
1152 4164 1240 4200 vos
1268 4147 1448 4219 (Joan.
1478 4152 1565 4206 15.
1599 4151 1710 4223 16).
1745 4153 1940 4209 Paulus
1968 4166 2093 4224 quo.

482 4244 590 4296 que
626 4230 755 4286 dicit
784 4251 797 4285 :
832 4232 975 4289 Tunc
1005 4254 1310 4309 cognoscam
1340 4243 1470 4297 sicut
1499 4255 1546 4299 et
1587 4248 1817 4318 cognitus
1848 4266 1958 4302 sum
1992 4248 2010 4321 (
2040 4251 2087 4303 1.

482 4317 605 4373 Cor.
634 4321 720 4376 15.
760 4323 886 4395 12).
921 4324 977 4381 Si
1024 4338 1205 4384 autem
1238 4331 1366 4402 ipse
1400 4335 1556 4390 nobis
1598 4317 1852 4408 imposuit
1884 4317 2091 4411 princi-

486 4411 669 4480 pium,
698 4413 815 4485 ipse
844 4426 1063 4491 quoque
1093 4424 1249 4478 nobis
1283 4425 1443 4481 finem
1477 4428 1726 4498 imponit.
1777 4434 1875 4498 Qui
1906 4453 2094 4505 propo-

484 4503 583 4556 sito
608 4505 705 4558 sibi
729 4510 1191 4577 gaudio‘sustimtit
1213 4514 1432 4583 crucem,
1457 4523 1757 4594 confusione
1782 4536 2089 4597 contempta.

489 4594 604 4651 Iloc
636 4608 715 4652 est
744 4642 757 4665 ,
794 4598 989 4658 licebat
1033 4606 1082 4661 ei
1122 4607 1261 4661 'nibil
1308 4611 1449 4679 pati,
1484 4614 1527 4666 si
1576 4615 1834 4671 voluisset
1869 4637 1880 4671 :
1920 4636 2092 4689 neque

485 4693 631 4744 enim
666 4700 945 4762 peccatum
972 4694 1119 4767 fecit,
1154 4705 1610 4772 nequc‘inventns
1634 4719 1715 4763 est
1742 4709 1899 4765 doliis
1925 4713 1973 4766 in
2002 4728 2095 4768 ore

483 4783 603 4853 ejus
638 4785 801 4857 (lsai.
832 4791 923 4843 55.
958 4791 1031 4863 9)
1061 4782 1073 4846 ὲ
1105 4793 1241 4849 sicut
1273 4796 1392 4867 ipse
1422 4815 1639 4870 quoque
1666 4802 1795 4857 dicit
1830 4804 1878 4856 in
1912 4804 2094 4859 Evan-

482 4878 641 4946 geliis
669 4898 680 4933 :
724 4880 867 4935 Venit
901 4882 1363 4959 mundiprinceps,
1396 4903 1441 4945 et
1470 4895 1520 4945 in
1553 4912 1630 4947 me
1652 4888 1752 4948 non
1780 4895 1926 4951 habet
1952 4900 2095 4968 quid-

483 4988 640 5040 quam
673 4974 852 5046 (Joan.
885 4979 973 5033 14.
1004 4979 1122 5050 50).
1156 4983 1283 5037 Erat
1313 5000 1441 5057 ergo
1469 4988 1517 5041 ei
1550 4999 1859 5059 promptum
1881 5036 1894 5057 ,
1925 4993 1968 5046 si
2001 5010 2095 5049 v0-

494 5064 686 5120 Iuisset
715 5083 818 5122 non
850 5072 1033 5126 venire
1062 5074 1127 5127 ad
1157 5091 1369 5131 erucem
1399 5096 1411 5132 :
1445 5077 1751 5135 Potestatem
1776 5080 1933 5138 enim
1961 5126 1974 5151 ,
2007 5086 2091 5140 in-

485 5158 623 5227 quit,
649 5159 807 5213 habeo
830 5165 1055 5232 ponendi
1081 5170 1304 5221 animum
1328 5188 1511 5231 meum,
1542 5182 1589 5225 et
1618 5186 1913 5242 potestatem
1936 5178 2094 5233 habeo

486 5266 667 5302 rursus
699 5253 981 5323 recipiendi
1011 5274 1120 5311 eam
1154 5256 1332 5327 (Joan.
1374 5263 1457 5317 10.
1494 5265 1604 5335 18).
1638 5264 1713 5339 (a)
1757 5266 1810 5321 Si
1838 5286 1971 5339 ergo
2002 5273 2093 5342 qui

491 5341 717 5398 minime
766 5361 990 5402 necesse
1030 5348 1261 5406 habebat
1304 5357 1541 5427 cruciftgi
1566 5400 1578 5423 ,
1616 5371 1834 5429 propter
1865 5378 1963 5418 nos
1997 5364 2094 5419 fuit

486 5434 778 5493 cruciﬁxus
806 5458 818 5493 :
849 5452 1051 5509 quanto
1083 5447 1250 5517 magis
1285 5464 1378 5514 par
1405 5460 1487 5505 est
1520 5462 1575 5504 ut
1607 5469 1705 5508 nos
1736 5456 1913 5510 omnia
1946 5456 2096 5513 forti-

490 5539 574 5582 ter
609 5528 886 5587 feramus?
916 5532 1017 5601 Qui
1048 5540 1331 5605 proposito,
1367 5543 1535 5611 inquit
1557 5586 1570 5612 ,
1596 5545 1690 5598 sibi
1716 5548 1904 5618 gaudio
1935 5550 2093 5603 susti-

489 5624 598 5675 nuit
630 5622 828 5677 crucem
857 5668 870 5689 ,
903 5629 1208 5699 confusione
1244 5642 1551 5698 contempta.
1583 5637 1719 5703 Quid
1761 5650 1840 5695 est
1861 5683 1874 5708 ,
1905 5640 2097 5713 Confu-

570 5786 646 5850 (a)
669 5784 878 5839 Grandis
899 5788 976 5838 hic
994 5787 1153 5841 hiatus
1178 5801 1253 5843 est
1276 5795 1323 5843 in
1348 5797 1563 5849 Colbert.

1335 316 1400 373 IN
1441 318 1653 375 EPIST.
1700 320 1787 373 AD
1829 319 2191 379 IIEBR/EOS.
2234 326 2386 383 CAP.
2432 334 2542 388 XII.
2589 336 2824 393 IIOiIIL.
2870 342 3095 400 XXVIII.

3719 353 3813 406 Illi

2219 448 2359 503 sione
2391 460 2724 526 contempta?
2750 457 3099 531 Prohrosam,
3133 465 3335 536 inquit,
3367 470 3529 542 elegit
3560 484 3808 530 mortem.

2220 538 2349 595 Esto
2376 545 2516 598 enim
2541 589 2554 611 ,
2589 548 2793 618 inquit,
2829 562 2911 607 est
2941 565 3227 624 mortuus;
3273 577 3370 617 cur
3421 564 3817 635 iguominiose?

2220 630 2334 686 Non
2364 647 2587 707 propter
2612 638 2775 705 aliud,
2806 659 2965 713 quam
2993 662 3089 703 nos
3117 650 3340 718 docens,
3368 664 3424 710 ut
3443 630 3671 725 vgloriam
3698 676 3833 728 qua

2220 726 2286 778 ab
2330 727 2633 785 hominibus
2674 733 2830 788 datur
2868 737 3018 793 nihili
3049 741 3328 800 ducamus.
3362 726 3815 819 Proptereacum

2222 832 2325 871 non
2348 830 2489 874 esset
2519 834 2735 891 peccato
2758 830 3053 898 subjectus,
3082 849 3198 888 eam
3224 838 3406 907 elegit,
3437 842 3694 898 erudiens
3717 860 3817 900 nos

2223 922 2275 963 ut
2307 911 2565 968 adversus
2590 931 2706 970 eam
2736 919 2904 972 simus
2928 923 3161 980 audaces
3188 969 3201 990 ,
3234 938 3287 983 et
3314 940 3432 984 eam
3467 935 3618 989 nihili
3649 935 3818 991 facia-

2223 1017 2360 1056 mus.
2385 1004 2559 1071 Quare
2587 1020 2691 1061 non
2719 1008 2871 1073 dixit,
2900 1012 3145 1083 Tristitia,
3178 1020 3270 1074 sed
3301 1020 3653 1094 Con/usione?
3676 1028 3820 1095 Quo-

2225 1095 2366 1147 niam
2402 1112 2505 1150 non
2541 1098 2655 1152 h:ec
2689 1100 2893 1157 ferebat
2924 1116 3042 1160 cum
3078 1111 3313 1167 tristitia.
3338 1116 3499 1180 ‘Quis'
3526 1127 3704 1173 autem
3751 1122 3820 1175 sit

2222 1184 2341 1239 linis
2364 1187 2484 1239 audi
2512 1190 2528 1241 ’:
2554 1189 2716 1258 Atque
2738 1192 2788 1245 in
2812 1195 3021 1250 dextera
3042 1194 3174 1253 sedis
3200 1202 3294 1255 Dei
3318 1206 3472 1259 sedet.
3492 1208 3654 1264 Vides
3683 1226 3820 1280 prte-

2180 1272 2181 1279 ‘
2208 1271 2373 1326 mium
2405 1277 2759 1333 certaminis?
2785 1280 2942 1347 Quod
2979 1284 3177 1341 Paulus
3210 1306 3425 1365 quoque
3453 1271 3699 1359 scribens
3725 1306 3805 1360 di-

2205 1365 2278 1418 cit
2311 1383 2322 1418 :
2360 1365 2583 1435 Propter
2608 1371 2744 1439 quod
2773 1380 2818 1425 et
2849 1372 2985 1429 Deus
3012 1377 3169 1433 istum
3196 1389 3615 1461 superexaltavit,
3641 1404 3689 1449 et
3714 1398 3806 1450 do-

2205 1458 2342 1508 navit
2372 1458 2451 1511 illi
2480 1474 2693 1524 nomen,
2724 1465 2861 1532 quod
2909 1476 2979 1520 est
3022 1484 3175 1539 super
3214 1490 3367 1529 omne
3407 1496 3612 1547 nomen,
3653 1496 3709 1538 ut
3752 1488 3805 1542 in

2206 1551 2407 1603 nomine
2433 1551 2556 1605 Jcsu
2591 1570 2737 1608 omne
2766 1575 2899 1627 genu
2930 1562 3169 1629 ﬂectatur
3199 1564 3463 1640 (Philipp.
3497 1574 3549 1626 2.
3586 1575 3639 1630 9.
3672 1576 3804 1648 10

2210 1641 2347 1696 Dicit
2370 1644 2621 1713 quodest
2645 1650 2939 1705 secundum
2965 1658 3205 1710 carnem.
3233 1662 3406 1730 Atque
3434 1667 3665 1722 maxime
3690 1671 3807 1739 qui-

2206 1732 2367 1800 dem,
2415 1737 2625 1791 etiamsi
2676 1741 2879 1795 nullout
2934 1756 3077 1800 esset
3132 1754 3467 1821 propositum
3522 1760 3803 1828 preemium

2206 1830 2535 1897 certaminis,
2572 1832 2850 1889 sufficeret
2896 1842 3203 1909 exemplum
3254 1846 3319 1899 ad
3370 1853 3804 1917 persuadendum

2207 1929 2264 1975 ut
2306 1924 2484 1977 omnia
2530 1938 2712 1979 nostra
2747 1939 2939 1995 spentc
2970 1937 3365 1993 sustineremus
3397 1959 3409 1994 :
3446 1959 3589 2000 nunc
3618 1957 3802 2003 autem

2208 2013 2362 2067 nobis
2390 2016 2549 2069 etiam
2581 2033 2960 2087 proponuntur
2988 2030 3228 2094 prmmia,
3262 2048 3366 2085 non
3397 2037 3671 2104 quzelibet,
3706 2042 3802 2096 sed

2207 2119 2395 2174 magna
2441 2117 2493 2160 et
2538 2102 2846 2165 ineffabilia.
2899 2114 3263 2183 Quamobrem
3297 2140 3639 2198 nosqnoque
3679 2147 3801 2186 cum

2204 2196 2407 2266 aliquid
2438 2200 2543 2255 tale
2576 2204 2713 2270 passi
2744 2204 3028 2274 fderimus,
3058 2222 3187 2266 ante
3219 2218 3496 2284 apostolos
3526 2196 3804 2280 Christum

2207 2290 2522 2357 cogitemus.
2549 2293 2757 2359 Quare?
2786 2297 2917 2362 Quia
2944 2308 3048 2353 tota
3075 2303 3189 2371 ejus
3227 2306 3332 2359 vita
3364 2310 3519 2378 plena
3551 2312 3647 2367 fuit
3676 2331 3803 2369 con-

2206 2381 2443 2433 tumeliis
2474 2400 2485 2433 :
2523 2398 2735 2454 semper
2764 2390 2905 2442 enim
2941 2393 3078 2447 male
3106 2397 3385 2467 audiebat,
3417 2411 3474 2456 ut
3502 2407 3589 2474 qui
3624 2423 3793 2461 voca-

2206 2482 2356 2525 retur
2378 2471 2633 2538 furiosus,
2660 2477 2912 2533 seductor
2938 2491 2989 2535 ct
3016 2488 3404 2558 przrstigiator;
3436 2502 3489 2547 e't
3512 2471 3804 2567 aliquando

2206 2564 2420 2632 quidem
2446 2565 2697 2621 dicebant
2719 2570 2911 2637 Judaei,
2948 2574 3045 2628 llic
3069 2588 3168 2632 non
3190 2591 3262 2634 est
3288 2600 3318 2634 (ι
3342 2584 3487 2651 Deo;
3518 2564 3806 2659 aliquando

2207 2663 2404 2719 autem,
2441 2655 2561 2711 Non
2587 2702 2597 2721 ,
2629 2661 2717 2713 sed
2742 2664 2945 2717 seducit
2966 2669 3175 2735 turbas;
3207 2681 3259 2726 et
3290 2690 3478 2731 rursus
3500 2721 3513 2743 ,
3546 2679 3802 2735 Setluctor

2205 2746 2296 2800 ille
2324 2748 2519 2802 (licebat
2550 2752 2717 2805 adhuc
2744 2756 3064 2821 vittensJ’ost
3095 2769 3193 2815 tres
3220 2764 3324 2818 dies
3351 2776 3631 2840 resurgam.
3666 2774 3806 2829 Prat-

2206 2837 2481 2908 stigiarum
2512 2852 2725 2912 quoque
2768 2856 2817 2899 et
2863 2852 3083 2918 magica:
3132 2856 3264 2909 artis
3313 2872 3434 2911 eum
3481 2864 3805 2921 accusabant

2160 2944 2161 2947 ‘
2205 2930 2488 2987 dicentes:
2520 2932 2584 2986 In
2620 2935 2898 2991 Beelzebub
2928 2944 3067 3011 ejirit
3093 2945 3363 3002 (Icenionia‘
3402 2951 3590 3022 (.loan.
3625 2956 3683 3011 9.
3715 2959 3800 3014 I6.

2208 3034 2251 3076 et
2279 3024 2330 3077 7.
2368 3024 2455 3090 I2;
2489 3026 2679 3082 Matth.
2704 3029 2794 3083 ‘27.
2826 3033 2914 3086 65.
2942 3044 2988 3087 ct
3022 3035 3103 3089 I9.
3130 3039 3222 3111 Ἡ)
3253 3060 3262 3091 :
3291 3052 3344 3095 et
3373 3047 3514 3111 quod
3547 3049 3808 3106 inSanit'ct

2156 3130 2159 3133 '
2208 3124 2261 3170 et
2295 3116 2515 3172 haberet
2548 3119 2918 3180 dmmonium‘:
2958 3128 3078 3183 Non
3112 3132 3234 3187 bene
3261 3137 3575 3207 dicebamus,
3610 3144 3804 3214 inquit,

2206 3209 2341 3279 quod
2369 3210 2515 3264 habet
2545 3214 2855 3269 dwmoniunt
2888 3228 2945 3273 er
2965 3223 3171 3277 insanit
3201 3227 3396 3296 (Joan.
3432 3232 3519 3287 10.
3546 3236 3617 3288 20
3640 3209 3701 3306 )‘l
3743 3240 3808 3294 Ει

2210 3302 2324 3356 luce
2351 3303 2556 3360 abillis
2589 3308 3023 3374 audiebat',‘com
3067 3329 3161 3371 cos
3204 3318 3485 3378 beneficiis
3526 3302 3805 3395 afficeret,

2178 3408 2179 3411 ‘
2210 3397 2467 3450 miracula
2502 3397 2725 3469 faceret,
2763 3404 2863 3457 Dei
2891 3416 3054 3475 opera
3087 3412 3420 3469 ostenderet.
3454 3418 3584 3472 Nam
3615 3423 3658 3476 si
3686 3425 3805 3492 qui-

2138 3496 2141 3505 ‘
2188 3486 2328 3540 dem
2362 3489 2493 3543 nihil
2527 3492 2728 3547 faciens
2760 3495 2877 3549 hate
2905 3499 3117 3554 audiret
3142 3508 3165 3565 ,'
3192 3506 3324 3558 nihil
3357 3518 3503 3564 esset
3534 3512 3671 3566 adeo
3704 3517 3809 3570 mi-

2210 3590 2325 3634 rum
2352 3598 2365 3634 :
2388 3583 2434 3635 si
2462 3593 2656 3638 autem'
2686 3587 2888 3643 dOCt‘tlS
2929 3608 3047 3660 qua)
3078 3597 3350 3662 pertinuerit
3389 3600 3454 3655 ad
3504 3608 3807 3674 veritatem,

2170 3674 2465 3729 "audiebat
2497 3693 2554 3731 se
2583 3681 2761 3734 vacari
2790 3682 3151 3752 setl‘uctoi'em,
3184 3699 3238 3743 et
3261 3690 3536 3750 dmt‘noncs
3561 3697 3806 3766 ejici‘cns,

2166 3778 2171 3781 '
2208 3766 2461 3821 audiebat
2483 3785 2540 3823 se
2568 3772 2767 3839 probro
2789 3777 2966 3842 appeti
2992 3779 3134 3846 quod
3160 3779 3383 3837 haberet
3406 3785 3730 3855 daemonem,
3757 3804 3807 3849 ct

2210 3864 2560 3929 quascumque
2587 3871 2751 3916 erant
2770 3868 3051 3920 contraria
3068 3881 3340 3939 evertens,
3357 3876 3639 3933 dicebatur
3672 3899 3808 3952 prae~

2200 3950 2457 4018 ‘stigiator
2482 3972 2493 4005 :
2517 3970 2673 4023 quam
2708 3956 2950 4012 mirabile
2976 3960 3101 4016 illud
3124 3964 3243 4018 est?
3274 3965 3476 4022 [lorum
3507 3974 3648 4026 enim
3683 3990 3806 4030 eum

2208 4042 2425 4097 assidue
2451 4048 2794 4102 accitsa‘bant.

2288 4136 2342 4189 3.
2383 4133 2438 4190 Si
2466 4136 2544 4188 vis
2566 4142 2749 4188 autem
2786 4136 2976 4188 audire
3019 4135 3242 4189 dicteria
3270 4144 3343 4190 ‘et
3366 4136 3650 4193 irrisiones
3675 4157 3808 4210 quas

2215 4228 2269 4282 in
2300 4244 2420 4283 eum
2451 4226 2785 4292 emittebant,
2808 4228 2947 4297 quod
2975 4238 3187 4281 noStros
3212 4228 3679 4288 maximemordet
3704 4236 3816 4291 ani-

2217 4334 2351 4385 mos,
2386 4318 2507 4373 audi
2544 4320 2769 4387 primum
2802 4332 2829 4371 a
2854 4334 3088 4389 genere:
3117 4319 3237 4373 Non
3270 4332 3342 4374 est
3384 4320 3483 4386 hic,
3528 4320 3719 4393 inquit,
3746 4326 3807 4393 [i-

2162 4412 2175 4461 ζ
2213 4396 2311 4468 lius
2340 4414 2665 4483 fabri,'eujus
2689 4430 2779 4465 nos
2799 4414 3030 4465 novimus
3050 4423 3252 4482 patrem
3267 4422 3327 4467 et
3350 4417 3603 4468 matrem?
3642 4434 3811 4473 nonne

2180 4510 2181 4513 “
2214 4507 2527 4577 frutr’es‘ejns
2559 4505 2895 4574 oinnes‘apud
2921 4522 3009 4558 nos
3033 4514 3147 4559 sunt
3171 4502 3387 4575 (Matt/ti.
3427 4504 3509 4563 i5.
3536 4507 3625 4578 53)
3651 4509 3672 4561 ’ἰ
3696 4520 3747 4562 et
3779 4526 3808 4564 a

2162 4598 2163 4605 ‘
2216 4598 2383 4668 patria
2412 4614 2533 4651 eum
2566 4598 2898 4651 ludificantes
2929 4596 3178 4651 dicebant
3205 4613 3330 4652 cum
3379 4612 3498 4653 esse
3528 4610 3597 4653 ex
3640 4598 3807 4653 Naza-

2172 4692 2173 4695 “
2214 4691 2352 4745 retb.
2384 4691 2445 4745 Et
2470 4704 2689 4744 rursus:
2722 4688 3009 4759 Interroga,
3040 4691 3229 4758 inquit,
3250 4700 3305 4743 et
3325 4692 3438 4744 ride
3461 4690 3596 4761 quod
3621 4707 3683 4743 ea:
3704 4690 3810 4745 Ga-

2211 4784 2347 4836 liltea
2379 4799 2478 4835 non
2511 4782 2679 4851 surgit
2712 4782 2964 4849 propheta
3014 4780 3193 4851 (.loan.
3243 4782 3300 4834 7.
3347 4780 3473 4850 5‘2):
3502 4792 3554 4835 cl
3602 4781 3808 4836 ferebat

2208 4891 2328 4927 cum
2363 4873 2446 4926 Itis
2480 4880 2828 4941 appeteretur
2855 4871 3154 4925 calumniis.
3190 4871 3255 4924 Et
3278 4882 3475 4925 rursus
3507 4872 3754 4925 dicebant
3787 4888 3801 4925 :

2211 4967 2390 5017 Annon
2416 4960 2536 5016 dicit
2559 4964 2831 5032 Scriptura
2856 4962 3072 5032 quodex
3093 4962 3472 5016 Bethlcenrvico
3495 4964 3627 5015 venit
3650 4962 3772 5015 Chri
3786 4993 3804 5001 -

2206 5068 2313 5109 stus
2355 5055 2461 5127 (Ib.
2492 5072 2538 5108 υ.
2574 5054 2704 5124 4‘2)?
2732 5056 2820 5108 Vis
2853 5057 3014 5109 etiam
3052 5053 3239 5107 audire
3281 5054 3561 5107 irrisiones
3607 5055 3802 5123 quibus

2206 5148 2255 5201 iu
2289 5163 2410 5202 eum
2436 5148 2534 5201 sub
2574 5146 2687 5216 ipsa
2732 5162 2895 5201 cruce
2922 5146 3245 5200 utebantur?
3270 5145 3567 5199 'illu‘tlentes
3594 5145 3793 5200 adora-

2206 5239 2334 5293 baot
2357 5256 2501 5308 eum,
2532 5250 2585 5294 et
2627 5239 2997 5310 percutiebant
3036 5248 3089 5293 et
3126 5237 3387 5307 colaphos
3411 5239 3796 5309 impingebaot,

2204 5332 2593 5401 dicebantque:
2622 5331 2721 5385 Dic
2745 5332 2887 5386 nobis
2912 5332 3024 5401 quis
3040 5341 3110 5385 est
3131 5333 3217 5403 qui
3237 5343 3281 5385 te
3298 5333 3582 5402 percussit?
3602 5340 3656 5387 et
3676 5348 3799 5387 aee-

2206 5435 2314 5478 tum
2346 5422 2644 5479 offerebant
2663 5426 2732 5490 ei,
2764 5425 3005 5480 dicentes
3030 5443 3044 5481 :
3070 5424 3132 5479 Si
3152 5442 3201 5479 es
3223 5424 3393 5480 Filius
3420 5425 3533 5491 Dei,
3555 5426 3802 5482 descende

2201 5519 2263 5571 de
2294 5534 2439 5571 cruce
2476 5516 2689 5588 (Matth.
2723 5517 2813 5573 9.6.
2846 5518 2934 5572 68.
2963 5530 3009 5572 et
3036 5518 3126 5573 27.
3152 5519 3265 5589 40).
3296 5519 3564 5573 Prtetcrea
3611 5532 3800 5574 servus

2201 5625 2414 5681 quoque
2442 5610 2712 5679 pontificis
2742 5609 2890 5664 dedit
2933 5611 2981 5665 ei
3013 5611 3246 5680 alapam,
3293 5620 3345 5664 et
3372 5610 3537 5662 dicit:
3575 5611 3641 5663 Si
3667 5610 3801 5663 maie

2200 5704 2442 5771 loquutus
2481 5719 2614 5768 sum,
2673 5704 3008 5757 testimonium
3053 5704 3257 5774 pet/zibe
3296 5703 3358 5756 tle
3386 5703 3558 5757 malos:
3581 5704 3625 5756 si
3652 5704 3793 5768 bene,

2198 5795 2320 5863 quid
2351 5812 2428 5850 me
2457 5795 2609 5849 aedis
2643 5794 2821 5866 (Joan.
2856 5795 2942 5850 18.
2966 5795 3096 5867 25)?
3122 5795 3189 5848 Et
3214 5792 3501 5849 irridentes
3526 5795 3796 5863 imposue-
