4202 6488
567 332 659 387 195

565 466 692 513 runt
719 456 768 511 ei
807 451 1168 525 chlamydem,
1213 459 1267 505 et
1308 459 1570 520 spuerunt
1600 450 1649 503 in
1684 450 1800 519 ejus
1842 449 2064 512 faciem;
2095 460 2148 502 et

569 554 889 609 tentationes
913 548 959 603 ei
983 560 1195 616 semper
1222 544 1563 612 adhibebant,
1592 558 1713 597 eum
1743 551 2031 599 tentantes.
2061 544 2149 599 \‘is

566 643 726 696 etiam
758 640 940 697 videre
981 636 1370 700 accusationes,
1421 649 1542 705 quae
1579 634 1738 698 clam,
1781 650 1900 705 qua:
1949 633 2175 705 palaip,_

564 750 684 804 qua:
713 735 871 788 etiam
900 731 969 785 ab
994 730 1124 799 ipsis
1147 728 1344 783 fiebant
1369 726 1683 797 discipulis?
1706 725 1851 782 Num
1872 736 1917 781 et
1939 743 2044 793 vos,
2070 728 2150 782 in-

564 825 698 894 quit,
726 823 873 877 vultis
901 820 1078 874 obire?
1105 829 1179 885 et,
1212 819 1535 874 Darmonium
1576 820 1727 874 habes
1753 818 1934 890 (Joan.
1970 818 2023 874 6.
2057 819 2146 874 68.
2184 876 2191 885 δ

563 928 611 969 et
638 917 692 970 7.
722 914 841 985 20).
874 914 1155 969 dicebatur
1182 913 1251 967 ab
1278 913 1342 967 iis
1367 913 1458 982 qui
1496 912 1606 982 jam
1648 911 2009 967 crediderant.
2054 911 2148 967 Dic

564 1019 740 1074 autem
770 1008 922 1075 mihi,
953 1022 1134 1062 nonne
1163 1007 1277 1076 ipse
1293 1020 1506 1077 quoque
1523 1021 1738 1075 semper
1762 1004 2018 1073 fugiebat,
2038 1004 2142 1059 ali-

562 1100 777 1171 quando
806 1100 1020 1170 quidem
1049 1100 1102 1153 in
1133 1098 1429 1164 Galilznam,
1457 1095 1745 1167 aliquando
1766 1105 1949 1151 autem
1974 1096 2026 1149 in
2054 1095 2148 1159 Ju-

563 1192 773 1247 dzeam?
802 1207 980 1247 annon
1011 1191 1079 1245 ah
1109 1189 1241 1260 ipsis
1272 1188 1592 1243 incunabilis
1613 1187 1712 1242 fuit
1739 1186 1904 1241 multa
1935 1185 2146 1256 appeti-

565 1295 651 1339 tus
675 1284 1003 1339 tentatione?
1025 1298 1203 1337 annon
1227 1297 1373 1347 eum,
1415 1296 1536 1335 cum
1564 1289 1709 1336 esset
1736 1279 1930 1345 infans,
1973 1288 2148 1333 mater

519 1400 522 1403 π
563 1374 785 1430 deduxit
813 1375 863 1428 in
884 1372 1210 1445 Egyptum?
1237 1372 1460 1442 PrOpter
1481 1369 1595 1425 lucc
1611 1369 1787 1424 omnia
1806 1369 1972 1425 dicit:
1997 1369 2147 1439 Aspi-

563 1469 746 1520 cientes
777 1468 829 1519 in
857 1477 1114 1520 auctorem
1141 1466 1262 1535 ﬁdei
1289 1474 1336 1519 et
1364 1472 1817 1519 consummatorem
1842 1462 2041 1530 Jesum,
2059 1464 2147 1533 qui

567 1552 827 1618 proposito
848 1553 941 1605 sibi
966 1554 1154 1622 gaudio
1182 1555 1418 1607 sustinuit
1447 1570 1662 1618 crucem,
1694 1554 1991 1621 confusione
2013 1569 2142 1606 con-

562 1649 772 1710 tempta,
803 1650 952 1712 atque
980 1641 1031 1695 in
1062 1641 1267 1696 dextera
1294 1644 1430 1698 sedis
1454 1642 1551 1697 Dei
1572 1646 1727 1696 sedet.
1759 1643 1839 1697 Ad
1868 1660 1988 1698 eum
2015 1659 2144 1715 ergo

560 1733 881 1801 aspiciamus
907 1742 957 1787 et
975 1734 1041 1788 ad
1062 1735 1178 1802 ejus
1198 1733 1504 1804 discipulos,
1530 1735 1767 1804 legentes
1783 1751 1900 1804 quae
1920 1750 2139 1805 perpes-

559 1835 651 1875 Sus
677 1833 755 1875 est
780 1823 991 1883 Paulus,
1018 1835 1071 1878 et
1097 1825 1371 1881 audientes
1394 1841 1514 1880 cum
1542 1825 1808 1881 dicentem
1833 1844 1846 1880 :
1871 1826 1938 1879 In
1982 1829 2143 1881 multa

559 1913 824 1982 patientia,
839 1918 890 1969 in
907 1917 1327 1983 tribulationibus,
1346 1922 1396 1971 in
1415 1918 1862 1986 uecessitatibugin
1877 1935 2083 1989 persequ
2092 1937 2142 1972 u-

558 2006 795 2071 tiouibus,
816 2008 866 2060 in
882 2009 1148 2077 angustiis,
1170 2010 1221 2061 in
1238 2009 1423 2080 plagis,
1440 2010 1493 2063 in
1506 2010 1867 2076 carceribus,in
1882 2011 2142 2065 seditioni-

554 2103 673 2163 bus,
688 2100 987 2166 injejuniis,
1002 2100 1054 2154 in
1082 2098 1374 2164 laboribus,
1389 2100 1444 2152 in
1466 2100 1731 2164 castitate,
1749 2099 1803 2152 in
1823 2099 2044 2152 scientia
2058 2098 2135 2164 (2.

553 2188 675 2242 Cor.
690 2192 740 2244 ϐ.
760 2189 898 2260 4-6);
920 2200 970 2244 et
984 2206 1196 2256 rursus,
1216 2189 2139 2261 Usqueadhanchoramesurintusct

554 2280 596 2334 si
604 2282 785 2343 timus,
800 2289 849 2335 et
860 2282 989 2335 nudi
998 2299 1199 2344 sumus,
1213 2292 1262 2336 et
1274 2281 1793 2351 colaphisctrdimcr,
1804 2279 2135 2334 ctiustabiles

554 2383 753 2431 sumus,
781 2378 828 2422 et
855 2368 1144 2422 laboramus
1169 2378 1434 2438 operantes
1474 2367 1702 2422 manibus
1737 2368 1954 2421 nostris:
1981 2366 2140 2419 ntale-

554 2459 792 2525 dicimur,
840 2467 888 2513 et
930 2458 1304 2521 benedicimus;
1350 2458 1774 2528 persequutiauem
1805 2457 2047 2529 patimur,
2093 2467 2138 2512 et

555 2549 891 2613 sustinemus;
919 2549 1349 2620 blasphemamur,
1380 2558 1427 2603 et
1469 2549 1789 2611 obsecramus
1832 2548 1906 2620 (1.
1930 2546 2051 2603 Cor.
2081 2549 2133 2603 5.

557 2641 727 2695 11-15
746 2640 789 2711 ).
820 2640 1083 2696 Passusne
1111 2648 1194 2694 est
1220 2636 1503 2712 quispiam,
1534 2639 1618 2696 vel
1645 2626 1920 2696 minimam
1947 2639 2136 2694 hOrum

556 2732 800 2800 partem?
827 2731 1123 2801 Tamquam
1168 2730 1500 2797 seductorcs,
1530 2731 1722 2800 inquit,
1757 2738 2024 2796 tamquam
2053 2729 2138 2783 in-

555 2824 748 2888 fames,
797 2833 1066 2893 tamquam
1098 2822 1231 2877 nihil
1282 2822 1542 2878 habentes
1596 2821 1674 2895 (2.
1714 2821 1834 2877 Cor.
1874 2821 1928 2877 6.
1965 2821 2057 2892 8):
2086 2830 2140 2877 et

557 2929 767 2979 rursus,
799 2914 845 2967 A
883 2912 1082 2967 luditis
1122 2914 1384 2984 quinquies
1409 2914 1783 2985 quadragenas,
1810 2930 1917 2968 una
1949 2915 2133 2980 minus,

556 3005 728 3073 accepi
746 3023 765 3069 ,-
795 3013 869 3058 ter
888 3005 1040 3075 virgis
1060 3021 1219 3059 cwsus
1238 3021 1370 3070 sum,
1393 3006 1547 3059 semel
1561 3005 1818 3071 lapidatus
1834 3021 1946 3061 sum
1960 3008 1979 3070 ;
1994 3015 2140 3059 nocte

555 3107 604 3152 et
630 3097 712 3151 die
733 3097 786 3150 in
817 3096 1071 3167 profundo
1095 3097 1249 3149 maris
1273 3095 1369 3166 fui,
1392 3107 1438 3150 et
1461 3097 1513 3150 in
1537 3096 1798 3150 itineribus
1819 3110 1973 3167 saepe,
2006 3097 2138 3167 affli-

556 3190 823 3256 ctionibus,
848 3189 1101 3259 angustia,
1130 3189 1266 3258 fame
1289 3188 1364 3261 (ἓ.
1395 3187 1517 3243 Cor.
1550 3189 1637 3243 11.
1664 3186 1882 3254 24-26).
1909 3189 1975 3243 Et
1994 3189 2136 3259 quod

556 3284 672 3336 haec
701 3282 809 3335 Deo
840 3281 1131 3349 placerent,
1162 3281 1285 3337 audi
1313 3297 1435 3337 eum
1462 3280 1763 3336 dicentem:
1801 3279 2017 3351 Propter
2044 3281 2138 3334 hoc

556 3384 631 3427 ter
660 3371 931 3426 Dominum
973 3373 1169 3442 rogari,
1211 3382 1256 3427 et
1278 3373 1406 3426 dixit
1432 3372 1592 3426 mihi:
1631 3370 1830 3442 Sufﬁcit
1857 3371 1945 3425 tibi
1972 3375 2139 3443 gratia

556 3482 666 3519 mea
685 3482 702 3516 :
726 3466 882 3519 virtus
910 3466 1041 3519 enim
1071 3482 1180 3519 mea
1200 3466 1253 3518 in
1278 3465 1572 3534 inﬁrmitate
1606 3463 1886 3532 perﬁcitur.
1918 3463 2139 3534 Pr0pter

554 3557 709 3628 quod,
741 3556 931 3626 inquit,
961 3557 1135 3625 placeo
1165 3556 1292 3609 mihi
1320 3557 1374 3609 iu
1400 3554 1779 3623 inﬁrmitatibus
1804 3556 1946 3621 meis,
1971 3556 2023 3610 in
2051 3558 2137 3626 af-

530 3632 883 3719 ﬂictionibus,
906 3648 956 3700 in
985 3645 1384 3713 necessitatibus,
1417 3647 1472 3699 in
1500 3644 1770 3715 angustiis,
1800 3645 1852 3698 in
1880 3645 2062 3716 plagis,
2086 3646 2139 3699 in

554 3740 859 3804 carceribus,
886 3749 939 3793 ut
967 3740 1020 3793 in
1046 3755 1125 3793 me
1150 3738 1395 3793 inhabitet
1420 3738 1576 3791 virtus
1599 3736 1785 3791 Christi
1807 3736 1885 3807 (2.
1904 3736 2022 3792 Cor.
2047 3735 2135 3790 12.

554 3832 609 3887 8.
632 3832 687 3887 9.
718 3831 828 3902 10).
857 3831 994 3886 Audi
1016 3839 1193 3885 autem
1224 3829 1398 3899 ipsum
1420 3843 1634 3899 quoque
1661 3827 1928 3884 Christum
1951 3827 2138 3882 dicen-

555 3932 699 3979 tem:
735 3922 800 3977 In
848 3922 1038 3979 mundo
1063 3920 1380 3993 aﬁlictionem
1408 3918 1650 3974 habebitis
1681 3917 1858 3989 (Joan.
1893 3920 1980 3974 16.
2019 3918 2136 3986 53).

553 4016 608 4074 5.
652 4016 963 4089 Recogitate,
996 4017 1186 4085 inquit,
1218 4032 1351 4081 eum,
1380 4016 1466 4086 qui
1504 4017 1655 4071 talem
1687 4017 1926 4070 sustinuit
1955 4032 1986 4069 a
2018 4031 2139 4086 pec-

553 4106 805 4161 catoribus
829 4107 1067 4160 adversus
1090 4107 1256 4175 ipsum
1268 4106 1743 4180 contradictionem,
1772 4115 1826 4160 ut
1852 4123 1915 4159 ne
1939 4105 2129 4176 defati-

554 4199 739 4269 gemini
763 4198 947 4251 animis
974 4197 1146 4250 vestris
1176 4196 1493 4263 deﬁcientes.
1513 4196 1641 4252 Jure
1672 4196 1864 4250 merito
1891 4197 2006 4251 hrcc
2040 4194 2137 4248 ad-

554 4288 691 4344 didit
715 4308 729 4343 :
756 4304 878 4342 nam
902 4287 947 4342 si
971 4286 1336 4363 proximorum
1364 4302 1463 4342 nos
1483 4286 1721 4343 excitant
1742 4285 2136 4354 perpessiones,

559 4375 729 4446 ipsius
760 4374 969 4431 Domini
996 4373 1372 4444 perpessiones
1400 4383 1656 4444 quantam
1688 4368 1845 4424 nobis
1867 4384 1972 4424 non
2002 4385 2149 4441 prae-

560 4469 763 4526 bebunt
785 4467 949 4524 animi
978 4467 1345 4523 alacritatem?
1372 4465 1497 4536 quid
1533 4463 1688 4519 nobis
1720 4477 1827 4516 non
1856 4459 2055 4516 faciet?
2082 4461 2150 4517 Et

559 4561 685 4616 vide
710 4559 1436 4631 quomodoprzetermittens
1458 4555 1640 4610 omnia
1666 4553 1870 4621 dicere,
1902 4568 1995 4622 per
2019 4568 2150 4609 con-

563 4654 935 4710 tradictionem
974 4662 1142 4709 totum
1170 4648 1527 4724 significavit:
1558 4648 1695 4701 ictus
1721 4646 1863 4700 enim
1892 4645 1946 4705 in
1974 4647 2146 4717 genis,

562 4748 753 4813 risum,
780 4747 1156 4811 contumelias,
1187 4740 1656 4815 exprobrationcs,
1688 4736 1984 4808 irrisiones,
2031 4740 2150 4796 huic

561 4839 740 4894 omnia
781 4838 1035 4895 indicavit
1084 4853 1181 4907 per
1230 4831 1712 4889 contradictionem
1747 4848 1763 4884 :
1795 4847 1971 4902 neque
2017 4846 2149 4887 vero

559 4931 738 4988 solum
768 4932 879 4998 illa,
913 4930 1008 4987 sed
1033 4939 1089 4984 et
1114 4942 1233 4998 qua:
1262 4928 1477 4978 fuerunt
1507 4922 1559 4976 in
1606 4923 1850 4978 universa
1893 4925 2014 4980 vita:
2045 4924 2147 4979 do-

559 5025 751 5083 ctrina.
803 5023 927 5079 llauc
959 5023 1139 5091 igitur,
1170 5015 1527 5081 dilectissimi,
1561 5029 1773 5087 semper
1815 5028 2147 5088 reputemus,

559 5125 613 5169 et
632 5122 788 5170 noctu
813 5122 867 5169 et
886 5109 1116 5167 interdiu
1140 5108 1192 5162 in
1223 5105 1634 5161 animisnostris
1660 5122 1955 5173 versemus,
1976 5108 2150 5162 scien-

560 5218 640 5263 tes
666 5207 807 5276 quod
831 5202 1028 5258 isthinc
1045 5215 1234 5270 magna
1254 5199 1572 5269 rcportaturi
1601 5215 1786 5255 sumus
1818 5199 1977 5267 bona,
2012 5199 2148 5254 mul-

559 5309 777 5366 tamque
805 5295 927 5349 inde
954 5293 1237 5348 utilitatem
1267 5292 1608 5362 recipiemus.

633 5385 821 5443 Christi
841 5385 1186 5455 perpessioucs
1201 5386 1254 5439 in
1282 5385 1574 5439 memoriam
1600 5385 1919 5439 revocandce.
1942 5413 2016 5425 -—-
2033 5383 2145 5438 Ma-

559 5494 720 5550 gnum
754 5478 918 5542 enim,
955 5491 1142 5532 revera
1171 5493 1420 5549 magnum
1469 5486 1599 5533 sunt
1647 5478 1901 5535 solatium
1947 5477 2148 5533 Christi

560 5569 937 5641 perpessioues
958 5579 1009 5625 et
1030 5573 1401 5642 perpessioncs
1421 5571 1808 5642 apostolorum.
1835 5571 1984 5626 Adeo
2003 5586 2147 5628 emm

559 5664 765 5719 sciebat
794 5661 929 5720 hanc
957 5666 1095 5721 viam
1128 5667 1340 5722 virtutis
1366 5681 1486 5721 esse
1517 5666 1816 5729 meliorem,
1853 5675 1908 5719 ut
1930 5677 1984 5720 ct
2007 5666 2143 5734 ipse,

561 5757 650 5826 qui
682 5771 744 5812 ea
771 5771 875 5813 non
906 5760 1115 5831 egebat,
1160 5775 1278 5815 eam
1317 5761 1383 5815 sit
1427 5758 1732 5829 ingressus;
1760 5758 1898 5814 adeo
1945 5757 2144 5816 sciebat

1281 327 1339 384 S.
1367 325 1646 384 JOANNiS
1684 326 2155 383 CllRYSOSTOiil
2187 321 2499 379 ARCIIIEP.
2538 317 3070 377 CONSTANTINOP‘.

3731 313 3825 369 196

2241 443 2605 500 afllictiomem
2651 444 2862 514 juvare,
2897 450 2954 495 ut
2979 455 3097 511 quae
3129 439 3296 510 magis
3337 441 3406 494 sit
3435 456 3594 496 causa
3635 442 3831 513 quietis

2241 551 2295 595 et
2321 539 2677 595 remissionis.
2710 538 2845 592 Audi
2874 538 3017 590 enim
3051 535 3225 604 ipsum
3239 532 3514 589 Christum
3537 536 3829 592 dicentem:

2243 633 2308 689 Si
2341 635 2454 704 quis
2496 649 2596 687 non
2629 632 2774 685 tollat
2813 646 3014 684 crucem
3057 644 3223 692 suam,
3256 637 3303 682 et
3331 645 3408 682 me
3438 639 3696 698 sequatur,
3728 648 3830 686 non

2240 736 2313 780 est
2340 741 2419 779 me
2447 725 2633 795 dignus
2671 721 2885 795 (Matth.
2920 720 3007 776 10.
3042 719 3159 788 ⁸58).
3193 722 3272 774 Ac
3300 720 3344 773 si
3374 719 3611 775 diceret:
3640 720 3696 776 Si
3747 738 3826 790 es,

2239 819 2436 890 inquit,
2469 817 2787 887 discipulus,
2831 815 3042 870 imitare
3069 813 3411 883 Magistrum;
3447 813 3551 868 hoc
3576 813 3719 869 enim
3747 825 3830 870 est

2239 909 2509 979 discipuli.
2527 908 2584 964 Si
2605 918 2782 963 autem
2813 908 2929 976 ipse
2947 905 3159 977 quidem
3178 906 3323 960 venit
3337 921 3434 976 per
3455 903 3826 974 alﬂictionem,

2241 1009 2296 1054 tu
2320 1010 2497 1054 autem
2521 1015 2616 1069 per
2632 1000 2864 1070 quietem
2890 1005 2947 1051 ct
2972 996 3366 1062 remissionem,
3396 1011 3501 1051 non
3529 997 3718 1053 eadem
3745 999 3827 1053 via

2239 1091 2540 1161 ingrederis
2564 1105 2665 1160 qua
2698 1089 2789 1144 illc
2817 1097 2900 1144 est
2928 1088 3224 1158 ingressus,
3253 1085 3346 1141 sed
3388 1086 3514 1140 alia.
3544 1086 3829 1155 Quomodo

2237 1198 2366 1255 ergo
2391 1183 2636 1253 sequeris
2667 1197 2770 1236 non
2799 1180 3068 1252 sequens?
3093 1179 3364 1250 quomodo
3407 1194 3466 1235 es
3508 1179 3826 1257 discipulus,

2238 1290 2344 1331 non
2372 1290 2603 1346 sequens
2643 1272 2995 1345 Magistrum?
3036 1271 3151 1327 lloc
3181 1272 3377 1326 Paulus
3404 1287 3619 1342 «pioque
3652 1272 3826 1327 dicit:

2240 1368 2353 1423 Nos
2374 1369 2587 1438 inﬁrmi,
2616 1382 2702 1422 vos
2723 1378 2892 1421 autem
2919 1370 3105 1437 fortes;
3139 1381 3231 1418 nos
3256 1365 3518 1435 ignobiles,
3551 1381 3636 1419 vos
3656 1375 3828 1419 autem

2238 1460 2431 1515 nobiles
2464 1460 2546 1528 (1.
2578 1458 2698 1516 Cor.
2730 1459 2786 1513 4.
2812 1456 2924 1530 1ο).
2951 1457 3058 1512 Aut
3085 1456 3354 1527 quomodo
3377 1465 3461 1512 est
3484 1456 3676 1514 rationi
3698 1470 3827 1511 cun-

2238 1558 2555 1605 sentaneum
2580 1563 2679 1604 nos
2705 1547 2943 1603 :emulari
2967 1546 3258 1610 contraria,
3279 1553 3333 1602 ct
3353 1560 3452 1601 vas
3471 1545 3686 1616 quidem
3704 1560 3827 1601 esse

2239 1639 2553 1710 discipulos,
2589 1654 2688 1694 nos
2714 1650 2893 1694 autem
2921 1638 3243 1709 magistros?
3264 1638 3451 1708 Magna
3476 1653 3604 1709 ergo
3626 1654 3714 1694 res
3742 1648 3822 1693 cst

2235 1730 2474 1795 afﬂictio,
2506 1745 2540 1785 ο
2567 1730 2780 1785 dilecti:
2806 1731 2913 1783 duo
2942 1729 3089 1783 enim
3132 1728 3318 1794 cllicit,
3349 1742 3523 1797 eaque
3565 1729 3822 1794 maxima,

2233 1831 2288 1877 et
2314 1830 2527 1892 peccata
2561 1820 2726 1888 delet,
2753 1830 2809 1878 et
2835 1819 2960 1874 facit
2989 1818 3155 1875 fortes
3182 1828 3237 1875 et
3265 1819 3535 1875 robustos.

2300 1910 2356 1957 4.
2403 1903 2542 1971 Quid
2591 1920 2739 1968 vero,
2790 1905 2981 1975 inquit,
3024 1905 3068 1961 si
3109 1903 3361 1961 everterit
3389 1915 3445 1962 ct
3475 1906 3813 1977 perdiderit?

2229 1993 2345 2049 Non
2373 1994 2477 2049 hoc
2509 1993 2634 2049 facit
2661 1994 2903 2063 afﬂictio,
2927 1997 3021 2052 sed
3049 2006 3230 2051 nostra
3260 1998 3487 2068 ignavia.
3510 1997 3814 2066 Quomodo,

2229 2086 2439 2157 inquit?
2468 2086 2522 2141 Si
2552 2087 2719 2162 spbrii
2747 2086 2937 2154 simus,
2970 2089 3013 2142 si
3048 2089 3212 2143 Deum
3241 2102 3492 2158 rogemus
3521 2101 3577 2143 ut
3608 2105 3711 2144 non
3739 2091 3815 2145 si-

2230 2189 2323 2234 nat
2349 2193 2447 2235 nos
2478 2181 2669 2234 tentari
2703 2180 2820 2249 plus
2842 2196 3002 2249 quam
3034 2180 3176 2235 ferre
3202 2174 3493 2251 possimus,
3522 2181 3569 2236 si
3598 2181 3648 2237 ei
3673 2196 3816 2237 sem-

2233 2287 2328 2342 per
2356 2272 2652 2329 hmreamus
2673 2315 2688 2339 ,
2722 2272 2930 2328 fortiter
2957 2273 3215 2329 stabimus
3235 2282 3291 2328 et
3316 2274 3367 2333 in
3393 2274 3525 2330 acie.
3553 2275 3819 2345 Quamdiu

2230 2380 2351 2420 eum
2389 2363 2732 2429 habuerimus
2762 2364 3062 2435 adjutorcm
3085 2407 3100 2432 ,
3130 2364 3340 2421 etiamsi
3367 2364 3616 2421 omnibus
3643 2366 3817 2427 ventis

2230 2458 2598 2513 vehementius
2635 2457 2887 2528 spirarint
2916 2458 3271 2527 tentationes,
3302 2467 3459 2516 erunt
3484 2458 3639 2515 nobis
3665 2460 3815 2529 palea

2230 2560 2284 2607 et
2308 2549 2492 2605 folium
2522 2550 2662 2621 quod
2707 2550 2897 2607 leviter
2936 2560 2990 2607 et
3034 2560 3236 2607 temere
3266 2550 3452 2606 fertur.
3497 2550 3632 2606 Audi
3678 2552 3820 2608 Pau-

2231 2644 2341 2698 lum
2371 2642 2636 2698 dicentem
2672 2661 2686 2698 :
2718 2641 2786 2700 In
2807 2643 2885 2697 his
2913 2644 3142 2698 omnibus
3171 2658 3502 2714 superamus;
3525 2655 3579 2698 et
3605 2658 3815 2710 rursus,

2231 2735 2484 2791 Existimo
2510 2737 2643 2789 enim
2669 2735 2804 2805 quod
2829 2753 2931 2790 non
2954 2747 3069 2789 sunt
3095 2735 3361 2807 condigna:
3380 2735 3641 2807 passiones
3663 2735 3819 2807 hujus

2232 2812 2471 2899 temporis
2508 2827 2577 2881 ad
2616 2830 2842 2898 futuram
2873 2826 3088 2898 gloriam
3119 2842 3232 2897 qua:
3260 2827 3562 2880 revelabitur
3588 2826 3640 2879 in
3676 2825 3818 2883 nobis

2233 2920 2409 2993 (Rom.
2438 2919 2492 2976 8.
2523 2920 2611 2978 57.
2642 2930 2688 2974 et
2718 2920 2838 2991 18);
2872 2931 2922 2975 ct
2952 2935 3159 2985 rursus,
3210 2918 3278 2974 Id
3316 2919 3451 2989 quod
3487 2920 3541 2973 in
3585 2921 3819 2990 prwsent'i

2231 3024 2304 3068 est
2348 3022 2753 3068 momentaneum
2797 3023 2843 3067 et
2887 3014 2993 3067 leve
3036 3013 3377 3067 tribulationis
3417 3023 3623 3080 nosti-a2,
3665 3022 3839 3080 sttpra‘

2232 3103 2437 3157 modum
2453 3112 2695 3157 wternum
2710 3102 2890 3173 gloria!
2905 3103 3102 3172 pondus
3118 3113 3359 3172 aperatur
3376 3103 3427 3155 in
3449 3102 3680 3173 nobis(2.
3700 3102 3815 3157 Cor.
3866 3102 3873 3111 ’

2240 3195 2285 3249 1.
2321 3192 2429 3266 16).
2465 3193 2598 3248 Vide
2635 3203 2829 3264 quanta
2869 3195 3137 3263 pericula,
3170 3194 3443 3265 naufragia
3466 3236 3479 3258 ,
3513 3197 3820 3267 frequentes

2231 3287 2568 3351 alﬂictiones,
2610 3297 2665 3341 et
2692 3302 2810 3358 qua:
2839 3294 2963 3342 sant
3009 3286 3337 3356 hujusmodi,
3369 3298 3524 3343 vocat
3554 3288 3689 3342 levia
3722 3306 3734 3341 :
3764 3298 3822 3344 et

2232 3380 2485 3434 tumulare
2512 3377 2651 3434 hunc
2679 3378 3014 3434 adamantem
3046 3378 3147 3433 hoc
3176 3393 3405 3447 corpore
3444 3379 3632 3435 leviter
3656 3389 3709 3435 et
3738 3389 3821 3435 te-

2232 3484 2383 3525 mere
2421 3469 2683 3524 indutum.
2732 3468 2805 3524 Es
2848 3469 2901 3525 in
2932 3470 3291 3540 paupertate?
3332 3470 3426 3525 sed
3456 3485 3561 3524 non
3593 3470 3646 3524 in
3676 3478 3819 3525 tanta

2230 3572 2427 3633 quanta
2460 3561 2655 3616 Paulus
2676 3604 2690 3630 ,
2724 3563 2812 3632 qui
2844 3576 2966 3616 eum
2997 3562 3163 3628 fame,
3204 3562 3288 3616 siti
3318 3574 3372 3617 et
3413 3562 3656 3618 nuditate
3685 3578 3819 3618 con-

2231 3654 2533 3709 ﬂictabatur
2563 3671 2575 3706 :
2608 3670 2713 3708 non
2736 3656 2877 3710 enim
2909 3670 3070 3708 unum
3098 3654 3239 3709 diem
3270 3654 3371 3709 hoc
3393 3665 3473 3710 est
3496 3670 3703 3726 passus,
3726 3659 3820 3711 sed

2231 3757 2491 3818 perpetuo
2536 3748 2637 3804 hoc
2680 3747 2998 3816 patiebatur.
3050 3747 3198 3804 Unde
3247 3748 3347 3803 hoc
3390 3750 3637 3804 constat?
3683 3750 3821 3803 Audi

2231 3855 2353 3895 eum
2397 3838 2662 3894 dicentem
2701 3856 2714 3893 :
2751 3838 2920 3910 Usque
2959 3840 3010 3893 in
3058 3839 3188 3893 hanc
3225 3840 3404 3893 horam
3452 3841 3700 3895 esurimus
3725 3882 3745 3908 ,
3773 3851 3821 3895 et

2230 3931 2447 3996 sitimus,
2481 3940 2527 3985 et
2564 3931 2688 3985 nudi
2716 3948 2894 3985 sumus
2923 3932 2998 4002 (1.
3032 3930 3150 3985 Cor.
3183 3932 3237 3986 ι.
3274 3933 3389 4001 11).
3419 3932 3609 4001 Papte!
3644 3948 3820 4004 quan-

2231 4031 2337 4076 tam
2368 4022 2590 4091 gloriam
2635 4022 2745 4092 jam
2794 4031 3112 4092 assequutus
3161 4022 3215 4076 in
3261 4023 3659 4098 praedicatione,
3714 4036 3821 4079 tam

2230 4116 2396 4171 multa
2427 4115 2651 4181 ferebat,
2682 4125 2735 4170 et
2757 4115 2866 4184 jam
2899 4115 3080 4184 viginti
3107 4130 3276 4175 anites
3318 4115 3370 4170 in
3399 4132 3458 4170 ea
3491 4116 3819 4183 confecerat,

2231 4207 2449 4278 quando
2479 4206 2593 4263 haec
2621 4206 2887 4262 scribebat
2912 4205 2936 4259 ?
2966 4206 3089 4261 Scio
3120 4206 3275 4270 enim,
3320 4207 3519 4277 inquit,
3566 4208 3823 4267 hominem

2228 4310 2347 4354 ante
2375 4316 2535 4353 annos
2560 4298 2981 4369 quatuordecim,
3030 4298 3134 4356 sive
3177 4299 3229 4352 in
3269 4314 3501 4368 corpore,
3534 4300 3636 4354 sive
3676 4311 3822 4357 extra

2228 4406 2411 4463 corpus
2454 4393 2620 4446 nescio
2667 4390 2742 4461 ('2.
2794 4390 2913 4443 Cor.
2956 4389 3042 4445 12.
3097 4390 3192 4460 2);
3238 4400 3292 4445 et
3322 4406 3527 4456 rursus,
3559 4391 3684 4448 Post
3722 4403 3821 4447 tres

2226 4497 2422 4546 annos,
2454 4481 2660 4550 inquit,
2691 4481 2897 4534 asccntli
2923 4480 3297 4552 Jerosolymam
3327 4479 3469 4550 (Cal.
3510 4485 3554 4536 1.
3595 4483 3707 4555 18).
3753 4483 3824 4538 Et

2226 4589 2416 4628 rursus
2452 4573 2576 4628 audi
2616 4587 2738 4631 eum
2777 4571 3043 4627 dicentem
3078 4590 3092 4626 :
3133 4571 3333 4629 Bonum
3373 4583 3446 4627 est
3493 4574 3614 4628 mihi
3660 4575 3823 4647 magis

2227 4669 2378 4735 mori,
2406 4682 2558 4736 quam
2580 4675 2636 4719 ut
2654 4665 2872 4737 gloriam
2898 4681 3062 4718 meam
3086 4665 3198 4735 quis
3222 4675 3442 4719 evacuet.
3471 4664 3578 4726 Nec
3606 4665 3710 4726 hoc
3735 4683 3822 4722 so-

2227 4763 2337 4816 lnm
2358 4802 2371 4821 .
2403 4759 2498 4814 scd
2525 4761 2687 4814 etiam
2721 4771 2908 4810 rursus
2935 4756 3180 4811 scribens
3208 4756 3421 4811 dicebat
3454 4774 3466 4810 :
3502 4756 3650 4811 Sicut
3698 4775 3824 4825 pur-

2227 4854 2465 4919 gamenta
2491 4841 2667 4897 mundi
2699 4843 2818 4911 facti
2847 4857 3021 4894 sumus
3049 4838 3127 4914 (1.
3155 4840 3272 4896 Cor.
3302 4840 3358 4898 9.
3399 4841 3486 4897 15.
3525 4851 3572 4896 et
3611 4841 3666 4897 4.
3702 4843 3814 4914 15).

2231 4936 2367 5003 Quid
2398 4935 2539 4990 fame
2567 4932 2822 5004 gravius?
2849 4931 2975 5002 quid
3005 4932 3226 5003 frigore,
3259 4931 3384 5002 quid
3412 4932 3618 4988 insidiis
3648 4948 3676 4986 a
3711 4932 3823 4988 fra-

2233 5027 2439 5095 tribus,
2478 5041 2613 5096 quos
2661 5026 2824 5080 etiam
2862 5024 3094 5093 appellat
3151 5022 3314 5078 laISus
3357 5021 3594 5079 fratres?
3645 5038 3824 5080 nonne

2231 5118 2520 5174 vocabatur
2544 5117 2690 5172 orbis
2727 5126 2885 5171 terrae
2914 5116 3199 5187 pernicies,
3242 5130 3346 5169 non
3389 5116 3670 5188 impostor,
3714 5131 3821 5169 non

2229 5209 2490 5269 eversor?
2525 5225 2704 5263 annon
2733 5207 3183 5269 conscindebatur
3225 5206 3408 5282 ﬂagris
3448 5206 3668 5263 catsus?
3695 5205 3822 5260 Περι

2232 5303 2388 5358 nobis
2414 5301 2628 5357 veniant
2658 5299 2711 5354 in
2740 5308 2974 5359 mentem
2997 5339 3012 5365 ,
3045 5314 3078 5353 ο
3108 5298 3308 5364 dilecti,
3351 5298 3469 5355 haec
3502 5298 3820 5372 cogitemus,

2233 5397 2347 5457 lucc
2379 5392 2782 5450 meminerimus
2810 5403 2861 5448 et
2885 5406 3171 5462 numquam
3197 5390 3555 5448 dissolvemur
3579 5400 3636 5446 et
3662 5404 3823 5445 ener-

2233 5489 2495 5553 rabimnr,
2540 5486 2750 5547 etiamsi
2797 5485 2989 5556 injuria
3036 5483 3371 5549 alliciamur,
3418 5483 3629 5539 etiamsi
3680 5482 3822 5537 bona
3890 5510 3897 5513 ι

2231 5591 2412 5637 nostra
2445 5579 2784 5651 diripiantur,
2818 5577 3023 5633 etiamsi
3056 5576 3195 5632 mala
3223 5568 3487 5647 patiamur
3516 5575 3819 5632 innumera.

2232 5676 2397 5730 lii-tur
2425 5674 2577 5729 nobis
2601 5683 2659 5728 ut
2683 5674 2734 5727 in
2764 5671 2911 5727 caelis
2939 5672 2993 5725 in
3019 5670 3158 5727 bona
3189 5671 3354 5725 simus
3385 5667 3779 5724 existimatione
3801 5707 3818 5734 ,

2234 5778 2286 5824 et
2315 5778 2439 5823 sunt
2465 5767 2642 5822 omnia
2674 5762 3013 5836 tolerabilia:
3060 5762 3217 5819 detur
3259 5772 3313 5819 ut
3355 5761 3465 5819 illic
3493 5772 3580 5817 res
3606 5767 3819 5820 nostras
