4202 6482
374 338 478 393 497

377 454 515 505 bene
544 460 817 520 geramus,
854 453 909 501 et
947 460 1136 500 eorum
1170 461 1290 515 qua:
1324 445 1409 499 hic
1435 454 1559 499 sunt
1590 445 1731 498 nulla
1760 444 1862 499 crit
1888 459 1977 498 ra-

376 546 454 597 tio
507 540 1050 613 cujusmodicumque
1101 538 1318 603 fuerim,
1354 537 1470 594 hac
1515 547 1641 592 sunt
1686 539 1873 592 umbra
1924 546 1978 592 et

372 636 675 693 somnium.
696 634 751 688 ln
772 633 874 687 illis
905 647 1022 703 qua:
1046 641 1328 703 sperantur
1345 642 1398 685 et
1426 640 1826 699 exspectantur,
1846 629 1977 684 nihil

370 738 457 785 est
473 742 637 799 grave
660 741 762 781 nec
779 732 989 791 natura,
1015 738 1113 778 nce
1133 732 1397 793 tempore.
1427 722 1564 790 Quid
1583 722 1727 777 enim
1751 723 1832 777 vis
1848 738 1971 779 eum

383 824 482 878 illis
499 820 753 893 gravibus
775 829 828 875 et
852 819 1125 873 atrocibus
1147 819 1527 874 conferamus?
1548 818 1673 889 quid
1704 833 1824 873 eum
1854 819 1976 888 igne

376 918 465 987 qui
495 932 600 970 non
636 922 814 984 potest
850 914 1117 984 exstingui
1142 914 1164 968 ?
1191 928 1314 969 cum
1340 929 1523 969 verme
1550 914 1642 983 qui
1675 927 1780 967 non
1812 912 1977 967 mori-

372 1020 464 1064 tur
489 1008 512 1062 ?
539 1008 668 1079 quid
697 1023 761 1061 ex
794 1006 857 1060 iis
884 1022 1003 1077 qua:
1032 1005 1121 1061 hic
1150 1014 1275 1061 sunt
1315 1014 1491 1075 potest
1525 1005 1706 1061 dicere
1734 1021 1830 1075 par
1855 1020 1976 1060 esse

369 1107 595 1164 stridori
615 1105 880 1171 dentium,
912 1103 1160 1166 vinculis,
1188 1103 1425 1157 tenebris
1447 1102 1832 1169 exterioribus,
1857 1101 1972 1168 ira),

368 1198 683 1263 afﬂictioni,
724 1195 1033 1266 angustiae?
1060 1196 1130 1249 At
1161 1194 1434 1262 tempore?
1462 1193 1531 1247 Et
1562 1192 1689 1263 quid
1721 1201 1844 1247 sunt
1878 1192 1975 1247 de-

364 1297 484 1349 cies
533 1292 682 1346 mille
720 1288 846 1343 anni
886 1287 951 1341 ad
991 1287 1186 1342 smcula
1232 1286 1437 1340 infinita
1480 1294 1535 1339 et
1575 1300 1691 1354 quae
1725 1300 1828 1339 non
1876 1283 1974 1338 de-

362 1384 597 1439 sinunt?
622 1398 800 1435 nonne
829 1387 1085 1450 quantum
1112 1392 1268 1447 parva
1281 1386 1424 1448 gutta
1446 1377 1512 1432 ad
1529 1377 1778 1447 abyssum
1800 1376 1976 1429 infini-

366 1480 526 1533 tam?
556 1479 625 1530 At
660 1473 1009 1530 conferentur
1038 1487 1157 1526 cum
1185 1471 1341 1525 bonis
1367 1471 1390 1521 ‘I
1418 1470 1521 1525 Sed
1552 1470 1661 1524 illic
1691 1470 1863 1538 major
1893 1478 1977 1523 est

363 1573 719 1645 exsuperatio
749 1589 762 1624 :
798 1567 1222 1637 0culus,iuquit,
1245 1583 1348 1620 non
1373 1566 1516 1632 vidit,
1540 1581 1630 1619 nec
1660 1565 1803 1619 auris
1827 1564 1977 1616 audi-

362 1672 458 1733 rit,
484 1678 531 1722 et
562 1668 613 1720 in
636 1682 725 1720 cor
755 1663 972 1718 hominis
993 1677 1095 1715 non
1117 1659 1451 1714 ascenderunt
1469 1660 1546 1729 (l.
1571 1657 1690 1712 Cor.
1721 1658 1776 1711 Ω.
1799 1657 1875 1729 9).
1909 1657 1975 1711 Et

367 1768 493 1821 lucc
541 1777 733 1819 rursus
768 1750 938 1816 erunt
967 1759 1021 1813 in
1052 1757 1267 1812 smculis
1310 1754 1554 1811 infinitis.
1589 1755 1691 1807 Pro
1722 1752 1805 1806 his
1846 1767 1975 1821 ergo

363 1876 553 1916 annon
588 1859 788 1913 bonum
816 1863 898 1910 est
925 1853 1123 1907 millies
1150 1848 1426 1905 conscindi
1451 1889 1465 1915 ,
1499 1847 1731 1901 interimi
1755 1887 1770 1911 ,
1798 1845 1972 1904 exuri.

1104 349 1172 406 ΙΝ
1214 348 1428 406 EPIST.
1477 350 1564 404 AD
1606 347 1964 405 ΗΕΒῙἏᾸΞΟΞ.
2006 347 2158 401 CAP.
2204 345 2318 403 XII.
2366 347 2598 403 IIOMIL.
2641 347 2880 403 XXVIII.

3564 343 3663 399 MS

2154 454 2208 508 ὅ.
2242 453 2333 507 Dic
2362 454 2512 518 mihi,
2537 453 2708 523 angeli
2731 469 2908 507 annon
2930 452 3030 507 soli
3053 452 3236 508 orbem
3264 464 3420 509 terra:
3457 455 3677 517 obeunt.

2083 556 2275 599 etnon
2318 556 2478 616 egent
2526 546 2707 617 aliquo
2737 549 2827 617 qui
2871 548 2941 601 sit
2983 561 3079 602 eos
3131 550 3500 617 sequuturus?
3550 568 3676 606 nmn

2083 648 2367 707 propterea
2396 648 2522 692 sunt
2564 639 2739 705 nobis,
2772 639 2860 708 qui
2888 654 3106 709 egemus
3127 682 3143 705 ,
3171 639 3475 697 deteriores
3523 643 3557 697 ii
3589 645 3679 713 qui

2082 746 2187 784 non
2216 731 2419 800 egent?
2444 730 2499 786 Si
2531 746 2660 801 ergo
2687 746 2754 786 ne
2781 732 3003 785 omnino
3032 732 3247 802 quidem
3292 749 3453 805 egere
3473 737 3679 792 assecla

2081 821 2159 874 vel
2190 820 2513 891 pedissequo
2540 829 2619 875 est
2649 822 2971 891 angelicum,
2999 837 3245 892 quamam
3274 826 3445 895 magis
3471 826 3681 882 accedit

2078 913 2143 965 ad
2175 912 2334 966 vitam
2377 913 2711 981 angelicam,
2743 928 2877 967 eane
2925 930 3045 984 quae
3099 915 3281 970 multis
3328 916 3569 987 indiget,
3608 934 3676 973 an

2076 1022 2196 1075 qua:
2228 1005 2445 1075 paucis?
2474 1006 2659 1061 Nonne
2695 1016 2778 1060 est
2814 1006 2915 1061 hoc
2955 1007 3167 1077 pudor?
3204 1008 3376 1078 pudor
3419 1021 3501 1064 est
3530 1012 3674 1065 enim

2077 1097 2276 1167 aliquid
2309 1108 2466 1167 turpe
2497 1098 2673 1153 facere
2700 1108 2755 1153 et
2780 1099 3093 1153 absurdum.
3124 1100 3217 1154 Dic
3241 1101 3395 1167 mihi,
3427 1117 3676 1173 quamam

2073 1192 2139 1245 ad
2172 1206 2231 1246 se
2257 1193 2524 1246 convertit
2550 1207 2644 1247 eos
2669 1208 2789 1262 qua:
2818 1202 2945 1247 sunt
2974 1193 3025 1246 iu
3059 1191 3197 1255 foro,
3226 1209 3361 1249 eane
3389 1211 3509 1265 quze
3534 1196 3672 1250 mul-

2077 1293 2158 1336 tos
2193 1298 2374 1338 secum
2404 1284 2569 1351 ducit,
2600 1300 2667 1338 an
2690 1297 2752 1339 ea
2781 1301 2899 1355 qum
2932 1286 3179 1354 paucos?
3208 1287 3306 1342 hac
3337 1298 3517 1343 autem
3551 1305 3675 1360 qua;

2076 1388 2272 1440 paucos
2317 1374 2497 1438 ducit,
2552 1392 2730 1431 annon
2780 1393 2843 1432 ea
2895 1379 3066 1448 magis
3103 1394 3222 1448 qua:
3279 1379 3391 1433 sola
3443 1392 3667 1451 apparet

2073 1482 2178 1521 non
2213 1467 2483 1537 prmvisa?
2511 1468 2671 1523 Vides
2702 1470 2843 1538 quod
2888 1470 3018 1525 illud
3046 1472 3115 1525 sit
3158 1472 3361 1541 pudor?
3409 1476 3668 1542 Quaenam

2070 1560 2122 1614 in
2171 1575 2231 1615 se
2257 1561 2520 1615 convertit
2549 1576 2643 1617 eos
2680 1564 2769 1631 qui
2801 1572 2924 1617 sunt
2955 1564 3008 1617 in
3039 1565 3189 1631 foro,
3236 1580 3372 1621 eane
3398 1582 3517 1637 quae
3546 1568 3667 1637 pul-

2069 1651 2228 1706 chras
2252 1661 2427 1721 gestat
2446 1663 2644 1719 vestes,
2679 1669 2746 1707 an
2777 1671 2896 1725 qua:
2923 1656 3237 1725 simpliciter
3267 1666 3351 1712 est
3397 1660 3589 1713 vestita
3617 1672 3670 1715 et

2070 1745 2217 1799 nullo
2242 1754 2552 1816 comparato
2572 1747 2719 1802 cultu
2742 1758 2793 1803 et
2823 1752 3181 1804 ornamento?
3207 1768 3452 1821 quamam
3487 1771 3671 1809 rursus

2070 1837 2240 1905 magis
2266 1837 2333 1890 ad
2366 1852 2425 1892 se
2454 1841 2722 1894 convertit
2752 1855 2845 1895 eos
2871 1843 2962 1911 qui
2992 1855 3116 1896 sunt
3146 1844 3196 1896 in
3229 1845 3363 1910 foro,
3391 1860 3525 1901 eane
3551 1863 3672 1916 qua:

359 1939 518 1991 mille
546 1936 729 1990 subire
774 1946 1012 1999 mortes,
1045 1935 1272 2004 quodvis
1311 1949 1477 2003 grave
1518 1944 1573 1989 et
1620 1949 1869 2002 aSperum
1917 1943 1972 1989 ct

357 2031 549 2085 verbis
595 2038 650 2085 et
696 2029 862 2084 rebus
900 2028 1031 2098 ipsis
1074 2027 1377 2083 sustinere?
1417 2026 1549 2081 Nam
1580 2027 1623 2081 si
1657 2026 1771 2081 fieri
1804 2026 1975 2096 possit

360 2135 419 2179 ut
465 2126 523 2178 in
568 2124 692 2193 igne
732 2122 836 2176 usti
879 2122 1216 2185 viveremus,
1250 2136 1432 2175 annon
1464 2128 1742 2189 oporteret
1784 2118 1966 2174 omnia

2071 1928 2228 1982 nmlis
2258 1928 2469 1982 vehitur
2496 1939 2550 1985 et
2578 1932 2836 1987 inauratis
2862 1935 3133 2002 stragulis,
3174 1951 3240 1987 an
3283 1951 3344 1990 ea
3376 1952 3494 2006 qua:
3535 1937 3672 1992 sim-

2071 2020 2282 2089 pliciter
2311 2031 2365 2075 et
2404 2023 2928 2093 quomodocumque,
2980 2025 3073 2080 sed
3119 2025 3316 2082 decore
3358 2039 3412 2083 et
3448 2032 3672 2086 honeste

2070 2112 2307 2167 incedit?
2337 2129 2405 2168 an
2460 2114 2599 2170 hanc
2625 2132 2693 2172 ne
2723 2118 3015 2173 viderimus
3062 2121 3282 2190 quidem
3315 2131 3370 2177 ct
3396 2127 3674 2193 aspexeri-

365 2217 601 2287 perpeti,
632 2225 691 2270 ut
720 2215 861 2270 bona
889 2214 979 2268 illa
1010 2213 1275 2284 promissa
1305 2211 1758 2281 assequeremur?

448 2308 787 2378 Elecmosyna
812 2323 1049 2377 quaenam
1076 2321 1191 2360 vere
1219 2305 1322 2357 dici
1353 2304 1532 2373 possit.
1579 2332 1650 2341 —
1695 2301 1800 2356 Sed
1845 2301 1973 2371 quid

376 2405 493 2459 luce
534 2403 655 2458 dico
698 2401 943 2457 delirans
985 2399 1127 2469 apud
1180 2397 1428 2451 homines
1474 2396 1562 2466 qui
1610 2409 1677 2449 ne
1720 2394 1975 2464 pecunias

372 2495 584 2566 quidem
598 2494 915 2565 deSpiceerc
928 2492 1114 2557 velint,
1131 2490 1223 2545 sed
1243 2498 1511 2559 tamquam
1534 2486 1865 2542 immortales
1885 2497 1976 2540 eas

368 2596 714 2643 assectautur
738 2596 792 2640 et
819 2585 897 2640 eis
925 2583 1324 2646 adhaerescunt,
1353 2592 1406 2636 et
1433 2582 1477 2635 si
1506 2596 1572 2635 ex
1600 2579 1780 2635 multis
1804 2593 1974 2650 pauca

365 2681 625 2736 dederint
646 2720 662 2743 ,
694 2688 867 2732 totum
910 2691 971 2730 se
1006 2675 1317 2730 existimant
1359 2672 1595 2729 fecisse?
1624 2671 1738 2727 Non
1765 2682 1847 2727 est
1875 2671 1978 2726 hoc

362 2775 719 2842 eleemosyna
762 2769 1152 2838 :eleemosyna
1196 2774 1281 2820 est
1324 2765 1468 2819 illius
1516 2764 1690 2817 vidua:
1740 2763 1976 2817 cleemo-

364 2880 526 2937 syna,
560 2878 685 2934 quas
721 2861 1005 2916 universas
1043 2874 1169 2913 suas
1199 2856 1437 2927 profudit
1469 2855 1756 2911 facultates
1782 2855 1976 2925 (Marc.

366 2959 457 3012 l2.
489 2953 605 3028 M).
644 2954 699 3010 Si
733 2964 918 3008 autem
950 2951 1003 3006 iu
1038 2961 1087 3006 te
1116 2967 1221 3005 non
1263 2950 1426 3014 cadit,
1459 2957 1517 3003 ut
1548 2958 1755 3003 tantmn
1786 2964 1979 3019 croges

364 3060 631 3122 quantum
680 3046 771 3101 illa
822 3045 1004 3109 vidua,
1052 3058 1213 3112 eroga
1244 3042 1437 3096 saltem
1479 3040 1736 3112 quidquid
1767 3050 1852 3095 est
1886 3057 1979 3095 su-

364 3153 796 3214 pervacaneum,
830 3137 969 3191 habe
1005 3150 1127 3205 quae
1170 3133 1465 3201 sufficiunt,
1497 3148 1603 3186 non
1635 3148 1754 3202 qua:
1785 3147 1979 3202 super-

365 3236 478 3289 nua
525 3239 674 3286 sunt.
726 3228 833 3284 Sed
885 3242 1045 3282 nemo
1090 3236 1174 3281 est
1212 3225 1300 3294 qui
1332 3231 1518 3293 eroget
1557 3239 1623 3276 ne
1652 3238 1716 3277 ea
1764 3223 1979 3293 quidem

363 3342 491 3397 quae
520 3333 648 3380 sunt
677 3335 1083 3393 supervacanea
1117 3338 1129 3376 :
1154 3334 1277 3374 nam
1308 3318 1562 3389 quamdiu
1592 3318 1759 3373 habes
1785 3320 1981 3374 multos

366 3418 625 3481 famulos,
653 3423 709 3471 et
734 3424 912 3471 vestes
940 3414 1142 3468 sericas
1166 3452 1182 3477 ,
1218 3411 1334 3466 hace
1361 3411 1541 3465 omnia
1566 3420 1692 3475 sunt
1719 3424 1981 3479 superva-

363 3526 565 3567 canea.
599 3508 745 3564 Nihil
774 3517 859 3563 est
881 3506 1248 3563 necessarium
1274 3519 1373 3558 nec
1397 3502 1517 3557 usui
1546 3502 1790 3557 serviens
1815 3503 1866 3556 in
1892 3503 1979 3568 iis,

365 3611 490 3663 sine
514 3604 715 3675 quibus
739 3603 921 3658 vivere
954 3614 1239 3669 possumus
1267 3614 1281 3661 ;
1308 3613 1372 3653 ea
1403 3606 1528 3651 sunt
1557 3611 1982 3665 supervacanea,

366 3713 422 3756 et
444 3707 607 3755 extra
637 3704 765 3751 sunt
812 3693 1009 3764 posita.
1044 3691 1181 3759 Quid
1214 3691 1282 3745 sit
1320 3705 1452 3761 ergo
1489 3689 1562 3755 id,
1605 3689 1723 3744 sine
1746 3702 1850 3759 quo
1879 3704 1984 3743 non

366 3791 653 3861 possimus
682 3787 886 3851 vivere,
917 3783 1216 3848 videamus,
1247 3782 1291 3838 si
1317 3782 1513 3851 placet.
1536 3780 1650 3835 Etsi
1678 3781 1824 3834 solos
1850 3779 1987 3835 duos

368 3882 679 3936 habeamus
720 3875 971 3940 famulos,
1022 3888 1310 3944 possumus
1338 3872 1542 3926 vivere.
1573 3870 1708 3924 Nam
1738 3869 1827 3924 ubi
1861 3881 1989 3926 sunt

366 3973 546 4043 aliqui
570 3970 660 4040 qui
692 3969 881 4023 vivunt
909 3966 1117 4035 absque
1143 3963 1380 4030 famulis,
1410 3978 1569 4033 quam
1603 3961 1867 4016 habemus
1888 3977 1989 4018 nos

366 4060 809 4125 excusationem,
844 4060 889 4112 si
919 4072 1026 4112 non
1052 4057 1221 4111 simus
1241 4056 1478 4110 contenti
1507 4052 1762 4108 duobus?
1794 4054 1992 4109 Possu-

369 4174 505 4215 mus
533 4156 698 4211 ctiam
725 4169 794 4209 ex
837 4151 1096 4206 lateribus
1132 4149 1333 4203 habere
1364 4148 1585 4202 domum
1625 4155 1990 4202 constructam

371 4253 548 4309 trium
588 4247 1022 4303 habitaculorum
1069 4260 1082 4297 :
1122 4252 1178 4298 et
1213 4241 1320 4297 hoc
1366 4240 1641 4295 sufficeret
1685 4238 1859 4293 nobis.
1897 4238 1993 4295 Dic

371 4347 531 4404 enim
565 4340 715 4405 mihi,
737 4354 917 4393 annon
942 4344 1068 4390 sunt
1089 4334 1252 4402 aliqui
1276 4333 1364 4403 qui
1388 4347 1509 4386 eum
1535 4330 1719 4385 liberis
1744 4341 1799 4385 et
1823 4345 1994 4384 uxore

381 4447 555 4487 unam
601 4429 802 4485 habent
849 4425 1114 4481 domum?
1158 4424 1279 4480 Sint
1317 4430 1517 4486 autem,
1561 4419 1607 4475 si
1645 4418 1799 4485 velis,
1829 4417 1992 4472 etiam

380 4523 501 4577 duo
524 4520 727 4575 famuli.
753 4520 819 4575 Et
843 4516 1115 4589 quomodo
1136 4559 1152 4584 ,
1186 4515 1396 4587 inquies
1422 4555 1437 4580 ,
1466 4528 1574 4569 non
1602 4521 1686 4569 est
1710 4511 1882 4583 pudor
1909 4512 1995 4565 in-

382 4628 627 4684 genuam
656 4611 909 4667 incedere
945 4624 1066 4665 cum
1110 4608 1321 4663 duobus
1350 4606 1604 4661 famulis?
1635 4608 1853 4675 Apage,
1884 4618 1994 4658 non

382 4716 473 4761 est
507 4706 683 4775 pudor
708 4704 954 4773 ingenuae
982 4700 1234 4757 incedere
1258 4714 1379 4755 cum
1399 4697 1608 4753 duobus
1639 4696 1871 4762 famulis,
1898 4694 1995 4750 sed

387 4799 574 4869 pudor
601 4806 683 4851 est
710 4795 1002 4866 procedere
1018 4809 1138 4849 cum
1162 4794 1367 4848 multis.
1392 4792 1643 4847 Fortasse
1671 4790 1859 4846 ridetis
1881 4789 1997 4846 haec

382 4890 696 4944 audientes.
726 4887 965 4952 Credite,
998 4885 1101 4940 hoc
1119 4894 1202 4939 est
1228 4884 1421 4954 pudor,
1445 4899 1566 4938 cum
1594 4882 1777 4937 multis
1804 4894 1996 4951 proce-

384 4984 546 5038 dere.
574 4980 727 5036 Sicut
753 4980 843 5050 qui
873 4994 1003 5034 oves
1033 4978 1287 5042 vendunt,
1317 4985 1409 5030 aut
1437 4977 1576 5031 sicut
1604 4986 1998 5044 cauponatores

384 5075 815 5145 mancipiorum,
853 5086 1106 5142 magnum
1137 5070 1414 5141 quidpiam
1445 5068 1769 5123 existimatis
1808 5081 1998 5137 proce-

385 5168 526 5223 dere
568 5181 690 5220 cum
721 5165 905 5219 multis
935 5164 1171 5219 famulis.
1223 5163 1333 5217 Hoc
1376 5169 1461 5216 est
1504 5160 1673 5215 fastus
1721 5168 1778 5215 et
1826 5159 2001 5214 inanis

384 5259 563 5332 gloria
596 5277 609 5313 :
642 5259 771 5313 illud
800 5268 880 5313 est
916 5256 1257 5327 philosophia
1282 5263 1338 5311 et
1377 5255 1649 5309 honestas.
1678 5253 1810 5307 Nam
1851 5252 2001 5322 inge-

387 5368 560 5409 nuam
593 5366 701 5406 non
746 5367 813 5406 ex
854 5349 1197 5405 multitudine
1245 5348 1691 5418 pedissequorum
1742 5358 2002 5414 apparere

387 5452 659 5515 oportet:
717 5458 839 5513 quae
885 5442 1031 5498 enim
1087 5451 1173 5498 est
1216 5442 1389 5494 virtus
1439 5440 1530 5493 illa
1582 5438 1747 5492 multa
1798 5436 2003 5492 habere

390 5535 708 5606 mancipia?
741 5535 853 5589 Hoc
882 5551 987 5589 non
1016 5543 1099 5588 cst
1119 5534 1316 5588 anima:
1342 5550 1354 5585 :
1394 5530 1538 5602 quod
1578 5540 1755 5585 autem
1786 5545 1892 5582 non
1922 5537 2005 5583 est

392 5630 590 5683 anima:
614 5670 629 5693 ,
676 5643 784 5683 non
816 5626 1055 5681 ostendit
1094 5626 1407 5695 ingenuam.
1447 5622 1674 5691 Quando
1704 5630 1789 5677 est
1820 5621 2005 5691 paucis

396 5730 673 5787 eonteuta,
707 5729 836 5773 tunc
867 5733 996 5773 vere
1017 5726 1101 5773 est
1128 5719 1358 5787 ingenua
1392 5735 1405 5771 :
1441 5715 1657 5785 quando
1683 5724 1860 5771 autem
1881 5723 2005 5786 eget

398 5817 603 5883 multis,
638 5825 723 5871 est
752 5813 950 5868 ancilla
977 5824 1032 5866 et
1058 5810 1297 5865 deterior
1328 5809 1630 5881 mancipiis.

734 5900 1013 5961 ΡΑτιιοι.
1064 5900 1179 5961 Gn.
1237 5902 1459 5965 LXIII.

2070 2218 2211 2269 mus,
2238 2204 2383 2259 illam
2416 2214 2594 2262 autem
2649 2223 2756 2262 non
2787 2211 2961 2264 solum
2992 2220 3050 2265 ut
3082 2212 3301 2267 videant
3335 2223 3529 2285 urgent
3569 2218 3672 2271 ali-

2070 2296 2182 2365 qui,
2214 2297 2309 2351 sed
2341 2298 2502 2354 etiam
2530 2310 2725 2371 rogant
2751 2318 2997 2372 quaenam
3023 2304 3092 2359 sit
3113 2315 3168 2361 et
3193 2307 3374 2362 unde?
3401 2309 3551 2364 Mitto
3577 2326 3674 2366 au-

2073 2397 2179 2443 tem
2211 2391 2393 2447 dicere
2423 2403 2621 2463 quanta
2656 2395 2783 2451 hinc
2825 2398 3032 2453 oriatur
3066 2400 3284 2456 invidia.
3327 2402 3469 2471 Quid
3519 2420 3671 2476 ergo,

2072 2481 2160 2537 die
2191 2484 2344 2551 mihi,
2375 2494 2459 2540 est
2500 2496 2676 2558 turpe,
2709 2488 2877 2543 videri
2923 2505 2992 2545 an
3049 2506 3154 2546 non
3194 2493 3404 2551 videri?
3459 2497 3675 2567 quando

2071 2586 2157 2631 est
2185 2578 2359 2647 major
2387 2580 2576 2649 pudor,
2621 2582 2837 2652 quando
2863 2599 3055 2640 omnes
3081 2585 3147 2640 ad
3189 2602 3307 2642 eam
3336 2592 3669 2659 aspexerint.

2075 2683 2141 2724 an
2172 2670 2387 2739 quando
2414 2672 2639 2726 nullus?
2671 2674 2890 2744 quando
2920 2690 3109 2732 omnes
3135 2677 3201 2732 dc
3236 2693 3297 2733 ea
3329 2694 3574 2749 quaenam
3606 2684 3677 2738 sit

2073 2763 2397 2829 resciscunt,
2428 2780 2493 2818 an
2519 2765 2733 2834 quando
2761 2782 2827 2822 ne
2849 2777 3039 2823 curant
3058 2770 3317 2840 quidem?
3347 2772 3509 2828 Vides
3532 2776 3674 2844 quod

2075 2868 2181 2908 non
2230 2864 2450 2925 propter
2490 2858 2772 2926 pudorem,
2815 2860 2908 2915 sed
2943 2871 3163 2930 propter
3191 2862 3405 2920 inanem
3449 2865 3672 2935 gloriam

2073 2948 2251 3001 omnia
2291 2948 2540 3019 agimus?
2570 2950 2673 3006 Sed
2704 2953 2956 3021 quoniam
2989 2955 3094 3011 hoc
3127 2957 3241 3014 fieri
3274 2975 3379 3015 non
3417 2971 3591 3031 potest
3618 2973 3677 3018 ut

2073 3054 2172 3094 nos
2196 3040 2264 3094 ab
2295 3041 2400 3094 illis
2431 3042 2785 3109 abducamus,
2820 3045 3021 3101 sufficit
3048 3048 3175 3103 mihi
3218 3050 3436 3108 interim
3476 3063 3534 3109 ut
3576 3072 3675 3112 vos

2072 3132 2290 3188 discatis
2317 3132 2420 3189 hoc
2449 3150 2553 3188 non
2583 3150 2701 3192 esse
2734 3139 3140 3207 turpitudinem.
3184 3144 3370 3203 Solum
3398 3158 3673 3217 peccatum

2073 3234 2156 3278 est
2183 3225 2479 3296 turpitudo,
2524 3228 2667 3296 quod
2699 3245 2858 3285 nemo
2887 3232 3157 3293 existimat
3212 3251 3332 3292 esse
3377 3239 3672 3308 pudorem,

2073 3316 2167 3371 sed
2210 3317 2421 3387 quidvis
2459 3320 2627 3390 magis
2658 3336 2819 3391 quam
2862 3324 3054 3393 ipsum.
3093 3325 3424 3384 Vestimenta
3479 3332 3586 3385 sint
3612 3349 3673 3387 ea

2072 3424 2192 3477 quae
2213 3419 2339 3464 sunt
2366 3412 2506 3476 usui,
2527 3428 2633 3467 non
2656 3423 2835 3469 autem
2856 3430 3253 3486 supervacanea
3289 3439 3302 3475 :
3324 3432 3579 3477 caeterum
3608 3442 3676 3479 ne

2074 3498 2129 3554 in
2159 3499 2352 3554 nimias
2380 3516 2476 3557 vos
2519 3504 2840 3558 concludam
2871 3510 3174 3576 angustias,
3207 3511 3337 3566 illud
3382 3514 3672 3580 admoneo,

2072 3590 2217 3659 quod
2266 3608 2371 3646 non
2423 3594 2494 3648 sit
2539 3595 2693 3651 vobis
2724 3611 2861 3666 opus
2898 3600 3078 3654 aureis
3124 3605 3460 3660 ornamentis
3501 3622 3676 3677 neque

2072 3686 2361 3743 subtilibus
2412 3689 2551 3744 telis.
2606 3691 2675 3745 Et
2706 3692 2819 3747 hrec
2864 3709 2969 3748 non
3016 3711 3116 3765 ego
3157 3697 3279 3751 dico
3314 3714 3325 3749 :
3358 3713 3479 3753 nam
3530 3704 3672 3771 quod

2074 3795 2180 3834 non
2208 3796 2325 3835 mea
2364 3783 2472 3836 sint
2492 3782 2678 3848 verba,
2711 3784 2833 3839 audi
2883 3786 3096 3842 beatum
3129 3788 3350 3843 Paulum
3382 3790 3671 3855 dicentem.

2073 3881 2125 3923 et
2155 3872 2470 3928 mulieribus
2498 3875 2921 3945 praecipientem,
2955 3876 3025 3932 Ut
3055 3889 3327 3945 uernent,
3353 3884 3528 3935 nonin
3569 3893 3675 3938 tor-

2099 3970 2161 4022 tis
2188 3969 2410 4023 crinibus
2437 3979 2524 4022 aut
2551 3986 2700 4032 auro,
2738 3979 2824 4023 aut
2860 3970 3168 4040 margaritis,
3199 3979 3287 4022 aut
3313 3980 3447 4024 veste
3470 3974 3691 4041 pretiosa

2102 4061 2179 4129 (l.
2211 4058 2342 4113 Tim.
2374 4059 2430 4113 2.
2458 4059 2536 4130 9).
2565 4059 2670 4116 Sed
2703 4059 2818 4125 die,
2868 4060 3140 4131 quomodo
3180 4061 3261 4115 vis
3293 4070 3349 4116 ut
3386 4071 3628 4127 ornetur,
3659 4076 3693 4113 ο

2099 4150 2301 4205 Paule?
2328 4150 2571 4206 fortassis
2598 4152 2742 4207 enim
2777 4152 2958 4207 dicent
2984 4154 3097 4208 sola
3128 4168 3290 4207 aurea
3314 4167 3434 4209 esse
3458 4154 3691 4223 pretiosa

2099 4252 2155 4296 et
2185 4251 2519 4313 sumptuosa,
2555 4244 2787 4314 pretiosa
2819 4253 2997 4299 autem
3026 4253 3080 4299 et
3105 4254 3415 4314 sumptuosa
3438 4260 3542 4299 non
3574 4259 3693 4299 esse

2099 4334 2268 4389 serica
2295 4333 2415 4389 :dic
2441 4350 2570 4405 ergo
2597 4336 2868 4405 quomodo
2896 4337 2976 4392 vis
3014 4345 3074 4391 ut
3103 4337 3405 4392 ornentur?
3437 4336 3693 4390 Habentes

2098 4434 2267 4479 autem
2307 4426 2548 4481 alimenta
2586 4436 2634 4481 et
2671 4428 2853 4498 quibus
2883 4438 3133 4499 tegamur,
3180 4429 3244 4482 iis
3273 4430 3493 4482 contenti
3537 4430 3695 4482 simus

2100 4519 2179 4587 (l.
2210 4517 2347 4574 Tim.
2381 4519 2435 4574 6.
2464 4520 2547 4592 8).
2579 4521 2858 4590 Ejusmodi
2902 4524 2975 4577 sit
3005 4521 3167 4578 vestis
3210 4531 3267 4577 ut
3302 4524 3476 4577 solum
3529 4532 3690 4593 tegat.

2099 4611 2389 4683 Propterea
2415 4614 2557 4670 enim
2584 4615 2740 4670 nobis
2780 4630 2844 4670 ea
2870 4615 3019 4671 dedit
3045 4617 3189 4672 Deus
3230 4625 3288 4671 ut
3319 4625 3559 4688 legamus
3591 4633 3693 4669 nu-

2098 4702 2355 4771 ditatem;
2386 4704 2489 4761 hoc
2515 4716 2693 4761 autem
2722 4716 2898 4777 potest
2938 4707 3114 4763 facere
3149 4710 3523 4765 vestimentum
3546 4752 3560 4776 ,
3590 4711 3691 4764 etsi

2098 4795 2169 4848 sit
2198 4796 2316 4851 vilis
2350 4798 2528 4867 pretii.
2581 4798 2833 4855 Fortasse
2881 4800 3070 4857 ridetis
3119 4816 3240 4871 qua:
3269 4811 3448 4857 vestes
3473 4802 3695 4871 gestatis

2098 4888 2547 4954 sericas;revera
2574 4892 2716 4947 enim
2756 4901 2970 4963 oportet
3010 4893 3209 4947 ridere.
3257 4892 3392 4959 Quid
3441 4894 3696 4962 prrecepit

2098 4977 2337 5033 Paulus?
2363 4980 2491 5050 quid
2536 4995 2633 5035 nos
2683 4996 2814 5037 vero
2860 4980 3122 5037 facimus?
3151 4981 3266 5036 Non
3307 4992 3485 5036 autem
3516 4981 3691 5034 solum

2098 5070 2351 5126 mulieres
2399 5074 2665 5142 alloquor,
2719 5074 2815 5129 sed
2857 5073 3019 5128 etiam
3074 5073 3241 5127 viros.
3286 5071 3495 5127 Caetera
3547 5072 3692 5126 enim

2098 5163 2274 5216 omnia
2317 5180 2438 5234 quae
2482 5165 2743 5220 habemus
2778 5176 2904 5220 sunt
2931 5178 3350 5232 supervacanea.
3404 5163 3514 5218 Soli
3564 5179 3695 5233 pau-

2098 5271 2257 5326 peres
2306 5274 2412 5313 non
2460 5259 2738 5328 possident
2794 5271 3192 5327 supervacanea
3242 5274 3257 5311 :
3316 5257 3543 5311 fortasse
3593 5273 3692 5309 au-

2100 5359 2204 5405 teni
2235 5351 2306 5405 illi
2339 5367 2551 5421 quoque
2599 5360 2815 5421 propter
2844 5351 3220 5405 necessitatem
3251 5367 3263 5402 :
3299 5350 3367 5404 ita
3410 5358 3507 5415 ut,
3541 5351 3584 5404 si
3625 5351 3693 5404 li-

2098 5452 2284 5508 ceret,
2316 5459 2381 5497 ne
2411 5444 2485 5497 illi
2534 5443 2750 5513 quidem
2782 5442 3140 5497 abstinerent.
3175 5441 3374 5496 Verum
3426 5442 3536 5506 illi,
3580 5441 3693 5495 sive

2097 5543 2358 5604 praetextu
2401 5544 2452 5587 et
2488 5535 2793 5601 occasione,
2838 5534 2951 5589 sive
2978 5535 3053 5588 rei
3085 5534 3329 5598 veritate,
3359 5550 3464 5587 non
3495 5532 3693 5587 habent

2096 5642 2514 5697 supervacanea.
2548 5626 2696 5681 Talia
2731 5642 2861 5697 ergo
2904 5634 3177 5696 gestemus
3223 5627 3540 5680 vestimenta
3571 5641 3693 5693 quas

2097 5737 2249 5775 usum
2289 5721 2561 5789 impleant.
2593 5719 2728 5788 Quid
2769 5722 2911 5775 enim
2938 5719 3038 5775 sibi
3068 5720 3181 5773 vult
3210 5719 3435 5772 multum
3466 5720 3692 5771 aurum?)

2096 5812 2334 5868 Sceuicis
2367 5812 2481 5867 hrcc
2503 5812 2828 5869 conveniunt
2858 5829 2870 5865 :
2902 5811 3017 5867 hate
3048 5811 3115 5867 ab
3147 5811 3251 5866 illis
3267 5819 3390 5863 sunt
3410 5809 3688 5879 gestanda.

3320 5902 3343 5965 1
3359 5899 3394 5961 .‘I
