4202 6440
473 299 577 357 199

472 415 695 488 ἄνδρας.
722 415 908 472 Πάντα
935 417 1044 491 γὰρ
1074 420 1142 475 τὰ
1176 422 1364 486 λοιπὰ,
1389 424 1534 498 άπερ
1564 426 1782 498 ἔχομεν,
1800 431 2050 499 περιττά·

472 501 629 568 μόνοι
656 503 706 555 οἰ
739 502 971 573 πένητες
994 507 1054 559 οὐ
1079 509 1313 579 περιττά
1341 510 1638 581 κέκτηνται
1663 528 1676 541 ·
1710 512 1852 583 τάχα
1880 514 1938 566 δέ
1962 515 2060 567 κά-

470 588 642 640 κεῖνοι
677 585 746 638 δι’
778 588 1047 658 ἀνάγκην,
1070 591 1168 654 ὡς,
1202 593 1253 646 εί
1283 611 1343 662 γε
1377 593 1528 664 ἐξῆν,
1564 597 1667 650 οὐκ
1687 596 1752 652 ἂν
1777 597 1896 651 οὐδὲ
1919 599 2063 650 ἐκεῖ·

470 685 554 721 νοι
586 669 912 741 ἀπέσχοντο.
949 673 1096 746 Πλὴν
1143 675 1281 739 ἀλλ’,
1310 678 1422 731 εἴτε
1447 679 1739 751 προφάσει,
1785 682 1893 734 εἴτε
1925 683 2063 751 ἀληο

473 751 621 823 θείᾳ,
650 752 792 816 τέως
827 755 1026 809 ἐκεῖνοι
1071 757 1140 810 τὰ
1183 760 1414 830 περιττά
1448 763 1550 814 οὐκ
1579 763 1784 834 έχουσι.
1822 765 2063 818 Τοιαῦτα

471 837 656 890 τοίνυν
680 838 941 909 φορῶμεν
991 842 1203 910 ἱμάτια,
1255 844 1325 898 τά
1369 845 1470 916 τὴν
1495 848 1688 917 χρείαν
1725 848 2061 921 πληροῦντα.

471 921 539 974 Τί
568 923 678 994 γὰρ
727 923 982 992 βούλεται
1037 927 1066 978 6
1110 928 1279 992 πολὺς
1308 931 1547 999 χρυσός;
1587 935 1702 996 τοῖς
1734 934 1826 985 ἐπὶ
1858 935 2064 1005 σκηνῆς

468 1005 650 1060 ταῦτα
682 1008 969 1077 ἁρμόττει,
996 1008 1170 1063 ταῦτα
1218 1013 1444 1067 ἐκείνων
1480 1014 1547 1066 τά
1575 1018 1892 1088 φορήματα,
1933 1035 2066 1089 πορ-

469 1091 584 1144 νῶν
618 1092 736 1145 ἐστι
765 1094 1067 1160 γυναικῶν,
1110 1096 1290 1149 πάντα
1314 1097 1456 1168 πρὸς
1485 1099 1548 1151 τὸ
1581 1099 1843 1170 θεαθῆναι
1878 1118 2062 1154 ποιου-

471 1175 608 1229 σῶν.
643 1176 1092 1243 Καλλωπιζέσθω
1122 1181 1305 1253 ἐκείνη
1339 1183 1371 1253 ἡ
1406 1184 1498 1236 ἐπὶ
1518 1185 1619 1254 τῆς
1658 1186 1883 1256 σκηνῆς,
1910 1187 1943 1256 ἡ
1971 1184 2068 1238 ἐπὶ

466 1260 579 1329 τῆς
627 1261 939 1331 ὀρχήστρας
965 1281 978 1294 ·
1019 1261 1228 1329 πάντας
1272 1268 1382 1338 γὰρ
1435 1266 1684 1337 βούλεται
1707 1270 1845 1339 πρὸς
1867 1269 2067 1340 ἑαυτὴν

469 1343 892 1398 ἐπισπάσασθαι
922 1361 936 1375 ·
973 1347 1005 1417 ή
1037 1347 1094 1399 δὲ
1125 1348 1585 1422 ἐπαγγελλομένη
1623 1351 1956 1418 θεοσέϐειαν,
1992 1353 2067 1424 μὴ

468 1426 626 1480 οὕτω
654 1429 1111 1498 καλλωπιζέσθω,
1143 1434 1283 1488 ἀλλὰ
1314 1436 1519 1506 ἑτέρως
1535 1436 1650 1507 ἔχει
1675 1437 2068 1508 καλλωπισμὸν

469 1512 615 1564 πολὺ
650 1513 868 1584 ἐκείνης
892 1516 1141 1584 μείζονα.

554 1594 743 1666 Ἐχεις
772 1597 866 1650 καὶ
900 1599 963 1652 σὺ
1007 1599 1274 1670 θέατρον·
1314 1602 1452 1672 πρὸς
1497 1603 1678 1657 ἐκεῖνο
1724 1603 2066 1668 καλλωπίζου

467 1678 537 1732 τὺ
556 1678 808 1751 θέατρον,
842 1681 1054 1737 ἐκεῖνον
1089 1684 1400 1754 περιτίθεσο
1424 1687 1514 1740 τὸν
1543 1687 1769 1757 κόσμον.
1791 1689 1951 1741 Ποῖόν
1975 1687 2068 1741 σού

470 1764 596 1817 ἐστι
618 1765 681 1817 τὸ
712 1763 978 1836 θέατρονς
1015 1767 1075 1820 '0
1105 1768 1358 1839 οὐρανὸς,
1394 1773 1421 1825 6
1456 1771 1566 1824 τῶν
1589 1773 1840 1842 ἀγγέλων
1865 1774 2066 1844 δῆμος·

470 1848 602 1918 ούχὶ
639 1847 748 1903 τῶν
771 1851 1062 1922 παρθένων
1083 1853 1229 1921 λέγω
1258 1855 1440 1924 μόνον,
1479 1857 1616 1910 ἀλλά
1639 1859 1734 1911 καί
1756 1858 1862 1912 τῶν
1885 1877 2072 1930 κοσμι-

473 1934 592 1988 κῶν
627 1951 642 1964 ·
693 1935 889 2000 πᾶσαι,
935 1938 1060 1991 ὅσαι
1089 1938 1167 2008 τῷ
1214 1940 1439 2010 Χριστῷ
1484 1941 1859 2004 πιστεύουσιν,
1893 1944 2074 1997 ἐκεῖνο

470 2018 666 2087 έχουσι
706 2018 767 2071 τὸ
807 2018 1064 2092 θέατρον.
1091 2023 1335 2077 Τοιαῦτα
1357 2023 1746 2095 φθεγγώμεθα,
1800 2025 1886 2080 ἵνα
1924 2027 2073 2079 ἐκεί-

469 2118 591 2163 νοις
629 2101 928 2173 τέρπωμεν
950 2107 1080 2170 τοὺς
1107 2106 1330 2171 θεατάς·
1365 2107 1593 2160 τοιαῦτα
1615 2109 1948 2181 περιτίθεσο,
1987 2111 2075 2164 ἵνα

474 2185 729 2249 ἐκείνους
748 2186 1033 2259 εύφράνῃς
1057 2201 1106 2242 ο.
1123 2189 1276 2262 [265]
1297 2191 1432 2244 Εἰπέ
1455 2192 1563 2263 γάρ
1588 2209 1698 2262 μοι,
1725 2193 1822 2246 ἐὰν
1845 2194 1878 2264 ή
1903 2193 2073 2264 πόρνη

482 2271 622 2342 γυνὴ
655 2273 859 2341 ἀφεῖσα
880 2273 949 2327 τά
975 2274 1175 2346 χρυσία
1197 2277 1292 2329 καὶ
1317 2279 1385 2330 τά
1413 2277 1606 2347 ἱμάτια
1629 2281 1726 2332 καὶ
1749 2279 1838 2332 τὸν
1862 2279 2075 2348 γέλωτα

487 2354 581 2407 καί⁵
601 2353 671 2407 τὰ
705 2356 932 2426 ῥήματα
983 2358 1052 2412 τὰ
1098 2359 1292 2412 ἀστεῖα
1345 2361 1440 2414 καὶ
1471 2360 1540 2413 τὰ
1589 2363 1816 2432 αἰσχρὰ,
1862 2362 2076 2426 εὐτελὲς

482 2440 702 2510 ίμάτιον
761 2441 1154 2513 περιϐάληται,
1213 2445 1310 2497 καὶ
1339 2446 1781 2515 ἀνεπιτηδεύτως
1823 2447 2080 2503 συνθεῖσα

477 2523 688 2594 ἑαυτὴν
746 2525 999 2597 εἰσέλθῃ,
1045 2527 1140 2579 κα)⁸
1193 2527 1420 2599 θεοσεϐῆ
1471 2528 1782 2601 φθέγγηται
1831 2531 2080 2600 ῥήματα,

476 2607 576 2662 καὶ
602 2609 734 2678 περὶ
767 2611 1131 2680 σωφροσύνης
1156 2610 1500 2682 διαλέγηται,
1530 2614 1625 2667 καὶ
1661 2614 1830 2686 μηδὲν
1853 2615 2082 2686 αἰσχρὸν

474 2689 638 2763 λέγῃ,
660 2691 784 2762 οὐχὶ
814 2692 1219 2764 ἀναστήσονται
1266 2696 1471 2760 πάντες
1497 2714 1512 2764 ;
1542 2697 1664 2768 οὐχὶ
1691 2698 2082 2770 διαλυθήσεται

471 2773 640 2827 τοῦτο
682 2775 742 2828 τὸ
779 2776 1044 2846 θέατρον;
1078 2778 1204 2847 ούχὶ
1256 2779 1584 2834 ἐκϐαλοῦσιν
1632 2783 1823 2848 αὐτὴν,
1875 2783 1951 2846 ὼς
1982 2784 2083 2835 οὐκ

473 2857 690 2910 εἰδυῖαν
711 2859 1064 2930 ἁρμόσασθαι
1092 2861 1167 2932 τῷ
1188 2861 1250 2933 δή
1260 2881 1369 2934 μῳ,
1402 2865 1499 2919 καὶ
1529 2865 1787 2937 ἀλλότρια
1813 2865 2083 2934 λέγουσαν

470 2941 572 2994 τοῦ
613 2942 847 3012 θεάτρου
904 2944 1120 2997 ἐκείνου
1165 2946 1259 2999 τοῦ
1311 2949 1640 3015 σατανικοῦ;
1683 2949 1840 3003 Οῦτω
1867 2951 1960 3003 καὶ
1992 2952 2080 3016 σὺ,

471 3027 576 3080 ἐὰν
635 3027 706 3081 τὰ
761 3029 981 3099 ἐκείνης
1032 3029 1365 3104 περιθεμένη
1422 3033 1504 3096 εἰς
1557 3034 1620 3086 τὸ
1674 3034 1782 3088 τῶν
1836 3034 2085 3102 οὐρανῶν

473 3111 716 3182 θέατρον
748 3111 1024 3186 εἰσέλθῃς,
1057 3113 1356 3168 ἐκϐαλοῦσί
1383 3133 1442 3169 σε
1467 3119 1517 3170 οἱ
1539 3115 1752 3172 θεαταί.
1795 3118 1946 3170 Ἐκεῖ
1975 3117 2084 3189 γάρ

469 3197 540 3250 ού
577 3198 689 3250 τῶν
718 3196 940 3268 χρυσῶν
973 3197 1207 3267 ἱματίων
1236 3199 1398 3269 χρεία
1429 3199 1662 3266 τούτων,
1704 3200 1821 3254 ἀλλ’
1855 3202 2082 3273 ἐτέρων.

470 3282 700 3348 Ποίων;
731 3281 876 3335 υῖων
916 3284 944 3336 6
995 3283 1286 3353 προφήτης
1332 3284 1537 3353 φησίν·
1583 3286 1680 3338 Ἐν
1714 3284 2085 3354 κροσσωτοῖς

471 3363 740 3434 χρυσοῖς
771 3365 1270 3434 περιϐεϐλημένη,
1301 3368 1739 3438 πεποικιλμένη
1763 3385 1778 3400 ·
1807 3369 1906 3438 οὐχ
1942 3369 2085 3422 ῶστε

471 3449 543 3501 τὸ
590 3449 756 3517 σῶμα
797 3447 992 3500 λευκὸν
1022 3451 1370 3521 ποιῆσαικαὶ
1403 3451 1754 3516 ἀποστίλϐον,
1796 3451 1912 3504 ἀλλ’
1942 3452 2086 3505 ὥστε

471 3533 583 3604 τὴν
615 3533 796 3605 ψυχήν
823 3533 1202 3587 καλλωπίσαι·
1238 3534 1378 3607 αὕτη
1433 3537 1542 3606 γάρ
1575 3537 1782 3607 ἐστινή
1816 3536 2084 3604 ἀγωνιζο-

477 3619 626 3688 μένη
659 3620 776 3671 ἐκεῖ
797 3619 890 3671 καὶ
909 3617 1167 3671 ἀθλοῦσα.
1197 3618 1374 3674 Πᾶσα
1399 3620 1436 3688 ἡ
1469 3619 1622 3684 δόξα
1657 3620 1766 3688 τῆς
1792 3619 2087 3690 θυγατρὸς

471 3702 591 3756 τοῦ
616 3703 932 3768 ,ϐασιλέως
962 3701 1212 3769 ἔσωθεν,
1249 3704 1405 3773 φησί.
1445 3703 1632 3757 Ταῦτα
1674 3704 1902 3775 περίθου
1930 3720 1942 3732 ·
1981 3721 2087 3774 μυο-

477 3785 624 3857 ρίων
654 3787 762 3855 γὰρ
794 3786 888 3838 καὶ
919 3785 1097 3839 ἀλλων
1123 3785 1490 3850 ἀπαλλάττεις
1517 3788 1726 3858 σαυτὴν
1751 3787 1959 3847 κακῶν,
1990 3786 2088 3840 καὶ

474 3869 578 3922 τὸν
627 3868 798 3939 ἄνδρα
849 3871 1145 3940 μερίμνης,
1183 3872 1277 3924 καὶ
1320 3871 1525 3942 σαυτὴν
1568 3872 1876 3943 φροντίδος.
1925 3870 2087 3925 Οῦτω

475 3954 596 4024 γὰρ
630 3953 910 4024 αἰδέσιμος
940 3953 1038 4025 ἐσῃ
1063 3953 1140 4023 τῷ
1167 3953 1345 4023 ἀνδρὶ,
1382 3955 1510 4008 ὅταν
1539 3956 1617 4025 μὴ
1653 3954 1866 4008 πολλῶν
1895 3955 2011 4026 δέῃ.

441 4115 446 4118 ,
561 4056 638 4125 ς’.
661 4060 778 4123 Πᾶς
800 4060 909 4130 γὰρ
926 4059 1218 4131 ἄνθρωπος
1241 4061 1438 4115 εἴωθεν
1459 4059 1784 4126 ἀκκίζεσθαι
1803 4063 1945 4115 κατά
1977 4062 2087 4117 τῶν

476 4145 764 4216 δεομένων
822 4144 1024 4200 αὑτοῦ·
1056 4147 1186 4200 ὅταν
1233 4146 1293 4200 δέ
1351 4147 1438 4220 ίδῃ
1492 4146 1568 4219 μὴ
1615 4145 1807 4216 χρείαν
1838 4145 2084 4218 ἔχοντας,

480 4231 755 4300 κατασπᾷ
799 4230 861 4284 τὸ
915 4230 1195 4302 φρόνημα,
1233 4230 1378 4286 ὥστε
1421 4232 1703 4304 ὁμοτίμως
1745 4231 2082 4300 διαλέγεται.

487 4316 666 4368 Ὅταν
697 4315 782 4388 ῖδῃ
813 4317 840 4369 6
861 4316 1000 4386 ἀνὴρ
1021 4317 1103 4369 ὅτι
1127 4317 1186 4370 ού
1216 4316 1410 4387 χρείαν
1441 4317 1607 4370 αὑτοῦ
1635 4316 1784 4387 ἔχεις
1801 4318 1860 4370 ὲν
1877 4316 2083 4383 οὐδενὶ,

482 4399 574 4453 ὅτι
597 4403 961 4471 καταφρονεῖς
981 4401 1092 4454 τῶν
1121 4403 1250 4473 παρ’
1275 4400 1444 4456 αὑτοῦ
1472 4400 1712 4472 δωρεῶν,
1746 4399 1851 4454 κᾶν
1881 4399 2087 4470 σφόδρα

483 4477 522 4556 ᾗ
556 4483 969 4554 φρονηματιῶν,
1004 4483 1130 4538 τότε
1162 4502 1221 4539 σε
1273 4485 1658 4557 αἰδεσθήσεται
1693 4483 1914 4554 μᾶλλον,
1952 4483 1984 4552 ἦ
2016 4483 2086 4537 τά

484 4567 696 4638 χρυσία
741 4570 1168 4641 περικειμένην·
1207 4572 1303 4624 καὶ
1343 4571 1530 4624 ούκέτι
1564 4569 1662 4641 ἔσῃ
1701 4568 1868 4622 αὐτοῦ
1897 4569 2080 4638 δούλη.

485 4647 593 4705 Ὧν
622 4651 733 4723 γὰρ
758 4651 950 4724 χρείαν
983 4653 1205 4724 ἔχομεν,
1233 4653 1570 4708 ύποκύπτειν
1592 4654 1808 4716 τούτοις
1840 4653 2085 4720 ἀναγκα-

484 4735 704 4805 ζόμεθα
731 4751 746 4766 ·
779 4736 872 4789 ὲάν
905 4736 960 4790 δέ
991 4738 1396 4808 ἀποστήσωμεν
1451 4736 1700 4799 ἑαυτοὺς,
1743 4736 1928 4789 οὐκέτι
1960 4735 2084 4788 ἐσό-

489 4819 635 4889 μεθα
665 4819 937 4886 ὑπόδικοι,
979 4820 1094 4873 ἀλλ’
1148 4817 1289 4875 οἶδεν
1330 4824 1414 4877 ὅτι
1444 4821 1532 4876 διὰ
1568 4821 1658 4874 τὸν
1689 4820 1784 4874 τοῦ
1819 4820 1956 4873 Θεοῦ
1989 4819 2084 4888 <96-

486 4901 586 4956 ϐον
612 4903 861 4974 ὑπακοήν
886 4921 1007 4958 τινα
1034 4905 1386 4976 ἀπονέμομεν
1425 4903 1597 4975 αὐτῷ,
1647 4904 1708 4956 ού
1736 4903 1824 4956 διὰ
1852 4903 1920 4956 τά
1951 4904 2084 4974 παρ’

485 4984 680 5039 αὐτοῦ.
707 4986 822 5039 Νῦν
861 4986 961 5056 μὲν
992 4987 1101 5059 γὰρ
1143 4988 1219 5050 ὡς
1270 4987 1485 5059 μεγάλα
1527 4989 1660 5057 ἡμῖν
1699 4985 2083 5058 χαριζόμενος,

483 5072 622 5141 ὅσης
654 5071 720 5124 ἀν
749 5071 1038 5146 ἀπολαύσῃ
1067 5073 1166 5144 τῆς
1188 5075 1376 5144 τιμῆς,
1399 5073 1497 5142 ούχ
1523 5074 1743 5143 ἡγεῖται
1776 5072 1874 5142 τῆς
1906 5072 2088 5140 πάσης

483 5154 955 5210 ἀπολελαυκέναι·
989 5158 1110 5209 τότε
1140 5156 1196 5210 δὲ
1227 5156 1328 5210 κᾶν
1358 5157 1562 5228 μικρᾶς
1585 5154 1746 5227 τύχῃ,
1767 5155 1928 5225 χάριν
1947 5155 2089 5226 ήγή-

484 5257 646 5293 σεται
667 5258 682 5272 ·
717 5241 818 5293 οὑκ
845 5240 1084 5306 ὀνειδιεῖ,
1116 5242 1218 5294 οὐκ
1247 5239 1734 5311 ἀναγκασθήσεται
1770 5240 1894 5292 οὺδέ
1924 5240 2088 5302 αὐτὸς

482 5326 840 5379 πλεονεκτεῖν
891 5325 981 5379 διά
1013 5323 1093 5378 σέ.
1131 5325 1196 5377 Τί
1229 5327 1340 5396 γὰρ
1381 5325 1728 5396 ἀλογώτερον
1762 5324 1856 5377 τοῦ
1887 5323 2089 5393 χρυσία

482 5413 568 5474 είς
595 5409 758 5463 τοῦτο
791 5409 1250 5472 κατασκευάζειν,
1284 5410 1373 5462 ἵνα
1425 5409 1793 5479 περικέωνται
1826 5409 1885 5460 ἐν
1924 5407 2091 5477 βαλα-

482 5493 654 5558 νείοις
695 5492 847 5565 [266]
881 5495 973 5546 καὶ
998 5494 1058 5545 ἐν
1082 5495 1350 5563 ἀγοραῖς;
1395 5493 1540 5545 Ἀλλ’
1566 5495 1624 5545 ἐν
1660 5491 1969 5562 βαλανείοις
1997 5492 2090 5544 καὶ

481 5579 544 5632 ἐν
572 5578 804 5649 ἀγοραῖς
831 5577 984 5631 οὐδὲν
1033 5579 1164 5641 ἴσως
1193 5577 1512 5648 θαυμαστόν
1534 5592 1546 5604 ·
1577 5575 1638 5629 τὸ
1683 5575 1740 5628 δὲ
1770 5576 1863 5628 καὶ
1908 5577 1967 5628 ἐν
1993 5579 2088 5628 ἐκ·

547 5791 568 5818 ⁸
589 5793 729 5846 Finis
752 5792 969 5842 hominm
996 5791 1042 5842 in
1069 5791 1213 5844 (ζου).

1187 303 1253 359 IN
1309 305 1528 364 EPIST.
1568 308 1660 364 AD
1697 309 2058 366 IIEBREOS.
2101 310 2250 367 CAP.
2297 311 2409 367 XII.
2455 311 2689 368 IIOMIL.
2734 313 2973 370 XXVI".

3631 317 3758 376 .20!)

2176 430 2378 503 κλησία
2405 431 2551 484 οῦτω
2584 433 3066 506 σχηματιζομένην
3102 435 3374 506 προϊέναι,
3415 438 3581 502 πολὺς
3623 439 3653 491 6
3676 440 3764 507 γέ-

2169 513 2297 578 λως.
2321 515 2387 568 Τί
2409 515 2517 586 γὰρ
2534 515 2737 585 δήποτε
2755 518 3068 588 εἰσέρχεται
3095 519 3296 589 χρυσία
3312 520 3556 591 φοροῦσα
3573 523 3764 574 ἐνταῦ-

2168 595 2259 664 θα,
2283 597 2624 668 ἡόφείλουσα
2647 598 2936 662 εἰσελθεῖν,
2957 601 3043 654 ἶνα
3060 600 3272 676 ἀκούσῃ
3295 607 3520 674 κοσμεῖν
3541 605 3763 668 ἑαυτὰς,
3785 615 3792 622 ·

2172 680 2248 750 μὴ
2284 682 2496 753 χρυσίῳ
2524 682 2658 753 μηδὲ
2694 683 3086 756 μαργαρίταις,
3118 685 3255 756 μηδὲ
3286 688 3570 758 ἱματισμῷ
3602 689 3766 742 πολυ-

2168 767 2340 832 τελεῖ;
2377 767 2538 830 Τίνος
2567 762 2663 821 οὖν
2711 767 2898 830 ένεκεν
2945 770 3196 842 εἰσέρχῃ,
3235 764 3283 824 ὧ
3315 771 3510 840 γύναι;
3546 769 3658 842 ἆρα
3690 773 3767 837 ὼς

2173 849 2460 920 μαχομένη
2483 851 2560 922 τῷ
2580 851 2802 921 Παύλῳ,
2817 851 2912 905 καὶ
2929 852 3255 907 δεικνύουσα
3276 855 3360 908 ὅτι
3383 856 3486 912 κᾶν
3506 857 3767 927 μυριάκις

2169 933 2346 985 ταῦτα
2372 933 2528 1004 λέγῃ,
2549 935 2650 988 οὐκ
2676 936 2984 1007 ἐπιστρέφῃ
3004 955 3018 1000 ;
3043 936 3158 990 ἀλλ’
3175 937 3249 1001 ὠς
3268 939 3397 1002 τοὺς
3413 939 3767 1003 διδασκάλους

2171 1017 2320 1085 ἡμᾶς
2340 1015 2560 1083 ἐλέγξαι
2587 1017 2890 1089 βουλομένη
2919 1021 3099 1092 μάτην
3123 1021 3298 1074 ταῦτα
3325 1022 3764 1093 διαλεγομένους;

2171 1101 2310 1154 Εἰπὲ
2335 1102 2443 1173 γάρ
2475 1119 2586 1172 μοι,
2629 1103 2727 1158 ἐάν
2771 1120 2857 1166 τις
2894 1103 3093 1174 Ἕλλην
3125 1105 3220 1157 καὶ
3264 1105 3490 1171 ἄπιστος
3528 1109 3767 1169 ἀκούσας

2170 1186 2691 1256 ἀναγινωσκομένου
2743 1185 2839 1239 τοῦ
2893 1188 3094 1258 χωρίου
3155 1188 3383 1255 τούτου,
3445 1191 3574 1245 ἐνοα
3596 1191 3770 1245 ταῦτα

2172 1268 2323 1338 λέγει
2360 1271 2389 1323 6
2423 1271 2696 1342 μακάριος
2727 1271 2962 1337 Παῦλος,
2989 1275 3324 1345 παρεγγυῶν
3354 1279 3471 1337 ταῖς
3527 1275 3769 1343 γυναιξὶ,

2177 1354 2315 1424 μήτε
2366 1353 2580 1425 χρυσῷ,
2647 1356 2786 1426 μήτε
2850 1356 3246 1428 μαργαρίταις,
3294 1360 3430 1430 μήτε
3491 1359 3772 1430 ἱματισμῴ

2175 1437 2464 1492 πολυτελεῖ
2495 1444 2724 1510 κοσμεῖν
2753 1441 2974 1504 έαυτάς,
3009 1443 3104 1495 καὶ
3127 1442 3268 1512 ἔχων
3291 1446 3527 1510 γυναῖκα
3547 1444 3769 1514 πιστὴν,

2178 1522 2263 1595 ἴδῃ
2289 1523 2373 1575 ὅτι
2409 1522 2578 1576 πολὺν
2609 1525 2846 1577 ποιεῖται
2893 1523 3053 1592 λόγον
3098 1525 3195 1579 τοῦ
3248 1527 3640 1599 καλλωπισμοῦ
3674 1527 3774 1580 καὶ

2175 1605 2378 1676 χρυσία
2431 1607 2794 1677 περιτίθεται,
2848 1608 2938 1665 ἵνα
2965 1609 3207 1684 προέλθῃ
3248 1612 3306 1663 ἐν
3337 1611 3628 1683 ἐκκλησία,
3665 1608 3776 1682 ἆρα

2173 1689 2276 1741 οὐκ
2300 1689 2420 1760 ἐρεῖ
2444 1690 2582 1760 πρὸς
2610 1691 2830 1754 ἐαυτὸν,
2859 1692 3003 1763 ὁρῶν
3029 1694 3201 1765 αὐτὴν
3247 1695 3304 1748 ἐν
3334 1695 3412 1764 τῷ
3439 1695 3776 1766 κοιτωνίσκῳ

2174 1771 2348 1824 ταῦτα
2367 1773 2794 1846 περιτιθεμένην
2818 1777 2913 1828 καί
2933 1775 3270 1831 διατιθεῖσαν
3299 1779 3502 1843 καλῶς,
3527 1779 3592 1831 Τί
3622 1779 3774 1848 μένει

2178 1854 2324 1908 ἔνδον
2361 1857 2394 1924 ἡ
2445 1856 2584 1928 γυνὴ
2621 1859 2704 1922 εἰς
2734 1858 2828 1914 τὸν
2861 1860 3252 1926 κοιτωνίσκον;
3286 1862 3340 1914 τί
3373 1862 3660 1933 βραδύνει;
3720 1862 3775 1915 τί

2178 1938 2525 2011 περιτίθεται
2584 1942 2652 1996 τά
2677 1943 2913 2014 χρυσία;
2947 1944 3051 1998 ποῦ
3083 1945 3343 2000 ἀπελθεῖν
3370 1947 3513 2018 ἔχει;
3568 1950 3648 2008 εἰς
3675 1947 3776 2016 τὴν

2179 2022 2512 2092 ἐκκλησίαν;
2539 2025 2632 2079 διὰ
2660 2027 2714 2078 τί
2737 2043 2750 2090 ;
2781 2027 2868 2081 ἵνα
2895 2026 3130 2098 ἀκούσῃ,
3154 2027 3249 2096 Μὴ
3267 2029 3565 2100 ἱματισμῷ
3593 2033 3776 2084 πολιν·

2142 2110 2377 2174 ,,τελεῖ;
2403 2112 2484 2172 υύ
2513 2111 2843 2178 γελάσεται;
2873 2111 2974 2164 οὐκ
3018 2113 3434 2183 ἀνακαγχάσει;
3469 2114 3531 2167 οὐ
3572 2114 3776 2185 χλεύην

2182 2193 2280 2248 καὶ
2302 2195 2522 2266 ἀπάτην
2541 2190 2681 2246 εῐναι
2717 2197 2899 2263 νομιεῖ
2923 2194 2995 2247 τὰ
3024 2195 3299 2266 ήμέτερας
3325 2196 3417 2250 Διὸ
3446 2197 3774 2266 παρακαλῶ,

2181 2277 2252 2331 τὰ
2285 2279 2489 2351 χρυσία
2523 2280 2646 2342 ταῖς
2681 2281 2930 2348 πομπαῖς
2950 2280 3205 2351 ἀφῶμεν,
3233 2283 3357 2346 ταῖς
3389 2285 3639 2352 σκηναῖς,
3655 2285 3779 2339 ταῖς

2183 2362 2494 2434 προθήκαις
2517 2363 2638 2423 ταῖς
2661 2361 2756 2414 ἐπὶ
2785 2362 2896 2414 τῶν
2925 2363 3312 2435 ἐργαστηρίων
3337 2382 3349 2395 ·
3381 2367 3414 2434 ἡ
3439 2365 3496 2418 δὲ
3527 2365 3620 2418 τοῦ
3638 2364 3776 2418 Θεοῦ

2183 2444 2349 2498 εἰκὼν
2403 2443 2478 2516 μὴ
2528 2444 2744 2508 τούτοις
2801 2446 3337 2520 καλλωπιζέσθω·ή
3389 2448 3654 2521 ἐλευθέρα
3709 2452 3778 2519 τῇ

2186 2528 2474 2601 ἐλευθερίᾳ
2523 2528 2868 2598 κοσμείσθω·
2920 2530 3207 2602 ἐλευθερία
3255 2532 3312 2586 δὲ
3355 2532 3415 2586 τὸ
3441 2532 3669 2602 ἄτυφον,
3719 2533 3782 2584 τὸ

2185 2610 2566 2682 ἀκόμπαστον.
2587 2610 2652 2664 Εἰ
2679 2611 2736 2664 δὲ
2763 2611 2860 2664 καὶ
2883 2611 3044 2680 δόξης
3069 2614 3250 2682 βούλει
3274 2615 3376 2686 τῆς
3397 2617 3548 2688 παρά
3569 2615 3785 2686 ἀνθρώ-

2188 2712 2307 2748 πων
2326 2695 2632 2764 ἐπιτυχεῖν,
2654 2693 2830 2758 οὓτως
2848 2696 3250 2767 ἐπιτεύξῃ.Τὴν
3273 2700 3383 2769 γάρ
3402 2699 3599 2769 ἀνδρὸς
3622 2700 3787 2752 πλου-

2186 2777 2409 2841 τοῦντος
2427 2774 2595 2833 οὖσαν
2611 2781 2849 2847 γυναῖκα
2871 2780 2972 2850 οὐχ
2987 2779 3130 2834 οὓτω
3157 2781 3560 2853 θαυμασόμεθα
3581 2783 3784 2855 χρυσία

2189 2861 2465 2934 φοροῦσαν
2493 2863 2587 2916 καὶ
2618 2879 2684 2932 ση
2695 2862 2825 2932 ρικά
2842 2861 3024 2928 (τοῦτο
3053 2865 3163 2932 γάρ
3188 2866 3368 2919 κοινὸν
3392 2867 3669 2936 ἀπασῶν),
3705 2867 3784 2930 ὡς

2187 2947 2318 3001 ὅταν
2349 2944 2496 2998 λιτὸν
2545 2945 2761 3014 ἱμάτιον
2795 2947 2892 2999 καὶ
2935 2947 3168 3010 ἁπλοῦν,
3205 2949 3300 3002 κα)⁸
3321 2951 3380 3016 ἐξ
3413 2949 3563 3020 ἐρίου
3594 2953 3786 3020 είργαο

2191 3029 2389 3099 σμένον
2423 3027 2586 3099 μόνον
2637 3031 3000 3102 περικειμένη
3048 3030 3296 3104 τυγχάνῃ
3325 3046 3338 3058 ·
3371 3031 3530 3086 τοῦτο
3569 3033 3786 3104 θαυμά-

2190 3129 2376 3174 σονται
2431 3111 2658 3178 πάντες,
2703 3111 2862 3167 τοῦτο
2905 3115 3290 3185 κροτήσουσιν.
3339 3115 3430 3170 Ἐν
3461 3119 3656 3187 ἐκείνῳ
3685 3119 3786 3188 μὲν

2190 3195 2298 3266 γὰρ
2329 3195 2406 3266 τῷ
2437 3195 2628 3266 κόσμῳ
2658 3194 2738 3268 τῷ
2775 3196 2884 3250 τῶν
2917 3197 3159 3267 χρυσίων
3189 3199 3286 3254 καὶ
3333 3199 3443 3253 τῶν
3474 3199 3786 3254 πολυτελῶν

2193 3281 2450 3351 ἱματίων,
2502 3279 2704 3344 πολλὰς
2759 3280 2873 3351 ἔχει
2905 3282 3005 3345 τὰς
3050 3283 3417 3348 κοινωνούσας
3449 3285 3621 3357 αὐτῇ·
3682 3284 3786 3339 κάν

2189 3363 2396 3431 ταύτην
2428 3362 2858 3436 ὑπερακοντίση,
2894 3365 3000 3418 ὑπὸ
3026 3365 3127 3434 τῆς
3154 3367 3350 3438 ἐτέρας
3381 3369 3648 3439 ἡττᾶται·
3683 3367 3788 3422 κᾶν

2191 3447 2373 3510 πάσας
2405 3447 2805 3519 ὑπερϐάληται,
2837 3449 2944 3502 ὑπὸ
2966 3450 3068 3520 τῆς
3111 3449 3384 3520 βασιλίδος
3414 3453 3584 3523 αὐτῆς
3628 3454 3786 3507 νικά-

2188 3549 2309 3588 ται·
2348 3533 2584 3588 ἐνταῦθα
2613 3533 2670 3587 δὲ
2703 3536 2886 3598 πάσας
2912 3537 3060 3607 νικᾷ,
3093 3539 3190 3590 καὶ
3207 3537 3378 3610 αὐτὴν
3397 3539 3495 3610 τὴν
3512 3540 3604 3592 τοῦ
3633 3538 3788 3610 βασιο

2189 3618 2329 3682 λέως
2387 3621 2649 3686 γυναῖκα·
2687 3619 2827 3690 μόνη
2859 3619 2968 3690 γὰρ
2993 3623 3052 3673 ὲν
3083 3621 3304 3692 πλούτῳ
3355 3623 3539 3693 πολλῷ
3576 3622 3645 3677 τὰ
3679 3624 3787 3676 τῶν

2191 3702 2344 3776 [267]
2381 3703 2634 3774 πενήτων
2690 3703 2886 3760 εἵλετο.
2911 3705 3077 3758 Ὥστε
3132 3707 3229 3760 καὶ
3261 3707 3310 3759 εἰ
3344 3707 3505 3775 δόξης
3544 3707 3784 3778 ἐρῶμεν.

2189 3786 2428 3845 ἐνταῦθα
2456 3785 2660 3857 μείζων
2693 3788 2726 3856 ἡ
2747 3787 2896 3853 δόξα.
2925 3789 3001 3841 Οὐ
3026 3788 3166 3858 πρὸς
3188 3789 3288 3853 τάς
3316 3791 3493 3860 χήρας
3512 3790 3656 3858 λέγω
3692 3793 3789 3862 μό-

2190 3886 2302 3932 νον,
2341 3870 2438 3924 καὶ
2489 3869 2590 3932 τάς
2633 3870 2932 3935 πλουσίας·
2987 3871 3228 3928 ἐνταῦθα
3274 3873 3384 3943 γάρ
3429 3872 3640 3944 δοκεῖή
3683 3875 3786 3944 τῆς

2191 3954 2422 4026 χηρείας
2475 3954 2695 4026 ἀνάγκη
2751 3954 2912 4009 τοῦτο
2961 3959 3170 4010 ποιεῖν·
3224 3957 3364 4013 ἀλλὰ
3393 3957 3490 4012 καὶ
3523 3957 3660 4028 πρὸς
3686 3960 3786 4021 τὰς

2194 4037 2507 4108 ὑπάνδρους
2539 4036 2726 4101 οὔσας.
2755 4037 2899 4090 Ἀλλ’
2921 4039 3022 4096 οὐκ
3043 4039 3284 4111 ἀρέσκω,
3323 4039 3482 4111 φησὶ,
3507 4039 3586 4110 τῷ
3606 4040 3782 4111 ἀνδρί.

2193 4122 2272 4178 Οὐ
2308 4120 2385 4191 τῷ
2411 4120 2570 4191 ἀνδρὶ
2621 4120 2801 4191 βούλει
2834 4121 3116 4193 ἀρέσκειν,
3147 4122 3286 4182 ἀλλά
3316 4122 3394 4194 τῷ
3430 4123 3629 4194 πλήθει
3676 4124 3787 4176 τῶν

2194 4204 2472 4274 γυναικῶν
2520 4204 2629 4259 τῶν
2683 4205 2992 4276 πενιχρῶν·
3025 4206 3232 4278 μᾶλλον
3281 4207 3339 4261 δέ
3374 4207 3475 4261 οὐκ
3503 4208 3784 4279 ἀρέσκειν.

2191 4289 2332 4346 ἀλλά
2365 4291 2701 4359 κατατήκειν
2727 4289 2902 4354 αύτάς
2931 4291 3025 4350 καὶ
3071 4290 3292 4363 ὀδυνᾷν,
3327 4291 3424 4346 καὶ
3449 4293 3550 4360 τὴν
3593 4291 3786 4345 πενίαν

2196 4372 2422 4445 μείζονα
2453 4375 2649 4428 ποιεῖν.
2683 4374 2838 4429 Πόσα
2865 4373 2957 4428 διά
2984 4376 3043 4430 σὲ
3069 4375 3372 4447 βλάσφημα
3417 4375 3785 4446 φθέγγονταις

2193 4459 2286 4529 Μὴ
2315 4458 2478 4522 ἔστω,
2499 4459 2832 4529 φησ“ι,πενία
2850 4477 2864 4489 ·
2891 4460 2921 4516 6
2941 4460 3076 4525 Θεὸς
3103 4464 3257 4532 μισεῖ
3273 4462 3405 4525 τοὺς
3429 4461 3784 4532 πενομένους,

2193 4546 2222 4602 ὀ
2255 4545 2389 4608 Θεὸς
2417 4545 2480 4599 οὐ
2519 4544 2664 4614 φιλεῖ
2691 4545 2815 4609 τοὺς
2845 4545 2908 4598 ἐν
2943 4546 3125 4616 πενίᾳ.
3144 4548 3266 4602 ’Ὁτι
3293 4547 3402 4618 γὰρ
3427 4547 3490 4600 ού
3525 4546 3603 4616 τῷ
3631 4547 3789 4617 ἀνδρὶ

2197 4629 2380 4700 βούλει
2403 4629 2682 4700 ἀρέσκειν,
2709 4630 2803 4684 καὶ
2833 4629 3038 4700 ταύτης
3068 4631 3256 4685 ἕνεκεν
3288 4632 3388 4701 τῆς
3437 4629 3620 4695 αἰτίας
3655 4631 3788 4684 καλ-

2195 4713 2428 4786 λωπίζῃ.
2447 4712 2507 4779 ἐξ
2527 4708 2602 4768 ὧν
2615 4712 2753 4784 αὐτὴ
2771 4716 2944 4778 ποιεῖς
2961 4714 3118 4768 τοῦτο
3132 4715 3292 4787 δῆλον
3312 4716 3484 4768 ἀπασι
3502 4714 3786 4786 καθιστᾷς.

2196 4797 2367 4851 Ὅταν
2394 4799 2502 4869 γὰρ
2537 4798 2786 4871 ὖπερϐᾔς
2813 4799 2904 4854 τὸν
2933 4799 3088 4853 οὐδὸν
3120 4801 3217 4853 τοῦ
3261 4799 3536 4868 θαλάμου,
3582 4799 3788 4861 εὐθέως

2195 4881 2416 4935 ἅπαντα
2443 4881 2700 4953 ἀποτίθῃ,
2731 4882 2828 4935 καὶ
2857 4883 2924 4936 τά
2974 4883 3189 4954 ἱμάτια,
3219 4884 3314 4936 καὶ
3348 4882 3417 4935 τὰ
3445 4881 3662 4952 χρυσία,
3692 4883 3789 4936 καὶ

2195 4966 2322 5028 τοὺς
2356 4965 2734 5036 μαργαρίτας·
2769 4967 2862 5019 καὶ
2886 4967 2981 5020 ἐπὶ
3009 4968 3108 5035 τῆς
3130 4967 3309 5029 οἰκίας
3348 4965 3587 5035 μάλιστα
3609 4965 3670 5018 ού
3693 4982 3791 5034 φο-

2198 5050 2332 5119 ρεῖς.
2368 5050 2430 5102 Εἰ
2458 5049 2516 5101 δὲ
2541 5049 2680 5112 ὅλως
2721 5047 2904 5118 βούλει
2936 5049 3198 5121 ἀρέσκειν
3226 5049 3304 5120 τῷ
3347 5048 3523 5119 ἀνδρὶ,
3567 5049 3683 5100 ἔστι
3717 5049 3786 5102 δι’

2195 5126 2270 5185 ὧν
2303 5133 2582 5202 ἀρέσκεις,
2614 5132 2684 5185 δι’
2718 5133 3046 5196 ἐπιεικείας,
3095 5132 3540 5204 διά-πραότητος,
3577 5130 3666 5184 διὰ
3695 5149 3788 5184 κο-

2199 5215 2518 5286 σμιότητος.
2547 5215 2782 5270 Πίστευε
2816 5215 2928 5286 γάρ
2960 5233 3072 5286 μοι,
3102 5214 3288 5284 γύναι,
3322 5215 3428 5268 κᾶν
3460 5215 3723 5286 μυριάκις

2197 5299 2530 5371 κατωφερὴς
2551 5301 2579 5352 6
2601 5299 2744 5371 ἀνὴρ
2776 5300 2872 5352 καὶ
2896 5300 3165 5372 ἀκρατὴς,
3196 5298 3370 5352 ταῦτα
3407 5298 3608 5370 μᾶλλον
3627 5299 3791 5352 αὑτὸν

2195 5383 2577 5452 ἐφελκύσεται,
2629 5383 2928 5448 ἐπιείκεια,
2977 5385 3297 5456 κοσμιότης,
3353 5384 3416 5438 τὸ
3471 5385 3697 5454 ἄτυφον,
3733 5385 3793 5438 τὸ

2196 5469 2494 5528 ἀδάπανον,
2533 5466 2595 5518 τὸ
2625 5467 2864 5532 εὐτελές.
2898 5469 3002 5521 Τὸν
3038 5470 3138 5538 μὲν
3166 5471 3275 5540 γὰρ
3311 5467 3634 5532 ἀκόλαστον,
3689 5469 3793 5522 κάν

2201 5551 2372 5622 μυρία
2407 5548 2638 5603 τοιαῦτα
2667 5553 2914 5622 ἐπινοῇς,
2950 5554 3009 5606 οὐ
3039 5553 3292 5617 καθέξεις
3313 5569 3324 5581 ·
3357 5553 3452 5604 καὶ
3474 5553 3652 5604 ἴσασιν
3669 5553 3794 5604 ὅσαι

2196 5637 2473 5696 τοιούτους
2495 5635 2794 5704 ἐσχήκασιν
2817 5637 3048 5708 ἄνδρας·
3078 5637 3154 5700 ὼς
3184 5638 3292 5708 γὰρ
3321 5636 3416 5688 ἐὰν
3439 5636 3792 5707 καλλωπίσῃς

2202 5717 2429 5788 σαυτὴν,
2479 5718 2691 5781 ἐκεῖνος
2727 5721 3026 5785 ἀκόλαστος
3057 5721 3132 5775 ὢν
3166 5723 3299 5794 πρὸς
3345 5721 3536 5790 ἑτέραν
3567 5721 3789 5774 ἄπεισι·

2206 5803 2298 5857 τὸν
2319 5803 2374 5858 δὲ
2400 5802 2656 5875 σώφρονα
2681 5805 2775 5858 καὶ
2800 5806 3028 5878 κόσμιον
3046 5807 3106 5859 ού
3127 5807 3333 5869 τούτοις
3354 5805 3628 5876 αἱρήσεις,
3653 5804 3789 5857 ἀλλὰ
