4202 6446
466 298 584 358 εοι

481 425 594 487 τοῖς
625 421 888 485 ἐναντίοις
912 433 923 450 ·
954 420 1013 474 ἐν
1033 417 1245 483 τούτοις
1263 418 1318 472 δέ
1340 419 1434 472 καὶ
1460 419 1673 481 λυπεῖς,
1716 418 1887 487 σαυτῇ
1909 413 2067 478 δόξαν

484 506 826 579 περιτιθεῖσα
878 503 1234 575 φιλοκόσμου.
1284 503 1347 556 Et
1398 502 1509 573 7&9
1552 501 1646 555 καὶ
1692 498 2069 568 αἰδούμενοςὸ

431 604 454 625 ⁸
483 592 646 662 ἀνὴρ,
694 589 791 644 καὶ
820 586 979 641 τοῦτο
1010 586 1086 649 ὼς
1136 584 1371 657 σώφρων
1401 585 1464 640 ού
1493 585 1667 655 λέγει,
1708 583 1826 638 ἀλλ’
1854 581 2068 636 ἔνδοθεν

483 670 903 741 καταγνώσεται
923 685 1040 721 σουο
1059 669 1187 733 τοὺς
1212 668 1268 721 δὲ
1286 666 1517 737 φθόνους
1547 668 1641 720 καὶ
1652 667 1752 729 τάς
1770 664 2070 736 βασκανίας

480 758 543 811 οὐ
572 754 996 827 περιστελεῖται.
1031 751 1106 805 Ού
1136 754 1319 804 πᾶσαν
1344 751 1540 824 ἡδονὴν
1573 749 1828 813 ἐκϐαλεῖς
1855 748 2067 812 λοιπὸν,

482 841 678 911 φθόνον
709 838 1001 909 ἐγείρουσα
1029 836 1174 889 κατὰ
1208 838 1442 906 σαυτῆςς

550 924 615 989 ζ’.
643 922 796 993 Τάχα
821 920 1100 992 δυσχερῶς
1110 918 1340 973 ἀκούετε
1357 919 1465 972 τῶν
1476 916 1807 989 λεγομένων,
1832 915 1925 970 καὶ
1940 914 2070 983 ἀγα-

481 1008 729 1061 νακτεῖτε
760 1005 1040 1075 λέγουσαι,
1062 1004 1145 1056 ὅτι
1175 1004 1303 1066 τοὺς
1324 1001 1522 1073 ἀνδρας
1546 1000 1840 1073 παροξύνει
1869 998 2070 1070 μᾶλλον

480 1090 623 1144 κατά
651 1087 761 1141 τῶν
789 1085 1087 1157 γυναικῶν.
1118 1086 1196 1138 Ού
1224 1086 1349 1147 τοὺς
1366 1083 1567 1157 ἄνδρας
1592 1082 1917 1154 παροξύνων
1938 1081 2072 1134 ταῦ-

479 1190 550 1227 τα
582 1172 749 1241 λέγω,
774 1170 914 1224 ἀλλά
945 1170 1076 1240 παρ’
1110 1168 1267 1239 ὑμῶν
1324 1166 1654 1238 βουλόμενος
1684 1166 1868 1219 ἑκοντὶ
1898 1163 2071 1217 ταῦτα

479 1254 751 1325 γίνεσθαι,
773 1254 843 1307 δι’
877 1254 1047 1324 ὑμᾶς,
1082 1252 1144 1305 ού
1166 1250 1234 1304 δι’
1261 1251 1507 1315 ἐκείνους
1537 1266 1550 1278 ’
1583 1250 1681 1319 οὐχ
1710 1250 1800 1302 ῖνα
1826 1248 2070 1311 ἐκείνους

478 1337 776 1404 ἀπαλλάξω
806 1335 1030 1406 φθόνου,
1059 1332 1176 1387 ἀλλ’
1209 1332 1294 1387 ἵνα
1341 1334 1486 1402 ὑμᾶς
1523 1330 1821 1396 ἀπαλλάξω
1863 1347 2070 1400 φαντα-

483 1422 605 1485 σίας
628 1420 913 1491 βιωτικῆς.
972 1417 1170 1471 Βούλει
1214 1415 1450 1486 φανῆναι
1496 1415 1674 1485 καλή;
1703 1411 1861 1483 κάγὼ
1910 1412 2071 1467 τοῦτο

485 1503 636 1578 [268]
672 1502 956 1575 βούλομαι,
1001 1500 1139 1555 ἀλλὰ
1166 1499 1364 1563 κάλλος
1387 1499 1415 1553 ὃ
1434 1501 1462 1551 6
1478 1498 1610 1562 Θεὸς
1629 1497 1804 1570 ζητεῖ,
1822 1496 2019 1560 κάλλος
2042 1494 2071 1548 ὃ

360 1638 385 1643 -
481 1577 1080 1657 ἐπιθυμεῖὸβασιλεύς.
1127 1584 1265 1638 Τίνα
1306 1582 1488 1653 βούλει
1521 1580 1953 1653 σχεῖν-ἐραστὴν,
1979 1577 2070 1632 τὸν

481 1672 617 1726 Θεὸν
645 1672 679 1743 ἢ
706 1668 1030 1742 ἀνθρώπους
1058 1686 1073 1737 ;
1106 1669 1232 1722 Ἐὰν
1249 1669 1428 1722 ἐκεῖνο
1443 1665 1509 1740 ᾖς
1537 1667 1599 1720 τὸ
1634 1666 1831 1730 κάλλος
1859 1664 2020 1736 καλὴ,
2042 1666 2073 1718 6

483 1757 618 1820 Θεὸς
645 1753 985 1825 ἐπιθυμήσει
1001 1752 1097 1806 τοῦ
1130 1752 1366 1814 κάλλους
1394 1768 1489 1805 σου
1513 1768 1529 1784 ο
1548 1751 1617 1805 ἂν
1641 1750 1700 1804 δὲ
1724 1748 1885 1803 τοῦτο
1904 1749 2073 1820 χωρὶς

482 1839 719 1903 ἐκείνου,
757 1838 965 1901 ἐκεῖνος
1003 1835 1103 1906 μέν
1140 1851 1200 1888 σε
1237 1833 1553 1904 βδελύξεται
1577 1873 1594 1901 ,
1650 1833 1866 1888 ἔσονται
1894 1833 1952 1886 δέ
1978 1849 2072 1885 σου

472 1923 711 1995 ἐρασταὶ
729 1921 924 1993 ἄνδρες
949 1919 1137 1991 μιαροί
1157 1935 1171 1949 ·
1197 1919 1375 1983 οὐδεὶς
1391 1919 1501 1989 γὰρ
1519 1917 1791 1988 ύπάνδρου
1816 1916 2075 1987 γυναικὸς

484 2006 627 2077 ἐρῶν
654 2004 880 2076 ἀγαθός.
912 2002 1085 2056 Τοῦτο
1114 2002 1210 2057 καὶ
1236 2003 1333 2056 ἐπὶ
1365 2003 1460 2057 τοῦ
1490 2002 1701 2073 κόσμου
1741 2001 1839 2056 τοῦ
1873 2000 2075 2065 ἔξωθεν

482 2090 725 2160 λογίζου.
762 2088 1007 2151 Ἐκεῖνος
1036 2086 1138 2155 μὲν
1171 2087 1281 2157 7&9
1304 2088 1334 2140 6
1364 2085 1638 2157 κόσμος,ό
1661 2089 1762 2157 τῆς
1794 2085 1974 2158 ψυχῆς
1988 2085 2076 2140 λέ-

483 2190 588 2242 γω,
620 2173 712 2225 τὸν
734 2169 867 2225 Θεὸν
894 2169 1199 2231 ἐπισπᾶται
1218 2185 1230 2197 '
1254 2163 1412 2234 οὗτος
1431 2169 1491 2223 δὲ
1516 2168 1679 2225 πάλιν
1699 2170 1826 2233 τοὺς
1844 2168 2076 2240 μιαροὺς

478 2257 706 2328 ἄνδρας.
749 2255 915 2325 Ὁρᾷς
954 2254 1039 2307 ὅτι
1084 2252 1240 2324 ὑμῶν
1289 2252 1553 2325 κήδομαι,
1587 2254 1672 2307 ὅτι
1701 2253 1858 2325 ὑμῶν
1910 2271 2076 2325 φρον-

483 2338 643 2404 τίζω,
681 2338 769 2392 ἵνα
794 2336 961 2390 καλαὶ
1000 2331 1122 2406 ἦτε,
1156 2336 1328 2400 ὅντως
1381 2336 1570 2403 καλαὶ,
1605 2337 1775 2401 ὅντως
1818 2336 2072 2404 ἐπίδοξοι,

489 2425 579 2478 ἵνα
612 2423 735 2477 ἀντὶ
753 2421 965 2492 ἀνδρῶν
992 2421 1208 2493 μιαρῶν
1228 2421 1322 2474 τὸν
1352 2421 1610 2474 ἀπάντων
1640 2421 1919 2491 Δεσπότην
1944 2420 2077 2474 Θεὸν

485 2508 650 2577 ἔχητε
674 2506 953 2577 ἐραστήν;
1000 2505 1064 2558 Ἦ
1091 2504 1149 2558 δὲ
1171 2506 1381 2558 ἐκεῖνον
1424 2504 1627 2575 ἔχουσα
1678 2503 1936 2576 ἐραστὴν,
1969 2503 2076 2556 τίνι

470 2592 641 2643 ἔσται
691 2589 893 2658 όμοία;
933 2587 1072 2660 μετά
1118 2587 1369 2658 ἀγγέλων
1408 2587 1643 2659 χορεύει.
1672 2588 1737 2640 Εί
1769 2587 1878 2656 γὰρ
1923 2586 2079 2658 παρά

487 2674 761 2745 βασιλέως
785 2673 1093 2743 φιλουμένη
1120 2689 1207 2736 τις
1233 2673 1373 2743 ὑπὲρ
1403 2673 1616 2736 πάντας
1658 2671 2024 2743 μακαρίςεται
2056 2686 2071 2703 ο

476 2763 520 2830 -ἡ
561 2757 718 2828 παρά
745 2756 841 2811 τοῦ
881 2756 1019 2811 Θεοῦ
1051 2756 1354 2827 φιλουμένη
1415 2756 1600 2827 φιλίαν
1651 2755 1875 2827 πολλὴν,
1932 2754 2078 2820 τίνος

486 2841 828 2907 ἔσταιάξία;
866 2839 970 2893 κᾶν
999 2840 1100 2911 τὴν
1137 2839 1471 2910 οἰκουμένην
1504 2840 1862 2911 ἀντιστήσῃς,
1923 2838 2077 2893 οὐδὲν

484 2924 579 2978 τοῦ
604 2923 839 2987 κάλλους
866 2923 1085 2976 ἐκείνου
1107 2921 1279 2987 ἀξιον.
1317 2921 1492 2975 Τοῦτο
1516 2922 1697 2977 τοίνυν
1744 2921 2076 2993 ἀσκήσωμεν

485 3008 550 3063 τὸ
573 3008 792 3075 κάλλος,
825 3006 1003 3077 τούτῳ
1037 3005 1376 3077 κοσμώμεθα
1390 3006 1467 3077 τῷ
1488 3006 1702 3079 κόσμῳ,
1736 3005 1824 3060 ἴνα
1852 3009 1932 3070 είς
1948 3008 2075 3072 τοὺς

478 3092 753 3163 οὐρανοὺς
774 3092 1142 3162 χωρήσωμεν,
1172 3091 1251 3154 εἰς
1274 3088 1376 3152 τάς
1400 3090 1682 3153 παστάδας
1707 3092 1808 3153 τὶς
1826 3107 2075 3162 πνευμα-

485 3177 667 3240 τικὰς,
688 3177 769 3238 είς
791 3173 885 3228 τὸν
910 3174 1179 3245 νυμφῶνα
1209 3174 1302 3229 τὸν
1332 3175 1631 3244 ἀκήρατον.
1664 3172 1838 3227 Τοῦτο
1851 3174 1951 3244 μέν
1967 3173 2077 3245 7&9

486 3262 550 3314 τὸ
583 3259 782 3323 κάλλος
808 3257 914 3313 ὑπὸ
945 3258 1167 3311 πάντων
1207 3256 1519 3322 ἁλίσκεται,
1559 3257 1656 3310 καὶ
1702 3258 1833 3311 ὅταν
1891 3274 2077 3329 παρα-

492 3345 652 3417 μείνῃ
674 3342 878 3407 καλῶς,
901 3341 997 3396 καὶ
1025 3341 1165 3413 μήτε
1189 3340 1344 3405 νόσος
1364 3341 1637 3414 ἐνοχλήσῃ
1663 3341 1803 3411 μήτε
1827 3341 2074 3413 φροντὶς,

474 3428 629 3500 -ὅπερ
656 3426 940 3489 ἀδύνατον,
975 3426 1036 3477 ού
1067 3425 1379 3497 παραμένει
1406 3424 1613 3477 εἴκοσιν
1646 3423 1741 3494 ἐτη
1763 3439 1779 3455 ο
1811 3425 1991 3477 ἐκεῖνο
2020 3424 2078 3477 δέ

485 3514 578 3566 ἀεὶ
605 3510 778 3577 ἀνθεῖ,
813 3510 901 3563 ἀεὶ
931 3505 1212 3580 ἀκμάζει·
1243 3509 1348 3562 ούκ
1376 3508 1526 3563 ἐστιν
1550 3509 1670 3561 ἐκεῖ
1686 3506 1866 3562 δεῖσαι
1906 3525 2076 3581 μετα-

467 3596 675 3665 .6ολὴν,
706 3595 769 3647 ού
798 3593 982 3665 γῆρας
1023 3591 1251 3647 ἐπελθὸν
1301 3592 1498 3662 ῥυτίδα
1557 3592 1790 3663 ἤγαγεν,
1823 3593 1886 3646 ού
1920 3594 2077 3657 νόσος

488 3676 896 3748 κατασκήψασα
923 3676 1222 3749 ἐμάρανεν,
1243 3677 1347 3729 οὐκ
1374 3675 1621 3747 ἀθυμίας
1668 3677 1895 3746 φροντὶς
1948 3675 2076 3729 ἐλυ-

488 3765 721 3834 μήνατο,
753 3760 892 3814 ἀλλά
911 3762 1132 3815 πάντων
1160 3760 1371 3814 τούτων
1391 3760 1544 3813 ἐστὶν
1575 3759 1874 3831 ἀνώτερον.
1903 3758 2078 3813 Τοῦτο

486 3849 547 3902 δὲ
592 3849 723 3919 πρὶν
751 3847 785 3917 ἢ
823 3847 1084 3918 φανῆναι,
1135 3845 1349 3916 ἀπέστη
1372 3886 1387 3910 ,
1436 3845 1535 3899 καὶ
1583 3845 1755 3915 φανὲν
1802 3845 1904 3898 οὐκ
1958 3843 2078 3916 ἔχει

488 3933 722 3996 πολλοὺς
755 3932 883 3996 τοὺς
906 3931 1253 4003 θαυμαστάς.
1271 3932 1337 3984 Οἱ
1366 3930 1467 4002 μὲν
1487 3929 1598 4001 7&9
1624 3929 1845 4000 κόσμιοι
1864 3929 1928 3983 ού
1944 3929 2079 3985 θαυ-

493 4017 781 4088 μάζουσιν,
806 4015 931 4069 οἱδέ
962 4013 1373 4085 θαυμάζοντες,
1402 4015 1542 4085 μετά
1592 4013 1885 4083 ἀσελγείας
1945 4013 2080 4067 θαυ-

493 4100 749 4172 μάζουσι.
789 4098 883 4171 Μὴ
913 4098 1095 4151 τοίνυν
1143 4095 1303 4150 τοῦτο
1347 4096 1632 4168 ἀσκῶμεν,
1682 4097 1799 4152 ἀλλ’
1857 4097 2072 4153 ἐκεῖνο·

488 4185 700 4238 ἐκείνου
727 4181 1006 4253 ἐχώμεθα,
1029 4183 1117 4235 ἵνα
1144 4181 1287 4250 μετά
1316 4179 1619 4252 λαμπάδων
1639 4180 1884 4254 φαιδρῶν
1905 4180 2076 4236 ἀπέλ-

490 4267 676 4338 θωμεν
698 4268 779 4329 εἰς
806 4265 900 4320 τδν
917 4264 1201 4336 νυμφῶνα.
1225 4264 1301 4318 Οὐ
1327 4263 1436 4337 7&9
1461 4267 1589 4329 ταῖς
1602 4265 1898 4337 παρθένοις
1916 4264 2076 4319 τοῦτο

490 4349 827 4422 ἐπήγγελται
858 4350 1038 4420 μόνον,
1071 4349 1209 4403 ἀλλά
1235 4352 1356 4414 ταῖς
1373 4350 1578 4421 ψυχαῖς
1598 4352 1718 4414 ταῖς
1745 4348 2039 4421 παρθένοις
2058 4365 2075 4381 ι

491 4436 637 4500 ἐπεὶ,
666 4434 721 4487 εἰ
760 4432 1047 4506 παρθένων
1079 4429 1149 4505 ἦν
1181 4434 1371 4499 ἁπλῶς
1399 4434 1581 4500 τοῦτο,
1612 4434 1715 4488 οὐκ
1734 4433 1804 4489 ἂν
1829 4436 1886 4488 αῖ
1910 4433 2079 4487 πέντε

491 4516 961 4589 ἀπεκλείσθησαν.
1000 4516 1203 4572 Πασῶν
1246 4518 1429 4572 τοίνυν
1455 4517 1576 4571 ἐστὶ
1606 4517 1770 4570 τοῦτο
1803 4517 1928 4571 ὅσαι
1975 4516 2080 4589 τὴν

490 4599 670 4672 ψυχήν
695 4601 802 4655 είσι
836 4600 1126 4673 παρθένοι,
1149 4601 1274 4658 ὅσαι
1300 4602 1412 4657 τῶν
1436 4600 1729 4673 νοημάτων
1752 4601 1859 4654 τῶν
1895 4599 2081 4671 βιωτι-

488 4683 605 4741 κῶν
628 4684 764 4741 εἰσιν
785 4685 1215 4759 ἀπηλλαγμέναι
1234 4702 1251 4721 ο
1284 4686 1573 4759 φθείρουσι
1602 4684 1714 4757 7&9
1769 4685 1868 4750 τὰς
1897 4684 2078 4756 ψυχὰς

1165 295 1226 352 S.
1269 289 1555 352 JOANNIS
1594 287 2090 350 CIIRYSOSTOMI
2129 288 2460 347 ARCIIIEP.
2505 285 3057 346 CONSTANTINOP.

3647 294 3757 349 202

2172 412 2346 488 [269]
2408 414 2481 470 τὰ
2539 417 2788 487 νοήματα
2828 414 3022 469 ταῦτα.
3084 413 3211 469 Ἐὰν
3260 414 3440 470 τοίνυν
3505 416 3757 488 ἀκέραιοι

2175 500 2431 571 μένωμεν
2454 541 2469 566 ,
2502 500 2920 571 ἀπελευσόμεθα
2962 501 3081 553 ἐκεῖ
3114 499 3211 554 καὶ
3237 499 3639 571 δεχθησόμεθα.

2256 582 2639 653 Ἠρμοσάμην
2665 584 2774 655 γὰρ
2805 583 2983 653 ὑμᾶς,
3007 583 3195 653 φησιν,
3221 583 3311 636 ἐνὶ
3331 583 3527 652 ἀνδρὶ,
3545 584 3762 653 παρθέ-

2172 683 2286 721 νον
2308 665 2906 736 ἁγνὴνπαραστῆσαι
2921 664 3000 731 τῷ
3015 664 3267 734 Χριστῷ.
3323 665 3509 720 Ταῦτα
3532 666 3595 720 ού
3622 666 3761 736 πρὸς

2170 749 2273 814 τάς
2290 750 2596 821 παρθένους
2615 746 2792 813 εἶπεν,
2821 749 2958 804 ἀλλά
2988 749 3127 821 πρὸς
3148 750 3209 803 τὸ
3229 748 3506 821 πλήρωμα
3543 751 3645 819 τῆς
3662 752 3758 803 ἐκ·

2173 834 2652 906 κλησίαςάπάσης.
2671 833 2862 905 Ἠγάρ
2879 834 3115 905 ἀφθορος
3136 832 3315 905 ψυχὴν
3328 834 3600 905 παρθένος
3616 834 3756 899 ἐστὶ,

2174 918 2281 974 κάν
2302 919 2472 990 ἄνδρα
2492 918 2593 991 ἔχῃ
2621 935 2636 948 ·
2661 920 2931 991 παρθένος
2956 921 3075 973 ἐστὶ
3089 918 3188 990 τὴν
3217 911 3389 982 ὄντως
3432 917 3756 991 παρθενίαν,

2172 1004 2271 1075 τὴν
2324 1003 2649 1076 θαυμαστήν
2681 1021 2696 1035 ”
2721 1003 2860 1077 αὕτη
2907 1004 3073 1074 γάρὴ
3101 1001 3196 1055 τοῦ
3246 1001 3500 1072 σώματος
3543 1002 3759 1072 ἐκείνης

2175 1088 2325 1143 ἐστὶν
2367 1088 2794 1159 ἐπακολούθημα
2846 1088 2941 1142 καὶ
2969 1089 3117 1153 σκιά,
3141 1089 3175 1158 ἡ
3202 1088 3259 1142 δὲ
3288 1086 3495 1158 ἀληθὴς
3553 1086 3758 1156 παρθε-

2172 1170 2262 1224 νία
2292 1170 2478 1243 ἐκείνη
2532 1172 2673 1226 ἐστί.
2726 1172 2947 1244 Ταύτην
3004 1171 3287 1242 ἀσκῶμεν,
3345 1170 3444 1224 καὶ
3483 1171 3627 1223 οὓτω
3663 1169 3757 1223 δυ-

2173 1253 2455 1325 νησόμεθα
2525 1255 2664 1326 μετά
2720 1255 2949 1326 φαιδροῦ
3011 1253 3309 1326 προσώπου
3358 1254 3450 1308 τὸν
3519 1254 3756 1325 νυμφίον

2176 1338 2305 1392 ἰδεῖν
2334 1378 2351 1404 ,
2407 1339 2549 1410 μετά
2618 1339 2859 1410 φαιδρῶν
2917 1338 3186 1393 εἰσελθεῖν
3248 1339 3359 1392 τῶν
3414 1338 3754 1409 λαμπάδων.

2174 1421 2271 1477 ἐάν
2304 1422 2367 1477 τὸ
2422 1422 2601 1477 ἔλαιον
2658 1425 2807 1494 ἡμᾶς
2869 1423 2945 1495 μὴ
2994 1424 3245 1494 ἐπιλίπῃ,
3277 1422 3376 1476 ἐὰν
3437 1423 3508 1476 τά
3556 1424 3759 1494 χρυσία

2174 1505 2523 1575 χωνεύσασαι
2580 1506 2762 1561 ἔλαιον
2822 1506 3193 1578 ὲργασώμεθα
3249 1506 3515 1570 τοιοῦτον,
3544 1507 3574 1559 ὃ
3611 1508 3756 1559 ποιεῖ

2176 1589 2408 1659 φαιδράς
2451 1591 2548 1655 τάς
2603 1590 2893 1660 λαμπάδας
2935 1606 2949 1619 ο
2981 1589 3043 1643 τὸ
3070 1590 3129 1643 δὲ
3152 1589 3330 1643 ἔλαιον
3384 1590 3564 1643 ἐκεῖνό
3608 1591 3759 1642 ἐστιν

2175 1674 2208 1743 ἡ
2238 1671 2644 1745 φιλανθρωπία.
2662 1673 2789 1728 Ἐὰν
2815 1674 3025 1744 ἑτέροις
3058 1672 3380 1744 μεταδῶμεν
3401 1673 3469 1728 τὰ
3493 1673 3644 1737 ὅντα,
3662 1672 3758 1726 ὲάν

2174 1755 2355 1810 ἔλαιον
2379 1758 2520 1811 αύτά
2558 1758 2947 1829 ἐργασώμεθά,
2982 1757 3106 1811 τότε
3139 1758 3302 1828 ἡμῶν
3354 1758 3753 1828 προστήσεται,

2173 1843 2267 1894 καὶ
2280 1842 2380 1895 οὐκ
2394 1842 2519 1914 ἐροῦ
2528 1860 2628 1913 μεν
2648 1845 2708 1896 ἐν
2724 1843 2923 1915 ἐκείνῳ
2933 1841 3012 1913 τῷ
3024 1840 3220 1913 καιρῷ.
3240 1840 3384 1895 Δότε
3396 1840 3539 1910 ἡμῖν
3549 1840 3759 1894 ἔλαιον

2173 1925 2265 1979 ὅτι
2307 1927 2676 1982 σϐέννυνται
2713 1927 2962 1997 ἡμῶναὶ
2999 1924 3336 1994 λαμπάδες,
3373 1925 3496 1978 οὐδὲ
3551 1924 3758 1994 ἐτέρων

2172 2009 2576 2081 δεηθησόμεθα,
2605 2010 2727 2065 οὐδὲ
2757 2008 3093 2064 ἀπελθοῦσαι
3120 2009 3257 2078 πρὸς
3272 2009 3400 2072 τοὺς
3417 2006 3752 2073 πωλοῦντας,

2174 2094 2732 2167 ἀποκλεισθησόμεθα
2762 2135 2777 2158 ,
2830 2093 2952 2147 οὐδὲ
2993 2092 3347 2163 ἀκουσόμεθα
3403 2093 3503 2164 τῆς
3570 2093 3758 2162 φωνῆς

2173 2178 2391 2249 ἐκείνης
2408 2177 2509 2249 τῆς
2525 2178 2764 2249 φοϐερᾶς
2793 2177 2887 2231 καὶ
2902 2176 3159 2248 φρικτῆς,
3193 2176 3488 2247 κρούουσαι
3546 2176 3647 2237 τάς
3660 2176 3760 2229 θύι-

2179 2279 2275 2333 ρας
2294 2279 2309 2293 '
2340 2265 2464 2316 Οὐκ
2482 2259 2615 2316 οῖδα
2633 2261 2790 2331 ὑμᾶς
2808 2277 2824 2293 ο
2851 2261 2967 2315 ἀλλ’
2998 2261 3369 2331 ἐπιγνώσεται
3425 2261 3593 2331 ἡμᾶς,
3661 2260 3761 2313 καὶ

2177 2345 2701 2416 συνεισελευσόμεθα
2723 2344 2802 2417 τῷ
2819 2344 3060 2416 νυμφίῳ,
3088 2344 3186 2398 καὶ
3203 2344 3541 2408 εἰσελθόντες
3570 2345 3648 2407 είς
3669 2342 3762 2397 τὸν

2176 2445 2240 2482 νυ
2248 2429 2448 2499 μφῶνα
2462 2429 2557 2482 τὸν
2587 2428 2985 2499 πνευματικὸν,
3021 2427 3233 2499 μυρίων
3252 2426 3636 2498 ἀπολαύσομεν
3650 2426 3763 2480 τῶν

2176 2511 2421 2581 ἀγαθῶν.
2450 2513 2516 2566 Et
2540 2513 2652 2583 7&9
2712 2510 2949 2565 ἐνταῦθα
2996 2510 3141 2564 οὕτω
3202 2511 3427 2583 φαιδρὸς
3449 2513 3479 2564 6
3507 2510 3758 2581 νυμφὼν,

2175 2595 2322 2649 οὕτω
2351 2595 2605 2667 λαμπραὶ
2633 2596 2691 2649 αἱ
2727 2595 3021 2663 παστάδες,
3047 2594 3123 2659 ὡς
3152 2595 3362 2667 μηδένα
3400 2594 3760 2666 κορέννυσθαι

2178 2678 2519 2750 προσέχοντα
2540 2697 2554 2710 ο
2590 2678 2744 2750 πόσῳ
2797 2678 3000 2749 μᾶλλον
3034 2679 3187 2745 ἐκεῖ;
3242 2678 3499 2750 Θάλαμός
3552 2680 3700 2731 ἐστιν
3734 2680 3762 2731 6

2180 2763 2436 2834 οὐρανὸς,
2459 2761 2557 2815 καὶ
2604 2760 2698 2814 τοῦ
2753 2760 2987 2832 ούρανοῦ
3010 2763 3039 2814 ό
3060 2759 3290 2832 νυμφὼν
3352 2761 3576 2831 βελτίων
3600 2778 3615 2791 ·
3643 2762 3763 2813 ἐκεῖ

2179 2845 2624 2916 είσελευσόμεθα.
2648 2843 2712 2898 EE
2741 2844 2798 2897 δὲ
2821 2846 2850 2897 6
2874 2843 3103 2915 νυμφὼν
3134 2845 3277 2898 οὕτω
3310 2845 3472 2907 καλὸς
3492 2887 3508 2912 ,
3535 2845 3623 2908 τίς
3651 2845 3761 2915 ἄρα

2178 2929 2334 2983 ἔσται
2359 2931 2387 2982 6
2408 2929 2642 3000 νυμφίος
2673 2944 2687 2995 ;
2720 2929 2833 2983 Καὶ
2859 2928 2914 2981 τί
2944 2928 3088 2997 λέγω
3115 2930 3183 2981 τά
3203 2929 3405 2999 χρυσία
3423 2928 3762 2999 ἀποθέμεναι

2182 3012 2508 3084 μεταδῶμεν
2537 3014 2651 3077 τοῖς
2673 3011 2981 3083 δεομένοις;
3012 3013 3061 3065 εί
3087 3011 3196 3083 7&9
3216 3013 3311 3066 καὶ
3333 3012 3534 3076 ἑαυτὰς
3556 3013 3760 3066 πωλεῖν

2181 3097 2373 3169 ἐχρῆν,
2406 3098 2456 3151 εί
2479 3098 2588 3170 γὰρ
2612 3097 2727 3151 ἀντ’
2754 3096 3058 3167 ἐλευθέρων
3086 3097 3340 3165 γενέσθαι
3367 3098 3583 3163 δούλας,
3618 3098 3760 3152 ὥστε

2180 3180 2483 3252 δυνηθῆναι
2501 3181 2846 3252 μετ’ἐκείνου
2873 3176 3118 3234 εἶναιτοῦ
3144 3180 3510 3250 νυμφίου,τοῦ
3528 3180 3759 3245 κάλλους

2178 3263 2477 3318 ἀπολαύειν
2510 3265 2743 3331 ἐκείνου,
2765 3263 2927 3334 μόνον
2941 3265 3076 3335 όρᾷν
3105 3264 3184 3326 είς
3211 3264 3275 3316 τὸ
3302 3252 3593 3335 πρόσωπον
3609 3264 3761 3318 ἐκεί-

2177 3364 2272 3403 νου
2297 3365 2310 3379 ο
2344 3349 2447 3401 οὐκ
2492 3348 2664 3419 ἐχρῆν
2700 3347 2840 3418 μετὰ
2888 3346 3203 3418 προθυμίας
3254 3346 3473 3401 ἅπαντα
3523 3347 3758 3402 καταδέ-

2180 3431 2380 3500 ξασθαι
2415 3448 2430 3498 ;
2461 3432 2573 3485 Καὶ
2598 3431 2826 3502 βασιλέα
2860 3431 2958 3502 μὲν
2974 3431 3067 3484 τὸν
3086 3430 3179 3484 ἐπὶ
3198 3428 3303 3500 γῆς
3327 3429 3415 3484 ἵνα
3449 3430 3614 3501 μόνον
3641 3432 3761 3485 ἴδω-

2181 3532 2304 3587 μεν,
2336 3514 2603 3579 πολλάκις
2637 3515 2781 3586 ὑπὲρ
2804 3514 2897 3568 τοῦ
2933 3514 3063 3568 ἰδεῖν
3096 3514 3258 3567 αὐτὸν
3289 3514 3379 3569 καὶ
3412 3515 3483 3569 τά
3519 3517 3578 3570 ἐν
3603 3517 3762 3588 χερσὶ

2179 3600 2469 3670 ρίπτομεν,
2498 3600 2595 3652 καὶ
2623 3600 2904 3667 ἀναγκαῖα
2950 3597 3082 3652 ὄντα
3115 3613 3129 3629 ⁸
3163 3597 3304 3669 ὑπὲρ
3324 3598 3382 3651 δὲ
3405 3598 3500 3651 τοῦ
3531 3599 3762 3671 βασιλέα

2176 3683 2274 3737 καὶ
2301 3682 2536 3753 νυμφίον
2564 3683 2623 3735 ἐν
2642 3683 2895 3750 οὐρανοῖς
2922 3681 3210 3753 ἀμφότερα
3230 3682 3379 3746 ὂντα,
3406 3683 3547 3737 ὥστε
3572 3683 3646 3754 μὴ
3666 3684 3760 3754 μό-

2177 3783 2269 3821 νον
2296 3765 2710 3836 καταξιωθῆναι
2733 3766 2884 3831 ίδεῖν,
2903 3765 3039 3819 ἀλλὰ
3065 3766 3161 3819 καὶ
3196 3765 3563 3836 προηγεῖσθαι
3593 3765 3760 3820 αὑτοῦ

2180 3850 2323 3924 μετὰ
2350 3849 2672 3921 λαμπάδων,
2703 3849 2798 3902 καὶ
2821 3851 2990 3918 ἐγγὺς
3023 3848 3189 3902 αὐτοῦ
3221 3845 3383 3915 εἶναι,
3419 3848 3515 3903 καὶ
3535 3849 3763 3903 διαπαν-

2176 3935 2271 3998 τὸς
2302 3932 2454 4006 [270]
2486 3929 2629 3986 εἶναι
2660 3934 2781 4002 μετ’
2802 3931 2992 3997 αὑτοῦ,
3024 3932 3078 3984 τί
3106 3932 3210 3985 ούκ
3249 3931 3358 3985 ἐδει
3391 3934 3599 3995 ποιεῖν;
3626 3931 3680 3985 τί
3703 3931 3763 3985 δὲ

2174 4018 2240 4073 ού
2274 4017 2574 4089 πράττειν;
2610 4015 2664 4068 τί
2689 4016 2747 4068 δέ
2767 4016 2867 4087 οὐχ
2893 4015 3226 4086 ύπομένειν;
3266 4017 3381 4081 Διὸ,
3433 4016 3759 4088 παρακαλῶ,

2177 4101 2437 4173 λάϐωμέν
2469 4118 2593 4155 τινα
2634 4099 2803 4154 πόθον
2826 4101 3056 4154 ἐκείνων
3086 4099 3197 4153 τῶν
3219 4100 3462 4168 ἀγαθῶν,
3503 4100 3763 4172 ποθήσω-

2185 4203 2286 4259 μεν
2308 4187 2516 4239 ἐκεῖνον
2547 4186 2640 4239 τὸν
2666 4183 2923 4255 νυμφίον,
2953 4177 3107 4254 ὦμεν
3130 4182 3391 4255 παρθένοι
3432 4184 3533 4256 τὴν
3587 4184 3764 4255 ἀληθῆ

2182 4268 2486 4341 παρθενίαν
2520 4284 2534 4298 ’
2566 4268 2668 4338 τὴν
2695 4267 2806 4339 γὰρ
2836 4270 2937 4338 τῆς
2962 4266 3144 4337 ψυχῆς
3189 4267 3488 4338 παρθενίαν
3513 4268 3767 4339 ἐπιζητεῖ

2183 4355 2212 4408 6
2240 4352 2545 4421 Δεσπότης.
2581 4351 2739 4406 Μετὰ
2760 4351 2966 4421 ταύτης
3001 4350 3337 4421 εἰσέλθωμεν
3368 4353 3452 4414 είς
3479 4351 3570 4407 τὸν
3597 4352 3762 4422 ούρα-

2180 4436 2295 4503 νδν,
2332 4436 2409 4507 μὴ
2439 4435 2656 4506 ἔχοντες
2680 4434 2946 4505 σπῖλον,ἢ
2981 4434 3189 4504 ῥυτίδα,
3208 4436 3242 4506 ἦ
3267 4451 3321 4488 τι
3341 4435 3452 4489 τῶν
3484 4435 3763 4501 τοιούτων,

2183 4520 2272 4575 ἵνα
2305 4519 2402 4574 καὶ
2432 4518 2544 4572 τῶν
2579 4515 3012 4588 ἐπηγγελμένων
3041 4519 3175 4589 ἡμῖν
3212 4518 3439 4587 ἀγαθῶν
3491 4519 3766 4589 ἐπιτύχω-

2186 4620 2288 4675 μεν
2307 4619 2323 4635 ο
2347 4595 2424 4656 ὧν
2448 4600 2662 4670 γένοιτο
2693 4601 2904 4665 πάντας
2931 4602 3083 4673 ἡμᾶς
3111 4606 3422 4675 μετασχεῖν,
3456 4602 3641 4676 χάριτι
3672 4602 3768 4656 καὶ

2183 4687 2380 4758 φιλανθ
2389 4685 2588 4758 ρωπίᾳ.
