4202 6482
406 428 504 486 QUI

414 547 579 600 etiam
603 560 663 601 es
683 546 730 602 ei
756 549 1004 616 molesta,
1021 559 1076 605 ut
1098 567 1216 623 qua:
1241 554 1291 609 ei
1313 553 1382 609 de
1402 563 1452 610 te
1471 555 1608 611 hanc
1626 573 1882 630 suggeras
1906 564 2029 633 opi-

408 637 657 704 nionem,
672 641 813 704 quod
835 643 1065 698 tenearis
1083 658 1269 700 amore
1285 656 1726 706 ornamentorum
1746 661 1799 708 et
1814 655 2022 714 mundi.

412 735 640 790 Etiamsi
659 735 803 791 enim
825 735 1092 791 reveritus
1109 738 1351 804 maritus,
1371 745 1422 790 ut
1435 737 1526 808 qui
1540 740 1606 792 sit
1625 739 1897 792 modestus
1911 755 2016 790 non

403 827 576 895 dicat,
591 828 736 882 intus
753 837 931 883 tamen
951 827 1090 900 apud
1119 844 1179 884 se
1204 838 1254 885 te
1272 829 1632 894 condemnat;
1658 829 1913 884 invidiam
1932 844 2019 883 au-

406 931 518 975 tem
538 937 646 976 non
669 924 1012 992 comprimet.
1029 924 1222 978 Annon
1246 923 1356 994 jam
1375 939 1592 980 omnem
1615 925 1857 996 expelles
1878 925 2022 979 volu-

406 1025 639 1084 ptatem,
666 1023 724 1070 ut
754 1031 873 1086 qua:
900 1014 1160 1071 adversus
1215 1017 1442 1087 teipsum
1475 1017 1680 1072 excites
1721 1017 2021 1072 invidiam?

481 1107 535 1162 7.
560 1106 730 1178 Egre
751 1107 982 1164 fortasse
1001 1107 1200 1164 auditis
1216 1124 1338 1180 qua:
1358 1108 1631 1177 dicunt-ur,
1653 1117 1707 1164 et
1731 1123 2019 1166 succense-

405 1200 479 1254 tis
500 1199 750 1255 dicentes
779 1218 792 1254 :
829 1199 936 1255 iste
964 1201 1188 1255 maritos
1220 1200 1392 1272 magis
1412 1200 1862 1258 irritatadvcrsus
1885 1216 2022 1256 uxo-

403 1309 522 1348 res.
555 1292 683 1347 Rrec
709 1291 833 1348 dico
863 1307 972 1348 non
997 1293 1215 1350 irritans
1241 1295 1488 1362 maritos,
1516 1295 1612 1350 sed
1649 1295 1772 1352 volo
1800 1310 1830 1350 a
1869 1295 2022 1351 vobis

406 1386 728 1443 lubentibus
756 1385 874 1443 haec
902 1388 1170 1460 praestari,
1193 1397 1414 1460 propter
1440 1405 1562 1457 vos,
1585 1405 1696 1446 non
1723 1401 1940 1462 propter
1955 1391 2024 1445 il-

405 1478 493 1533 los
518 1496 532 1534 :
557 1492 664 1532 non
694 1488 751 1533 ut
770 1478 890 1533 illos
909 1477 1133 1535 liberem
1157 1479 1225 1534 ab
1243 1479 1462 1548 invidia,
1487 1481 1582 1536 sed
1609 1491 1666 1537 ut
1686 1497 1780 1537 vos
1797 1483 2026 1539 liberem

403 1586 435 1624 a
457 1571 748 1641 phantasia
772 1587 955 1626 rerum
985 1571 1147 1642 hujus
1171 1573 1315 1628 vitae.-
1335 1572 1428 1628 Vis
1453 1574 1619 1630 videri
1645 1576 1902 1645 pulchra?
1924 1591 2030 1646 ego

403 1676 632 1732 quoque
659 1660 764 1717 hoc
787 1661 936 1730 volo,
966 1663 1061 1718 sed
1090 1662 1486 1734 pulchritudine
1512 1681 1671 1736 quam
1703 1666 1843 1722 Deus
1873 1683 2026 1738 quae-

403 1756 503 1821 rit,
524 1771 688 1826 quam
710 1755 826 1812 Rex
851 1757 1202 1828 concupiscit.
1223 1757 1520 1828 Quemnam
1546 1760 1624 1814 vis
1650 1759 1848 1818 habere
1873 1777 1991 1816 ama
2007 1789 2028 1801 -

407 1858 589 1904 torem
614 1892 630 1917 ,
660 1849 830 1904 Deum
859 1863 928 1904 an
957 1848 1248 1906 homines?
1276 1849 1333 1907 Si
1375 1852 1452 1907 sis
1483 1852 1556 1907 ita
1590 1851 1834 1923 pulchra,
1882 1854 2027 1910 Deus

411 1953 565 1998 tuam
612 1942 966 2012 concupiscet
1013 1943 1473 2012 pulchritudinem
1525 1963 1538 1998 :
1586 1947 1671 2001 sin
1715 1959 1895 2008 autem
1927 1947 2029 2004 hoc

408 2037 621 2105 absque
673 2035 766 2088 illo
785 2075 799 2102 ,
837 2035 928 2090 ille
953 2035 1175 2105 quidem
1201 2044 1252 2091 te
1279 2036 1632 2104 abhorrebit,
1661 2048 1822 2094 erunt
1847 2049 2026 2096 autem

413 2131 491 2184 lui
517 2137 792 2182 amatores
824 2128 923 2182 viri
949 2127 1164 2182 scelesti
1198 2146 1214 2182 :
1238 2129 1415 2185 nullus
1440 2130 1584 2185 enim
1608 2143 1690 2185 est
1719 2131 1910 2200 bonus,
1937 2133 2027 2204 qui

416 2231 561 2277 amet
589 2221 874 2276 mulierem
897 2220 1141 2291 junctam
1169 2224 1532 2278 matrimonio.
1579 2223 1692 2279 Hoc
1727 2226 1890 2281 etiam
1930 2243 2025 2282 co-

423 2315 532 2384 gita
569 2313 619 2367 in
664 2312 869 2368 mundo
910 2321 1162 2368 externo.
1209 2313 1343 2368 Nam
1375 2313 1465 2370 ille
1503 2314 1721 2384 quidem
1753 2316 2024 2387 mundus,

427 2405 674 2471 mundus,
708 2404 950 2476 inquam,
980 2405 1198 2470 anima},
1233 2405 1404 2461 Deum
1438 2407 1696 2474 attrahit;
1735 2408 1820 2463 hic
1849 2421 2030 2466 autem

420 2508 605 2556 contra
652 2500 797 2554 viros
858 2499 1177 2555 sceleratos.
1227 2499 1395 2555 Vides
1436 2501 1580 2571 quod
1628 2502 1796 2557 vestri
1844 2519 2027 2559 curam

413 2609 569 2664 gero,
601 2591 748 2663 quod
777 2591 844 2647 de
866 2591 1020 2647 vobis
1049 2608 1167 2648 sum
1198 2592 1495 2661 sollicitus,
1529 2604 1587 2650 ut
1612 2595 1733 2652 sitis
1755 2597 2017 2668 pulchrte,

413 2704 548 2744 vere
582 2688 822 2756 pulchrae
845 2697 898 2743 et
923 2689 1175 2758 gloriosae
1210 2707 1224 2744 :
1256 2697 1314 2744 ut
1345 2705 1440 2759 pro
1469 2689 1598 2745 viris
1619 2691 1898 2746 sceleratis
1933 2692 2029 2745 ha-

419 2785 598 2840 beatis
647 2792 942 2838 amatorem
1001 2783 1170 2838 Deum
1231 2781 1474 2836 omnium
1528 2779 1857 2834 Dominum?
1899 2780 2030 2845 Qua:

414 2889 604 2933 autem
629 2877 781 2931 illum
813 2876 975 2931 habet
1002 2884 1300 2930 amatorem
1322 2915 1337 2938 ,
1372 2873 1460 2929 cui
1489 2873 1594 2929 erit
1621 2872 1850 2926 similis?
1895 2871 2030 2926 cbo-

414 2984 514 3024 ros
543 2969 710 3024 ducet
740 2984 860 3021 cum
882 2967 1115 3038 angelis.
1163 2965 1296 3020 Nam
1346 2967 1389 3020 si
1433 2980 1553 3036 qua:
1582 2980 1612 3018 a
1649 2979 1772 3034 rege
1799 2972 2028 3031 amatur,

410 3075 586 3131 supra
616 3076 810 3115 omnes
834 3061 988 3116 beata
1021 3058 1236 3113 ducitur
1261 3077 1274 3113 :
1304 3074 1426 3129 quae
1456 3073 1486 3112 a
1519 3058 1630 3113 Deo
1657 3057 1824 3111 multo
1843 3071 2030 3111 amore

409 3154 685 3224 diligitur,
720 3161 919 3224 quanta
948 3154 1051 3208 erit
1079 3153 1197 3222 ejus
1226 3151 1506 3222 dignitas?
1554 3148 1780 3205 Etiamsi
1825 3149 2028 3205 dixeris

407 3244 610 3299 orbem
658 3253 858 3310 terrae,
910 3243 1044 3299 nihil
1077 3245 1181 3298 erit
1210 3243 1428 3314 dignum
1473 3242 1563 3296 illa
1610 3240 2026 3312 pulchritudine.

410 3337 574 3391 lianc
602 3351 731 3406 ergo
757 3335 999 3390 colamus
1032 3335 1506 3406 pulchritudinem,
1532 3334 1632 3388 hoc
1652 3337 1850 3388 mundo
1871 3348 2030 3388 orne-

403 3444 560 3489 mur,
589 3434 649 3481 ut
676 3426 744 3481 ad
773 3427 938 3482 caelos
967 3427 1362 3497 perveniamus,
1394 3426 1446 3480 in
1468 3425 1743 3480 ccenacula
1775 3424 2027 3495 spiritua-

402 3521 505 3584 lia,
534 3519 589 3573 in
613 3517 905 3572 thalamum
935 3519 1118 3588 Sponsi
1142 3518 1193 3570 in
1213 3531 1370 3588 quem
1390 3515 1567 3570 nullus
1582 3514 1726 3570 cadit
1751 3515 2022 3569 interitus.

400 3611 550 3666 Nam
578 3611 695 3664 haec
718 3611 931 3681 quidem
960 3609 1303 3679 pulchritudo
1323 3608 1388 3663 ab
1407 3607 1656 3663 omnibus
1673 3608 1833 3664 rebus
1849 3623 2022 3678 expu-

393 3712 635 3774 gnatur,
655 3712 709 3757 et
734 3702 949 3772 quando
985 3700 1147 3756 etiam
1172 3699 1400 3772 pulchre
1429 3699 1723 3766 manserit,
1753 3708 1805 3754 et
1849 3715 2022 3769 neque

397 3797 639 3852 morbus
660 3812 830 3865 neque
861 3794 1165 3849 sollicitudo
1181 3809 1300 3849 eam
1323 3794 1620 3858 vexaverit,
1637 3791 1778 3862 quod
1806 3791 2020 3862 quidem

398 3889 529 3944 tieri
565 3901 674 3944 non
706 3897 900 3957 potest,
927 3902 1032 3941 non
1058 3894 1523 3956 permanetannos
1554 3883 1772 3954 viginti:
1809 3883 1899 3937 illa
1926 3899 2023 3938 au-

397 3995 518 4038 tem
540 3995 758 4051 semper
777 3980 956 4047 oret,
980 3995 1196 4048 semper
1209 3980 1377 4050 viget:
1400 3993 1503 4032 non
1525 3986 1608 4033 est
1630 3978 1735 4032 illic
1756 3976 1896 4048 quod
1919 3993 2024 4032 mc-

396 4089 531 4132 tuas
558 4076 937 4142 mutationem,
961 4089 1066 4128 non
1091 4075 1302 4128 irruens
1319 4082 1568 4128 senectus
1586 4072 1788 4127 inducit
1809 4087 2016 4141 rugam,

396 4187 518 4225 non
552 4169 808 4239 ingruens
835 4169 1058 4223 morbus
1090 4166 1368 4222 flaccidam
1391 4164 1577 4231 efficit,
1607 4180 1712 4218 non
1736 4180 1802 4219 cx
1825 4164 2018 4218 animae

392 4259 731 4331 aegritudine
761 4257 1004 4329 profecta
1034 4273 1161 4312 cura
1190 4273 1310 4312 eam
1343 4257 1672 4326 corrumpit;
1700 4257 1793 4310 sed
1820 4265 1903 4310 est
1935 4255 2017 4310 his

395 4351 668 4410 omnibus
696 4348 968 4420 superior.
1002 4347 1129 4404 llaec
1163 4358 1342 4402 autem
1373 4347 1680 4418 priusquam
1709 4346 2017 4416 apparuerit

393 4443 620 4502 recedit
645 4459 659 4508 ;
684 4451 740 4498 et
767 4458 886 4497 cum
917 4442 1248 4511 apparuerit,
1283 4454 1389 4494 non
1424 4441 1620 4495 multos
1649 4439 1810 4494 habet
1839 4438 2014 4492 admi-

393 4545 646 4592 ratores.
677 4532 811 4588 Nam
845 4533 936 4602 qui
971 4540 1101 4587 sunt
1133 4531 1362 4587 modesti
1385 4541 1438 4586 et
1471 4539 1854 4601 temperantes,
1905 4547 2012 4584 non

391 4626 780 4690 admirantur;
806 4625 898 4693 qui
924 4633 1104 4678 autem
1129 4621 1486 4689 admirantur,
1516 4637 1637 4677 cum
1669 4621 1892 4676 libidine
1913 4621 2012 4676 ad-

393 4724 694 4778 mirantur.
729 4719 807 4775 Ne
840 4719 978 4774 hanc
1004 4734 1135 4789 ergo
1158 4718 1420 4780 colamus,
1454 4716 1548 4772 scd
1580 4715 1726 4770 illam
1766 4733 1778 4767 :
1811 4715 1884 4769 illi
1912 4715 2011 4770 ad-

399 4815 755 4877 haereamus,
802 4821 862 4865 ut
905 4827 1026 4866 cum
1073 4810 1350 4881 prieclaris
1377 4808 1711 4879 lampadibus
1743 4809 1794 4862 in
1827 4807 2011 4878 sponsi

395 4905 707 4960 thalamum
736 4903 1033 4958 veniamus.
1073 4901 1190 4956 Non
1217 4902 1360 4958 enim
1389 4901 1685 4972 virginibus
1723 4901 1895 4955 solum
1928 4909 2011 4955 est

395 4998 512 5052 hoc
569 4994 895 5064 promissum
917 5034 933 5061 ,
982 4992 1077 5048 sed
1107 4992 1390 5048 animabus
1419 5009 1537 5062 quae
1574 5001 1700 5047 sunt
1729 4992 1960 5063 virgines
1992 5010 2006 5048 :

391 5104 528 5146 nam
558 5088 603 5142 si
627 5086 729 5142 hoc
758 5097 902 5143 esset
931 5087 1198 5156 virginum
1225 5095 1450 5152 tantum,
1480 5085 1717 5156 quinque
1742 5100 1848 5139 non
1877 5084 2009 5140 fuis-

393 5189 526 5234 sent
555 5179 808 5233 exclusae.
855 5178 967 5234 lloc
996 5193 1124 5248 ergo
1151 5187 1235 5234 est
1260 5178 1650 5253 omniumqu
1676 5185 1802 5232 sunt
1829 5178 2006 5234 anima

390 5271 665 5344 virgines,
699 5285 817 5342 qua:
847 5280 973 5327 sunt
1003 5271 1244 5328 liberatae
1271 5271 1339 5325 ab
1369 5268 1530 5340 hujus
1556 5270 1677 5325 vitae
1723 5268 2006 5339 cogitatio-

1159 442 1226 501 lN
1265 441 1484 503 EPIST.
1517 448 1605 504 AD
1643 448 2002 512 .
2047 457 2197 514 CAP.
2235 458 2348 516 XII.
2394 462 2624 520 llOMlL.
2665 463 2893 522 XXVIII.

3603 472 3724 527 203'

2121 571 2315 626 nibus:
2349 585 2700 644 corrumpunt
2723 575 2866 630 enim
2896 575 3103 630 animas
3138 575 3220 629 ha:
3246 576 3618 645 cogitationes.
3656 580 3710 633 Si
3757 627 3774 638 ,

2114 679 2243 734 ergo
2266 681 2578 722 maneamus
2601 668 2790 739 integri
2815 677 2868 724 et
2895 666 3114 734 sinceri,
3139 668 3262 722 illuc
3282 668 3497 735 ibimus,
3526 677 3579 723 ct
3607 671 3714 724 illic

2111 757 2458 826 excipiemur.

2191 845 2465 917 Virginitas
2507 863 2622 900 vera
2657 862 2788 917 qam.
2811 876 2883 885 -
2906 843 3326 914 Despondt'.~euim
3356 858 3472 906 vos,
3507 843 3698 911 inquit,

2108 939 2196 995 uni
2226 939 2352 1005 viro,
2381 939 2631 1011 virginem
2657 948 2849 992 castam
2877 938 3110 994 exhibere
3138 934 3340 990 Christo
3367 934 3443 1006 (2.
3467 933 3588 988 Cor.
3613 935 3699 988 .

2107 1031 2188 1100 2).
2238 1029 2364 1086 Haec
2390 1046 2494 1083 non
2524 1030 2739 1084 dicebat
2772 1027 3091 1099 virginibus,
3121 1026 3217 1082 sed
3244 1026 3406 1081 coetui
3437 1025 3702 1080 universa:

2093 1121 2371 1178 Ecclesiae.
2426 1122 2560 1177 Nam
2612 1121 2763 1192 cujus
2804 1130 2886 1175 est
2929 1121 3107 1174 anima
3137 1121 3471 1190 incorrupta,
3517 1133 3580 1174 ea

2107 1217 2280 1287 virgo,
2307 1216 2407 1271 etsi
2435 1214 2598 1270 habet
2642 1213 2925 1278 maritum;
2959 1213 3130 1283 virgo,
3156 1212 3394 1282 inquam,
3418 1226 3546 1276 cum
3577 1226 3702 1264 vera

2109 1305 2830 1378 virginitatc,etadmiranda
2853 1323 2866 1359 :
2889 1321 3012 1362 nam
3034 1305 3276 1373 corporis
3304 1303 3515 1373 quidem
3545 1303 3704 1373 virgi-

2109 1399 2249 1452 nitas
2269 1407 2352 1454 est
2378 1398 2520 1454 illius
2539 1412 2723 1452 comes
2747 1405 2802 1452 et
2829 1397 3016 1451 umbra
3039 1411 3054 1461 ;
3085 1410 3206 1449 vera
3225 1403 3403 1450 autem
3428 1394 3704 1464 virginitas

2107 1498 2188 1544 est
2208 1489 2318 1545 illa.
2340 1489 2488 1543 llanc
2508 1489 2771 1554 colamus,
2802 1495 2856 1543 et
2885 1488 2953 1541 ita
2982 1487 3274 1558 poterimus
3306 1486 3428 1540 laeto
3451 1485 3599 1540 vultu
3622 1486 3703 1539 vi-

2106 1580 2238 1636 dere
2263 1595 2542 1652 sponsum,
2563 1589 2618 1635 et
2645 1595 2765 1636 cum
2795 1578 3200 1650 splendentibus
3230 1576 3434 1648 ingredi
3455 1576 3722 1647 lampadir

2106 1673 2286 1738 bus,si
2317 1672 2497 1728 oleum
2523 1672 2677 1728 nobis
2709 1687 2814 1726 non
2840 1671 3076 1737 deficiat,
3102 1671 3144 1724 si
3167 1671 3344 1724 aureis
3375 1669 3705 1724 ornamentis

2106 1764 2239 1820 fusis
2259 1773 2313 1820 et
2342 1764 2590 1819 conflatis
2611 1762 2875 1834 ejusmodi
2907 1762 3086 1817 oleum
3120 1761 3535 1826 confecerimus,
3561 1760 3714 1830 quod

2106 1855 2452 1926 splendentes
2483 1854 2658 1910 reddit
2688 1853 2964 1922 lampades
2996 1871 3009 1906 :
3035 1852 3164 1906 illud
3203 1862 3380 1906 autem
3414 1851 3592 1906 oleum
3621 1862 3706 1906 cst

2105 1949 2299 2002 caritas
2341 1947 2395 2000 in
2443 1946 2707 2001 homines.
2759 1945 2815 2000 Si
2863 1944 2984 1998 aliis
3028 1952 3241 1998 nostras
3286 1942 3706 2013 impertierimus

2106 2037 2411 2104 facultates,
2436 2037 2482 2090 si
2523 2037 2700 2090 oleum
2730 2042 2822 2090 eas
2854 2034 3178 2101 fecerimus,
3225 2042 3351 2088 tunc
3391 2048 3488 2088 nos
3521 2043 3704 2103 prote-

2104 2139 2194 2201 get
2240 2139 2294 2187 et
2337 2129 2620 2196 defendet,
2678 2138 2732 2185 et
2772 2144 2878 2184 non
2909 2129 3153 2184 dicemus
3188 2129 3244 2183 in
3291 2128 3385 2182 illo
3413 2137 3654 2201 tempore

2104 2221 2239 2276 Date
2286 2222 2430 2276 nobis
2476 2221 2645 2276 oleum
2665 2263 2681 2288 ,
2734 2221 2978 2292 quoniam
3009 2219 3271 2291 lampades
3304 2229 3492 2274 nostra
3516 2220 3705 2274 exstin-

2105 2326 2331 2388 guuntur
2361 2314 2577 2386 (Matth.
2609 2313 2699 2370 25.
2734 2313 2813 2386 8),
2844 2330 3020 2384 neque
3049 2314 3172 2369 aliis
3198 2314 3496 2385 egebimus,
3530 2329 3704 2383 neque

2103 2418 2294 2464 euntes
2325 2407 2392 2462 ad
2427 2422 2523 2462 eos
2550 2407 2641 2477 qui
2668 2406 2946 2471 vendunt,
2981 2405 3333 2462 excludemur
3355 2448 3371 2474 ,
3401 2422 3574 2477 neque
3604 2423 3703 2463 au.-

2103 2500 2314 2554 dicmus
2338 2514 2525 2555 vocem
2558 2498 2699 2552 illam
2731 2498 3027 2554 terribilem
3076 2506 3131 2553 et
3176 2497 3499 2552 horrendam
3521 2540 3534 2562 ,
3584 2500 3702 2569 pul-

2103 2602 2285 2648 santes
2313 2593 2529 2657 ostium,
2557 2591 2746 2646 Nescio
2777 2607 2897 2657 vos;
2924 2591 3020 2647 sed
3052 2606 3150 2646 nos
3179 2600 3468 2662 agnoscet,
3502 2604 3553 2648 ct
3580 2609 3702 2651 cum

2103 2699 2304 2752 sponso
2336 2682 2658 2738 intrabimus
2678 2727 2692 2750 ,
2726 2691 2780 2738 et
2809 2683 2858 2736 in
2885 2682 3220 2752 spiritualem
3260 2683 3442 2753 sponsi
3473 2685 3703 2754 ingressi

2104 2776 2393 2830 thalamum
2420 2818 2433 2841 ,
2459 2774 2701 2830 fruemur
2729 2776 2886 2831 bouis
2910 2776 3412 2832 innumerabilibus.
3460 2778 3515 2834 Si
3557 2782 3702 2838 enim

2104 2869 2189 2924 hic
2213 2869 2348 2925 adeo
2373 2869 2590 2939 elegans
2619 2878 2702 2925 est
2722 2870 2903 2940 sponsi
2930 2870 3216 2935 thalamus,
3250 2871 3387 2926 adeo
3415 2873 3698 2942 splendida

2102 2963 2400 3028 cmnacula,
2429 2971 2489 3017 ut
2519 2978 2678 3018 nemo
2701 2961 2988 3018 attendens
3014 2963 3242 3017 satietur
3263 3005 3277 3031 ,
3301 2975 3502 3034 quanto
3532 2970 3703 3037 magis

2104 3058 2244 3112 illic?
2269 3057 2567 3112 Thalamus
2595 3066 2679 3112 est
2723 3057 2913 3112 carlum
2933 3098 2949 3123 ,
2988 3066 3042 3111 et
3067 3057 3250 3128 sponsi
3277 3058 3542 3114 thalamus
3569 3062 3702 3115 caelo

2104 3148 2294 3203 melior
2327 3167 2339 3202 :
2368 3148 2493 3203 illuc
2523 3148 2909 3219 ingrediemur.
2939 3147 2993 3203 Si
3015 3156 3193 3202 autem
3223 3149 3406 3219 sponsi
3438 3149 3702 3205 thalamus

2102 3241 2347 3298 estadeo
2378 3240 2617 3310 pulcher,
2650 3240 2771 3310 quis
2807 3240 2911 3295 erit
2965 3255 3097 3309 ergo
3138 3239 3254 3309 ipse
3303 3243 3582 3311 sponsus?
3635 3243 3701 3296 lit

2104 3334 2230 3406 quid
2258 3333 2378 3388 dico
2420 3341 2477 3388 ut
2508 3333 2770 3402 depositis
2815 3333 2993 3388 aureis
3023 3334 3377 3398 ornamentis,
3406 3350 3468 3390 ea
3496 3335 3698 3406 imper-

2105 3427 2298 3480 tiamus
2345 3424 2661 3496 egentibus?
2700 3442 2826 3480 nam
2876 3426 2922 3478 si
2967 3434 3244 3494 oporteret
3286 3426 3369 3481 vel
3411 3443 3507 3483 vos
3557 3429 3699 3499 ipsas

2103 3518 2437 3573 venumdare
2458 3560 2472 3583 ,
2525 3518 2570 3573 si
2608 3533 2704 3588 pro
2740 3519 2924 3573 liberis
2952 3518 3066 3573 eri
3095 3519 3351 3587 ancillas,
3383 3532 3442 3575 ut
3468 3524 3699 3592 possetis

2101 3625 2223 3666 cum
2270 3610 2360 3663 illo
2395 3623 2517 3665 esse
2551 3624 2774 3679 sponso,
2815 3610 2902 3664 illa
2931 3609 3032 3665 frui
3062 3610 3464 3682 pulchritudine
3485 3656 3499 3680 ,
3529 3625 3585 3671 et
3610 3633 3699 3670 so-
3768 3675 3776 3681 _

2101 3701 2209 3755 lum
2245 3701 2394 3756 illum
2424 3703 2623 3757 vultum
2655 3704 2850 3759 intueri
2881 3722 2894 3759 :
2927 3720 3105 3760 annon
3138 3713 3414 3776 oporteret
3443 3719 3566 3758 cum
3595 3720 3706 3759 om-

2100 3793 2156 3848 ni
2198 3794 2478 3851 alacritate
2505 3796 2674 3852 animi
2704 3798 2888 3853 omnia
2915 3799 3235 3868 suscipere?
3261 3798 3463 3868 Regem
3497 3798 3586 3868 qui
3621 3808 3706 3853 cst

2100 3885 2154 3940 in
2185 3891 2328 3940 terra
2351 3895 2410 3942 ut
2436 3887 2738 3956 videamus,
2762 3905 2906 3960 saepe
2931 3905 3052 3961 qua:
3079 3898 3204 3946 sunt
3227 3891 3278 3943 in
3308 3889 3559 3945 manibus
3601 3891 3707 3948 etsi

2101 3979 2430 4047 necessaria,
2445 3980 2747 4052 abjieimus.
2768 3981 2995 4050 Quando
3015 3992 3193 4038 autem
3219 3981 3414 4037 videris
3430 3991 3483 4037 et
3504 3981 3708 4052 Regem.

2097 4079 2151 4124 et
2174 4085 2452 4141 Sponsum,
2473 4072 2643 4127 multo
2666 4075 2833 4144 magis
2852 4075 2902 4129 id
2925 4073 3086 4130 alacri
3110 4075 3290 4133 animo
3311 4083 3590 4144 Oporteret
3612 4090 3706 4135 su.-

2100 4164 2327 4232 seipere.
2368 4163 2578 4220 Revera
2616 4167 2731 4223 haec
2757 4167 2972 4238 quidem
3002 4178 3130 4224 sunt
3160 4168 3371 4233 umbra,
3405 4167 3491 4222 illa
3524 4177 3714 4228 autem.

2101 4255 2320 4308 veritas.
2345 4255 2412 4311 Ut
2443 4273 2619 4328 regem
2650 4271 2830 4314 autem
2857 4267 2912 4314 et
2937 4275 3193 4334 sponsum
3225 4259 3278 4314 in
3311 4260 3458 4314 carlis
3485 4274 3588 4314 non
3619 4275 3707 4319 so-

2099 4347 2211 4404 lum
2241 4350 2427 4407 videre
2454 4353 2712 4421 digneris,
2739 4353 2832 4410 sed
2861 4355 3021 4410 etiam
3052 4355 3327 4425 praecedas
3345 4369 3469 4409 cum
3502 4356 3706 4424 lampa-

2099 4433 2278 4511 dibus,
2315 4455 2367 4500 et
2397 4447 2470 4499 sis
2505 4461 2670 4513 projie
2703 4447 2898 4514 ipsum,
2928 4458 2983 4504 et
3011 4458 3270 4517 perpetuo
3299 4450 3372 4502 sis
3399 4465 3520 4504 cum
3550 4449 3701 4518 ipso,

2103 4529 2229 4602 quid
2254 4547 2360 4588 non
2387 4541 2662 4602 oporteret
2694 4531 2873 4590 facere
2895 4576 2910 4601 ,
2941 4535 3079 4606 quid,
3097 4552 3208 4599 non,
3230 4553 3414 4608 agere,
3439 4539 3567 4609 quid
3602 4556 3711 4596 non

2111 4624 2386 4681 tolerare?
2408 4625 2534 4681 ideo
2556 4641 2686 4697 rogo
2708 4641 2803 4682 vos
2829 4628 3104 4699 capiamus
3132 4629 3349 4700 aliquod
3373 4631 3600 4692 illorum
3623 4634 3717 4688 bo-

2108 4733 2300 4773 norum
2323 4718 2670 4784 desiderium,
2685 4720 3057 4778 desideremus
3077 4723 3227 4779 illum
3247 4739 3527 4794 sponsum,
3543 4726 3715 4783 simus

2107 4825 2231 4866 vera
2279 4811 2588 4882 virginitate
2618 4812 2891 4882 virgines:
2923 4815 3119 4869 anima:
3159 4817 3303 4871 enim
3352 4817 3716 4887 virginitatem

2107 4902 2333 4974 requirit
2384 4903 2664 4960 Dominus.
2692 4905 2826 4960 Cum
2854 4920 2916 4960 ea
2949 4906 3003 4960 in
3051 4907 3245 4962 caelum
3296 4908 3580 4976 intremus,
3612 4925 3714 4965 nec

2107 4993 2404 5052 habeamus
2422 4997 2682 5052 maculam
2703 5007 2794 5051 aut
2812 5012 3022 5068 rugam,
3041 5006 3132 5051 aut
3150 4998 3352 5069 aliquid
3372 4998 3711 5069 hujusmodi:

2107 5096 2164 5142 ut
2215 5103 2570 5160 assequamur
2626 5089 2778 5147 bona.
2821 5089 3130 5159 promissa:
3177 5107 3296 5162 quae
3349 5092 3505 5148 detur
3551 5093 3714 5150 nobis

2105 5182 2362 5254 eonscqui
2391 5182 2562 5254 gratia
2594 5192 2647 5238 et
2674 5181 3020 5252 benignitate.
