4202 6460
548 575 733 584 ..ρ-.-

1197 435 1253 491 S.
1294 436 1566 494 JOANNIS
1601 437 2080 496 GllllYSOSTOMl
2120 436 2434 493 AliClllEP.
2473 436 3007 495 CONS'I‘ANTlNOP.

3675 432 3778 489 9.04

2568 583 2791 598 *-

2798 585 3772 611 ...κ-,Ἥ

1848 654 2195 717 HOMILIA
2240 656 2484 718 XXIX.

491 774 617 826 Car.
664 773 749 826 12.
794 789 844 825 ν.
883 774 938 828 4.
985 771 1233 827 Nondum
1276 790 1434 845 usque
1473 776 1544 829 ad
1568 776 1867 847 sanguinem
1903 777 2091 831 restiti-

558 866 649 920 stis
677 867 917 920 adversus
944 877 1207 937 peccatum
1237 879 1577 940 repugnantes
1600 886 1620 924 :
1644 869 1698 924 5.
1727 881 1775 924 et
1793 869 1938 924 obliti
1969 872 2090 926 estis

559 958 942 1024 consolationis,
972 975 1086 1028 qua:
1116 959 1254 1014 vobis
1283 968 1544 1031 tamquam
1570 960 1694 1029 ﬁliis
1725 960 1971 1032 loquitur,
2002 963 2083 1015 di-

559 1066 717 1103 cens:
749 1048 855 1103 Fili
887 1052 990 1114 mi,
1038 1052 1142 1104 noli
1170 1050 1425 1122 negligere
1464 1052 1793 1122 disciplinam
1842 1033 2084 1117 Domini,

558 1157 720 1210 neque
743 1141 973 1212 [aligeris
1004 1142 1125 1196 dum
1151 1143 1215 1196 ab
1243 1159 1302 1197 eo
1333 1143 1629 1215 corriperis.
1665 1143 1721 1198 6.
1766 1144 1927 1209 Quem
1950 1144 2085 1197 enim

560 1235 726 1306 diligit
756 1233 1032 1300 Dominus,
1052 1235 1270 1306 castigat
1298 1249 1318 1289 :
1337 1235 1568 1307 ﬂagellat
1591 1245 1760 1288 autem
1789 1250 1989 1288 omnem
2015 1234 2084 1302 [i-

560 1328 686 1381 lium
715 1344 865 1395 quem
894 1328 1092 1397 recipit.
1117 1327 1170 1381 7.
1204 1326 1264 1382 Si
1292 1326 1552 1381 sustinetis
1588 1325 1935 1396 disciplinam,
1963 1342 2083 1395 erga

558 1435 645 1473 uos
676 1429 934 1488 tamquam
961 1436 1080 1489 erga
1099 1417 1235 1487 ﬁlios
1260 1417 1507 1489 afﬁcietur
1528 1414 1687 1471 Deus.
1711 1416 1838 1482 Quis
1859 1425 1931 1470 est
1947 1417 2080 1471 enim

559 1513 700 1580 ﬁlius
728 1528 874 1582 quem
902 1528 1002 1565 non
1031 1510 1239 1581 corripit
1265 1510 1447 1581 pater?

560 1605 615 1660 1.
661 1604 786 1658 Duae
813 1612 939 1659 sunt
967 1603 1181 1673 Species
1204 1600 1591 1657 consolationis
1613 1641 1627 1666 ,
1673 1615 1793 1671 quae
1830 1598 2081 1656 videntur

487 1711 609 1752 esse
637 1696 775 1751 inter
803 1711 863 1750 se
883 1695 1170 1749 contrarize
1192 1736 1207 1761 ,
1255 1708 1501 1764 magnam
1527 1702 1708 1747 autem
1736 1707 1922 1748 secum
1970 1694 2076 1747 vim

487 1786 718 1841 alit-runt
750 1802 765 1840 :
795 1800 929 1856 quas
958 1785 1045 1840 hic
1077 1785 1250 1855 posuit
1280 1783 1488 1840 ambas.
1530 1782 1649 1841 Una
1692 1784 1909 1855 quidem
1960 1795 2074 1853 est,

485 1878 699 1949 quando
733 1877 967 1956 dicimus
1011 1877 1223 1949 aliquos
1252 1877 1420 1933 multa
1449 1892 1571 1933 esse
1598 1892 1825 1948 passos:
1859 1878 2077 1948 requie-

489 1970 749 2025 sciteuim
772 1970 1004 2037 animus,
1023 1969 1235 2039 quando
1266 1968 1429 2024 habet
1457 1971 1654 2027 multos
1676 1980 1841 2030 testes
1865 1989 2083 2033 suarum

490 2059 901 2131 perpessionum
932 2076 944 2111 :
977 2074 1135 2130 quam
1166 2059 1384 2130 quidem
1413 2075 1571 2131 supra
1602 2063 1819 2132 posuit,
1847 2063 2034 2120 dicens
2068 2084 2082 2121 :

487 2151 920 2207 Rememoramini
938 2161 1106 2205 autem
1124 2149 1367 2220 pristinos
1385 2151 1514 2218 dies,
1532 2152 1585 2206 in
1606 2153 1787 2224 quibus
1810 2155 2085 2210 illuminati

487 2260 731 2316 magnum
753 2252 1008 2298 certamen
1029 2244 1341 2297 sustinuistis
1362 2243 1946 2316 passionumt'llebrAO.
1966 2247 2081 2320 52):

486 2336 657 2391 altera
685 2343 889 2401 autem,
918 2332 1133 2405 quando
1164 2334 1414 2403 dicimus,
1436 2333 1554 2390 Non
1582 2351 1639 2392 es
1667 2351 1859 2408 passus
1884 2339 2084 2411 aliquid

488 2443 737 2499 magnum
768 2444 782 2482 :
814 2441 939 2483 nam
973 2426 1076 2482 hoc
1118 2425 1263 2481 dicto
1292 2429 1663 2483 convertimur
1688 2439 1742 2484 et
1762 2431 2082 2500 excitamur,

486 2532 647 2592 atque
669 2520 735 2576 ad
765 2519 1073 2591 patiendum
1108 2521 1401 2576 alacriores
1431 2519 1714 2576 eflicimur.
1746 2522 1840 2578 Illa
1867 2524 2081 2594 quidem

486 2613 613 2668 facit
631 2622 689 2668 ut
712 2610 909 2667 afﬂicta
927 2622 982 2668 et
997 2619 1185 2666 vexata
1206 2612 1447 2682 quiescat
1466 2628 1481 2678 ;
1503 2612 1618 2668 hzec
1633 2623 1811 2669 autem
1841 2615 2082 2686 ignavam

486 2706 720 2759 animam
740 2705 894 2760 sedat
916 2714 972 2759 et
1001 2712 1245 2770 recreat;
1266 2705 1471 2775 pigram
1499 2715 1554 2760 et
1583 2707 1827 2778 supinam
1850 2724 2080 2766 conver-

486 2796 553 2850 tit
573 2805 628 2851 et
654 2811 684 2850 a
708 2795 960 2866 superbia
984 2793 1230 2849 retrahit.
1259 2794 1339 2850 Ne
1362 2795 1523 2866 igitur
1552 2812 1622 2853 ex
1649 2798 1740 2854 illo
1771 2801 2079 2857 testimonio

486 2889 565 2943 eis
592 2895 903 2943 nasceretur
929 2886 1121 2954 fastus,
1142 2886 1261 2942 vide
1283 2886 1409 2957 quid
1441 2885 1604 2944 faciat
1635 2906 1648 2943 :
1681 2888 1965 2957 Nondum,
1994 2892 2078 2948 iu-

487 2979 624 3050 quit,
651 2994 811 3048 usque
851 2977 919 3032 ad
944 2978 1245 3048 sanguinem
1272 2977 1532 3033 restitistis
1557 2979 1798 3036 adversus
1825 2994 2084 3050 peccatum

485 3079 827 3141 repugnantes
860 3079 948 3125 :et
977 3069 1122 3125 obliti
1147 3070 1266 3125 estis
1307 3069 1691 3127 consolationis.
1747 3072 1859 3130 Nec
1901 3077 2084 3133 statim

488 3158 763 3227 subjuuxit
809 3173 929 3228 quae
979 3166 1297 3228 sequuntur,
1341 3156 1435 3211 sed
1464 3170 1584 3210 cum
1630 3156 1709 3210 eis
1748 3155 2072 3210 ostendisset

485 3263 675 3302 omnes
713 3248 802 3318 qui
850 3246 917 3302 ad
956 3247 1270 3316 sanguinem
1312 3260 1480 3315 usque
1521 3243 1846 3307 restiterant,
1882 3242 2077 3299 deinde

486 3339 874 3408 subjunxisset,
901 3337 1272 3409 gloriationcm
1303 3351 1424 3392 esse
1454 3335 1653 3391 Christi
1680 3335 2074 3405 perpessiones,

490 3442 616 3487 tunc
650 3429 807 3486 facile
838 3437 1033 3485 cietera
1059 3439 1141 3486 est
1162 3436 1535 3499 persequutus.
1586 3425 1701 3481 Hoc
1740 3426 1902 3482 etiam
1944 3425 2079 3481 seri-

489 3525 622 3579 beus
658 3523 726 3578 ad
755 3522 1094 3590 Corinthios,
1143 3521 1272 3577 dicit
1304 3540 1317 3576 :
1347 3519 1583 3575 Tentatio
1630 3536 1717 3574 uos
1760 3535 1864 3573 non
1896 3534 2078 3589 appre-

492 3614 710 3680 hendat,
735 3614 833 3668 nisi
859 3613 1084 3668 humana
1114 3612 1190 3684 (1.
1224 3611 1340 3668 Cor.
1370 3606 1566 3683 10.15)
1586 3651 1603 3677 ,
1633 3609 1737 3665 hoc
1760 3619 1861 3675 est,
1896 3623 2078 3680 parva.

488 3705 602 3761 lloc
626 3705 770 3760 enim
794 3704 992 3760 suflicit
1017 3704 1087 3760 ad
1125 3703 1469 3759 excitandum
1515 3710 1571 3758 et
1607 3701 1921 3773 erigendum
1965 3701 2081 3754 ani-

489 3813 670 3865 mum,
710 3797 926 3868 quando
952 3796 1267 3867 cogitaverit
1289 3793 1433 3866 quod
1464 3808 1572 3848 non
1599 3792 1664 3847 ad
1699 3800 1867 3846 totum
1892 3804 2081 3846 ascen-

489 3892 588 3958 dit,
613 3900 667 3944 et
690 3889 789 3944 sibi
819 3887 1143 3958 persuaserit
1170 3901 1233 3941 ex
1262 3884 1329 3942 iis
1356 3901 1475 3957 qua:
1502 3891 1913 3957 prmcesserunt.
1949 3881 2082 3936 Dicit

492 3997 621 4037 vero
647 4000 660 4035 :
684 3980 929 4036 Nondum
975 3989 1203 4034 mortem
1252 3976 1398 4050 passi
1426 3975 1599 4032 estis:
1632 3989 1802 4048 usque
1829 3972 1894 4028 ad
1923 3988 2083 4044 pecu-

491 4077 606 4130 nias
633 4074 897 4146 processit
938 4082 1177 4128 vestrum
1214 4071 1500 4136 damnum,
1530 4083 1696 4137 usque
1733 4066 1800 4122 ad
1833 4067 2078 4139 gloriam,

490 4178 544 4222 et
576 4182 813 4236 eousque
858 4174 913 4220 ut
937 4163 1347 4235 expelleremini
1374 4180 1389 4217 :
1412 4159 1662 4217 Christus
1693 4175 1826 4215 vero
1856 4175 1953 4230 pro
1980 4175 2082 4214 no-

491 4260 573 4312 bis
594 4257 731 4313 fudit
750 4257 1085 4327 sanguinem;
1111 4270 1207 4310 vos
1227 4264 1406 4309 autem
1432 4268 1605 4323 neque
1631 4266 1728 4322 pro
1749 4251 1899 4307 vobis
1914 4251 2079 4322 ipsis:

496 4353 613 4419 ipse
637 4348 704 4403 ad
730 4360 958 4402 mortem
986 4362 1154 4418 usque
1180 4346 1507 4408 decertavit,
1536 4341 1737 4398 bellum
1762 4356 1957 4413 gerens
1987 4355 2085 4412 pro

499 4441 747 4508 veritate,
777 4455 872 4511 pro
906 4439 1090 4504 vobis;
1131 4451 1226 4493 vos
1260 4444 1440 4491 autem
1470 4434 1707 4489 nondum
1739 4433 1972 4487 venistis
2016 4430 2085 4485 ad

384 4567 400 4582 ς.
497 4529 734 4600 pericula
756 4538 982 4586 mortem
1007 4528 1331 4584 minitantia.
1364 4525 1434 4581 Et
1456 4525 1598 4581 obliti
1626 4525 1744 4578 estis
1772 4522 2084 4577 consolatio-

496 4624 596 4682 nis.
629 4621 743 4676 lloc
783 4630 887 4689 est,
933 4631 988 4677 et
1027 4632 1219 4675 manus
1262 4616 1565 4681 remisistis,
1591 4623 1646 4668 et
1670 4612 1915 4669 dissoluti
1936 4611 2082 4667 estis.

500 4712 781 4779 Nondum,
832 4712 1038 4782 inquit,
1067 4725 1221 4781 usque
1250 4710 1318 4763 ad
1342 4708 1641 4779 sanguinem
1670 4704 1924 4760 restitistis
1947 4744 1962 4769 ,
1990 4703 2087 4757 ad-

499 4819 670 4858 versus
700 4811 957 4873 peccatum
991 4808 1348 4873 repugnantes.
1378 4798 1476 4852 llic
1518 4795 1757 4851 ostendit
1803 4802 1861 4852 et
1903 4809 2091 4865 pecca-

500 4904 614 4949 tum
658 4892 1005 4949 vehementer
1054 4891 1297 4961 Spirat-e,
1325 4898 1380 4944 et
1411 4889 1585 4958 ipsum
1627 4900 1748 4942 esse
1787 4894 2088 4943 armatum:

497 4984 629 5043 illud
675 4985 843 5053 enim,
883 4982 1154 5039 Restitistis
1175 5022 1191 5047 ,
1234 4978 1303 5035 ad
1348 4993 1444 5034 eos
1472 4979 1559 5048 qui
1589 4984 1734 5033 stant
1758 4976 1959 5032 dictum
1985 4984 2088 5032 est.

506 5078 637 5145 Quae
660 5077 799 5132 vobis
819 5086 1073 5147 tamquam
1095 5072 1218 5142 ﬁliis
1246 5071 1468 5142 loquitur
1495 5070 1669 5124 dicens
1690 5084 1710 5125 :
1742 5067 1853 5124 Fili
1870 5069 1959 5137 mi,
1987 5068 2094 5123 noli

502 5170 753 5241 negligere
788 5166 1110 5237 disciplinam
1143 5161 1387 5229 Domini,
1425 5178 1585 5232 neque
1620 5161 1847 5234 fatigeris
1882 5161 2004 5215 dum
2030 5160 2092 5215 ab

504 5278 563 5315 eo
593 5259 883 5330 corriperis.
904 5254 1340 5312 Consolationem
1360 5263 1414 5309 et
1430 5253 1855 5310 exhortationem
1882 5253 2005 5310 facit
2026 5268 2095 5309 ex

504 5356 665 5412 rebus
687 5351 847 5421 ipsis:
872 5363 937 5403 ex
959 5346 1284 5403 abundantia
1310 5356 1487 5402 autem
1511 5345 1667 5403 allen
1693 5347 1853 5402 etiam
1880 5362 1943 5402 ex
1974 5361 2097 5402 ver-

507 5445 612 5511 bis,
640 5442 708 5498 ab
728 5441 832 5495 hoc
852 5437 1188 5493 testimonio:
1212 5435 1391 5506 Neque
1416 5438 1663 5510 (aligeris,
1684 5437 1876 5508 inquit,
1891 5437 2013 5492 dum
2032 5436 2095 5490 ab

509 5552 571 5590 eo
590 5531 884 5603 corriperis.
904 5530 1040 5586 Sunt
1070 5544 1199 5600 ergo
1224 5528 1340 5585 haec
1372 5529 1483 5586 Dei.
1513 5530 1625 5585 lloc
1649 5544 1862 5600 quoque
1882 5537 1964 5584 est
1991 5542 2098 5582 non

513 5640 732 5696 parvum
755 5622 822 5677 ad
844 5622 1286 5686 consolationem,
1303 5637 1423 5678 cum
1450 5622 1707 5678 discimus
1731 5621 1875 5693 quod
1901 5620 2001 5676 Dei
2016 5629 2100 5677 est

509 5733 646 5787 opus
667 5725 725 5771 ut
754 5715 868 5770 lucc
890 5714 1001 5771 fieri
1032 5700 1258 5785 possint,
1284 5714 1376 5769 illo
1397 5712 1727 5769 concedente
1746 5729 1759 5766 :
1779 5713 1917 5768 sicut
1936 5714 2097 5768 etiam

516 5808 641 5865 dicit
667 5807 889 5866 Paulus:
922 5806 1143 5878 Propter
1172 5805 1266 5862 hoc
1291 5815 1365 5861 ter
1383 5804 1651 5864 Dominum
1674 5804 1873 5875 rogari,
1901 5814 1945 5860 et
1972 5803 2101 5859 dixit

2187 771 2332 839 milii,
2357 771 2550 842 Suﬁicit
2568 772 2655 827 tibi
2670 774 2834 844 gratia
2861 790 2970 828 mea
2990 790 3008 829 :
3024 791 3141 829 nam
3169 776 3326 832 virtus
3342 793 3453 831 mea
3470 778 3523 832 in
3542 778 3763 847 inﬁrmi-

2184 868 2284 916 tate
2301 864 2558 931 perﬁcitur
2580 864 2656 932 (9..
2673 863 2945 919 Cor.l‘2.8.
2968 865 3044 936 9).
3063 864 3153 921 [lle
3169 882 3299 938 ergo
3317 869 3578 924 concedit.
3604 868 3766 936 Quem

2181 956 2315 1005 enim
2341 952 2506 1025 diligit
2531 953 2778 1009 Dominus
2796 997 2810 1020 ,
2841 955 3077 1026 castigat,
3114 956 3344 1030 ﬂagellat
3371 969 3543 1014 autem
3568 976 3767 1014 omnem

2181 1041 2347 1111 ﬁlium
2374 1058 2522 1107 quem
2556 1043 2755 1114 recipit.
2776 1043 2891 1099 Non
2923 1056 3074 1116 potes
3100 1046 3286 1104 dicere
3312 1050 3452 1120 quod
3480 1049 3550 1104 sit
3573 1051 3767 1121 aliquis

2177 1134 2353 1202 justus
2372 1134 2573 1205 absque
2597 1134 2887 1194 afﬂictione
2917 1157 2930 1193 :
2964 1138 3173 1195 etiamsi
3214 1141 3357 1196 enim
3384 1142 3463 1197 sic
3488 1152 3763 1213 appareat,

2180 1222 2275 1277 sed
2304 1239 2403 1279 nos
2438 1225 2708 1280 nescimus
2736 1226 2867 1281 alias
2894 1227 3233 1285 alllictioues.
3284 1232 3643 1299 Quamobrem
3674 1250 3766 1290 ne-

2180 1331 2334 1401 cesse
2371 1329 2455 1371 est
2503 1327 2558 1372 ut
2607 1319 2780 1389 quivis
2822 1320 2999 1390 justus
3048 1325 3227 1379 veniat
3272 1340 3369 1396 per
3395 1325 3762 1384 afﬂictioncm.

2182 1406 2277 1461 Est
2308 1408 2449 1462 enim
2478 1408 2679 1465 Christi
2718 1415 2982 1468 sententia
3002 1455 3018 1482 ,
3040 1415 3182 1482 quod
3209 1417 3291 1471 via
3319 1417 3425 1472 lata
3454 1428 3508 1474 et
3532 1420 3766 1489 spatiosa

2181 1499 2401 1555 abducit
2445 1500 2511 1556 ad
2562 1502 2860 1571 interitum,
2891 1514 3038 1562 arcta
3060 1518 3237 1564 autem
3265 1520 3321 1565 et
3338 1521 3562 1583 angusta
3593 1512 3660 1566 ad
3691 1513 3770 1567 vi-

2182 1602 2288 1645 tam
2314 1591 2529 1661 (.llatth.
2549 1593 2601 1648 7.
2623 1594 2738 1666 15).
2762 1595 2824 1652 Si
2847 1612 2976 1668 ergo
3003 1599 3127 1655 inde
3154 1600 3279 1656 licet
3297 1604 3479 1659 venire
3497 1603 3564 1659 ad
3584 1606 3768 1674 vitam,

2179 1682 2397 1737 aliunde
2425 1697 2553 1739 vero
2578 1700 2685 1739 nou
2713 1685 2835 1743 licet
2868 1706 2884 1743 :
2916 1703 3012 1759 per
3039 1700 3318 1763 angustam
3337 1709 3466 1764 ergo
3493 1697 3629 1750 viam
3654 1711 3769 1752 om-

2182 1788 2277 1875 nes
2310 1784 2591 1842 venerunt,
2618 1776 2709 1845 qui
2732 1788 2996 1835 venerunt
3024 1780 3092 1836 ad
3114 1784 3298 1839 vitam.
3328 1784 3393 1840 Si
3421 1787 3767 1859 disciplinam,

2181 1865 2372 1935 inquit,
2397 1868 2675 1936 sustinetis,
2698 1887 2820 1941 erga
2846 1888 2933 1927 vos
2955 1882 3210 1946 tamquam
3224 1894 3346 1950 erga
3371 1880 3506 1949 ﬁlios
3530 1882 3771 1953 aﬂicietur

2181 1953 2340 2011 Deus.
2370 1957 2496 2025 Quis
2529 1959 2664 2012 enim
2684 1960 2846 2030 ﬁlius,
2880 1980 3027 2033 quem
3055 1982 3156 2020 non
3185 1969 3394 2038 corripit
3417 1972 3603 2040 pater?
3631 1973 3770 2040 Ergo

2179 2051 2246 2105 ad
2274 2052 2690 2122 correptionem,
2736 2068 2843 2110 non
2890 2057 2955 2111 ad
2987 2073 3197 2127 poenam
3228 2101 3244 2127 ,
3274 2076 3448 2132 neque
3472 2063 3538 2116 ad
3565 2065 3769 2135 suppli-

2181 2143 2343 2207 cium,
2391 2157 2565 2213 ncque
2602 2151 2659 2199 ut
2694 2145 2835 2199 male
2862 2147 3164 2217 patiamini.
3198 2149 3333 2207 Vide
3367 2171 3379 2206 :
3412 2154 3555 2209 unde
3581 2157 3769 2211 existi-

2182 2232 2397 2287 mabant
2449 2248 2509 2288 se
2559 2249 2681 2290 esse
2729 2234 3037 2305 derelictos,
3086 2255 3154 2296 ex
3185 2241 3290 2308 his,
3323 2244 3517 2314 inquit,
3549 2247 3772 2301 credant

2182 2324 2323 2394 quod
2354 2341 2460 2381 non
2484 2325 2596 2382 sint
2612 2326 2875 2385 derelicti.
2905 2329 3069 2399 Quasi
3095 2332 3303 2390 diceret
3333 2353 3346 2391 :
3377 2336 3639 2403 Quoniam
3663 2348 3770 2395 tam

2183 2416 2349 2472 multa
2388 2418 2528 2473 mala
2573 2421 2717 2489 passi
2753 2423 2886 2477 estis
2908 2464 2924 2490 ,
2959 2424 3281 2483 existimatis
3325 2430 3470 2499 quod
3509 2430 3650 2487 Deus
3674 2447 3771 2489 vos

2182 2507 2441 2562 dimiserit
2473 2517 2528 2563 et
2553 2509 2768 2565 oderit?
2810 2510 2917 2568 Sed
2961 2514 3006 2568 si
3053 2530 3160 2570 non
3197 2518 3342 2587 passi
3382 2523 3570 2577 essetis
3593 2562 3610 2589 ,
3643 2531 3771 2582 tunc

2182 2605 2457 2665 oporteret
2484 2596 2588 2653 hoc
2612 2601 2874 2670 suspicari
2918 2619 2932 2655 :
2967 2619 3088 2657 nam
3127 2606 3170 2659 si
3202 2605 3433 2677 ﬂagellat
3458 2624 3675 2666 omnem
3703 2612 3768 2668 li-

2183 2688 2310 2743 lium
2339 2705 2495 2760 quem
2525 2691 2733 2761 recipit,
2763 2692 2856 2763 qui
2894 2710 2999 2749 non
3032 2694 3350 2767 ﬂagellatur,
3385 2699 3611 2759 fortasse
3655 2721 3763 2762 non

2183 2789 2265 2835 est
2293 2777 2451 2834 ﬁlius.
2482 2779 2621 2848 Quid
2646 2797 2773 2836 vero
2794 2825 2809 2850 ,
2844 2783 3053 2854 inquit,
3086 2788 3210 2843 mali
3235 2804 3340 2845 non
3386 2793 3529 2849 male
3565 2796 3772 2865 patiun-

2186 2880 2271 2925 tur
2290 2870 2315 2924 Ἰ
2336 2870 2618 2926 Patiuntur
2641 2873 2856 2942 quidem
2888 2892 2902 2930 :
2925 2879 3195 2947 quomodo
3222 2882 3367 2936 enim
3391 2899 3497 2940 non
3526 2898 3772 2956 pateren-

2192 2970 2276 3016 tur
2297 2961 2321 3015 ?
2342 2960 2435 3016 sed
2468 2976 2575 3017 non
2602 2962 2765 3031 dixit,
2812 2965 3145 3040 Quicumque
3166 2970 3467 3042 ﬂagellatur
3490 2985 3573 3032 est
3592 2977 3730 3035 lilins
3752 3020 3769 3046 .

2187 3053 2306 3120 sed,
2353 3054 2541 3110 Oniuis
2570 3055 2711 3112 filius
2746 3056 3065 3129 flagellatur.
3110 3060 3217 3119 Sed
3247 3078 3352 3119 non
3385 3076 3539 3136 potes
3565 3067 3666 3124 hoc
3690 3068 3773 3125 di-

2184 3159 2310 3200 cere
2341 3163 2353 3199 :
2382 3153 2505 3200 sunt
2533 3146 2675 3200 enim
2703 3148 2792 3218 qui
2820 3149 3159 3220 ﬂagellantnr
3185 3154 3369 3223 multi,
3409 3160 3570 3212 etiam
3604 3162 3768 3226 mali,

2187 3246 2246 3290 ut
2276 3236 2555 3292 homicidae
2574 3278 2589 3298 .
2619 3238 2889 3309 latrones,
2922 3244 3342 3315 praestigiatorcs
3362 3288 3379 3316 ,
3402 3250 3772 3320 sepulcrorum

2186 3327 2491 3385 eﬂossorcs.
2520 3328 2625 3385 Sed
2654 3329 2725 3384 illi
2756 3345 2979 3387 suorum
3006 3334 3271 3391 scelerum
3307 3337 3437 3393 dant
3464 3356 3681 3410 pinnas,
3712 3354 3769 3399 et

2186 3433 2296 3475 non
2327 3417 2664 3490 flagellautur
2688 3430 2956 3492 tamquam
2980 3423 3096 3492 11111,
3126 3425 3221 3481 sed
3251 3428 3543 3497 puniuntur
3568 3444 3625 3486 ut
3650 3447 3771 3488 sce-

2182 3529 2370 3593 lerati;
2399 3541 2499 3582 vos
2527 3536 2707 3580 autem
2738 3532 3009 3592 tamquam
3037 3519 3153 3574 11111.
3182 3516 3342 3573 Vides
3370 3513 3639 3586 quomodo
3670 3527 3772 3565 un-

2181 3616 2342 3689 dique
2382 3617 2661 3673 ratiocinia
2695 3623 2910 3679 movet,
2960 3626 2991 3666 a
3041 3610 3196 3665 factis
3223 3623 3341 3680 qua:
3370 3615 3495 3661 sunt
3540 3605 3595 3662 in
3623 3602 3773 3659 Scri-

2182 3718 2337 3778 ptura
2357 3750 2372 3775 ,
2399 3723 2430 3763 a
2458 3707 2634 3764 verbis
2653 3748 2670 3775 ,
2715 3720 2745 3761 a
2787 3703 3021 3777 propriis
3046 3700 3358 3757 notionibus
3377 3739 3390 3763 ,
3421 3698 3489 3753 ab
3514 3693 3777 3766 exemplis

2182 3818 2301 3874 quae
2329 3811 2456 3859 sunt
2485 3801 2537 3856 in
2566 3800 2693 3855 vita.
2755 3796 2959 3852 Deinde
3005 3796 3166 3848 etiam
3199 3809 3229 3848 a
3258 3790 3530 3848 communi
3552 3801 3779 3843 consue-

2184 3893 2410 3949 tudine?
2437 3892 2491 3948 8.
2527 3892 2677 3959 Quod
2702 3890 2746 3944 si
2778 3898 2921 3944 extra
2945 3885 3272 3958 disciplinam
3297 3883 3437 3949 estis,
3470 3880 3618 3951 cujus
3654 3894 3778 3950 par-

2185 3985 2361 4054 ticipes
2398 3982 2524 4055 [acti
2563 3989 2682 4035 sunt
2722 3995 2894 4034 oumes
2937 3994 2957 4032 :
2988 3992 3107 4048 ergo
3134 3974 3412 4029 adulterini
3429 4012 3445 4040 ,
3476 3981 3522 4026 et
3551 3986 3651 4024 non
3679 3967 3779 4037 ﬁlii

2185 4073 2322 4129 estis.

2255 4165 2314 4220 2.
2353 4162 2514 4220 Vides
2542 4161 2685 4235 quod
2714 4159 2850 4217 dixit
2878 4158 2930 4223 id
2977 4157 3122 4231 quod
3167 4155 3445 4222 dicebam,
3489 4151 3630 4224 quod
3672 4165 3779 4206 non

2186 4259 2359 4328 possit
2385 4269 2506 4311 esse
2535 4252 2674 4309 illius
2702 4253 2793 4325 qui
2820 4267 2926 4306 non
2955 4248 3286 4322 castigatur?
3329 4245 3463 4302 Nam
3512 4241 3782 4316 quomodo

2188 4350 2243 4405 in
2269 4348 2483 4404 familiis
2511 4346 2843 4402 adulterinos
2869 4343 3007 4398 filios
3028 4341 3330 4412 deSpiciunt
3349 4352 3548 4410 patres,
3572 4335 3783 4393 etiamsi

2189 4441 2323 4496 nihil
2349 4439 2578 4508 discant,
2607 4437 2820 4494 etiamsi
2851 4452 2957 4490 non
2983 4434 3090 4491 sint
3114 4433 3285 4505 gloria
3314 4431 3549 4503 insignes
3571 4447 3584 4497 ;
3610 4427 3677 4484 de
3703 4429 3781 4483 le-

2187 4533 2389 4607 gitimis
2408 4542 2583 4587 autem
2614 4530 2739 4585 ﬁliis
2767 4530 2955 4585 timent
2983 4544 3051 4584 ne
3076 4542 3136 4584 se
3156 4527 3358 4583 dedant
3374 4525 3485 4581 otio
3508 4538 3563 4581 et
3593 4539 3783 4581 socor-

2189 4629 2293 4684 dia:
2319 4627 2425 4681 :ita
2450 4627 2610 4681 etiam
2639 4624 2693 4679 in
2726 4623 2997 4694 praesenti.
3022 4621 3078 4678 Si
3100 4629 3183 4678 est
3203 4635 3331 4691 ergo
3358 4618 3784 4675 adulteriuoruin

2192 4735 2298 4774 non
2316 4716 2540 4783 erudiri,
2556 4715 2790 4787 gaudere
2816 4722 3031 4786 oportet
3049 4712 3118 4768 oh
3140 4711 3500 4782 disciplinam,
3521 4708 3784 4781 siquidem

2191 4825 2252 4865 ea
2275 4807 2558 4864 adhibetur
2587 4808 2639 4863 in
2664 4806 2936 4879 germanis
2960 4813 3017 4861 et
3036 4802 3290 4877 legitimis
3316 4801 3459 4856 ﬁliis.
3488 4800 3786 4871 Tamquam

2192 4902 2314 4958 filiis
2339 4902 2492 4957 vobis
2518 4916 2577 4958 se
2604 4900 2764 4957 oﬂert
2789 4899 2958 4954 Deus:
2980 4907 3199 4968 propter
3227 4895 3328 4949 hoc
3356 4894 3532 4965 ipsum
3557 4891 3704 4947 dicit.
3730 4890 3787 4947 9.

2192 4995 2390 5052 Deinde
2408 5004 2576 5066 patres
2590 4992 2796 5064 quidem
2811 4989 2979 5045 carnis
2999 4998 3187 5043 nostra:
3202 4987 3483 5041 eruditores
3498 4983 3787 5050 habuimus,

2191 5096 2237 5143 et
2268 5086 2616 5141 reverebantur
2665 5099 2749 5138 eos
2778 5096 2796 5137 :
2823 5097 2925 5135 non
2964 5082 3124 5136 multo
3151 5078 3314 5151 magis
3340 5076 3792 5148 obtemperabimus

2194 5179 2345 5235 Patri
2371 5176 2662 5248 spirituum,
2691 5184 2738 5228 et
2765 5172 3028 5228 vivemus?
3054 5171 3263 5227 Rursus
3305 5183 3336 5224 a
3384 5167 3616 5239 propriis
3666 5180 3791 5237 per-

2199 5267 2560 5341 pessionihus,
2589 5263 2748 5320 abiis
2778 5279 2899 5334 quae
2942 5262 3043 5333 ipsi
3090 5260 3430 5333 patiebantur
3456 5300 3471 5325 ,
3520 5256 3789 5312 hortatur.

2197 5361 2345 5418 Sicut
2373 5360 2517 5414 enim
2546 5356 2654 5411 illic
2679 5354 2810 5410 dicit
2843 5371 2856 5407 :
2888 5350 3321 5408 Rememoramini
3350 5349 3592 5420 pristinos
3634 5347 3742 5401 dies
3768 5360 3789 5400 :

2196 5455 2268 5510 ita
2296 5453 2384 5507 hic
2408 5464 2622 5522 quoque
2654 5464 2668 5502 :
2702 5448 2844 5503 Deus
2868 5487 2885 5514 ,
2915 5446 3086 5516 inquit
3107 5484 3123 5511 ,
3175 5443 3458 5500 nobiscum
3501 5439 3612 5511 agit
3661 5448 3798 5492 tam-

2197 5559 2361 5616 quam
2387 5557 2509 5598 cutn
2540 5540 2688 5606 filiis,
2717 5553 2818 5595 nec
2842 5536 3068 5608 potestis
3091 5534 3275 5591 dicere
3297 5575 3313 5601 ,
3361 5531 3480 5588 Non
3508 5543 3796 5602 possumus

2199 5640 2373 5701 ferre;
2401 5645 2457 5692 et
2486 5645 2754 5703 tamquam
2781 5646 2903 5687 cum
2932 5629 3073 5685 caris
3103 5626 3229 5682 filiis
3259 5627 3301 5681 ³.
3334 5624 3471 5681 Nam
3515 5623 3562 5680 si
3616 5631 3797 5694 patres

2267 5752 2281 5783 ¹
2312 5746 2455 5807 Illud,
2476 5754 2521 5798 et
2544 5754 2789 5806 tamquam
2812 5754 2924 5795 cum
2945 5737 3231 5807 carisﬁliis,
3256 5752 3352 5789 non
3376 5735 3560 5802 legitur
3603 5736 3655 5788 in
3695 5735 3804 5787 Mu-

2205 5816 2417 5873 tiano,ct
2441 5803 2630 5863 videtur
2651 5803 2867 5858 alienum
2892 5817 3004 5857 esse
3028 5803 3425 5858 additamentum.
