4202 6438
381 349 488 406 9.03

1147 352 1214 410 ιΝ
1257 353 1474 411 EPIST.
1509 354 1602 410 AD
1641 357 1998 418 ΗΕΒΚᾹΞΟΞ.
2040 361 2191 421 CAP.
2235 364 2349 425 XII.
2392 366 2634 426 HOMIL.
2668 369 2860 429 XXIX.

3586 383 3698 440 204

403 579 3678 630 ._._____.__________________________________________

1827 787 2072 841 ΟΜῘΛΙΑ
2113 787 2245 842 ΚΘ’.

379 972 568 1024 οὔπω
610 967 826 1038 μέχρις
865 967 1118 1038 αἵματος
1165 967 1633 1035 ἀντικατέστητε
1675 966 1828 1035 πρὸς
1873 967 1990 1033 τὴν

452 1037 752 1110 ἁμαρτίαν
781 1037 1312 1110 ἀνταγτυνιζόμενοι
1336 1053 1349 1067 ⁸
1387 1039 1485 1093 καὶ
1509 1039 1849 1110 ἐκλέλησθε
1876 1038 1985 1106 τῆς

447 1107 920 1179 παρακλήσεως,
963 1107 1096 1176 ἥτις
1127 1107 1270 1178 ὑμῖν
1305 1110 1385 1176 ὡς
1424 1109 1579 1174 υίοῖς
1607 1109 1946 1179 διαλέγεται
1973 1125 1986 1179 ᾖ

450 1180 550 1256 Υἱέ
585 1198 747 1256 μους
771 1178 858 1256 μὴ
896 1179 1185 1256 Δὀλιγηῴρει
1213 1181 1489 1256 παιδείας
1521 1183 1754 1256 ,Κυρίου
1775 1178 1817 1256 ,⁷-
1834 1178 1992 1256 μηδέ

445 1254 685 1307 ἐκλύου
722 1249 822 1306 ὑπ’
841 1249 1028 1321 αὑτοῦ
1052 1251 1473 1321 ἐλεγχόμενος.
1516 1253 1627 1305 Ὃν
1654 1253 1765 1320 γὰρ
1787 1249 1992 1320 ἀγαπᾷ

444 1324 695 1391 Κύριος,
736 1319 1010 1374 παιδεύει
1036 1337 1050 1350 ο
1087 1319 1371 1391 μαστιγοῖ
1400 1322 1469 1375 δὲ
1507 1319 1706 1376 πάντα
1730 1319 1888 1386 υἱὸν,
1917 1321 1991 1374 ὃν

446 1392 886 1463 παραδέχεται.
914 1392 980 1445 El
1020 1392 1303 1446 παιδείαν
1330 1393 1686 1463 ὑπομένετε,
1721 1392 1803 1458 ὡς
1837 1391 1991 1457 υἱοῖς

444 1463 600 1534 ὑμῖν
644 1461 1051 1534 προσφέρεται
1101 1466 1134 1534 ό
1173 1463 1339 1526 Θεός.
1383 1461 1478 1530 Τίς
1511 1461 1622 1534 γάρ
1659 1463 1832 1517 ἐστιν
1860 1463 1991 1528 υίὸς

443 1531 526 1589 ὃν
554 1538 631 1589 οὐ
661 1531 934 1588 παιδεύει
966 1531 1166 1604 πατήρ
1189 1550 1210 1599 ;

443 1662 518 1718 α’.
546 1664 740 1716 Ἔστιν
765 1662 880 1734 εἴδη
911 1661 1316 1734 παρακλήσεως
1339 1661 1457 1728 δύο,
1485 1661 1709 1716 ἐναντία
1735 1661 1992 1732 ἀλλήλοις

364 1745 515 1802 εἶναι
545 1745 838 1808 δοκοῦντα,
879 1744 1080 1816 πολλὴν
1105 1745 1161 1798 δὲ
1192 1747 1407 1809 ἑαυτοῖς
1440 1747 1867 1817 συνεισφέροντα
1892 1746 1993 1815 τὴν

369 1832 537 1903 ἰσχύν
559 1847 575 1861 °
610 1831 758 1900 ἆπερ
791 1829 1090 1900 ἀμφότερα
1117 1829 1356 1882 ἐνταῦθα
1385 1828 1625 1884 τέθεικε.
1652 1831 1727 1883 Τὸ
1759 1831 1858 1901 μὲν
1883 1830 1992 1902 γάρ

367 1920 550 1976 ἐστιν,
581 1915 717 1966 ὅταν
748 1913 925 1966 πολλὰ
951 1912 1201 1982 λέγωμεν
1235 1911 1569 1966 πεπονθέναι
1595 1914 1748 1977 τινας
1773 1932 1784 1945 ·
1822 1915 1856 1984 ἡ
1884 1915 1994 1985 γὰρ

363 1998 522 2069 ψυχὴ
562 1995 970 2051 διαναπαύεται
998 2037 1014 2061 ,
1058 1998 1189 2050 ὅταν
1238 1995 1338 2067 ἐχῃ
1379 1995 1490 2048 τῶν
1535 1995 1754 2050 οἰκείων
1801 1997 1993 2051 παθῶν

371 2083 673 2152 μάρτυρας
723 2079 956 2143 πολλούς
985 2094 999 2109 ·
1052 2081 1192 2151 ὅπερ
1247 2079 1510 2151 ἀνωτέρω
1554 2079 1750 2150 ἔθηκεν
1797 2080 1990 2144 εἰπὼν,

383 2166 961 2236 Ἀναμιμνήσκεσθε
996 2165 1103 2231 τὰς
1148 2165 1442 2243 πρότερον
1488 2165 1714 2234 ἡμέρας
1737 2205 1752 2230 ,
1795 2166 1866 2219 ἐν
1896 2163 1995 2236 αἶς

377 2250 801 2323 φωτισθέντες,
831 2247 1079 2318 πολλὴν
1107 2248 1378 2316 ἄθλησιν
1408 2250 1772 2319 ὑπεμείνατε
1795 2253 1989 2319 παθη-

374 2337 588 2407 μάτων
607 2353 621 2366 ·
653 2336 711 2389 τὸ
741 2336 820 2400 δὲ,
853 2336 985 2388 ὅταν
1015 2335 1286 2404 λέγωμεν,
1327 2333 1408 2388 ὅτι
1431 2336 1504 2387 Οὐ
1537 2334 1682 2405 μέγα
1710 2353 1764 2388 τι
1789 2335 1996 2388 πέπον-

381 2422 485 2485 θας
509 2440 521 2453 ·
549 2420 996 2492 ἐπιστρεφόμεθα
1024 2418 1133 2488 γὰρ
1162 2419 1238 2488 τῷ
1270 2417 1412 2487 λόγῳ
1442 2420 1539 2471 καὶ
1570 2418 1992 2489 διανιστάμεθα,

379 2507 473 2558 καὶ
519 2506 696 2558 πάντα
729 2503 869 2575 πρὸς
912 2503 974 2556 τὸ
1019 2503 1216 2557 παθεῖν
1251 2502 1520 2572 γινόμεθα
1564 2503 1994 2574 προθυμότεροι.

373 2591 487 2644 Καὶ
513 2589 575 2643 τὸ
606 2589 706 2659 μὲν
741 2588 1173 2660 τετρυχωμένην
1199 2586 1299 2658 τὴν
1326 2586 1510 2657 ψυχὴν
1535 2585 1864 2640 διαναπαύει
1900 2590 1995 2641 καὶ

369 2676 643 2728 ἀναπνεῖν
669 2675 839 2738 ποιεῖ,
872 2671 932 2725 τὸ
971 2672 1029 2725 δὲ
1066 2669 1429 2742 ρᾳθυμοῦσαν
1457 2669 1633 2741 αὑτὴν
1662 2671 1757 2724 καὶ
1793 2671 1995 2724 ὑπτίαν

368 2757 680 2828 γενομένην
704 2754 1054 2826 ἐπιστρέφει,
1090 2755 1186 2808 καὶ
1205 2754 1302 2807 τοῦ
1321 2756 1679 2824 φρονήματος
1707 2756 1990 2826 κατασπᾷ.

367 2843 492 2894 Ἵνα
524 2843 714 2896 τοίνυν
751 2839 826 2911 μὴ
866 2841 926 2905 ἐξ
970 2840 1190 2908 ἐκείνης
1233 2838 1332 2908 τῆς
1382 2837 1690 2909 μαρτυρίας
1737 2839 1994 2910 φρόνημα

366 2927 562 2989 αὑτοῖς
606 2924 779 2996 τεχθῇ
806 2967 821 2992 ,
866 2924 970 2995 ὅρα
1023 2923 1076 2977 τί
1122 2924 1272 2976 ποιεῖ
1304 2938 1317 2952 ⁸
1357 2923 1556 2988 Οὔπω,
1591 2922 1748 2994 φησὶ,
1778 2923 1994 2993 μέχρις

362 3012 630 3081 αἵματος
657 3006 1154 3075 ἀντικατέστητε,
1198 3005 1351 3074 πρὸς
1382 3005 1498 3073 τὴν
1527 3005 1828 3075 ἁμαρτίαν
1849 3008 1993 3062 ἀντ-

362 3092 826 3165 αγωνιζόμενοι·
869 3090 970 3145 καί
999 3091 1346 3158 ἐκλέλησθε
1376 3087 1488 3157 τῆς
1528 3089 1991 3159 παρακλήσεως.

363 3182 482 3233 Καὶ
514 3180 620 3231 οὑκ
655 3177 860 3241 εὐθέως
891 3177 1142 3247 ἐπήγαγε
1163 3174 1235 3227 τὰ
1255 3173 1404 3244 ἑξῆς,
1430 3173 1570 3228 ἀλλὰ
1595 3173 1780 3241 δείξας
1807 3177 1993 3239 αὐτοῖς

363 3265 588 3327 πάντας
619 3263 748 3326 τοὺς
776 3263 978 3333 μέχρις
1001 3261 1240 3332 αἵματος
1265 3260 1525 3326 στάντας,
1554 3253 1672 3313 εἶτα
1697 3259 1994 3330 ἐπαγαγὼν

360 3349 430 3402 τὸ
471 3348 744 3419 καύχημα
772 3347 870 3401 τοῦ
915 3346 1073 3420 [271]
1118 3345 1358 3416 Χριστοῦ
1388 3345 1460 3398 τὰ
1506 3344 1831 3417 παθήματα,
1869 3345 1993 3400 τότε

362 3433 618 3495 εὑκόλως
666 3431 1007 3502 κατέδραμε.
1055 3429 1230 3482 Τοῦτο
1266 3430 1362 3484 καὶ
1405 3428 1718 3500 Κορινθίοις
1761 3431 1992 3500 γράφων

361 3519 523 3587 λέγει
542 3533 556 3546 ·
578 3519 919 3585 Πειρασμὸς
947 3513 1108 3584 ὑμᾶς
1135 3516 1249 3568 οὐκ
1271 3513 1552 3583 εἴληφεν,
1585 3517 1636 3569 εὶ
1657 3514 1743 3584 μὴ
1766 3515 1989 3584 ἀνθρώ-

360 3620 550 3669 πινος
576 3619 590 3632 ·
628 3601 880 3654 τουτέστι
905 3641 920 3666 ,
973 3599 1192 3671 μικρός.
1237 3597 1447 3653 Ἱκανόν
1482 3599 1592 3670 γάρ
1617 3599 1776 3654 τοῦτο
1804 3600 1990 3655 διανα-

363 3688 576 3758 στῆσαι
610 3685 706 3739 καὶ
740 3683 1057 3757 ἁνορθῶσαι
1089 3681 1271 3753 ψυχὴν
1296 3725 1310 3748 ,
1337 3684 1466 3736 ὅταν
1505 3684 1741 3757 ἐννοήσῃ
1762 3723 1776 3746 ,
1809 3685 1890 3738 ὅτι
1924 3685 1987 3739 οὑ

359 3769 512 3838 πρὸς
565 3767 626 3818 τὸ
680 3767 790 3822 πᾶν
837 3764 1039 3834 ἀνῆλθε
1067 3804 1081 3828 ,
1127 3764 1222 3816 καὶ
1267 3764 1436 3837 πείσῃ
1480 3764 1684 3834 ἐαυτὴν
1732 3764 1842 3818 ἀπὸ
1880 3766 1988 3819 τῶν

360 3851 784 3920 προλαϐόντων.
814 3850 880 3903 "O
907 3847 962 3901 δὲ
993 3847 1169 3916 λέγει,
1199 3846 1361 3900 τοῦτό
1395 3849 1543 3900 ἐστιν
1570 3863 1585 3878 ο
1619 3847 1787 3901 υῖιπω
1818 3847 1988 3903 θάνα-

356 3955 459 3990 τον
496 3936 796 4006 ὑπέστητε,
839 3933 1001 4004 μέχρι
1028 3931 1332 4002 χρημάτων
1367 3932 1498 4001 ὑμῖν
1528 3934 1561 4002 ἡ
1594 3931 1790 4003 ζημία,
1824 3933 1987 4004 μέχρι

354 4019 555 4088 δόξης,
592 4019 756 4090 μέχρι
779 4017 874 4071 τοῦ
909 4015 1235 4070 ἐλαύνεσθαι
1261 4032 1274 4048 ·
1305 4015 1334 4068 ὁ
1371 4015 1556 4085 μέντοι
1582 4016 1821 4086 Χριστὸς
1845 4017 1987 4088 ὑπὲρ

355 4103 530 4173 ὑμῶν
559 4103 622 4155 τὸ
653 4097 794 4173 αἷμα
833 4100 1051 4171 ἐξέχεεν
1073 4141 1087 4164 ,
1122 4100 1282 4170 ὑμεῖς
1313 4098 1370 4150 δὲ
1411 4098 1531 4152 οὑδὲ
1567 4099 1709 4170 ὑπὲρ
1735 4100 1946 4153 ἑαυτῶν
1969 4116 1984 4131 ο

354 4187 540 4251 αὐτὸς
579 4186 742 4258 μέχρι
775 4187 1011 4239 θανάτου
1056 4184 1374 4254 ἠγωνίσατο
1407 4185 1537 4256 περὶ
1569 4183 1672 4254 τῆς
1702 4183 1982 4254 ἀληθείας,

358 4271 632 4342 πολεμῶν
665 4271 809 4338 ὑπὲρ
837 4269 995 4339 ὑμῶν
1021 4285 1032 4296 ·
1077 4269 1237 4338 ὑμεῖς
1261 4267 1318 4320 δὲ
1348 4267 1560 4320 οὐδέπω
1588 4269 1667 4330 είς
1706 4267 1986 4332 κινδύνους

357 4353 612 4423 ἐπέὸητε
642 4351 874 4405 θάνατον
913 4347 1302 4411 ἀπειλοῦντας.
1357 4348 1463 4402 Καὶ
1503 4346 1843 4414 ἐκλέλησθε
1874 4346 1984 4416 τῆς

356 4434 854 4504 παρακλιξσεωςο
884 4434 1156 4495 τουτέστι,
1193 4433 1302 4485 Καὶ
1334 4432 1626 4502 παρήκατε
1655 4430 1756 4490 τὰς
1773 4433 1982 4502 χεῖρας,

357 4518 688 4590 ἐξελύθητε.
725 4519 924 4583 οὔπω,
973 4518 1130 4587 φησι,
1168 4516 1384 4586 μέχρις
1424 4516 1676 4584 αἵματος
1705 4515 1985 4569 ἀντικατ-

353 4606 610 4670 έστητε,
646 4603 797 4672 πρὸς
817 4602 933 4670 τὴν
961 4600 1260 4671 ἁμαρτίαν
1278 4597 1834 4669 ἀνταγωνιζόμενοι.
1872 4599 1984 4651 Ἐν-

355 4688 549 4742 ταῦθα
574 4686 815 4741 δείκνυσι
845 4689 942 4741 καὶ¹
967 4687 1069 4758 τὴν
1110 4686 1392 4757 ἁμαρτίαν
1433 4683 1640 4754 σφόδρα
1687 4683 1980 4750 πνέουσαν,

356 4775 464 4827 καὶ
510 4772 682 4843 αὑτὴν
716 4771 1084 4843 ὁπλιζομένην
1111 4785 1124 4798 ⁸
1157 4770 1220 4823 τὸ
1251 4769 1393 4840 γὰρ,
1439 4765 1938 4836 Ἀντικατέστητε
1962 4807 1976 4832 ,

355 4859 508 4928 πρὸς
546 4858 675 4920 τοὺς
715 4856 956 4919 ἑστῶτας
997 4857 1234 4925 εἴρηται.
1271 4855 1441 4920 Ἥτις
1470 4852 1635 4922 ὑμῖν,
1685 4853 1870 4922 φησὶν,
1902 4853 1985 4918 ὡς

354 4941 522 5007 υίοῖς
559 4939 897 5006 διαλέγεται
921 4981 935 5003 ,
964 4938 1060 4992 Υίέ
1083 4955 1203 5008 μου
1230 4979 1244 5003 ,
1276 4937 1364 5006 μὴ
1407 4935 1677 5005 ὀλιγώρει
1705 4935 1982 5002 παιδείας

353 5026 596 5093 Κυρίου
627 5065 641 5088 ,
693 5022 849 5092 μηδὲ
894 5023 1124 5076 ἐκλύου
1172 5022 1275 5076 ὑπ’
1313 5020 1502 5074 αὐτοῦ
1554 5020 1979 5088 ἐλεγχόμενος.

369 5109 712 5178 Ἑποιήσατο
756 5106 866 5159 ἀπὸ
909 5105 1021 5159 τῶν
1058 5105 1406 5176 πραγμάτων
1439 5103 1540 5174 τὴν
1583 5103 1936 5174 παράκλησιν
1964 5120 1979 5135 ο

353 5198 430 5249 ἐκ
464 5190 789 5262 περιουσίας
819 5190 915 5242 καὶ
943 5189 1046 5258 τὴν
1092 5188 1202 5242 ἀπὸ
1241 5188 1347 5241 τῶν
1390 5187 1567 5256 λόγων
1598 5189 1837 5256 ἐπάγει,
1874 5187 1984 5241 ἀπὸ

353 5279 467 5347 τῆς
503 5274 817 5346 μαρτυρίας
848 5271 1060 5342 ταύτης
1083 5289 1096 5301 ·
1123 5271 1219 5338 Μὴ
1250 5271 1501 5338 ἐκλύου,
1535 5271 1725 5340 φησὶν,
1751 5272 1853 5325 ὑπ’
1875 5272 1983 5324 αύ-

353 5361 471 5416 τοῡ
501 5358 928 5426 ἐλεγχόμενος.
966 5356 1113 5428 Ἀρα
1144 5354 1237 5408 τοῦ
1286 5354 1422 5407 Θεοῦ
1471 5353 1650 5408 ταῦτά
1685 5357 1823 5407 ἐστι.
1875 5356 1986 5408 Καὶ

352 5443 523 5498 τοῦτο
552 5443 609 5496 δὲ
641 5444 722 5504 εἰς
765 5440 1118 5511 παράκλησιν
1159 5438 1220 5492 οὑ
1265 5438 1483 5508 μικρὸν,
1515 5439 1645 5492 ὅταν
1693 5441 1983 5510 μάθωμεν,

355 5528 446 5580 ὅτι
473 5525 570 5578 τοῦ
606 5524 742 5579 Θεοῦ
779 5525 940 5595 ἔργον
976 5524 1095 5577 ἐστὶ
1129 5522 1190 5575 16
1221 5523 1453 5575 τοιαῦτα
1479 5522 1798 5593 δυνηθῆναι,
1834 5523 1980 5575 ἐκεί-

359 5628 456 5665 νου
514 5611 935 5682 συγχωροῦντος
980 5624 996 5640 °
1049 5607 1306 5678 καθάπερ
1363 5607 1457 5660 καὶ
1516 5605 1729 5669 Παὺλός
1783 5622 1974 5678 φησιν·

368 5696 557 5764 ’Υπὲρ
604 5695 822 5748 τούτου
853 5691 983 5760 τρίς
1019 5692 1128 5744 τόν
1167 5691 1388 5758 Κύριον
1421 5688 1832 5758 παρεκάλεσα,
1878 5690 1981 5744 καί

361 5778 570 5848 εἴρηκέ
597 5796 726 5848 μοι,
768 5776 964 5845 Ἀρκεῖ
1003 5791 1102 5828 σοι
1138 5775 1175 5842 ἡ
1212 5773 1385 5843 χάρις
1407 5789 1548 5842 μου·
1585 5774 1622 5841 ἠ
1659 5774 1769 5843 γὰρ
1803 5774 1985 5828 δύναο

360 5864 465 5938 μίς
487 5881 608 5936 μου
631 5863 703 5918 ἐν
728 5862 1016 5928 ἀσθενείᾳ
1039 5859 1393 5915 τελειοῦται.
1415 5859 1580 5912 Ὥστε
1603 5859 1808 5924 ἐκεῖνός
1834 5858 1982 5913 ἐστιν

2092 969 2122 1020 6
2154 969 2476 1041 συγχωρῶν.
2529 973 2640 1024 Ὃν
2682 971 2792 1042 γὰρ
2839 973 3042 1044 ἀγαπᾷ
3089 977 3339 1052 Κύριος,
3387 985 3698 1042 παιδεύειο

2084 1054 2378 1142 μαστιγοῖ
2392 1054 2460 1108 δὲ
2477 1054 2675 1142 πάντα
2697 1057 2833 1111 υἱὸν
2855 1058 2920 1112 ὃν
2949 1061 3370 1130 παραδέχεται.
3395 1069 3510 1123 Οὑκ
3532 1070 3695 1142 ἔχεις..

2097 1141 2287 1226 φησὶν,
2335 1141 2509 1226 εἰπεῖν
2554 1141 2636 1194 ὅτι
2670 1142 2788 1195 ἔστι
2835 1161 2920 1207 τις
2964 1144 3175 1210 δίκαιος
3208 1148 3443 1219 θλίψεως
3476 1141 3649 1226 χωρίς
3682 1172 3696 1185 ⁶

2092 1223 2197 1308 κᾷν
2227 1222 2337 1296 γὰρ
2365 1224 2509 1279 οὑτω
2554 1227 2856 1298 φαίνηται,
2900 1229 3016 1283 ἀλλ’
3042 1231 3144 1283 οὐκ
3185 1231 3344 1304 ἴσμεν
3391 1222 3576 1308 ἡμεῖς⁷
3599 1241 3702 1304 τὰς

2092 1306 2262 1390 άλλας
2293 1308 2504 1378 θλίψεις
2529 1325 2542 1337 ’
2571 1309 2714 1364 ὥστε
2750 1312 2929 1367 πάντα
2969 1313 3180 1368 δίκαιον
3211 1306 3428 1390 ἀνάγκη
3459 1321 3546 1376 διὰ
3585 1323 3701 1378 θλί-

2091 1388 2238 1459 ψεως
2272 1391 2469 1448 ἐλθεῖν.
2515 1394 2819 1464 Ἀπόφασις
2863 1397 2974 1468 γάρ
3020 1399 3136 1452 ἐστι
3169 1399 3263 1453 τοῦ
3305 1388 3544 1473 Χριστοῦ
3574 1447 3590 1473 ,
3621 1407 3704 1462 ὅτι
3789 1397 3796 1404 ’

2093 1474 2392 1561 ηΔπλατεῖα
2425 1479 2532 1561 ,καὶ
2561 1480 2880 1552 εὐρύχωρος
2920 1482 3039 1546 ὁδὸς
3076 1483 3284 1554 ἀπάγει
3325 1491 3406 1552 εἰς
3442 1489 3542 1561 τὴν
3598 1491 3705 1547 ἁπ-

2094 1558 2312 1627 ώ).ειαν,
2347 1561 2378 1632 ὴ
2413 1560 2473 1614 δὲ
2515 1563 2678 1634 στενὴ
2709 1565 2807 1617 καὶ
2828 1564 3169 1638 τεθλιμμένη
3201 1569 3280 1632 είς
3310 1569 3411 1642 τὴν
3440 1558 3608 1644 ζωήν.
3637 1577 3702 1628 Εἰ

2093 1645 2274 1699 τοίνυν
2300 1646 2515 1701 ἐκεῖθεν
2548 1648 2698 1703 ἔστιν
2731 1648 2907 1703 ἐλθεῖν
2936 1653 3014 1716 είς
3041 1651 3143 1722 τὴν
3175 1651 3342 1721 ζωὴν,
3378 1656 3603 1713 ἄλλοθεν
3647 1659 3705 1718 δὲ

2094 1729 2194 1812 οὐκ
2229 1728 2328 1812 ἔνι,
2369 1729 2480 1800 ἄρα
2526 1731 2615 1786 διὰ
2646 1734 2745 1803 τῆς
2793 1735 2988 1805 στενῆς
3032 1737 3234 1802 πάντες
3283 1741 3556 1812 εἰσῆλθον,
3588 1745 3705 1802 ὅσοι

2096 1811 2234 1882 πρὸς
2265 1811 2364 1883 τὴν
2398 1812 2544 1883 ζωὴν
2585 1816 2853 1889 ἀπῆλθον.
2904 1820 2974 1872 Εἰ
3013 1820 3294 1876 παιδείαν
3331 1811 3663 1895 ὑπομένετε
3687 1870 3701 1891 .

2096 1896 2286 1982 φησὶν,
2423 1897 2576 1982 υἱοῖς
2600 1899 2744 1968 ὑμῖν
2772 1902 3179 1971 προσφέρεται
3202 1908 3234 1959 ό
3262 1908 3426 1974 Θεός.
3466 1911 3564 1976 Τίς
3593 1911 3704 1982 γάρ

2095 1979 2269 2034 ἐστιν
2298 1981 2449 2047 υἱός,
2492 1981 2568 2036 ὃν
2612 1986 2685 2038 ού
2728 1985 2997 2040 παιδεύει
3049 1988 3288 2059 πατήρ;
3329 1993 3390 2046 Εἰ
3433 1979 3702 2068 παιδεύει,

2095 2063 2203 2134 ἄρα
2233 2064 2315 2127 εἰς
2343 2064 2654 2135 διόρθωσιν,
2688 2066 2805 2120 ἀλλ’
2827 2068 2927 2123 οὑκ
2962 2072 3044 2134 είς
3088 2071 3336 2138 κόλασιν,
3363 2076 3484 2132 οὑδέ
3513 2081 3594 2144 εἰς
3622 2063 3706 2134 τιξ

2099 2149 2336 2234 μωρίαν,
2373 2151 2495 2203 οὑδέ
2524 2153 2604 2217 είς
2646 2151 2707 2206 τὸ
2738 2154 2926 2218 κακῶς
2954 2156 3169 2214 παθεῖν.
3214 2157 3368 2233 [272]
3388 2161 3551 2234 Ὅρα,
3582 2165 3706 2220 ὅθεν

2096 2230 2347 2317 ἐνόμιζον
2410 2235 2944 2308 ἐγκαταλελεῖφθαι,
2994 2240 3103 2293 ἀπὸ
3153 2230 3367 2298 τούτων
3415 2230 3582 2317 φησὶν
3611 2250 3708 2304 αὑ-

2093 2314 2222 2398 τοὺς
2250 2317 2552 2385 πιστεύειν,
2578 2320 2659 2373 ὅτι
2691 2322 2791 2375 οὐκ
2820 2323 3379 2397 ἐγκαταλελειμμένα
3410 2314 3570 2387 εἰσίν.
3618 2334 3706 2398 Ὠς

2093 2397 2160 2486 6v
2191 2401 2238 2452 εί
2267 2399 2474 2486 ἐλεγεν·
2494 2402 2714 2476 Ἐπειδὴ
2744 2405 3236 2464 τοσαῦταέπάθετε
3265 2411 3431 2475 κακά,
3453 2397 3708 2486 νομίζετε

2093 2481 2174 2570 ὅτι
2203 2484 2417 2570 ἀφῇκεν
2455 2487 2602 2570 ὑμᾶς
2645 2488 2674 2540 ό
2703 2489 2836 2551 Θεὸς
2871 2493 2966 2544 καὶ
3002 2495 3196 2562 μισεῖς
3243 2496 3306 2548 Εἰ
3337 2497 3414 2568 μὴ
3448 2481 3706 2570 ἐπάθετε,

2093 2566 2218 2620 τότε
2250 2567 2357 2621 ἔδει
2386 2569 2546 2624 τοῦτο
2576 2571 2912 2628 ὑποπτεύειν
2940 2592 2952 2605 ·
2986 2577 3034 2628 εἰ
3073 2577 3183 2649 γάρ
3214 2566 3410 2635 πάντα
3436 2582 3552 2637 υίὸν
3599 2566 3708 2656 μαξ-

2097 2655 2293 2734 στιγοῖ,
2339 2653 2398 2706 ὃν
2447 2655 2839 2726 παραδέχεται,
2891 2659 2918 2711 6
2967 2660 3042 2730 μὴ
3093 2663 3494 2734 μαστιζόμενος
3525 2707 3536 2732 ,
3573 2653 3708 2733 ἴσως

2095 2733 2194 2804 οὑχ
2214 2736 2348 2800 υἱός.
2380 2737 2446 2790 Τί
2472 2734 2566 2792 οὖν
2592 2755 2606 2805 ;
2641 2740 2805 2812 φησί·
2842 2745 3075 2813 πονηροὶ
3102 2745 3160 2797 οὑ
3192 2733 3462 2818 πάσχουσι
3494 2753 3703 2820 κακῶς;

2095 2817 2374 2889 Πάσχουσι
2409 2821 2508 2893 μέν
2542 2839 2555 2850 ·
2594 2824 2711 2887 πῶς
2742 2825 2851 2896 γᾶρ
2877 2823 2939 2878 οὑ
2969 2844 2982 2894 ;
3033 2827 3150 2881 ἀλλ’
3193 2817 3484 2899 οὑκνεῖπε,
3530 2817 3707 2900 Πᾶςό

2100 2904 2505 2987 μαστιξόμενος
2528 2947 2543 2972 ,
2589 2908 2727 2972 υίὸς,
2761 2908 2919 2974 ἀλλὰ,
2951 2911 3067 2974 Πᾶς
3108 2915 3136 2966 6
3167 2914 3282 2978 υίὸς
3317 2917 3704 2987 μαστιγοῦται.

2107 2985 2248 3038 Ἀλλ’
2273 2987 2380 3076 οὑκ
2407 2989 2473 3043 ἂν
2508 2989 2657 3076 ἔχοις
2686 2993 2863 3076 εἰπεῖν
2890 3009 2902 3022 ·
2936 2997 3061 3076 λείσὶ
3100 2996 3200 3067 μὲν
3230 2985 3339 3070 γὰρ
3370 2985 3710 3076 μαστιζόμε-

2095 3086 2177 3158 νοι
2206 3071 2412 3139 πολλοὶ,
2461 3075 2558 3128 καὶ
2600 3075 2865 3148 πονηροὶ,
2904 3072 3018 3132 οἷον
3066 3081 3426 3152 ἀνδροφόνοι,
3467 3071 3704 3158 λῃσταὶ,

2095 3153 2315 3243 ζόῃ-τες,
2337 3158 2714 3243 ξτνμὸωρύχομ
2749 3163 2892 3216 Ἀλλ’
2915 3163 3117 3218 ἐκεῖνοι
3142 3165 3243 3237 τῆς
3269 3167 3405 3232 ἰδίας
3435 3153 3706 3243 πονηρίας

2095 3237 2304 3292 διδόασι
2332 3239 2512 3312 δίκην,
2539 3247 2635 3297 καὶ
2667 3247 2766 3317 οὐχ
2795 3246 2870 3312 ὡς
2904 3249 3011 3301 υἱοὶ
3044 3249 3461 3320 μαστιγοῦνται,
3495 3237 3705 3323 ἀλλ’ὡς

2097 3324 2260 3377 κακοὶ
2289 3325 2614 3390 κολάζονται
2635 3347 2650 3361 σ
2684 3331 2844 3401 ὑμεῖς
2871 3330 2927 3385 δὲ
2953 3331 3030 3396 ὠς
3060 3333 3186 3386 υίοί.
3231 3334 3398 3406 Ὁρᾷς
3428 3337 3548 3403 πῶς
3571 3340 3710 3395 πάν-

2096 3406 2452 3500 ἒιτ-οθσεν-κινεῖΔ
2480 3412 2779 3500 λογισμοὺς
2806 3457 2820 3483 ,
2862 3415 2972 3469 ἀπὸ
3014 3418 3360 3487 πραγμάτων
3401 3423 3512 3475 τῶν
3550 3424 3610 3479 ἐν
3636 3429 3704 3500 τῇ

2097 3491 2324 3565 Γραφῇ,
2358 3496 2468 3548 ἀπὸ
2509 3499 2810 3568 ῥημάτων,
2862 3500 2972 3552 ἀπὸ
3017 3500 3238 3555 ἐννοιῶν
3286 3504 3504 3561 οἰκείων
3531 3551 3546 3575 ,
3597 3491 3707 3564 ἀπδ

2097 3577 2561 3649 παραδειγμάτων
2593 3581 2700 3634 τῶν
2730 3582 2789 3635 ἐν
2817 3583 2894 3653 τῷ
2940 3584 3039 3656 βίῳ
3064 3602 3078 3653 ;
3107 3583 3240 3640 Εἶτα
3279 3588 3440 3644 πάλιν
3475 3592 3571 3648 καὶ
3597 3595 3706 3649 ἀπὸ

2095 3662 2196 3745 τῆς
2226 3665 2414 3735 κοινῆς
2459 3665 2770 3738 συνηθείας.
2811 3670 2880 3722 Εἰ
2922 3669 2990 3723 δέ
3015 3673 3198 3740 χωρίς
3235 3673 3378 3728 ἐστε
3405 3677 3703 3745 παιδείας,

2093 3742 2169 3818 ἧς
2196 3748 2442 3818 μέτοχοι
2480 3755 2767 3822 γεγόνασι
2798 3754 3042 3825 πάντες,
3069 3756 3182 3827 ἄρα
3215 3759 3381 3814 νόθοι
3409 3761 3575 3832 ἐστέ,

2095 3834 2209 3902 οὐχ
2250 3835 2392 3890 υἱοί.

2167 3919 2234 4004 βξ.
2279 3920 2572 4004 Ὁρᾷς-ὅτι,
2603 3922 2739 3994 ὅπερ
2785 3923 2954 3995 ἔφθην
2989 3924 3183 3991 εἰπὼν,
3229 3928 3330 3982 οὑκ
3358 3928 3438 3983 ἔνι
3465 3931 3542 4004 μὴ
3571 3951 3702 3988 παι·-

2094 3999 2384 4073 δευόμενον
2412 4001 2717 4073 εἶναιυίόν;
2755 4007 2967 4080 Ὥσπερ
2991 4010 3099 4081 γὰρ
3129 4013 3187 4063 ἐν
3219 4015 3343 4077 ταῖς
3361 3999 3562 4079 οίκίαις
3591 4016 3701 4072 τῶν

2094 4087 2268 4142 νόθων
2299 4091 2736 4162 καταφρονοῦσιν
2761 4095 2808 4146 οί
2847 4095 3105 4164 πατέρες,
3135 4095 3240 4149 κᾶν
3283 4099 3452 4168 μηδὲν
3487 4101 3699 4172 μανθά-

2094 4189 2226 4226 νωσι
2254 4213 2269 4239 ,
2309 4173 2414 4228 κᾶν
2475 4181 2551 4246 μὴ
2596 4175 2798 4243 ἔνδοξοι
2848 4178 3110 4246 γίνωνται
3137 4195 3149 4206 '
3201 4181 3309 4235 τῶν
3353 4182 3409 4234 δὲ
3457 4186 3700 4256 γνησίων

2093 4256 2279 4309 ἕνεκεν
2321 4259 2454 4310 υἱῶν
2493 4259 2768 4313 δεδοίκασι
2815 4264 3028 4332 μήποτε
3077 4263 3443 4336 ῥαθυμήσωσι
3474 4284 3489 4298 ο
3536 4270 3700 4323 τοῦτο

2094 4341 2188 4392 καὶ
2225 4341 2317 4394 ἐπὶ
2348 4341 2441 4395 τοῦ
2485 4343 2776 4414 παρόντος.
2821 4345 2881 4396 Εἰ
2920 4345 3102 4399 τοίνυν
3142 4346 3203 4400 τὸ
3233 4348 3309 4421 μὴ
3339 4350 3699 4409 παιδεύεσθαι

2093 4424 2265 4477 νόθων
2289 4425 2426 4493 ἐστὶ,
2460 4426 2542 4480 δεῖ
2569 4427 2783 4498 χαίρειν
2813 4429 2908 4482 ἐπὶ
2941 4431 3007 4502 τῇ
3045 4431 3289 4504 παιδεία,
3312 4434 3365 4487 εί
3385 4452 3447 4503 γε
3475 4437 3698 4508 γνησιά-

2090 4525 2253 4580 τητος
2279 4509 2439 4563 τοῦτο
2463 4510 2623 4567 ἔστω.
2664 4513 2753 4577 Ὠς
2776 4515 2910 4578 υἱοῖς
2938 4515 3066 4586 ὑμῖν
3093 4517 3468 4589 προσφέρεται
3489 4524 3516 4573 6
3537 4521 3692 4584 Θεός·

2090 4593 2178 4647 διὰ
2220 4593 2381 4648 τοῦτο
2415 4596 2549 4649 αὑτό
2592 4614 2778 4667 φησιν.
2811 4595 2955 4652 Εἶτα
2985 4600 3127 4668 τοὺς
3153 4603 3272 4670 μὲν
3313 4602 3424 4674 τῆς
3463 4620 3696 4674 σαρκος

2089 4676 2262 4747 ἡμῶν
2291 4680 2553 4748 πατέρας
2592 4683 2836 4752 εἴχομεν
2861 4684 3208 4751 παιδευτὰς,
3254 4688 3352 4740 καὶ
3383 4689 3698 4759 ἐνετρεπό-

2084 4767 2243 4832 μεθα
2263 4780 2276 4794 ·
2311 4767 2383 4818 οὺ
2417 4764 2627 4831 πολλῷ
2658 4766 2903 4836 μᾶλλον
2930 4771 3437 4840 ὑποταγησόμεθα
3470 4773 3549 4840 τῷ
3576 4778 3698 4834 Πα-

2089 4847 2182 4915 τρὶ
2244 4848 2364 4902 τῶν
2409 4850 2804 4919 πνευμάτων,
2865 4854 2964 4906 καὶ
3014 4851 3317 4924 ζήσομεν;
3369 4857 3540 4917 Πάλιι
3590 4861 3701 4914 ἀπὸ

2087 4930 2196 4984 τῶν
2230 4932 2448 4986 οἰκείων
2494 4934 2838 5006 παθημάτων
2865 4976 2879 5002 ,
2925 4936 3020 5005 ἀφ’
3060 4931 3135 4991 ὧν
3169 4939 3324 4994 αὑτοὶ
3365 4939 3628 5012 ἔπασχον,
3664 4945 3700 5014 ἡ

2088 5019 2399 5090 προτροπή.
2423 5018 2596 5072 Ὥσπε
2606 5035 2636 5090 ρ
2658 5020 2768 5092 γὰρ
2785 5022 2903 5077 ἐκεῖ
2925 5020 3096 5090 λέγει,
3133 5023 3699 5092 Ἀναμιμνήσκεσθε

2085 5099 2194 5166 τὰς
2227 5104 2519 5170 πρότερον
2553 5103 2779 5174 ἡμέρας
2804 5122 2817 5136 '
2861 5105 3005 5165 οὕτω
3049 5106 3140 5159 καὶ
3161 5107 3420 5172 ἐνταῦθα,
3459 5107 3518 5162 Ὀ
3539 5108 3694 5178 Θεὸς,

2087 5185 2275 5252 φησὶν,
2313 5188 2388 5250 ὡς
2411 5188 2550 5254 υἱοῖς
2581 5189 2710 5258 ὑμῖν
2738 5188 3132 5258 προσφέρεται,
3171 5190 3264 5242 καὶ
3295 5192 3394 5244 οὐκ
3425 5191 3490 5245 ἂν
3516 5193 3693 5264 ἔχοιτε

2086 5269 2288 5335 εἰπεῖν,
2320 5270 2402 5323 ὅτι
2427 5272 2487 5324 οὑ
2527 5271 2804 5342 δυνάμεθα
2838 5273 3047 5343 φέρειν,
3094 5273 3187 5326 καὶ
3217 5273 3292 5338 ὡς
3333 5278 3468 5341 υἱοῖς
3511 5280 3696 5336 ποθει·

2090 5355 2198 5416 νοῖς
2220 5362 2260 5406 ⁸.
2303 5355 2366 5407 Et
2391 5355 2448 5407 δὲ
2484 5358 2611 5418 τοὺς
2638 5357 2879 5427 πατέρας
2911 5357 3187 5414 αἰδοῦνται
3225 5361 3354 5424 τοὺς
3396 5368 3694 5435 σαρκικοὺς

2087 5437 2290 5495 ἐκεῖνοι
2314 5479 2328 5503 ,
2361 5437 2480 5502 πῶς
2523 5439 2683 5509 ὑμεῖς
2715 5439 2805 5493 τὸν
2843 5440 3062 5513 Πατέρα
3110 5442 3201 5495 τὸν
3236 5444 3562 5516 ἐπουράνιον
3592 5449 3692 5505 οὐκ

2088 5519 2475 5592 αἰδεσθήσεσθε
2503 5540 2516 5588 ;
2569 5524 2765 5576 Καίτοι
2797 5525 2896 5578 οὑκ
2944 5526 3052 5580 ἀπὸ
3080 5525 3275 5580 τούτου
3316 5529 3476 5599 μόνον
3507 5535 3538 5606 ἡ
3571 5532 3692 5586 δια-

2091 5603 2236 5676 φορά
2277 5606 2373 5659 καὶ
2418 5606 2527 5659 ἀπὸ
2570 5605 2903 5678 προσώπων,
2949 5608 3088 5664 ἀλλὰ
3134 5613 3227 5666 καὶ
3273 5613 3368 5666 ἀπ’
3393 5603 3565 5686 αὐτῆς
3589 5617 3692 5687 τῆς

2094 5804 2382 5920 rc:‘lz'erba,
2410 5810 2490 5859 καὶ
2516 5811 2579 5868 ὡς
2598 5811 2716 5870 υἱοῖς
2737 5813 2986 5876 ποθεινοῖς,
3004 5827 3103 5865 non
3129 5813 3385 5882 expressit
3419 5816 3688 5887 Mutunus,
