4202 6458
522 381 632 436 205

521 495 700 559 αἰτίας
730 496 825 548 καὶ
849 495 955 548 άπὸ
986 494 1077 549 τοῦ
1121 497 1444 568 πράγματος
1474 515 1488 529 ο
1517 500 1578 552 οὐ
1610 498 1719 570 γὰρ
1748 499 1842 551 ἐπὶ
1872 500 1987 560 τοῖς
2014 498 2112 551 αὐ-

518 582 632 643 τοῖς
658 572 814 642 οὗτος
848 581 1090 632 κάκεῖνοι
1119 578 1621 653 παιδεύουσι.[275]
1639 582 1730 635 Διὸ
1754 582 1849 634 καὶ
1878 581 2072 649 ἐπάγει
2094 593 2112 612 ⁸

525 666 589 717 Ol
613 662 732 731 μὲν
776 663 885 730 γὰρ
908 662 1056 728 πρὸς
1085 662 1295 731 ὀλίγας
1336 662 1560 732 ἡμέρας
1586 664 1737 720 κατὰ
1773 663 1841 719 τὸ
1888 663 2114 718 δοκοῦν

516 744 723 809 αὐτοῖς
763 742 1086 797 ἐπαίδευον
1110 759 1124 773 ⁸
1163 746 1447 798 τουτέστιν
1470 787 1486 812 ,
1528 746 1724 818 ἡδονὴν
1770 747 2135 819 πληροῦντες,

517 829 778 889 πολλάκις
804 865 818 891 ,
864 827 961 879 καὶ
994 827 1054 879 οὑ
1100 829 1378 899 πανταχοῦ
1415 830 1478 883 τὸ
1524 830 1805 901 συμφέρον
1851 831 2106 902 ὁρῶντες.

530 911 797 966 Ἐνταῦθα
826 910 998 964 δὲούκ
1017 910 1134 964 ἐστι
1159 911 1319 965 τοῦτο
1346 914 1524 967 εἰπεῖν
1544 929 1559 943 ·
1585 915 1647 968 οὐ
1672 916 1784 987 γὰρ
1810 915 1900 968 διά
1931 933 1984 968 τι
2001 916 2109 969 τῶν

514 993 685 1050 αὑτοῦ
714 991 875 1048 τοῦτο
898 997 1083 1061 ποιεῖ,
1127 994 1266 1049 ἀλλά
1306 995 1377 1049 δι’
1414 998 1559 1066 ὑμᾶς
1595 999 1691 1051 καὶ
1724 998 1823 1067 τὴν
1839 997 2109 1065 ὠφέλειαν

516 1078 688 1149 μόνην
713 1076 815 1147 τήν
848 1077 1124 1147 ὑμετέραν
1149 1095 1163 1108 ·
1202 1079 1427 1147 ἐκεῖνοι,
1460 1080 1547 1133 ἵνα
1578 1081 1675 1134 καὶ
1704 1081 1889 1144 αὐτοῖς
1914 1083 2108 1151 χρήσι⁶

516 1178 609 1229 μοι
636 1159 893 1231 γένησθε,
926 1159 1189 1224 πολλάκις
1215 1160 1271 1213 δὲ
1304 1160 1400 1214 καὶ
1445 1165 1569 1234 εἰκῆ
1601 1178 1615 1192 ·
1655 1162 1895 1217 ἐνταῦθα
1933 1161 1991 1215 δέ
2017 1163 2110 1215 οὐ·

510 1244 602 1298 δέν
629 1242 873 1297 τοιοῦτόν
905 1244 1074 1298 ἐστιν.
1110 1243 1278 1315 Ὁρᾷς
1307 1244 1390 1298 ὅτι
1420 1246 1517 1299 καὶ
1551 1244 1711 1300 τοῦτο
1740 1248 1897 1318 φέρει
1928 1246 2107 1316 παράο

512 1328 746 1399 κλησιν;
794 1326 1048 1380 Μάλιστα
1088 1326 1199 1398 γάρ
1243 1327 1479 1391 ἐκείνοις
1525 1328 1878 1398 οἰκειούμεθα
1905 1370 1921 1396 ,
1975 1328 2108 1382 ὅταν

514 1412 716 1482 ῐδωμεν
761 1411 843 1464 ὅτι
889 1411 950 1464 οὐ
983 1409 1072 1464 διά
1100 1429 1153 1463 τι
1179 1410 1288 1464 τῶν
1324 1411 1508 1466 αὐτῶν
1548 1412 1582 1484 ἢ
1629 1412 2033 1480 ἐπιτάττουσιν,
2070 1413 2104 1484 ἢ

513 1492 879 1566 παραινοῦσιν
903 1533 919 1559 ,
951 1494 1068 1547 ἀλλ’
1096 1492 1390 1566 ὁλόκληρος
1419 1497 1454 1565 ἠ
1491 1496 1696 1566 σπουδὴ
1742 1495 1831 1549 διά
1863 1496 1923 1549 τὸ
1969 1497 2109 1567 ἡμέο

510 1596 672 1651 τερον
702 1577 933 1648 γίνεται.
978 1577 1149 1632 Τοῦτο
1184 1579 1294 1649 γάρ
1339 1580 1491 1632 ἐστιν
1536 1579 1839 1651 εἰλικρινὴς
1888 1580 2102 1651 ἀγάπη,

512 1664 609 1716 καὶ
635 1661 807 1724 ὅντως
837 1661 1050 1732 ἀγάπη,
1072 1663 1203 1716 ὅταν
1225 1661 1393 1733 μηδὲν
1416 1662 1568 1725 ὅντες
1593 1662 1673 1733 τῷ
1700 1663 1946 1733 φιλοῦντι
1967 1664 2106 1735 χρή-

512 1762 666 1817 σιμοι
690 1787 705 1812 ,
744 1743 1029 1816 φιλῶμεθα
1072 1745 1204 1816 παρ’
1235 1743 1423 1800 αὑτοῦ.
1465 1743 1776 1817 Φιλούμεθα
1814 1747 1925 1818 γὰρ
1951 1787 1968 1812 ,
2006 1747 2107 1817 οὑχ

512 1831 600 1885 ῖνα
626 1829 787 1902 λάϐῃ,
816 1828 933 1882 ἀλλ’
962 1828 1050 1883 ἵνα
1073 1828 1147 1899 δῷ
1172 1847 1187 1861 ·
1220 1829 1492 1894 παιδεύει,
1519 1830 1698 1884 πάντα
1728 1833 1896 1896 ποιεῖ,
1927 1831 2107 1885 πάντα

512 1912 826 1979 σπουδάζει,
860 1913 1001 1967 ὥστε
1042 1912 1301 1981 γενέσθαι
1336 1915 1487 1985 ἡμᾶς
1515 1914 1803 1979 δεκτικοὺς
1830 1914 1941 1968 τῶν
1968 1916 2108 1983 ἁγα-

513 1998 622 2054 θῶν
648 1998 758 2052 τῶν
784 1994 969 2052 αὐτοῦ.
993 2000 1059 2050 Ol
1078 1997 1198 2067 μὲν
1218 1999 1351 2067 γὰρ,
1383 2000 1537 2069 φησὶ,
1560 1998 1712 2069 πρὸς
1736 2000 1945 2068 ὀλίγας
1968 1999 2109 2068 ἠμέ-

502 2101 619 2151 ρας
646 2080 797 2136 κατά
834 2081 901 2136 τὸ
935 2080 1161 2136 δοκοῦν
1197 2082 1404 2149 αὐτοῖς
1444 2083 1767 2138 ἐπαίδευον
1789 2100 1804 2113 ·
1846 2084 1878 2137 ό
1908 2082 1977 2136 δὲ
2008 2083 2107 2137 ἐπὶ

508 2168 578 2221 τό
605 2163 936 2236 συμφέρον,
960 2169 1047 2232 είς
1068 2167 1133 2220 τὸ
1153 2165 1518 2235 μεταλαϐεῖν
1540 2166 1652 2235 τῆς
1676 2167 1989 2236 ἁγιότητος
2008 2167 2109 2220 αὐ-

508 2248 640 2305 τοῦ.
697 2247 764 2302 Τί
811 2249 951 2314 ἐστι,
1002 2246 1118 2317 Τῆς
1155 2248 1468 2318 ἁγιότητος
1510 2249 1740 2314 αὐτοῦς
1795 2250 2104 2315 Τουτέστι,

508 2336 607 2404 τῆς
635 2334 1033 2405 καθαρότητος,
1068 2332 1211 2390 ὥστε
1244 2333 1433 2400 ἀξίους
1465 2332 1633 2387 αὐτοῦ
1664 2333 1920 2402 γενέσθαι
1965 2335 2108 2388 κατά

507 2418 764 2490 δύναμιν.
806 2419 1049 2481 Ἐκεῖνος
1091 2416 1385 2481 σπουδάζει
1415 2417 1505 2472 ῖνα
1545 2417 1771 2489 λάϐητε,
1804 2418 1899 2471 καὶ
1927 2419 2106 2473 πάντα

508 2520 656 2572 ποιεῖ
678 2517 768 2570 ἵνα
795 2514 871 2587 δῷ
902 2516 1031 2587 ὑμῖν
1054 2532 1068 2546 ο
1102 2514 1262 2585 ὑμεῖς
1282 2513 1338 2567 δὲ
1360 2514 1422 2567 ού
1452 2513 1786 2578 σπουδάζετε
1815 2515 1903 2569 ἵνα
1933 2515 2105 2586 λάϐη-

506 2620 594 2656 τε.
622 2598 829 2665 Εἶπον,
863 2601 1019 2671 φησὶ,
1049 2599 1129 2666 τῷ
1154 2601 1371 2667 Κυρίῳ,
1401 2599 1621 2667 Κύριός
1641 2616 1761 2668 μου
1789 2596 1850 2654 εἴ
1881 2599 1986 2665 σὺ,
2015 2600 2104 2655 ὅτι

505 2687 625 2742 τῶν
648 2685 887 2757 ἀγαθῶν
905 2704 1026 2754 μου
1054 2686 1127 2738 οὐ
1152 2685 1363 2753 χρείαν
1389 2683 1569 2753 ἔχεις.
1593 2680 1757 2750 Εἶτα,
1787 2686 1939 2755 φησὶ.
1963 2686 2105 2753 τοὺς

502 2768 622 2841 μὲν
648 2768 758 2838 τῆς
777 2768 1009 2837 σαρκὸς
1044 2765 1217 2836 ήμῶν
1241 2767 1502 2836 πατέρας
1531 2767 1775 2837 εἴχομεν
1796 2769 2106 2823 παιδεύον-

509 2870 618 2919 τας
644 2891 659 2917 ,
710 2850 811 2906 καὶ
856 2851 1292 2919 ἐνετρεπόμεθα
1315 2867 1331 2882 ο
1380 2852 1455 2905 οὐ
1508 2851 1718 2917 πολλῷ
1749 2851 1818 2904 δὲ
1860 2851 2106 2921 μᾶλλον

506 2934 1012 3004 ὑποταγησόμεθα
1053 2932 1135 2998 τῷ
1176 2931 1359 3002 Πατρί
1404 2930 1525 2988 τῶν
1560 2933 1917 3004 πνευμάτων
1939 2974 1954 2996 ,
2000 2934 2104 2989 καὶ

507 3018 805 3088 ζῆσομενς
830 3014 915 3082 Τῷ
935 3014 1114 3085 Harp!
1141 3015 1261 3069 τῶν
1285 3017 1643 3086 πνευμάτων
1665 3034 1680 3048 ·
1718 3019 1837 3090 ήτοι
1869 3017 1980 3073 τῶν
2013 3036 2104 3088 χα-

511 3102 793 3173 ρισμάτων
812 3099 983 3169 λέγει,
1014 3100 1134 3171 ἦτοι
1152 3098 1263 3152 τῶν
1292 3100 1486 3171 εὐχῶν,
1509 3101 1629 3172 ἦτοι
1653 3100 1764 3155 τῶν
1792 3101 2103 3171 ἀσωμάτων

505 3184 812 3255 δυνάμεων.
886 3183 1013 3236 Ἐάν
1059 3181 1234 3246 οὕτως
1278 3183 1712 3255 ἀποθνήσκωμεν
1735 3223 1748 3248 ,
1781 3182 1904 3236 τότε
1935 3182 2101 3252 ζησό-

511 3267 673 3339 μεθα.
711 3266 823 3321 Καὶ
856 3265 1039 3330 καλῶς
1080 3261 1269 3333 εἶπεν,
1306 3267 1372 3320 Ol
1405 3266 1524 3336 μὲν
1557 3267 1668 3335 γὰρ
1705 3265 1853 3334 πρὸς
1890 3265 2102 3334 ὀλίγας

509 3349 736 3421 ἡμέρας
783 3348 1106 3403 ἐπαίδευον
1153 3349 1305 3403 κατὰ
1346 3348 1415 3402 τὸ
1465 3348 1692 3403 δοκοῦν
1734 3347 1940 3415 αὐτοῖς
1973 3365 1989 3379 ο
2036 3349 2099 3402 ού

504 3433 620 3507 γὰρ
646 3432 923 3505 πανταχοῦ
955 3433 1016 3485 τὸ
1041 3431 1231 3486 δοκοῦν
1263 3432 1544 3504 συμφέρον
1568 3447 1584 3464 ο
1609 3422 1767 3495 οὗτος
1795 3430 1853 3484 δέ
1878 3430 2016 3503 πρὸς
2037 3430 2100 3484 τὸ

508 3517 812 3589 συμφέρον.

526 3598 529 3603 ’
577 3600 648 3671 γ’.
665 3602 811 3672 Ἀρα
836 3601 869 3671 ή
890 3597 1104 3653 παιδεία
1127 3598 1427 3668 συμφέρον,
1446 3597 1602 3669 ἄραή
1633 3596 1853 3651 παιδεία
1871 3596 2100 3669 μετάλη-

504 3685 597 3756 ψις
623 3683 911 3754 ἀγιότητός
938 3684 1075 3735 ἐστι.
1110 3682 1221 3735 Καὶ
1264 3681 1472 3753 σφόδρα
1499 3698 1564 3751 γε
1590 3697 1605 3711 ο
1636 3681 1765 3734 ὅταν
1793 3680 1903 3751 γὰρ
1930 3680 2101 3750 ρᾳθυ-

510 3768 638 3838 μίαν
668 3766 926 3837 ἐκϐάλλῃ,
960 3766 1090 3819 ὅταν
1117 3764 1419 3835 ἐπιθυμίαν
1448 3764 1714 3837 πονηράν,
1761 3764 1890 3816 ὅταν
1920 3762 2100 3832 ἔρωτα

504 3853 615 3908 τῶν
638 3851 910 3927 βιωτικῶν
938 3850 1305 3922 πραγμάτων,
1327 3849 1457 3902 ὅταν
1480 3848 1762 3918 συστρέφῃ
1783 3847 1883 3918 τὴν
1898 3847 2096 3918 ψυχὴν,

504 3937 634 3990 ὅταν
663 3939 790 4007 ποιῇ
816 3933 1170 4005 καταγνῶναι
1208 3932 1318 3986 τῶν
1351 3930 1589 3988 ἐνταῦθα
1617 3931 1840 3984 πάντων
1869 3932 2100 4003 (τοιοῦτο

503 4020 615 4092 γάρ
637 4022 671 4092 ἡ
695 4018 922 4089 θλῖψις),
938 4016 1061 4088 οὐχὶ
1086 4017 1218 4085 ἀγία
1247 4015 1490 4085 γίνεται;
1515 4014 1637 4084 οὐχὶ
1663 4013 1758 4067 τοῦ
1781 4014 2100 4087 Πνεύματος

501 4103 808 4157 ἐπισπᾶται
856 4102 956 4173 τὴν
998 4102 1201 4172 χάρινς
1256 4100 1638 4170 Ἐννοήσωμεν
1680 4098 1969 4171 τοιγαροῦν
2011 4099 2101 4153 ἀεὶ

504 4191 631 4253 τοὺς
662 4187 902 4252 δικαίους
926 4228 940 4252 ,
976 4187 1073 4241 καὶ
1117 4186 1318 4257 ἴδωμεν
1363 4183 1528 4237 πόθεν
1572 4183 1772 4248 πάντες
1807 4183 2055 4255 ἔλαμψαν
2080 4226 2096 4250 ,

508 4272 660 4347 [9.74]
682 4275 776 4326 καὶ
795 4271 902 4343 πρὸ
929 4270 1170 4335 πάντων,
1194 4271 1224 4322 ό
1250 4266 1438 4333 Ἀϐελ,
1468 4266 1497 4318 ὁ
1521 4266 1644 4321 Νῶε
1668 4284 1683 4298 °
1714 4263 1825 4339 ἆρα
1849 4268 1958 4339 γὰρ
1980 4267 2101 4338 οὐχὶ

502 4357 615 4410 ἀπὸ
644 4354 909 4426 θλίψεως;
936 4354 996 4407 οὐ
1027 4353 1135 4425 γὰρ
1165 4352 1282 4405 ἐστι
1311 4348 1401 4403 τὸν
1443 4350 1607 4423 μόνον
1646 4349 1775 4404 ὅντα
1805 4351 1863 4403 ἐν
1903 4351 1981 4422 τῷ
2011 4369 2102 4404 το-

505 4440 684 4511 σούτῳ
728 4439 926 4512 πλήθει
963 4439 1073 4492 τῶν
1115 4436 1302 4493 κακῶν
1350 4437 1427 4508 μὴ
1471 4434 1774 4489 θλίϐεσθαι.
1806 4434 1936 4490 Νῶε
1964 4437 2096 4505 γὰρ,

505 4524 662 4596 φησὶ,
689 4524 880 4595 μόνος
917 4524 1146 4590 τέλειος
1182 4520 1268 4576 ὢν
1306 4521 1377 4577 ἐν
1414 4519 1489 4591 τῇ
1530 4519 1709 4590 γενεᾷ
1752 4517 1940 4576 αὐτοῦ
1962 4560 1977 4586 ,
2017 4520 2100 4587 τῷ

508 4606 630 4675 Θεῴ
660 4609 1094 4678 εὐηρέστησεν.
1139 4607 1427 4679 Ἐννόησον
1465 4605 1576 4677 γάρ
1613 4623 1743 4676 μοι,
1786 4609 1836 4660 εί
1871 4606 1966 4660 νῦν
1997 4623 2100 4677 μυ-

507 4686 656 4765 ρίους
679 4693 896 4765 ἔχοντες
921 4686 997 4745 ὧν
1037 4690 1357 4761 ζηλώσομεν
1391 4690 1490 4761 τὴν
1533 4690 1758 4759 ἀρετὴν,
1806 4690 1900 4744 καὶ
1937 4690 2102 4743 πατέ-

507 4795 608 4849 ρας
632 4787 651 4809 ⁸
670 4818 686 4839 ,
716 4776 814 4830 καὶ
841 4775 1200 4840 διδασκάλους
1223 4814 1238 4841 ,
1274 4772 1418 4829 οὑτω
1462 4771 1785 4844 θλιϐόμεθα,
1822 4773 1877 4831 τί
1907 4774 2100 4829 παθεῖν

507 4864 716 4916 ἐκεῖνον
762 4860 910 4924 εἰκὸς
940 4856 1014 4934 ἦν
1066 4859 1226 4929 μόνον
1272 4856 1479 4934 μεταξύ
1512 4856 1820 4927 τοσούτων;
1852 4857 1990 4911 ἀλλὰ
2031 4857 2098 4912 τά

507 4946 652 5002 κατά
681 4945 774 5000 τὸν
801 4943 953 4998 ὑετὸν
974 4932 1113 4996 εἴπω
1133 4942 1225 4997 τὸν
1251 4941 1404 5013 ξένον
1423 4932 1632 4996 ἐκεῖνον
1659 4942 1752 4997 καὶ
1774 4942 2093 5013 παράδοξον;

508 5032 648 5086 ἀλλά
673 5032 764 5086 τὸν
796 5030 1049 5101 Ἀϐραὰμ
1069 5028 1228 5093 εἴπω,
1261 5028 1355 5080 καὶ
1382 5027 1418 5089 ἃ
1449 5027 1635 5082 τοῦτον
1657 5028 1853 5101 συνέϐη
1880 5028 2096 5096 παθεῖν,

516 5109 647 5179 οἷον,
674 5113 775 5178 τὰς
802 5111 1109 5183 ἀποδημίας
1145 5112 1244 5174 τάς
1276 5111 1630 5183 ἐπαλλήλους,
1655 5112 1754 5182 τὴν
1779 5113 1878 5184 τῆς
1907 5130 2099 5182 γυναι-

510 5200 605 5263 κὸς
639 5198 920 5270 ἁρπαγὴν,
962 5197 1091 5261 τοὺς
1132 5196 1435 5261 κινδύνους,
1476 5198 1605 5267 τοὺς
1651 5196 1941 5268 πολέμους,
1971 5197 2100 5261 τοὺς

509 5281 853 5354 πειρασμούς
882 5280 908 5319 b
937 5295 951 5344 ;
997 5277 1157 5335 Ἀλλά
1196 5280 1288 5339 τὸν
1329 5278 1527 5335 Ἰακὼϐ
1551 5320 1567 5345 ,
1594 5282 1695 5340 ὅσα
1724 5280 1959 5334 πέπονθε
1991 5284 2109 5355 δειτ

509 5365 597 5432 να,
630 5362 993 5433 ἐλαυνόμενος
1033 5363 1314 5431 πάντοθεν,
1352 5366 1445 5421 καὶ
1474 5362 1653 5421 πονῶν
1680 5367 1826 5437 εἰκῆ,
1854 5366 1949 5419 καὶ
1980 5366 2099 5425 ἐτέ-

513 5470 626 5524 ροις
651 5449 895 5523 μοχθῶν;
920 5453 1128 5516 πάντας
1152 5453 1251 5525 μὲν
1278 5454 1386 5525 γάρ
1408 5451 1572 5509 αὐτοῦ
1602 5453 1724 5517 τοὺς
1756 5452 2100 5524 πειρασμοὺς

513 5533 838 5601 καταλέγειν
863 5535 962 5589 οὐκ
994 5539 1293 5605 ἀναγκαῖον
1317 5576 1332 5603 ,
1362 5538 1462 5610 τὴν
1495 5538 1553 5592 δὲ
1596 5537 1907 5608 μαρτυρίαν
1957 5553 2101 5607 παρ-

452 5804 461 5814 ,
548 5750 588 5817 ἦ
612 5749 854 5817 (ἴρηκα,
878 5752 1058 5817 Begg.,
1093 5754 1279 5805 Comm.
1319 5759 1369 5804 ct
1395 5767 1550 5817 marg.
1577 5751 1819 5812 Sav.,-mi
1842 5753 2031 5808 παῖδας.

575 5813 603 5855 1³
639 5812 811 5874 Iidem,
840 5812 1146 5879 τοὺςῧῖμυύς.

1259 378 1319 433 S.
1357 371 1646 436 JOANNIS
1682 374 2098 437 CIIRYSUSTO

2222 377 2546 439 ARCIIIEP.
2587 380 3151 445 CONSTANTINOP.

3683 384 3790 450 2θῦ

2168 570 2173 577 1
2217 504 2461 569 ενεγκεῖν
2488 503 2709 571 εὔλογον
2728 545 2744 569 ,
2762 506 2829 576 ἣν
2856 505 2952 559 καὶ
2989 506 3152 570 αὐτὸς
3179 505 3560 578 διαλεγόμενος
3587 508 3665 578 τῷ
3694 511 3801 564 Φα-

2215 583 2334 652 ραὼ
2374 584 2527 653 ἔλεγε
2557 603 2572 617 ο
2612 586 2827 654 Μινραὶ
2870 587 2968 641 καὶ
3014 589 3269 657 πονηραὶ
3316 592 3376 645 al
3415 590 3627 661 ἡμέραι
3659 603 3803 662 μου,

2212 666 2313 719 καὶ
2344 670 2458 721 οὐκ
2500 669 2793 737 ἀφίκοντο
2824 673 2912 734 είς
2952 670 3061 737 τὰς
3104 673 3329 742 ἡμέρας
3358 672 3480 728 τῶν
3525 676 3804 744 πατέρων

2205 768 2347 819 μου.
2396 752 2554 805 Ἀλλά
2596 752 2689 806 τὸν
2745 753 2944 824 Ἰωσὴφ
2983 754 3162 820 είπως
3205 756 3344 811 ἀλλὰ
3389 758 3483 813 τὸν
3523 760 3804 827 Μωῦσέας

2209 832 2347 887 ἀλλά
2391 834 2482 887 τὸν
2529 835 2777 905 Ἰησοῦν;
2829 835 2967 889 ἀλλά
3007 836 3099 889 τὸν
3136 839 3343 903 Δαυῖδς
3389 838 3528 895 άλλά
3568 841 3660 895 τὸν
3707 841 3802 895 Σα-

2212 918 2423 988 μουήλ;
2467 918 2606 972 άλλά
2645 919 2737 972 τὸν
2778 920 3007 987 Ἠλίαν;
3057 921 3196 974 ἀλλά
3240 922 3334 976 τὸν
3377 925 3617 997 Δανιήλς
3666 926 3804 980 ἀλλά

2208 1001 2336 1063 τοὺς
2367 1003 2655 1072 προφήτας
2690 1001 2937 1068 πάντας;
2977 1002 3137 1056 Ἀλλά
3160 1003 3383 1070 τούτους
3419 1006 3669 1072 ἅπαντας
3694 1006 3803 1061 ἀπὸ

2206 1080 2317 1135 τῶν
2359 1082 2595 1153 θλίψεων
2639 1082 2928 1156 λαμπροὺς
2968 1087 3226 1157 εὑρήσεις
3268 1090 3618 1160 γενομένους.
3661 1092 3799 1146 Είπὲ

2206 1161 2300 1220 οὖν
2329 1184 2421 1237 μοι
2450 1170 2536 1232 σὺ,
2569 1167 2679 1222 ἀπὸ
2707 1169 2942 1233 ἀνέσεως
2968 1170 3064 1224 καὶ
3090 1174 3306 1241 τρυφῆς
3337 1172 3590 1245 λαμπρὸς
3617 1174 3799 1245 βούλει

2205 1248 2501 1317 γενέσθαις
2554 1250 2698 1303 Ἀλλ’
2718 1250 2820 1303 οὐκ
2849 1250 2916 1304 ἂν
2941 1250 3145 1305 δύναιο.
3193 1252 3355 1307 Ἀλλά
3395 1256 3522 1318 τοὺς
3562 1256 3799 1310 ἀποστόο

2205 1330 2331 1395 λους
2360 1333 2539 1400 είπω;
2579 1333 2741 1386 Ἃ).λά
2779 1334 2874 1386 καὶ
2917 1326 3065 1387 οῦτοι
3108 1336 3320 1399 πάντας
3359 1337 3796 1410 ὑπερηκόντισαν

2205 1417 2318 1480 τοῖς
2348 1415 2632 1487 λυπηροῖς.
2668 1417 2735 1471 Τί
2758 1418 2931 1471 ταῦτα
2959 1417 3105 1486 λέγω
3129 1435 3146 1485 ;
3175 1420 3268 1472 καὶ
3295 1421 3323 1473 ό
3364 1421 3600 1491 Χριστὸς
3636 1420 3796 1476 τοῦτό

2208 1516 2375 1568 φησιν
2398 1516 2414 1530 ·
2454 1501 2554 1555 Ἔν
2586 1501 2667 1567 τῷ
2704 1504 2913 1570 κόσμῳ
2951 1501 3165 1570 θλῒψιν
3206 1502 3373 1567 ἕξετε
3404 1521 3419 1536 ·
3466 1505 3563 1560 καὶ⁵
3607 1504 3794 1571 πάλιν,

2206 1585 2514 1638 κλαύσετε
2536 1585 2634 1638 καί
2657 1586 2991 1655 θρηνήσετε
3009 1585 3197 1655 ὑμεῖς·
3219 1589 3253 1641 ό
3270 1585 3340 1640 δὲ
3358 1589 3585 1658 κόσμος
3603 1588 3785 1659 χαρήο

2206 1681 2374 1721 σεται
2381 1708 2395 1721 .

2278 1818 2391 1871 Καὶ
2412 1818 2499 1871 ὅτι
2534 1817 2693 1888 στενὴ
2740 1817 2834 1871 καὶ
2868 1817 3204 1890 τεθλιμμένη
3236 1818 3408 1889 ήόδὺς
3432 1820 3465 1890 ἡ
3490 1819 3788 1888 ἀπάγουσα

2207 1902 2291 1963 εἰς
2320 1900 2419 1972 τὴν
2444 1902 2612 1971 ζωήν.
2652 1902 2710 1954 '0
2742 1901 2843 1972 τῆς
2875 1901 2998 1955 ὁδοῦ
3042 1901 3249 1973 Κύριος
3284 1897 3460 1967 εἶπεν,
3492 1904 3575 1965 ὅτι
3622 1905 3783 1974 στενὴ

2207 1985 2303 2037 καὶ
2346 1983 2686 2055 τεθλιμμένη
2712 1999 2727 2013 ⁸
2770 1988 2835 2038 σὺ
2886 1985 2945 2038 δὲ
2980 1984 3078 2055 τὴν
3122 1987 3387 2039 πλατεῖαν
3434 1985 3657 2054 ζητεῖςς
3693 1987 3791 2042 καὶ

2208 2066 2327 2131 πῶς
2353 2067 2454 2121 οὐκ
2487 2067 2722 2132 ἀτοπον;
2752 2067 2851 2121 Διά
2876 2065 3038 2121 τοῦτο
3063 2067 3163 2120 οὐκ
3192 2066 3453 2137 ἐπιτεύξῃ
3478 2069 3578 2138 τῆς
3617 2069 3787 2140 ζωῆς.

2207 2151 2403 2221 ἑτέραν
2435 2148 2689 2221 βαδίζων,
2717 2150 2857 2204 ἀλλά
2895 2149 2995 2220 τῆς
3027 2150 3306 2214 ἀπωλείας
3330 2167 3346 2182 ·
3381 2151 3484 2222 τὴν
3521 2152 3633 2224 γάρ
3671 2154 3791 2205 ἐκεῖ

2207 2234 2485 2304 φέρουσαν
2535 2234 2700 2288 εἵλου.
2733 2232 2923 2287 Βούλει
2946 2231 3087 2286 εἴπω
3115 2235 3209 2287 καλ⁸
3235 2236 3545 2305 παραγάγω
3575 2236 3657 2297 είς
3693 2235 3791 2305 μέ-

2209 2336 2301 2374 σον
2346 2319 2476 2382 τοὺς
2513 2318 2573 2370 ἐν
2607 2319 2823 2388 τρυφῇς
2880 2314 3021 2369 Ἀπὸ
3068 2315 3178 2369 τῶν
3222 2316 3469 2386 ἐσχάτων
3506 2316 3601 2370 ἐπὶ
3654 2318 3787 2381 τοὺς

2208 2399 2461 2473 πρώτους
2487 2398 2823 2469 ἀνέλθωμεν.
2871 2399 2932 2452 '0
2962 2398 3215 2462 πλούσιος
3239 2400 3271 2453 ὁ
3299 2398 3589 2469 καιόμενος
3620 2400 3678 2453 ἐν
3715 2401 3783 2470 τῇ

2206 2484 2441 2555 καμίνῳ,
2469 2483 2518 2536 οἱ
2556 2484 2623 2553 τῇ
2663 2482 2862 2552 γαστρὶ
2885 2481 3087 2546 ζῶντες
3126 2480 3390 2547 Ἰουδαῖοι,
3425 2475 3501 2536 ὧν
3527 2484 3562 2536 δ
3585 2481 3717 2545 Θεὸς
3750 2484 3786 2553 ἠ

2206 2566 2408 2631 κοιλία,
2431 2566 2483 2618 οί
2509 2566 2568 2619 ἐν
2599 2567 2666 2634 τῇ
2696 2566 2889 2636 ἐρήμῳ
2917 2563 3303 2636 ἐπιζητοῦντες
3330 2566 3417 2619 ἀεὶ
3450 2565 3662 2632 ἄνεσιν,
3689 2565 3781 2621 διὰ

2204 2651 2257 2704 τί
2288 2649 2602 2713 ἀπώλοντο;
2634 2647 2826 2716 ὥσπερ
2844 2647 2938 2700 καὶ
2964 2649 3013 2700 οἱ
3043 2646 3138 2701 ἐπὶ
3165 2646 3259 2701 τοῦ
3285 2647 3433 2716 Νῶε,
3464 2648 3567 2701 οὐκ
3590 2648 3781 2717 ἐπειδὴ

2202 2733 2296 2788 τὸν
2324 2731 2490 2803 ὑγρὸν
2510 2729 2700 2784 τοῦτον
2737 2730 2833 2784 καὶ
2853 2728 3235 2800 διαλελυμένον
3258 2729 3463 2785 εῐλοντο
3491 2730 3643 2801 βίον;
3675 2731 3786 2785 Καὶ

2202 2819 2251 2871 οἱ
2296 2818 2356 2872 ἐν
2388 2814 2641 2885 Σοδόμοις
2668 2813 2759 2868 διά
2801 2813 3246 2887 γαστριμαργίαν
3270 2831 3287 2845 ·
3328 2815 3424 2868 Ἐν
3454 2814 3784 2885 πλησμονῇ

2206 2899 2357 2973 [275]
2404 2901 2538 2971 γὰρ,
2576 2898 2765 2971 φησὶν,
2811 2898 3006 2967 ἄρτων
3037 2896 3421 2953 ἐσπατάλων.
3457 2897 3629 2951 Τοῦτο
3658 2901 3786 2970 περὶ

2201 2982 2313 3036 τῶν
2335 2984 2394 3035 ἐν
2430 2982 2691 3053 Σοδόμοις
2720 2983 2956 3050 εἴρηται.
2987 2982 3050 3034 ΕΞ
3080 2980 3138 3034 δέ
3166 2980 3347 3048 ἀρτων
3377 2978 3665 3051 πλησμονὴ
3692 2996 3784 3033 τοο

2205 3063 2395 3119 σοῦτον
2429 3063 2601 3116 κακὸν
2644 3061 2961 3130 εἰργάσατο,
3006 3060 3059 3113 τί
3095 3059 3162 3113 ἂν
3195 3061 3445 3133 εἴποιμεν
3492 3064 3622 3135 περὶ
3673 3062 3785 3117 τῶν

2202 3144 2379 3199 ἀλλων
2406 3144 2877 3214 καρυκευμάτων;
2920 3142 2982 3195 ’0
3021 3140 3193 3198 Ἠσαῦ
3219 3144 3340 3213 οὐχ).
3378 3146 3439 3197 ἐν
3470 3146 3653 3200 ἀνέσει
3676 3142 3782 3219 ἦνς

2204 3229 2261 3282 τί
2288 3228 2348 3281 δέ
2380 3228 2431 3280 οἱ
2464 3226 2663 3289 ίδοντες
2695 3238 2792 3289 τας
2848 3227 3118 3294 γυναῖκας
3172 3225 3281 3280 τῶν
3313 3226 3447 3281 υίῶν
3484 3227 3579 3282 τοῦ
3618 3228 3780 3295 Θεοῦ,

2203 3313 2301 3365 καὶ
2329 3311 2472 3366 κατά
2497 3309 2763 3381 κρημνῶν
2812 3308 3111 3380 ἀχθέντες;
3159 3308 3213 3363 τί
3238 3308 3296 3363 δὲ
3327 3310 3377 3363 οἱ
3410 3314 3525 3375 τοῖς
3553 3312 3780 3383 ἄρρεσιν

2204 3393 2661 3465 ἐπιμαινόμενοι;
2699 3391 2899 3456 πάντες
2956 3391 3016 3445 δὲ
3064 3392 3115 3444 οί
3168 3390 3411 3461 βασιλεῖς
3456 3393 3563 3446 τῶν
3588 3391 3778 3461 ἐθνῶν,

2202 3477 2585 3541 Βαϐυλωνίων,
2617 3476 2955 3545 Αἰγυπτίων,
2980 3475 3102 3546 οὐχὶ
3125 3474 3313 3538 κακῶς
3336 3475 3435 3545 τὴν
3460 3474 3606 3544 ζωὴν
3642 3491 3780 3528 κατ-

2206 3560 2522 3633 έστρεψανς
2555 3558 2678 3629 οὐχὶ
2722 3558 2780 3610 ἐν
2819 3557 3039 3611 κολάσει
3077 3556 3219 3624 etcf;
3260 3555 3343 3610 Τά
3381 3556 3439 3609 δὲ
3482 3555 3598 3621 νῦν,
3659 3557 3782 3609 εἰπέ

2205 3660 2317 3714 μοι,
2386 3643 2446 3696 οὐ
2496 3639 2752 3706 τοιαῦτα;
2792 3640 2994 3692 Ἀκουε
3048 3637 3143 3692 τοῦ
3196 3638 3437 3709 Χριστοῦ
3486 3637 3777 3706 λέγοντος⁶

2198 3730 2264 3780 Ol
2319 3725 2393 3780 τὰ
2446 3725 2689 3795 μαλακὰ
2746 3721 3099 3791 φοροῦντες,
3137 3722 3210 3776 ἐν
3249 3723 3375 3787 τοῖς
3424 3722 3614 3789 οἴκοις
3653 3720 3783 3798 ,τῶν

2196 3810 2512 3877 ,Βασιλέων
2573 3808 2766 3862 είσίνο
2822 3806 2872 3859 οἱ
2919 3806 2978 3860 δὲ
3039 3806 3113 3877 μὴ
3152 3805 3222 3860 τά
3261 3806 3512 3869 τοιαῦτα,
3557 3807 3618 3859 ἐν
3666 3808 3781 3870 τοῖς

2201 3895 2474 3965 οὐρανοῖς.
2509 3891 2584 3944 Τὸ
2611 3891 2721 3960 γάρ
2753 3888 2996 3959 μαλακὸν
3030 3889 3244 3959 ἱμάτιον
3292 3890 3389 3943 καὶ
3431 3890 3532 3955 τὴν
3578 3890 3782 3960 αὐστη-

2203 3976 2304 4048 ρὰν
2332 3972 2517 4028 ἐκλύει
2543 3972 2722 4043 ψυχὴν
2745 3972 2840 4024 καὶ
2868 3970 3064 4042 διακλᾷ
3094 3972 3187 4024 καὶ
3218 3971 3398 4042 διαχεῖ
3416 3989 3429 4002 ⁸
3463 3970 3564 4024 κάν
3604 3973 3782 4042 τραχὺ

2200 4057 2344 4131 λάϐῃ
2377 4056 2539 4126 σῶμα
2568 4055 2664 4108 καὶ
2689 4052 2947 4123 σκληρὸν,
2984 4054 3199 4123 ταχέως
3243 4053 3331 4107 διὰ
3380 4053 3481 4122 τῆς
3519 4052 3779 4124 τοιαύτης

2201 4137 2663 4214 τρυφεραγωγίας
2713 4134 2957 4207 μαλακὸν
2999 4137 3144 4189 ποιεῖ
3192 4138 3288 4189 καὶ
3316 4135 3564 4200 ἀσθενές.
3607 4135 3779 4189 Πόθεν

2200 4226 2310 4295 γάρ
2363 4221 2545 4276 οἴεσθε
2600 4217 2870 4290 ἑτέρωθεν
2905 4217 3006 4282 τὰς
3059 4220 3326 4286 γυναῖκας
3391 4218 3564 4282 οὑτως
3636 4214 3778 4272 εἶναι

2198 4306 2468 4372 ἀσθενεῖς,
2502 4304 2624 4357 είπέ
2679 4319 2806 4373 μοις
2858 4296 2968 4370 ἆρα
3008 4300 3116 4354 ἀπὸ
3144 4301 3245 4373 τῆς
3305 4300 3521 4369 φύσεως
3568 4302 3777 4372 μόνης;

2200 4387 2490 4459 Οὐδαμῶς,
2508 4384 2645 4440 ἀλλά
2665 4384 2761 4438 καὶ
2787 4383 2895 4438 ἀπὸ
2916 4384 3017 4454 τῆς
3043 4384 3268 4454 ἀγωγῆς
3294 4383 3391 4437 καὶ
3415 4384 3515 4455 τῆς
3548 4386 3779 4456 ἀνατρο-

2201 4472 2345 4542 φῆς’
2394 4472 2429 4540 ἡ
2479 4468 2590 4540 γὰρ
2638 4466 2990 4538 σκιατροφία,
3040 4466 3073 4536 ή
3111 4467 3299 4534 ἀργία,
3336 4463 3407 4520 τά
3440 4465 3664 4537 λουτρὰ,
3709 4466 3779 4521 τά

2204 4554 2373 4625 μύρα,
2397 4552 2507 4605 τῶν
2546 4551 2856 4622 ἀρωμάτων
2881 4549 2943 4602 τὸ
2994 4547 3220 4619 πλῆθος,
3258 4549 3358 4619 τῆς
3414 4550 3708 4621 στρωμνῆς
3745 4549 3780 4619 ή

2198 4636 2497 4705 ἀπαλότης,
2555 4633 2810 4697 τοιαύτας
2863 4632 3034 4696 αὐτὰς
3082 4631 3479 4702 ἀπεργάζεται.
3539 4633 3651 4686 Καὶ
3692 4632 3781 4687 ἵνα

2204 4718 2404 4791 μάθῃς,
2443 4717 2678 4790 πρόσεχε
2699 4708 2743 4784 ᾧ
2772 4715 2937 4784 λέγω.
2970 4713 3103 4768 Ἀπὸ
3126 4717 3334 4787 κήπου,
3361 4715 3482 4768 εἰπέ
3527 4732 3640 4786 μοι,
3668 4713 3780 4768 τῶν

2199 4804 2258 4855 ἐν
2274 4805 2340 4874 τῇ
2357 4801 2550 4873 ἐρήμῳ
2563 4797 2816 4854 ἑστώτων
2839 4798 3098 4869 δένδρων,
3117 4799 3212 4850 καὶ
3227 4796 3537 4868 δερομένων
3553 4797 3657 4852 ὑπὸ
3670 4798 3782 4851 τῶν

2199 4886 2419 4956 ἀνέμων
2453 4882 2638 4937 λαϐὼν
2668 4881 2857 4951 φυτὸν,
2877 4882 2957 4944 είς
2981 4880 3149 4951 ὑγρὸν
3176 4880 3271 4933 καὶ
3303 4879 3526 4934 σύσκιον
3542 4881 3783 4935 κατάθου

2199 4971 2399 5024 τόπον’
2437 4968 2534 5021 καὶ
2589 4965 2727 5019 πολὺ
2764 4963 2982 5028 ἀνάξιον
3028 4964 3284 5033 εὑρήσεις
3329 4963 3564 5028 ἐκείνου,
3597 4963 3689 5034 ἀφ’
3718 4958 3784 5020 οῦ

2200 5052 2351 5124 παρὰ
2391 5050 2490 5121 τὴν
2520 5047 2695 5119 ἀρχὴν
2752 5046 2884 5101 αὐτὸ
2929 5045 3141 5109 ἔλαϐες.
3182 5047 3305 5100 Ὅτι
3347 5047 3405 5100 δὲ
3444 5046 3606 5100 τοῦτό
3634 5049 3783 5101 ἐστιν

2200 5136 2422 5208 ἀληθὲς,
2454 5135 2511 5187 αἱ
2536 5134 2629 5185 ἐπὶ
2666 5131 2776 5184 τῶν
2805 5128 2990 5200 ἀγρῶν
3014 5130 3349 5200 τρεφόμεναι
3377 5130 3782 5199 γυναῖκες,τῶν

2200 5218 2442 5275 ἀστικῶν
2479 5214 2692 5287 ἀνδρῶν
2724 5214 2864 5268 εἰσιν
2913 5213 3283 5286 ἰσχυρότεραι,
3331 5216 3427 5268 καὶ
3457 5215 3686 5278 πολλοὺς
3715 5214 3783 5268 ἂν

2199 5302 2476 5363 τοιούτους
2508 5296 2982 5357 καταπαλαίσαιεν
3012 5299 3239 5352 ἐκεῖναι.
3279 5297 3385 5351 Τοῦ
3421 5297 3477 5352 δὲ
3527 5297 3783 5367 σώματος

2201 5384 2496 5456 γενομένου
2558 5380 2975 5453 μαλακωτέρου,
3018 5381 3234 5451 ἀνάγκη
3295 5382 3389 5434 καὶ
3446 5380 3545 5452 τὴν
3603 5380 3785 5451 ψυχὴν

2202 5465 2600 5525 συναπολαύειν
2625 5464 2721 5533 τῆς
2741 5462 2920 5535 λύμης
2940 5480 2952 5492 ·
2976 5463 3047 5517 τά
3072 5464 3183 5534 γάρ
3207 5462 3379 5516 πολλά
3406 5463 3500 5517 καλ⁵
3516 5462 3787 5517 συνδιατί-

2202 5554 2385 5606 θενται
2406 5550 2577 5617 αὐτῆς
2598 5548 2654 5602 αἱ
2682 5547 2955 5618 ἐνέργειαι
2977 5548 3043 5617 τῇ
3060 5547 3252 5607 τούτου
3272 5547 3529 5601 διαθέσει.
3552 5547 3660 5600 Καὶ
3676 5548 3787 5617 γὰρ

2202 5638 2260 5689 ἐν
2288 5634 2466 5697 νόσοις
2511 5631 2694 5699 ἕτεροί
2741 5633 2911 5698 ἐσμεν
2962 5630 3049 5683 διὰ
3102 5629 3164 5685 τὸ
3213 5629 3633 5699 μαλακίζεσθαι,
3691 5630 3788 5682 καὶ

2203 5716 2537 5786 ὑγιαίνοντες
2566 5713 2729 5768 πάλιν
2774 5713 2973 5782 ἕτεροι.
2999 5711 3264 5784 Καθάπερ
3295 5714 3404 5784 γὰρ
3441 5713 3534 5766 ἐπὶ
3564 5714 3784 5785 νευρᾶς.

2203 5803 2330 5857 ὅταν
2382 5792 2515 5853 ὦσιν
2563 5799 2609 5851 0!
2646 5796 2872 5869 φθόγγοι
2906 5795 3103 5857 ἁπαλοὶ
3142 5797 3235 5855 καὶ
3278 5797 3537 5872 μαλακοὶ,
3575 5798 3666 5857 καὶ
3709 5794 3788 5872 μὴ
