4202 6446
445 359 555 423 205

439 461 692 518 carnales
724 459 799 516 illi
839 467 1155 516 reverentur
1180 501 1194 525 ,
1224 458 1496 529 quomodo
1528 457 1738 512 Patrem
1781 456 2051 510 cmlestem

441 574 552 614 non
583 555 1010 611 revercbimini?
1039 555 1374 624 Quamquam
1409 568 1514 606 non
1558 568 1623 607 ex
1650 566 1716 607 eo
1746 551 1862 605 solo
1893 549 2052 604 diﬂ'e-

439 651 618 706 rentia
646 657 878 713 constat,
909 657 1002 703 aut
1027 649 1190 704 etiam
1214 663 1280 703 ex
1309 647 1556 717 personis
1582 688 1596 712 ,
1626 645 1720 699 sed
1762 654 1813 699 et
1841 644 1909 697 ab
1941 645 2054 712 ipsa

434 751 601 792 causa
624 740 680 790 ct
700 751 764 789 ex
793 750 850 789 re
883 735 997 804 ipsa
1030 752 1042 787 :
1079 750 1185 789 non
1214 735 1359 790 enim
1391 746 1612 805 propter
1641 735 1829 789 eadem
1859 743 1914 790 et
1956 734 2043 791 hic

437 838 495 884 et
543 829 614 881 illi
666 825 944 883 erudiunt.
974 822 1208 896 ideoque
1236 825 1512 898 subjungit
1541 846 1553 880 :
1587 825 1679 882 Illi
1712 828 1843 882 enim
1872 831 2052 898 paucis

437 919 619 974 diebus
644 961 658 982 ,
707 929 860 987 prout
904 914 1009 973 illis
1052 916 1348 984 videbatur,
1396 919 1742 974 erudiebant:
1779 919 1883 974 hoc
1915 928 1999 973 est
2027 960 2042 983 ,

437 1027 587 1080 δερμα
610 1009 900 1080 implentcs
921 1010 1275 1082 voluptatem,
1297 1028 1404 1066 non
1431 1027 1648 1082 semper
1668 1021 1973 1082 spectantes
1995 1011 2049 1066 id

438 1103 586 1173 quod
608 1111 691 1156 est
717 1101 1080 1158 conducibile.
1113 1101 1208 1158 Hic
1228 1112 1404 1158 autem
1430 1119 1536 1158 non
1569 1114 1742 1174 potest
1766 1103 1868 1159 hoc
1893 1101 1998 1159 diei
2033 1121 2048 1160 :

438 1211 551 1250 non
609 1194 753 1249 enim
814 1196 919 1249 hoc
973 1196 1100 1250 facit
1152 1204 1374 1267 propter
1427 1195 1642 1266 aliquod
1705 1195 2049 1251 commodum

439 1303 630 1351 suum,
664 1286 758 1341 sed
788 1295 1012 1357 propter
1038 1302 1136 1342 vos
1161 1297 1214 1342 et
1242 1299 1480 1342 vestram
1512 1288 1682 1341 Solam
1718 1288 2000 1343 utilitatem
2035 1304 2049 1342 :

437 1381 519 1436 illi
549 1390 608 1435 ut
636 1392 690 1435 et
719 1381 847 1450 ipsis
877 1381 995 1435 sitis
1028 1382 1210 1448 utiles,
1247 1397 1391 1451 smpe
1416 1394 1593 1436 autem
1621 1382 1778 1436 etiam
1819 1392 2049 1448 temere;

437 1473 532 1529 hic
562 1485 743 1527 autem
775 1473 910 1528 nihil
942 1484 1026 1530 est
1057 1475 1384 1544 hujusmodi.
1427 1475 1583 1530 Vides
1613 1475 1758 1545 quod
1792 1475 1893 1530 hoc
1919 1489 2048 1545 quo-

436 1581 550 1637 que
581 1565 736 1620 aﬂ’ert
761 1566 1230 1622 consolationem?
1257 1567 1387 1622 Nam
1419 1584 1541 1622 cum
1572 1568 1678 1622 illis
1706 1568 1939 1622 maxime
1963 1567 2054 1622 be-

437 1659 752 1714 nevolentia
776 1659 1176 1730 coniungimur,
1197 1659 1414 1731 quando
1445 1659 1742 1714 viderimus
1771 1659 1914 1729 quod
1945 1674 2055 1712 non

437 1763 668 1823 propter
699 1750 903 1822 aliquid
931 1766 1086 1806 suum
1117 1763 1203 1806 ant
1231 1752 1458 1823 jubent,
1503 1760 1595 1806 aut
1640 1751 1909 1816 suadent,
1957 1749 2054 1804 sed

439 1855 671 1916 propter
703 1858 802 1898 uos
831 1853 1000 1898 totum
1032 1843 1099 1898 ab
1126 1844 1205 1898 eis
1237 1844 1454 1915 ponitur
1480 1843 1738 1899 studium.
1772 1841 1885 1899 lloc
1911 1843 2059 1899 enim

439 1948 528 1994 est
557 1938 772 1992 sincera
825 1936 1044 1991 dilectio
1095 1944 1150 1991 et
1194 1951 1322 1991 vere
1372 1936 1620 2003 dilectio,
1672 1935 1886 2008 quando
1934 1950 2059 1991 cmn

440 2029 581 2085 nihil
612 2030 784 2082 simus
811 2027 972 2082 utiles
1005 2029 1052 2082 ei
1085 2029 1173 2097 qui
1205 2027 1377 2098 diligit
1405 2070 1418 2093 ,
1449 2027 1517 2082 ab
1561 2044 1626 2082 eo
1665 2038 1842 2082 tamen
1881 2027 2059 2098 diligi-

444 2139 569 2177 mur
602 2141 615 2175 :
647 2121 925 2191 diligimur
957 2120 1102 2175 enim
1139 2136 1242 2174 non
1276 2131 1330 2174 ut
1371 2121 1632 2190 accipiat,
1680 2121 1774 2176 sed
1820 2129 1876 2174 ut
1921 2120 2010 2174 det
2044 2136 2058 2174 :

450 2217 644 2281 erudit,
681 2215 864 2270 omnia
897 2214 1042 2282 facit,
1073 2230 1232 2268 omne
1254 2213 1489 2268 studium
1523 2213 1752 2278 confert,
1785 2223 1840 2267 ut
1869 2212 2063 2268 redda-
2098 2231 2108 2239 '

458 2325 580 2363 mur
609 2323 823 2362 suorum
858 2308 1122 2362 bonorum
1154 2322 1403 2377 capaces.
1455 2304 1522 2359 Et
1569 2307 1647 2360 illi
1691 2307 1934 2374 quidem,
1978 2306 2062 2358 in-

461 2403 583 2472 quit
608 2443 620 2465 ,
654 2401 700 2454 in
724 2411 953 2471 tempore
983 2417 1268 2472 paucorum
1296 2400 1494 2454 dierum
1522 2399 1800 2454 secundum
1827 2400 2066 2453 uolunta-

458 2505 557 2548 tem
589 2511 730 2548 suam
761 2494 1061 2548 erudierunt
1088 2511 1181 2548 nos
1212 2509 1231 2548 :
1259 2494 1340 2547 hic
1368 2503 1537 2547 autem
1565 2494 1632 2546 ad
1673 2494 1727 2546 id
1766 2492 1902 2562 quod
1947 2492 2068 2546 utile

452 2597 570 2651 est,
610 2588 662 2640 in
709 2587 1004 2656 recipiendo
1055 2585 1514 2654 sanctiﬁcationem
1559 2586 1690 2656 ejus.
1750 2583 1889 2652 Quid
1937 2591 2063 2648 est,

452 2679 937 2746 Sanctiﬁcationem
969 2678 1123 2749 ejus?
1159 2677 1271 2732 Hoc
1295 2687 1398 2744 est,
1435 2677 1743 2746 puritatem,
1777 2687 1834 2729 ut
1865 2691 1961 2745 pro
1984 2673 2066 2726 vi-

451 2772 608 2826 ribus
638 2771 812 2825 simus
839 2785 905 2825 eo
938 2769 1106 2840 digni.
1145 2769 1239 2824 Ille
1274 2770 1421 2839 ponit
1448 2768 1686 2824 studium
1737 2778 1794 2822 ut
1839 2767 2070 2836 accipia-

453 2864 544 2930 tis,
576 2873 633 2917 et
662 2863 846 2916 omnia
875 2861 1002 2916 facit
1035 2870 1092 2916 ut
1122 2861 1216 2916 det
1249 2861 1405 2915 vobis
1435 2881 1449 2915 :
1483 2877 1577 2916 vos
1608 2870 1788 2915 autem
1827 2858 2068 2914 studium

441 2953 564 3011 'non
595 2955 800 3026 ponitis
825 2962 888 3009 ut
913 2953 1212 3024 accipiatis.
1248 2952 1394 3021 Dixi,
1429 2953 1625 3023 inquit,
1661 2952 1912 3018 Domino,
1965 2948 2072 3003 Do-

446 3044 631 3104 niinus
661 3065 803 3102 meus
829 3065 880 3103 es
909 3056 986 3114 tu,
1021 3047 1264 3117 quoniam
1292 3046 1534 3100 bonorum
1565 3061 1790 3099 meorum
1818 3060 1920 3097 non
1962 3057 2075 3112 eges

451 3137 474 3214 ’(
496 3143 652 3201 Psal.
692 3143 784 3198 15.
814 3142 850 3195 2
876 3142 914 3212 ).
962 3140 1161 3195 Deinde
1209 3151 1379 3211 patres
1419 3140 1621 3210 quidem
1672 3139 1842 3193 carnis
1889 3146 2076 3192 nostra!

453 3236 746 3292 eruditores
777 3233 1070 3301 habuimus,
1105 3242 1152 3287 et
1179 3231 1528 3286 reverebantur
1553 3248 1636 3286 eos
1665 3247 1683 3286 :
1715 3247 1887 3284 annon
1919 3228 2076 3282 multo

448 3320 628 3399 magis
656 3329 1116 3396 obtemperabimus
1163 3325 1313 3380 Patri
1361 3326 1676 3396 spirituum,
1720 3333 1766 3378 et
1813 3320 2079 3376 vivemus?

448 3417 608 3481 Patri
633 3423 941 3494 spirituum;
968 3418 1083 3472 sive
1112 3413 1498 3470 charismatum
1524 3407 1694 3471 dicit,
1721 3412 1814 3459 aut
1854 3404 2053 3456 oratio-

449 3535 584 3576 num
605 3559 621 3583 ,
653 3493 747 3570 aut
772 3519 1096 3584 potestatum
1129 3507 1595 3574 incorporearum.
1626 3499 1682 3553 Si
1728 3495 1807 3552 sic
1853 3493 2054 3549 moria-

447 3628 622 3677 mur,
675 3582 804 3664 tunc
865 3605 1130 3659 vivemus.
1198 3597 1270 3652 Et
1319 3593 1566 3665 apposite
1623 3589 1758 3644 dixit
1802 3602 1826 3677 :7
1859 3584 1926 3638 Et
1977 3582 2056 3636 illi

445 3705 657 3779 quidem
698 3701 752 3754 in
796 3708 1020 3767 tempore
1061 3704 1344 3762 paucorum
1389 3685 1586 3738 dierum
1635 3676 1930 3735 erudiebant
1974 3689 2056 3727 se-

447 3764 684 3853 cundum
729 3764 1042 3845 voluntatem
1089 3797 1281 3837 suam:
1314 3793 1422 3833 non
1460 3777 1604 3831 enim
1650 3785 1865 3840 semper
1911 3764 2054 3837 quod

449 3896 698 3959 videtur,
731 3896 815 3945 est
840 3881 980 3957 utile.
1007 3899 1021 3937 :
1052 3881 1138 3936 hic
1181 3885 1360 3932 autem
1405 3871 1474 3927 ad
1516 3868 1570 3926 id
1605 3865 1750 3939 quod
1795 3863 1927 3918 utile
1975 3867 2060 3916 est

448 3986 657 4045 erudit.
1822 4050 1850 4062 γ’
1891 4050 1902 4062 ⁹
1985 4046 2016 4062 Δ·

529 4082 587 4137 5.
622 4079 720 4133 Est
746 4089 876 4145 ergo
904 4068 1189 4139 disciplina
1221 4063 1366 4118 utilis
1393 4102 1408 4128 ,
1451 4070 1535 4114 εει
1557 4070 1686 4126 ergo
1714 4057 2056 4145 partici‘patto

452 4169 782 4229 sanctitatis.
809 4140 1044 4220 blaxiute
1077 4177 1090 4213 :
1118 4173 1242 4213 nam
1285 4169 1407 4210 cum
1454 4148 1677 4219 expellit
1722 4140 2058 4205 socordiam,

453 4279 584 4322 cum
614 4261 808 4316 malam
835 4255 1207 4327 cupiditatem,
1232 4262 1354 4303 cum
1384 4257 1624 4299 amorem
1655 4253 1834 4293 rerum
1859 4249 1974 4304 qua:
1994 4230 2062 4286 ad
2103 4297 2108 4301 ζ

457 4359 603 4412 hanc
625 4354 787 4409 vitam
813 4349 1102 4421 pertinent,
1122 4358 1243 4400 cum
1275 4336 1544 4396 convertit
1571 4334 1826 4393 animam,
1847 4343 1967 4383 cum
1987 4323 2067 4380 ef-

456 4449 574 4504 ﬁcit
602 4455 661 4501 ut
687 4455 882 4500 cuncta
908 4455 1028 4512 quae
1051 4438 1140 4492 hic
1162 4443 1286 4489 sunt
1311 4432 1650 4490 damnemus,
1682 4425 1782 4478 hoc
1809 4421 1950 4477 enim
1983 4427 2067 4474 est

459 4541 690 4597 afﬂictio
724 4557 737 4592 :
767 4552 944 4591 annon
995 4532 1056 4586 fit.
1103 4526 1323 4584 sancta?
1349 4537 1528 4579 annon
1579 4516 1800 4572 attrahit
1838 4511 2065 4584 gratiam

458 4634 736 4710 Spiritus?
762 4631 1072 4702 Cogitemus
1102 4627 1281 4694 itaque
1312 4635 1530 4691 semper
1553 4617 1728 4688 justos
1753 4657 1767 4682 ,
1799 4623 1852 4669 et
1881 4611 2066 4666 videa-

457 4703 588 4788 nius
611 4727 878 4784 undenam
903 4734 1094 4778 omnes
1125 4717 1457 4777 claruerunt,
1474 4723 1526 4766 et
1543 4719 1667 4764 ante
1693 4720 1884 4763 omnes
1911 4703 2063 4768 Abel,

461 4825 583 4880 Noe
616 4839 629 4874 :
662 4831 843 4874 nonne
870 4815 939 4870 ab
964 4808 1290 4867 afﬂictione?
1314 4803 1457 4861 Fieri
1486 4803 1633 4858 enim
1671 4816 1776 4855 non
1811 4807 1984 4867 potest
2015 4803 2072 4849 ut

461 4932 574 4972 non
592 4911 920 4978 afﬂigeretur
947 4903 1040 4976 qui
1069 4902 1218 4957 solus
1249 4908 1364 4954 erat
1392 4896 1446 4952 in
1474 4905 1581 4950 tam
1611 4893 1777 4947 multa
1807 4888 2070 4944 malorum

458 5005 810 5067 multitudine
837 5015 853 5055 ε
887 4999 1002 5053 Noe
1035 4995 1202 5059 enim,
1259 4989 1456 5060 inquit,
1487 5003 1603 5042 cum
1633 4993 1758 5041 esset
1779 4983 1922 5038 solus
1966 4997 2072 5050 per-

460 5109 632 5174 fectus
673 5097 727 5150 in
770 5091 1096 5166 generatione
1132 5103 1228 5140 sua
1253 5125 1268 5150 ,
1315 5082 1436 5174 Deo
1473 5079 1666 5174 placuit
1698 5075 1867 5174 (Dan.
1893 5074 1944 5128 6.
1977 5072 2070 5143 9).

460 5166 601 5250 l‘lam
631 5186 761 5242 mihi
789 5182 988 5254 cogita,
1017 5178 1065 5234 si
1090 5191 1232 5232 nunc
1260 5189 1382 5230 cum
1423 5169 1718 5226 habeamus
1763 5166 2074 5219 innumera-

462 5286 604 5342 biles
633 5293 866 5352 quorum
919 5275 1176 5328 virtutem
1206 5265 1562 5328 aemulemur,
1593 5269 1776 5331 patres
1809 5269 1865 5313 et
1910 5255 2077 5326 magi-

460 5391 612 5434 ειη-(ιε
633 5348 668 5440 ,-
684 5373 763 5427 sic
801 5366 1112 5438 afﬂigimur,
1141 5357 1414 5432 quomodo
1456 5351 1750 5409 verisimile
1795 5357 1878 5405 est
1925 5348 2073 5402 illum

463 5439 643 5524 fuisse
662 5462 916 5518 aﬂ'ectum
948 5455 1123 5511 solum
1152 5453 1292 5506 inter
1310 5458 1418 5503 tam
1438 5443 1675 5499 multos?
1693 5441 1798 5497 Sed
1824 5455 1944 5497 eum
1965 5439 2074 5507 jam

463 5558 708 5617 dixerim
729 5554 799 5610 de
823 5549 1000 5621 pluvia
1029 5546 1117 5600 illa
1139 5543 1315 5597 aliena
1346 5547 1401 5594 et
1432 5537 1592 5608 plane
1621 5530 1965 5588 admirabili?
1992 5528 2077 5621 di-

464 5664 662 5708 camne
689 5647 756 5701 de
783 5619 1113 5700 Abrahamo,
1142 5634 1210 5689 de
1239 5629 1450 5687 crebris
1479 5627 1596 5695 ejus
1623 5619 2075 5695 peregrinationi-

470 5742 680 5808 bus,tle
711 5746 866 5808 raptu
897 5732 1100 5796 uxoris,
1123 5727 1188 5783 de
1219 5723 1493 5796 periculis,
1514 5721 1581 5774 dc
1604 5718 1782 5783 bellis,
1808 5715 1874 5771 de
1902 5723 2078 5769 tenta-

473 5807 748 5896 lionjbus?
769 5807 878 5888 Sed
909 5827 973 5885 dc
1001 5821 1166 5882 Jacub
1191 5833 1350 5891 quam
1385 5815 1548 5871 multa
1581 5827 1615 5884 p
1635 5827 1770 5867 assus
1789 5807 2077 5879 sitgravia,

1275 351 1340 410 nt
1379 309 1598 408 Ertsr.
1643 349 1734 404 so
1775 344 2132 404 tlEBtt.EOS.
2176 345 2335 402 car.
2379 345 2488 402 xu.
2533 347 2762 403 notuL.
2807 347 3000 404 xm.

3659 345 3764 404 206

2174 462 2406 524 undique
2455 462 2640 530 pulsus
2665 503 2680 525 ,
2710 469 2763 514 et
2789 458 2986 513 frustra
3011 456 3280 522 laborans,
3311 466 3364 511 ct
3393 456 3513 511 aliis
3545 472 3764 526 operam

2174 553 2525 622 impendens?
2570 567 2760 608 omnes
2802 552 2944 606 enim
2987 548 3449 618 ejusteutationes
3481 564 3768 604 recensere

2169 661 2276 699 non
2306 654 2388 700 est.
2420 659 2681 707 necesse;
2711 642 3075 698 testimonium
3103 647 3285 693 autem
3316 638 3514 693 aﬂerre
3538 649 3618 692 est
3639 655 3770 693 enn-

2167 738 2504 795 sentaneum,
2533 731 2675 801 quod
2698 733 2811 801 ipse
2827 733 3038 787 dicebat
3066 731 3335 786 Pharaoni
3366 747 3378 783 :
3409 730 3546 793 Dies,
3569 732 3762 800 inquit,

2171 822 2268 874 mei
2299 826 2452 892 pauci
2482 834 2598 876 sunt
2621 833 2667 877 et
2698 825 2842 890 mali,
2874 834 2919 878 et
2944 842 3046 877 non
3075 819 3411 893 pervenerunt
3439 822 3508 875 ad
3538 823 3644 877 dies
3673 843 3766 892 pa-

2169 921 2303 964 trum
2336 929 2562 967 meorum
2595 914 2748 985 (Gen.
2779 916 2868 969 47.
2901 913 2994 984 9).
3027 914 3128 969 Sed
3154 915 3401 968 dicamne
3430 914 3496 967 de
3525 913 3766 982 .loseph‘!

2167 1004 2260 1057 sed
2285 1004 2350 1059 de
2373 1005 2487 1074 ipSo
2515 1005 2718 1076 Moyse,
2747 1007 2815 1060 de
2842 1006 2968 1061 Jesu
2997 1005 3158 1069 Nave,
3198 1006 3265 1059 de
3295 1005 3490 1059 Davide
3515 1046 3530 1070 ,
3559 1005 3626 1059 de
3667 1007 3766 1058 Sa-

2167 1097 2364 1164 muele,
2399 1097 2467 1153 de
2489 1098 2624 1164 Elia,
2655 1098 2722 1152 de
2755 1098 2975 1153 Daniele
2995 1139 3012 1165 ,
3045 1098 3114 1153 de
3145 1098 3397 1152 omnibus
3441 1097 3720 1166 prophetis
3742 1098 3768 1150 τ

2166 1189 2270 1244 Sed
2299 1191 2394 1246 hos
2417 1206 2608 1246 omnes
2633 1192 2872 1248 invenies
2901 1191 3141 1246 evasisse
3183 1191 3364 1245 claros
3410 1206 3475 1243 ex
3515 1189 3768 1243 alﬁiuio-

2167 1279 2346 1336 nibus.
2397 1282 2494 1336 Dic
2536 1297 2636 1351 ego
2686 1281 2858 1346 mihi,
2905 1282 3055 1336 visne
3099 1295 3218 1336 esse
3272 1280 3451 1334 clarus
3497 1296 3562 1333 ex
3608 1283 3763 1342 otio,

2166 1375 2345 1444 quiete
2365 1385 2420 1444 et.
2445 1375 2686 1430 deliciis?
2711 1375 2816 1430 Sed
2863 1391 2969 1430 nou
3022 1374 3244 1444 poteris.
3288 1373 3358 1427 At
3403 1372 3648 1427 dicamne
3696 1372 3765 1427 de

2166 1466 2468 1534 apostolis?
2497 1467 2565 1520 At
2597 1467 2648 1521 hi
2675 1482 2890 1536 quoque
2919 1466 3176 1519 utrumuis
3203 1465 3341 1520 alios
3369 1479 3561 1519 omnes
3606 1479 3766 1534 sopo-

2166 1566 2441 1610 raxerunt.
2469 1555 2579 1611 Cur
2633 1557 2748 1612 haec
2795 1556 2962 1611 dico?
2991 1554 3236 1611 Christus
3261 1571 3475 1625 quoque
3521 1554 3622 1610 hoc
3677 1555 3764 1609 di—

2165 1646 2236 1700 cit
2268 1663 2281 1700 :
2311 1645 2376 1699 In
2408 1647 2601 1701 mundo
2627 1648 2964 1717 afﬂictionem
2995 1646 3277 1711 habebitis;
3305 1654 3359 1699 et
3399 1659 3585 1699 rursus
3611 1685 3624 1708 ,
3665 1642 3767 1699 Vos

2167 1741 2431 1811 plorabitis
2460 1751 2506 1794 et
2538 1742 2771 1811 lugebitis
2802 1757 2820 1794 :
2855 1741 3076 1794 mundus
3097 1749 3265 1793 autem
3297 1739 3533 1810 gaudebit
3561 1736 3762 1810 (Joan.

2168 1831 2256 1886 16.
2286 1834 2376 1887 55.
2403 1831 2495 1888 20.
2526 1841 2572 1886 et
2590 1831 2791 1901 .Matth.
2816 1833 2870 1886 7.
2902 1832 2968 1886 M

2247 1952 2340 2008 Via
2369 1969 2481 2023 qua:
2501 1953 2641 2006 ducit
2663 1948 2732 2006 ad
2750 1936 2925 2019 vitam,
2954 1960 3094 2006 arcta
3121 1968 3322 2020 semper
3349 1960 3442 2005 est.
3460 1950 3599 2004 —-Et
3621 1950 3764 2021 quod

2165 2057 2310 2102 arcta
2336 2049 2406 2102 sit
2435 2058 2489 2102 et
2514 2056 2737 2117 angusta
2787 2045 2872 2099 via
2902 2061 3022 2115 qua:
3065 2044 3213 2099 ducit
3258 2044 3326 2099 ad
3375 2045 3538 2098 vitam
3565 2086 3581 2110 ,
3631 2044 3765 2098 dicit

2165 2141 2281 2211 ipse
2310 2143 2413 2194 via:
2436 2141 2692 2194 Dominus
2723 2155 2738 2192 ε
2773 2148 2826 2193 ιιι
2857 2147 3036 2192 autem
3069 2136 3269 2208 quau-is
3297 2137 3501 2191 latam?
3533 2146 3586 2191 et
3625 2151 3766 2205 quo.

2166 2233 2328 2288 modo
2351 2249 2456 2288 non
2482 2241 2564 2288 est
2591 2232 2694 2287 hoc
2733 2231 3065 2287 absurdum?
3101 2231 3394 2298 Propterea
3440 2230 3603 2283 vitam
3652 2244 3759 2284 non

2165 2327 2473 2395 assequeris
2502 2325 2594 2394 qui
2615 2324 2718 2377 alia
2749 2321 3050 2393 ingrederis
3075 2362 3090 2388 ,
3139 2321 3238 2376 sed
3283 2321 3556 2375 interitum
3592 2337 3606 2374 :
3644 2335 3764 2374 eam

2166 2419 2310 2472 enim
2337 2416 2545 2485 elegisti
2575 2431 2696 2485 quae
2722 2414 2824 2470 fert
2855 2415 3000 2469 illuc.
3038 2412 3127 2468 Vis
3153 2413 3328 2467 dicam
3357 2422 3409 2467 et
3442 2413 3493 2466 in
3527 2411 3763 2466 med-ium

2165 2491 2429 2562 adducam
2460 2521 2554 2561 eos
2585 2506 2675 2576 qui
2707 2505 2870 2559 vitam
2899 2511 3124 2574 egerunt
3154 2503 3206 2556 in
3234 2501 3482 2556 deliciis?
3514 2502 3596 2556 Ab
3642 2501 3768 2555 ulti-

2167 2601 2269 2654 mis
2290 2599 2648 2654 ascendamus
2672 2597 2737 2651 ad
2765 2597 2989 2667 primos.
3024 2595 3184 2649 Dives
3220 2594 3308 2648 ille
3343 2595 3432 2664 qui
3456 2593 3684 2648 ardebat
3712 2594 3764 2647 in

2165 2693 2376 2748 camino
2402 2708 2416 2756 ;
2461 2692 2548 2762 qui
2575 2690 2748 2744 ventri
2781 2689 2966 2742 vivunt
2990 2687 3183 2752 ,1υάεηὶ,
3213 2701 3440 2756 quorum
3471 2686 3610 2740 Deus
3633 2702 3764 2740 ven-

2170 2796 2248 2841 ter
2277 2795 2353 2840 est
2378 2799 2394 2849 ;
2429 2785 2517 2853 qui
2547 2784 2599 2837 in
2628 2781 2919 2838 solitudine
2940 2795 3157 2848 semper
3183 2778 3499 2848 quaerebant
3519 2777 3687 2831 otium
3713 2785 3769 2830 et

2166 2879 2429 2948 requiem,
2455 2893 2554 2932 cur
2577 2874 2889 2945 perierunt?
2925 2873 3064 2928 sicut
3098 2883 3150 2926 et
3189 2872 3278 2941 qui
3327 2879 3484 2926 erant
3524 2880 3766 2940 tempore

2165 2972 2300 3036 Noe,
2321 2987 2499 3026 annon
2525 2977 2806 3040 propterea
2831 2966 2973 3036 quod
2998 2967 3163 3020 vitam
3185 2965 3464 3034 elegerunt
3495 2964 3689 3018 lautam
3713 2971 3768 3016 et

2167 3060 2522 3119 dissolutam?
2552 3061 2618 3114 Et
2643 3058 2732 3128 qui
2757 3058 2809 3112 in
2832 3056 3080 3113 Sodomis
3097 3063 3317 3126 promer
3335 3053 3624 3125 ingluviem
3661 3070 3673 3106 :
3700 3053 3769 3107 in

2165 3156 2432 3213 saturitate
2459 3153 2593 3207 enim
2627 3152 2775 3223 panis
2801 3192 2814 3219 ,
2846 3149 3038 3220 inquit,
3065 3149 3392 3202 lasciviebant
3421 3145 3644 3218 (Ezech.
3675 3146 3765 3201 16.

2165 3248 2282 3316 49).
2313 3247 2424 3302 lloc
2453 3245 2520 3300 de
2549 3245 2613 3300 iis
2652 3243 2868 3308 dicitur,
2905 3241 2994 3310 qui
3027 3238 3258 3310 agebant
3285 3237 3554 3293 Sodomis.
3587 3237 3638 3290 Si
3669 3252 3768 3288 au-

2169 3351 2278 3398 lem
2305 3339 2556 3396 saturitas
2582 3337 2733 3407 panis
2775 3345 2978 3389 tantum
3006 3332 3203 3386 malum
3236 3332 3382 3396 fecit,
3413 3329 3539 3400 quid
3565 3329 3766 3384 dixeri-

2169 3448 2290 3488 mus
2309 3431 2377 3486 de
2406 3430 2524 3485 aliis
2553 3427 2816 3498 placentis
2837 3433 2893 3479 et
2915 3415 3190 3479 bellariis?
3210 3423 3353 3476 Esau
3377 3437 3556 3474 annon
3575 3428 3693 3474 erat
3717 3419 3770 3472 in

2174 3516 2352 3586 quiete
2381 3522 2434 3569 et
2459 3512 2609 3567 otio?
2650 3511 2777 3581 quid
2811 3509 2886 3564 illi
2917 3524 2983 3563 ex
3007 3507 3129 3560 filiis
3156 3505 3248 3559 Dei
3274 3503 3365 3574 qui
3392 3506 3642 3558 viderunt
3667 3515 3777 3554 mu-

2174 3606 2334 3662 lieres
2360 3646 2374 3671 ,
2404 3613 2460 3660 et
2483 3601 2752 3658 deturbati
2776 3610 2901 3655 sunt
2924 3615 3020 3669 per
3043 3595 3371 3667 praecipitia?
3393 3593 3522 3663 quid
3569 3591 3643 3646 illi
3684 3589 3775 3659 qui

2175 3699 2228 3754 in
2258 3696 2528 3752 masculos
2557 3692 2933 3748 insaniebant?
2966 3691 3168 3745 Omnes
3211 3696 3390 3741 autem
3440 3698 3594 3755 reges
3641 3697 3777 3753 gen-

2177 3789 2346 3850 tium,
2391 3785 2810 3858 Babyloniorum
2861 3791 2916 3836 et
2954 3779 3364 3850 Egyptiorum,
3411 3791 3589 3829 annon
3639 3772 3778 3826 male

2174 3880 2339 3932 vitam
2364 3875 2656 3931 ﬁnierunt?
2684 3888 2862 3928 annon
2894 3871 3092 3926 suntin
3135 3865 3463 3923 tormentis?
3505 3863 3611 3918 Sed
3657 3877 3778 3933 qua:

2178 3985 2321 4024 nunc
2351 3968 2516 4033 ﬁunt,
2549 3967 2636 4021 die
2663 3965 2816 4032 mihi,
2851 3979 3028 4018 nonne
3074 3970 3199 4015 sunt
3243 3955 3590 4026 huiusmodi?
3637 3952 3776 4008 Audi

2177 4060 2451 4116 Christum
2481 4057 2791 4113 dicentem:
2825 4055 2926 4122 Qui
2957 4052 3191 4106 mollibus
3221 4050 3537 4111 vestiuntur,
3579 4047 3631 4098 in
3678 4043 3776 4096 do-

2179 4153 2342 4205 mibus
2370 4165 2549 4220 regum
2591 4155 2711 4202 sunt
2754 4145 2986 4218 (Matth.
3027 4144 3113 4197 ll.
3159 4140 3256 4211 8);
3308 4139 3396 4208 qui
3445 4145 3625 4190 autem
3670 4150 3778 4188 non

2182 4245 2374 4298 talibus
2403 4241 2726 4306 vestiuntur,
2757 4239 2809 4291 in
2837 4236 3005 4291 caelis.
3033 4233 3165 4289 Nam
3194 4232 3355 4286 vestis
3402 4229 3577 4285 mollis
3616 4227 3778 4280 etiam

2178 4343 2450 4388 austerum
2481 4331 2721 4386 animum
2746 4326 2994 4382 dissolvit
3022 4333 3076 4379 et
3102 4323 3300 4392 frangit
3326 4336 3388 4375 ac
3408 4317 3656 4375 diﬂ'undit
3681 4333 3692 4367 :
3721 4324 3776 4370 ct

2180 4428 2300 4482 licet
2332 4440 2528 4494 corpus
2571 4421 2842 4491 acceperit
2888 4434 3138 4488 asperum
3187 4427 3242 4471 et
3289 4415 3522 4476 durntn,
3571 4411 3678 4466 cito
3728 4410 3781 4464 id

2183 4517 2345 4571 molle
2375 4531 2474 4587 per
2503 4514 2726 4569 delicias
2751 4511 2928 4566 reddit
2956 4519 3010 4565 et
3057 4506 3406 4563 imbecillum.
3454 4503 3587 4558 Nam
3639 4501 3784 4557 unde

2183 4609 2283 4664 nisi
2317 4623 2382 4662 ex
2412 4607 2513 4661 hoc
2544 4605 2738 4675 putatis
2765 4605 3018 4658 mulieres
3063 4615 3186 4656 esse
3231 4599 3368 4654 adeo
3419 4597 3645 4663 molles,
3697 4595 3785 4649 die

2184 4713 2368 4770 qtueso
2391 4698 2413 4750 ’ἶ
2441 4713 2570 4753 num
2600 4713 2664 4751 ex
2694 4697 2812 4751 solo
2837 4695 3007 4750 sexu?
3034 4693 3378 4764 Nequaquam
3403 4733 3418 4756 ,
3447 4688 3540 4744 sed
3587 4703 3652 4742 ex
3702 4688 3784 4740 vi-

2186 4790 2344 4846 vendi
2375 4790 2584 4845 ratione
2637 4797 2690 4843 et
2735 4787 3105 4842 educatione:
3140 4800 3262 4839 nam
3304 4785 3357 4836 in
3410 4780 3597 4835 umbra
3649 4777 3787 4833 edu-

2186 4884 2350 4950 catio,
2384 4882 2552 4936 otium
2574 4921 2590 4948 ,
2625 4881 2831 4934 lavacra
2852 4921 2867 4943 ,
2901 4884 3170 4948 unguenta
3191 4917 3207 4941 ,
3239 4871 3524 4928 multitudo
3565 4883 3789 4924 aroma-

2189 4985 2322 5040 tum,
2355 4973 2545 5028 cubilis
2573 4971 2826 5026 mollities
2855 4985 2949 5025 eas
2974 4969 3108 5023 tales
3130 4965 3316 5021 efficit.
3347 4963 3416 5017 Et
3436 4971 3492 5016 ut
3517 4961 3568 5015 id
3610 4959 3785 5024 scias,

2187 5065 2559 5122 animadverte
2585 5064 2652 5118 ad
2686 5065 2734 5118 id
2767 5062 2908 5133 quod
2939 5061 3082 5114 dico.
3133 5057 3331 5126 Accipe
3374 5053 3504 5109 mihi
3553 5053 3802 5122 plantam.

2189 5175 2256 5215 ex
2281 5158 2472 5223 hortis,
2505 5157 2594 5226 qui
2637 5162 2763 5210 sunt
2809 5154 2860 5207 in
2892 5151 3128 5216 deserto,
3156 5156 3212 5203 et
3264 5147 3547 5217 pulsantur
3590 5159 3621 5197 a
3656 5159 3792 5197 vcn-

2192 5253 2258 5306 tis
2278 5294 2294 5317 ,
2323 5259 2378 5306 et
2406 5265 2542 5321 pone
2569 5263 2687 5304 eam
2728 5247 2780 5301 in
2814 5246 2933 5299 loco
2964 5241 3182 5296 luunido
3209 5249 3262 5294 et
3292 5237 3580 5302 umbroso;
3614 5245 3667 5291 et
3711 5238 3792 5289 iu-

2191 5343 2376 5399 veuies
2403 5343 2546 5398 illam
2580 5341 2748 5395 multo
2775 5337 3084 5392 inferiorem
3114 5334 3199 5388 illa
3230 5332 3558 5397 conditione,
3592 5346 3656 5384 ex
3689 5346 3791 5400 qua

2195 5452 2310 5492 eam
2337 5434 2612 5504 sumpsisti
2642 5433 2709 5487 ab
2741 5430 2910 5485 initio.
2940 5428 3093 5495 Quod
3118 5438 3298 5482 autem
3327 5427 3429 5481 hoc
3452 5427 3521 5480 sit
3559 5441 3746 5478 verum
3773 5465 3791 5489 ,

2199 5529 2451 5584 mulieres
2481 5542 2599 5594 qum
2631 5527 2849 5580 aluntur
2881 5522 2932 5576 in
2979 5521 3155 5593 agris,
3197 5527 3321 5574 sunt
3363 5517 3615 5572 fortiores
3662 5517 3792 5570 viris

2197 5613 2287 5683 qui
2320 5612 2371 5665 in
2399 5608 2619 5664 urbibus
2651 5608 2928 5672 habitant,
2962 5615 3017 5660 et
3041 5607 3240 5661 multos
3272 5603 3534 5674 ejusmodi
3587 5602 3693 5656 illze
3742 5603 3795 5657 in

2199 5706 2339 5761 lucta
2371 5703 2776 5775 prostraveriut.
2808 5700 2941 5756 Cum
2969 5710 3145 5756 autem
3174 5714 3369 5767 corpus
3402 5697 3598 5750 factum
3637 5694 3797 5749 fuerit

2203 5797 2437 5865 mollius,
2471 5808 2692 5850 necesse
2723 5800 2882 5848 estut
2913 5792 3088 5847 anima
3115 5805 3326 5862 quoque
3349 5787 3528 5844 damni
3559 5787 3643 5840 fiat
3671 5801 3794 5856 par-
