4202 6474
462 375 561 433 207

461 475 628 542 tieeps
661 491 675 527 :
707 490 829 529 nam
862 491 1048 548 magna
1077 493 1139 533 ex
1173 490 1323 548 parte
1348 486 1464 551 ejus
1508 489 1846 557 operationes
1881 492 2039 547 simul

459 565 767 621 afficiuntur
791 583 910 622 cum
939 570 1085 625 illius
1123 573 1428 629 alfectione.
1473 576 1683 633 Etenim
1734 580 1786 634 in
1839 584 2041 639 morbis

458 674 644 714 sumus
671 660 785 725 alii,
818 672 1097 730 propterea
1129 667 1269 734 quod
1300 669 1672 737 emolliamur;
1702 683 1755 728 et
1781 689 1902 729 eum
1924 676 2039 731 sani

458 766 661 818 smnus,
694 768 877 809 rursus
897 755 1005 808 alii.
1034 755 1181 812 Sicut
1202 759 1343 813 enim
1375 761 1426 814 in
1454 762 1672 819 chordis
1696 780 1817 820 cum
1844 764 2044 823 fuerint

451 841 573 895 soni
605 842 793 897 molles
817 852 873 898 et
900 828 1009 899 non
1028 855 1173 901 recte
1198 850 1402 903 extensi
1426 891 1440 916 ,
1468 853 1599 907 artis
1623 868 1835 926 quoque
1874 857 2041 914 virtus

459 932 797 998 praeciditur,
843 946 1029 991 coacta
1070 940 1272 995 servire
1300 941 1545 998 mollitiae
1572 944 1893 1003 chordarum
1925 967 1937 1004 :
1968 950 2039 1005 ita

450 1021 618 1074 etiam
643 1022 696 1075 in
723 1037 949 1093 corpore
975 1028 1141 1081 multa
1167 1029 1361 1085 damna
1387 1032 1455 1087 ab
1482 1049 1547 1088 eo
1588 1036 1782 1107 accipit
1823 1041 1997 1093 aliima
2020 1080 2038 1108 ,

452 1113 654 1168 inultas
681 1116 1052 1172 necessitates.
1075 1118 1208 1173 Nam
1228 1134 1349 1175 cum
1373 1125 1536 1178 multa
1567 1137 1719 1196 egeat
1741 1130 2036 1198 curatione,

455 1203 546 1257 illa
593 1204 841 1260 acerbam
890 1209 1120 1264 sustinet
1173 1213 1506 1270 servitutem.
1565 1216 1638 1288 (α)
1683 1218 2038 1284 Quamobrem

454 1310 608 1365 rugo,
641 1296 692 1351 id
724 1298 1012 1354 reddamus
1044 1300 1183 1359 forte
1209 1311 1265 1358 et
1299 1305 1577 1360 robustum
1601 1348 1616 1374 ,
1650 1323 1747 1363 nec
1785 1307 2040 1367 faciamus

454 1388 922 1444 valetudinarium.
954 1391 1068 1445 Non
1113 1394 1283 1448 solum
1332 1407 1453 1450 cum
1501 1398 1628 1453 viris
1675 1399 1896 1470 loquor,
1944 1402 2038 1458 sed

455 1480 615 1533 etiam
644 1496 764 1536 cum
796 1483 1132 1540 mulieribus.
1167 1485 1278 1542 Cur
1302 1491 1444 1544 enim
1473 1491 1645 1562 ipsum
1672 1495 1886 1550 assidue
1931 1497 2041 1553 dis-

456 1572 622 1627 solvis
643 1573 851 1629 deliciis
871 1616 884 1640 ,
916 1577 1160 1647 exileque
1190 1588 1240 1634 et
1269 1578 1546 1636 ﬂaccidum
1574 1583 1721 1649 facis,
1753 1602 1785 1639 ο
1809 1588 2040 1643 mulier?

456 1662 582 1729 quid
602 1664 742 1719 vires
763 1668 1062 1737 corrumpis
1090 1668 1245 1738 adipe
1265 1670 1291 1724 ἳ
1313 1671 1476 1740 adeps
1502 1682 1584 1728 est
1611 1675 1658 1728 ei
1683 1675 1842 1730 etiam
1866 1679 2038 1734 molli-

459 1753 581 1821 ties,
610 1769 715 1809 non
745 1755 927 1810 robur.
962 1757 1053 1811 Sin
1082 1770 1256 1814 autem
1285 1760 1368 1817 his
1395 1762 1628 1819 dimissis
1656 1773 1778 1822 tunc
1808 1768 1962 1824 aliter
1987 1779 2038 1827 te

454 1860 631 1914 geras,
665 1855 788 1901 tunc
814 1858 865 1902 et
896 1849 1234 1919 pulchritudo
1263 1854 1508 1924 corporis
1547 1858 1786 1925 procedit
1810 1876 1877 1915 ex
1917 1876 2040 1917 sen-

457 1939 870 2010 tentia,quando
894 1951 948 1997 et
983 1945 1121 1999 vires
1160 1945 1427 2003 adfuerint
1453 1959 1508 2004 et
1534 1950 1672 2006 bona
1727 1952 1980 2010 habitudo
2022 1976 2037 2013 :

454 2030 537 2083 sin
559 2038 737 2086 autem
768 2033 942 2103 ipsum
970 2036 1117 2091 mille
1144 2038 1344 2094 morbis
1374 2040 1620 2098 obsideas
1641 2086 1656 2109 ,
1688 2060 1788 2100 nec
1812 2048 1911 2101 erit
1941 2049 2040 2105 llos

452 2140 696 2212 corporis
720 2183 735 2209 ,
787 2138 897 2197 nec‘
928 2141 1066 2196 bona
1112 2140 1288 2211 aliqua
1320 2138 1612 2203 habitudo;
1640 2151 1854 2207 semper
1897 2139 2044 2191 enim

452 2234 560 2288 eris
590 2232 644 2287 in
678 2233 910 2287 tristitia.

524 2326 578 2380 4.
609 2324 772 2380 Scitis
797 2332 976 2379 autem
1005 2322 1149 2394 quod
1175 2323 1315 2377 sicut
1338 2321 1618 2392 pulchram
1645 2319 1887 2387 domum,
1911 2332 2037 2373 cum

454 2415 502 2469 ei
530 2429 624 2471 aer
642 2413 910 2480 arriserit,
939 2414 1118 2469 reddit
1139 2412 1478 2484 splendidam
1514 2429 1527 2466 :
1558 2412 1629 2466 ita
1648 2411 1808 2465 etiam
1834 2410 2044 2479 specio-

450 2525 572 2565 sum
603 2509 838 2574 vultum,
885 2507 933 2563 si
973 2507 1168 2561 animae
1209 2505 1461 2560 alacritas
1504 2505 1823 2569 accesserit,
1866 2499 2047 2557 reddit

452 2599 731 2655 meliorem
769 2618 783 2654 :
821 2599 903 2653 sin
946 2606 1125 2654 autem
1158 2597 1227 2652 sit
1256 2598 1309 2651 in
1340 2595 1555 2651 tristitia
1591 2604 1644 2651 et
1681 2606 1917 2651 maerore
1938 2635 1953 2661 ,
1983 2592 2043 2646 fit

450 2689 765 2746 deformior.
795 2688 1096 2745 Tristitiam
1132 2688 1304 2742 morbi
1347 2686 1548 2742 faciunt
1573 2698 1628 2742 et
1654 2683 2053 2756 aegritudines;

450 2782 671 2837 morbos
696 2792 874 2836 autem
912 2780 1064 2845 facit,
1102 2781 1245 2851 quod
1275 2794 1470 2849 corpus
1500 2779 1699 2833 factum
1731 2778 1801 2833 sit
1827 2777 2043 2832 mollius

450 2888 481 2927 a
518 2873 697 2927 multis
727 2872 955 2927 deliciis.
1002 2871 1363 2939 Quamobrem
1403 2871 1502 2925 hac
1531 2870 1693 2925 etiam
1723 2870 1932 2924 ratione
1960 2868 2041 2922 fu~

450 2967 559 3036 gite
587 2963 829 3032 delicias,
858 2964 905 3020 si
943 2964 1071 3019 mihi
1102 2963 1357 3019 credatis.
1402 2964 1471 3018 At
1499 2963 1827 3033 voluptatem
1856 2961 2039 3025 habet,

448 3057 641 3127 inquit,
674 3055 950 3126 indulgere
977 3056 1138 3127 genio
1177 3064 1231 3110 et
1250 3055 1477 3110 deliciis.
1521 3053 1627 3110 Sed
1660 3069 1768 3109 non
1802 3061 1883 3108 tot
1909 3061 2042 3124 quot

448 3147 741 3204 molestias.
775 3147 1028 3218 Alioquin
1054 3158 1234 3202 autem
1264 3147 1514 3217 voluptas
1533 3156 1617 3201 est
1643 3161 1815 3212 usque
1842 3145 1910 3199 ad
1936 3161 2040 3215 gu-

449 3239 576 3305 lam,
625 3254 797 3309 usque
844 3238 910 3292 ad
954 3239 1188 3309 linguam
1225 3255 1239 3293 :
1275 3252 1459 3293 mensa
1500 3245 1680 3292 autem
1724 3237 1903 3291 ablata
1948 3245 2042 3290 aut

445 3332 569 3386 cibo
608 3331 887 3400 devorato,
936 3332 1159 3402 perinde
1190 3347 1251 3387 es
1280 3340 1441 3403 atque
1484 3333 1530 3385 si
1568 3346 1675 3386 non
1716 3329 1886 3385 fueris
1922 3330 2041 3400 ejus

447 3426 750 3496 particeps;
782 3426 890 3480 imo
917 3441 1046 3481 vero
1071 3425 1226 3495 longe
1255 3425 1511 3491 deterior,
1542 3435 1601 3478 ut
1626 3424 1716 3493 qui
1748 3423 1874 3479 inde
1893 3424 2042 3479 aufe-

445 3533 533 3574 ras
562 3517 927 3588 gravedinem,
961 3517 1345 3572 distentionem
1377 3525 1432 3572 et
1460 3514 1951 3586 paudiculationem
1983 3522 2039 3569 et

445 3609 720 3680 erapulam
746 3619 801 3665 et
826 3624 1075 3665 somnum
1099 3609 1256 3663 morti
1286 3608 1536 3671 similem,
1562 3621 1708 3678 strpe
1728 3622 1855 3661 vero
1874 3607 2034 3662 etiam

445 3702 676 3772 vigiliam
706 3717 771 3756 ex
801 3702 1081 3756 saturitate
1114 3708 1169 3755 et
1196 3698 1563 3755 obstructione
1589 3697 1808 3767 Spiritus
1829 3706 1884 3752 et
1907 3712 2035 3751 eru-

443 3793 678 3848 ctatione
708 3809 721 3846 :
753 3802 807 3847 et
848 3791 1045 3846 millies
1075 3789 1295 3861 quidem
1323 3795 1567 3844 ventrem
1597 3796 1911 3843 exsecratus
1938 3800 2029 3854 es,

443 3898 565 3937 cum
597 3892 845 3953 oporteat
864 3881 1334 3952 intemperantiam
1358 3878 1637 3934 detestari.

513 3970 703 4028 Contra
734 3971 1010 4044 ingluviem
1047 3982 1096 4026 et
1134 3971 1468 4025 saturitatem.
1498 3968 1665 4025 -—Ne
1690 3983 1886 4038 corpus
1905 3983 2034 4038 ergo

443 4065 862 4136 impinguemus,
889 4064 983 4119 sed
1016 4064 1298 4118 audiamus
1330 4060 1553 4115 Paulum
1577 4061 1841 4116 dicentem
1874 4058 2035 4115 :Car-

441 4159 521 4213 nis
542 4175 715 4213 curam
736 4174 799 4213 ne
823 4157 1042 4230 feceritis
1063 4155 1130 4208 ad
1149 4154 1580 4224 concupiscentia:
1597 4151 1774 4225 (Rom.
1799 4151 1887 4206 15.
1918 4152 2030 4221 14).

444 4248 513 4306 Ut
553 4251 695 4306 enim
726 4250 768 4304 si
801 4250 919 4320 quis
949 4248 1100 4302 cibos
1126 4244 1431 4317 acceperit,
1474 4256 1529 4301 et
1560 4244 1613 4298 in
1643 4245 1881 4300 cloacam
1907 4257 2034 4314 pro-

440 4343 649 4413 iecerit,
678 4341 748 4395 ita
793 4340 955 4395 etiam
984 4340 1075 4410 qui
1114 4341 1165 4393 in
1196 4347 1442 4392 ventrem
1489 4335 1724 4406 ingerit:
1769 4335 1876 4390 imo
1903 4350 2032 4390 vero

442 4448 549 4487 non
595 4433 665 4486 ita
688 4472 702 4496 ,
734 4431 827 4487 sed
866 4430 1025 4501 longe
1057 4429 1229 4500 pejus.
1262 4428 1394 4483 Nam
1433 4427 1521 4482 hic
1549 4426 1764 4497 quidem
1793 4428 2030 4481 cloacam

440 4523 564 4577 facit
591 4521 792 4589 absque
830 4524 942 4578 Suis
973 4521 1130 4575 malis
1164 4538 1177 4585 ;
1222 4520 1330 4574 illic
1356 4528 1539 4572 autem
1567 4527 1621 4572 et
1649 4517 1869 4572 morbos
1902 4532 2031 4586 pro~

431 4624 583 4670 creat
601 4608 1186 4666 inunmerabiles.Nam
1212 4608 1353 4679 quod
1379 4607 1547 4662 nutrit
1573 4617 1654 4663 est
1674 4609 1726 4663 id
1755 4609 1897 4679 quod
1917 4609 2032 4664 suf-

438 4709 569 4767 ncit.
589 4703 732 4776 quod
756 4703 918 4758 etiam
944 4708 1119 4771 potest
1145 4699 1407 4769 concoqui
1438 4715 1454 4752 :
1486 4698 1628 4770 quod
1658 4709 1835 4755 autem
1856 4715 2029 4766 usum,

435 4806 657 4866 superat
675 4804 728 4850 et
744 4805 826 4850 est
845 4795 963 4864 plus
976 4804 1135 4864 quam
1160 4807 1255 4862 par
1273 4790 1361 4859 sit,
1383 4805 1488 4845 non
1516 4791 1688 4846 solum
1712 4807 1817 4847 non
1843 4793 2022 4860 nutritl

519 4963 591 5025 (α)
613 4965 706 5014 llic
727 4977 924 5027 quoque
947 4966 1108 5015 hiatus
1131 4973 1209 5015 est
1242 4967 1289 5016 in
1310 4966 1592 5017 Colbertino
1613 4967 1810 5021 Codice.

1132 386 1190 442 S.
1229 383 1505 442 JOANNIS
1540 383 2012 442 CHitYSOSTOMI
2050 384 2367 444 ARCHIEP.
2405 384 2927 443 CONSTANTISOP.

3636 378 3741 444 908

2147 497 2242 552 sed
2263 497 2475 567 corpori
2506 499 2667 552 etiam
2712 512 2907 553 noxam
2944 498 3120 554 aﬂ'ert.
3151 501 3222 555 At
3244 502 3424 557 nullus
3450 504 3569 559 haec
3594 505 3737 560 videt

2150 598 2368 660 propter
2394 589 2610 660 vulgare
2652 588 3021 660 praeiudicium
3046 603 3102 647 et
3127 592 3563 663 intempestivam
3588 597 3740 651 volu-

2148 677 2468 750 ptatcnt.Vis
2482 696 2678 750 corpus
2704 682 2946 737 nutrire?
2962 692 3178 753 amputa
3209 685 3350 754 quod
3374 685 3653 755 redundat,
3671 686 3737 743 da

2147 771 2286 842 quod
2320 772 2535 839 sufficit,
2556 783 2610 829 et
2638 783 2895 843 quantum
2923 784 3101 845 potest
3125 778 3316 832 confici
3347 788 3402 833 et
3426 781 3687 850 concoqui
3721 799 3733 835 :

2147 864 2257 918 noli
2289 865 2463 934 ipsum
2490 880 2721 936 gravare
2741 908 2757 933 ,
2796 882 2864 922 ne
2898 866 3116 925 obruas.
3158 868 3310 936 Quod
3341 870 3540 927 sufficit
3575 881 3661 928 est
3686 882 3743 930 et

2146 959 2457 1014 alimentum
2492 968 2548 1015 et
2588 961 2834 1031 voluptas
2864 976 2880 1014 :
2910 961 3044 1016 nihil
3082 963 3224 1033 enim
3252 964 3389 1021 adeo
3407 964 3570 1022 efﬁcit
3591 966 3745 1024 volun

2147 1060 2368 1120 ptatem,
2417 1062 2476 1108 ut
2505 1053 2657 1109 cibus
2688 1064 2836 1109 recte
2875 1054 3196 1112 confectus:
3229 1057 3359 1111 nihil
3399 1058 3534 1114 adeo
3572 1059 3741 1117 elﬁcit

2147 1141 2470 1208 sanitatem,
2516 1142 2651 1197 nihil
2699 1144 2837 1198 adeo
2876 1160 3101 1201 acumen
3145 1161 3426 1213 sensuum,
3475 1150 3608 1205 nihil
3657 1159 3742 1207 cst

2147 1232 2289 1303 quod
2320 1233 2567 1288 morbum
2599 1250 2752 1305 aeque
2777 1235 3079 1306 propulset.
3109 1236 3251 1308 Ergo
3272 1239 3412 1309 quod
3435 1238 3637 1296 sufﬁcit
3656 1250 3741 1298 est

2149 1331 2203 1378 ct
2230 1324 2545 1379 alimentum
2582 1333 2637 1380 et
2665 1326 2911 1397 voluptas
2952 1337 3006 1383 et
3036 1329 3237 1384 sanitas
3268 1346 3284 1397 ;
3331 1330 3474 1401 quod
3504 1347 3633 1388 vero
3657 1341 3742 1393 est

2150 1415 2271 1485 plus
2316 1431 2475 1487 quam
2521 1431 2617 1486 par
2657 1418 2749 1484 sit,
2792 1428 2875 1474 est
2923 1428 2978 1474 et
3015 1419 3269 1477 damnum
3310 1431 3367 1479 et
3404 1424 3646 1480 molestia
3685 1435 3741 1482 et

2151 1508 2392 1561 morbus.
2425 1506 2557 1562 Nam
2589 1524 2707 1579 quae
2747 1509 2871 1564 facit
2898 1510 3088 1577 fames,
3121 1511 3244 1568 facit
3269 1515 3433 1570 etiam
3462 1517 3735 1585 saturitas,

2148 1605 2305 1667 atque
2335 1595 2471 1652 adeo
2500 1601 2746 1667 graviora
2776 1618 2788 1653 :
2815 1617 2937 1655 nam
2966 1602 3056 1657 illa
3084 1604 3302 1673 quidem
3332 1608 3517 1677 paucis
3543 1608 3731 1666 diebus

2146 1685 2363 1741 abducit
2387 1695 2440 1742 et
2482 1688 2675 1744 liberat
2714 1689 2985 1747 hominem
3013 1709 3028 1758 ;
3065 1694 3177 1750 lucc
3205 1711 3333 1752 vero
3354 1712 3550 1770 corpus
3580 1714 3737 1756 arro-

2147 1776 2280 1832 dcns
2309 1786 2364 1833 et
2392 1778 2752 1848 putrefaciens
2772 1824 2787 1847 ,
2834 1781 2995 1855 longo
3022 1784 3183 1839 tradit
3210 1787 3399 1843 morbo
3421 1830 3434 1855 ,
3465 1782 3739 1849 etdciude

2148 1870 2307 1924 morti
2355 1871 2708 1941 gravissimae.
2753 1873 2862 1929 Nos
2907 1888 3084 1931 autem
3128 1876 3322 1937 famem
3364 1880 3580 1951 quidem
3623 1899 3738 1939 rem

2147 1963 2393 2018 ducimus
2418 1963 2858 2034 abominandam,
2888 1966 2955 2023 ad
2985 1970 3324 2026 saturitatem
3353 1988 3483 2042 vero
3518 1974 3737 2031 nimiam

2145 2056 2436 2111 currimus.
2461 2055 2612 2112 Unde
2635 2057 2722 2112 hic
2748 2058 2972 2116 morbus
2997 2060 3021 2114 ‘2
3048 2061 3189 2118 unde
3210 2062 3324 2117 hazc
3352 2064 3556 2121 insania
3575 2065 3599 2120 ?
3621 2067 3738 2124 Non

2145 2146 2268 2202 dico
2301 2155 2360 2201 ut
2400 2161 2500 2201 nos
2529 2148 2858 2217 cruciemus,
2902 2151 2996 2206 sed
3042 2162 3100 2207 ut
3131 2161 3333 2209 tantum
3369 2140 3737 2225 comedanqu

2148 2249 2286 2295 utet
2316 2241 2640 2309 voluptatem
2685 2242 2879 2297 habeat
2918 2260 3039 2314 qua:
3076 2262 3203 2301 vere
3242 2256 3324 2302 est
3367 2248 3613 2318 voluptas
3636 2293 3652 2318 ,
3684 2259 3741 2308 ct

2146 2331 2315 2403 possit
2334 2346 2530 2401 corpus
2544 2332 2691 2388 alere
2711 2342 2765 2388 et
2792 2334 3022 2391 reddere
3050 2346 3231 2406 aptum
3256 2348 3311 2392 et
3331 2340 3734 2407 concinnatum,

2144 2431 2591 2494 compactumque
2634 2432 2782 2480 recte
2811 2435 2867 2480 et
2893 2429 3248 2497 compositum
3287 2429 3352 2484 ad
3381 2431 3574 2486 anima:
3608 2447 3739 2502 ope-

2144 2514 2402 2569 rationes.
2427 2513 2653 2582 Quando
2673 2523 2854 2571 autem
2881 2516 3040 2573 fuerit
3069 2520 3291 2575 nimium
3314 2519 3367 2576 in
3396 2520 3448 2577 id
3469 2522 3736 2593 ingestum

2145 2606 2537 2661 nutrimentum
2562 2647 2578 2673 ,
2620 2622 2727 2661 non
2761 2617 2969 2679 potest,
3015 2620 3075 2666 ut
3121 2612 3194 2666 ita
3237 2611 3447 2679 dicam,
3478 2614 3659 2670 clavos
3684 2624 3740 2672 et

2168 2695 2483 2783 commissas
2503 2710 2792 2768 compages
2814 2701 3044 2756 retinere
3066 2714 3283 2774 propter
3303 2705 3713 2767 redundantiam
3739 2728 3755 2764 :

2171 2786 2407 2857 ingressa
2452 2789 2648 2860 quippe
2689 2791 3042 2848 redundantia
3076 2803 3244 2850 totum
3282 2796 3529 2853 dissolvit
3571 2810 3626 2855 et
3650 2800 3755 2855 dif-

2170 2877 2361 2934 fundit.
2392 2879 2603 2949 Carnis,
2646 2883 2846 2954 inquit,
2893 2903 3066 2941 curam
3110 2904 3172 2942 ne
3207 2890 3427 2960 feceritis
3464 2892 3532 2945 ad
3569 2909 3757 2947 concu-

2164 2970 2435 3039 piscentia:
2464 2970 2638 3051 (Rom.
2667 2975 2751 3031 l3.
2780 2974 2890 3049 14).
2914 2977 3080 3032 Recte
3105 2979 3257 3045 dixit,
3285 2978 3366 3033 Ad
3385 2983 3753 3051 concupiscen-

2164 3060 2295 3126 tias;
2324 3060 2529 3118 delicia:
2554 3048 2697 3119 enim
2727 3048 2854 3122 sunt
2891 3068 3113 3123 materia
3141 3069 3411 3127 obscaenis
3440 3048 3751 3143 cupiditati-

2160 3151 2295 3220 bus;
2346 3155 2555 3211 etiamsi
2604 3156 2649 3211 is
2697 3158 2790 3229 qui
2840 3158 3082 3232 indulget
3128 3161 3336 3219 deliciis
3386 3164 3456 3219 sit
3509 3165 3750 3220 omnium

2162 3246 2392 3303 maxime
2422 3247 2792 3320 phi1050phus,
2821 3267 3040 3308 necesse
3062 3264 3141 3309 est
3165 3263 3220 3309 ut
3239 3255 3525 3326 aliquando
3549 3255 3751 3311 allicia-

2160 3346 2244 3392 tur
2270 3354 2299 3392 a
2326 3339 2450 3394 vino
2478 3348 2533 3395 et
2571 3341 2735 3406 cibis,
2767 3358 2988 3400 necesse
3029 3354 3111 3401 est
3155 3356 3211 3400 ut
3252 3345 3607 3416 diffundatur,
3649 3365 3750 3406 ne-

2155 3450 2306 3491 cesse
2333 3446 2417 3492 est
2442 3445 2500 3492 ut
2529 3438 2785 3508 majorem
2812 3440 3044 3509 perferat
3066 3440 3356 3496 flammam.
3382 3441 3520 3499 Hinc
3540 3453 3745 3514 stupra,

2157 3526 2281 3584 hinc
2311 3527 2570 3583 adulteria
2597 3547 2610 3584 :
2645 3544 2750 3585 non
2782 3541 2957 3600 potest
2983 3533 3125 3587 enim
3149 3547 3385 3589 amorem
3409 3548 3599 3605 parere
3619 3551 3747 3591 ven-

2155 3626 2235 3673 ter
2276 3619 2553 3685 esuriens,
2601 3619 2709 3675 imo
2748 3636 2877 3677 vero
2923 3637 3023 3678 nec
3066 3624 3111 3679 is
3150 3623 3241 3694 qui
3285 3624 3452 3679 utitur
3492 3640 3558 3681 eo
3601 3626 3744 3697 quod

2151 3708 2382 3776 sufficit;
2415 3712 2503 3781 qui
2534 3726 2662 3766 vero
2692 3713 2828 3782 parit
2856 3713 3139 3768 obscaenas
3170 3714 3472 3783 voluptates
3493 3756 3509 3781 ,
3541 3716 3631 3771 ille
3659 3726 3742 3771 est

2149 3799 2240 3869 qui
2272 3799 2509 3871 indulget
2534 3801 2761 3857 deliciis.
2785 3803 2853 3859 Et
2872 3804 3010 3884 sicut
3033 3813 3169 3860 terra
3196 3804 3348 3859 valde
3372 3804 3587 3860 humida
3613 3821 3741 3876 pro-

2144 3897 2296 3943 creat
2323 3901 2552 3951 vermes,
2585 3897 2639 3941 et
2667 3886 2824 3943 lituus
2847 3888 2935 3958 qui
2958 3890 3220 3945 madescit
3239 3899 3295 3945 et
3326 3892 3550 3946 multum
3581 3890 3745 3947 habet

2146 3978 2461 4044 humorem;
2488 3987 2675 4034 contra
2702 3989 2883 4034 autem
2909 3987 3050 4035 terra
3073 3996 3192 4051 qua:
3213 3991 3295 4036 est
3314 3981 3382 4037 ab
3406 3982 3494 4037 illo
3514 3981 3745 4038 humore

2145 4071 2312 4125 libera
2337 4112 2351 4134 ,
2385 4068 2486 4124 fert
2515 4070 2713 4125 multos
2753 4069 2993 4138 fructus,
3024 4085 3145 4126 cum
3185 4072 3314 4127 nihil
3363 4073 3556 4128 habeat
3597 4075 3738 4142 quod

2144 4161 2363 4216 modum
2399 4159 2669 4216 excedat:
2708 4175 2832 4215 nam
2876 4161 3090 4217 etiamsi
3121 4177 3226 4217 non
3275 4163 3505 4229 colatur,
3544 4163 3744 4220 emittit

2145 4252 2400 4320 herbam;
2434 4255 2515 4309 sin
2547 4262 2726 4309 autem
2751 4254 2979 4321 colatur,
3010 4255 3250 4311 fructus:
3281 4255 3352 4310 ita
3379 4271 3478 4312 nos
3503 4271 3738 4327 quoque.

2140 4343 2219 4399 Ne
2249 4344 2409 4415 igitur
2434 4360 2651 4400 carnem
2682 4345 2970 4401 reddamus
2996 4345 3265 4409 inutilem,
3297 4363 3468 4417 neque
3496 4348 3734 4415 noxiam,

2142 4436 2236 4493 sed
2263 4438 2314 4492 in
2343 4453 2403 4493 ea
2432 4437 2734 4509 plantemus
2765 4439 2922 4495 utiles
2949 4439 3154 4495 fructus
3184 4450 3238 4497 et
3266 4441 3487 4498 arbores
3515 4440 3736 4512 frugife—

2141 4544 2249 4586 ras.
2281 4538 2334 4584 et
2362 4545 2614 4585 curemus
2639 4546 2708 4585 ne
2731 4546 2821 4586 eas
2845 4531 3202 4587 dissolvamus
3228 4532 3433 4587 deliciis
3457 4550 3471 4585 :
3502 4548 3622 4588 nam
3651 4532 3737 4590 hae

2142 4620 2453 4689 putrefactte
2483 4636 2694 4677 vermes
2719 4636 2817 4691 pro
2853 4622 3114 4677 fructibus
3155 4624 3423 4678 emittunt.
3452 4623 3524 4678 lta
3569 4625 3731 4681 etiam

2141 4712 2319 4766 innata
2350 4711 2633 4782 cupiditas,
2654 4712 2698 4767 si
2726 4728 2841 4767 eam
2873 4713 3249 4780 madefeceris,
3280 4726 3525 4785 procreat
3548 4724 3734 4786 turpes

2139 4803 2457 4872 voluptates,
2488 4804 2597 4859 imo
2622 4804 2979 4874 turpissimas.
3005 4803 3152 4859 Hanc
3180 4805 3357 4875 itaque
3381 4805 3523 4861 luem
3551 4807 3731 4861 omni-

2138 4894 2298 4949 modo
2338 4893 2676 4959 auferamus,
2709 4903 2767 4948 ut
2807 4895 3077 4965 possimus
3117 4895 3255 4949 bona
3300 4896 3564 4967 promissa
3593 4912 3732 4955 cou-

2135 4986 2311 5054 sequi,
2342 4987 2392 5038 in
2418 4985 2631 5040 Christo
2660 4983 2788 5039 Jesu
2821 4985 3047 5040 Domino
3072 4996 3277 5050 nostro.
3303 4997 3407 5042 etc.

1817 5146 2160 5211 HOMIIJA
2217 5148 2431 5211 XXX.

444 5264 571 5319 CAP.
600 5267 682 5321 l2.
709 5283 761 5320 v.
797 5269 882 5323 ll.
907 5266 1084 5322 Omnis
1103 5277 1270 5321 autem
1290 5267 1562 5337 disciplina
1590 5269 1640 5322 in
1672 5269 1906 5339 praesenti
1922 5271 2036 5338 qui-

519 5359 628 5411 dem
662 5357 855 5412 videtur
883 5377 983 5413 non
1011 5376 1118 5413 esse
1145 5359 1441 5429 gaudii,srd
1464 5360 1688 5414 mteroris
1706 5376 1726 5424 ;
1746 5371 1916 5431 postea
1937 5378 2036 5414 att-

517 5456 617 5500 tem
645 5450 864 5517 fructum
896 5450 1275 5520 pacatissimam
1306 5452 1587 5506 exercitatis
1614 5468 1705 5521 per
1725 5468 1835 5505 eam
1865 5452 2040 5505 reddet

510 5540 751 5614 justitiw.
787 5541 875 5599 Μ.
911 5541 1135 5614 Propter
1167 5545 1302 5614 quod
1329 5545 1564 5600 remissas
1591 5561 1770 5599 manus
1800 5554 1846 5598 et
1870 5544 2039 5599 soluta

518 5648 686 5702 genua
711 5633 885 5700 erigite
912 5650 933 5688 :
963 5634 1048 5688 l3.
1073 5643 1119 5689 et
1135 5652 1334 5707 gressus
1359 5645 1518 5689 rectos
1545 5635 1699 5703 facite
1729 5635 1936 5705 pedibus
1956 5650 2041 5688 ve-

519 5724 660 5790 stris,
682 5731 734 5775 ut
751 5739 851 5778 non
865 5724 1159 5781 claudicans
1175 5726 1287 5796 quis
1302 5726 1618 5797 erret,magis
1633 5734 1800 5779 autem
1812 5733 2036 5779 sanetur.

524 5816 572 5871 l.
604 5815 704 5883 Qui
737 5830 915 5872 amara
943 5817 1128 5874 bibunt
1169 5817 1558 5877 medicamenta
1579 5860 1592 5885 ,
1638 5818 1784 5888 prius
1824 5815 2037 5888 quidem

2145 5263 2413 5334 quoddam
2458 5238 2636 5316 ferunt
2662 5258 2878 5314 tre-dium
2915 5266 2969 5313 et
3008 5255 3338 5319 molestiam,
3372 5262 3425 5308 et
3457 5259 3582 5307 tunc
3609 5264 3733 5304 sen-

2148 5358 2286 5410 tiunt
2312 5354 2614 5409 utilitatem.
2645 5350 2790 5406 Talis
2812 5350 2954 5405 enim
2985 5364 3072 5403 res
3099 5356 3182 5402 est
3209 5346 3410 5411 virtus,
3440 5351 3495 5398 et
3520 5342 3624 5397 tale
3651 5340 3736 5394 vi-

2149 5448 2279 5502 tium
2305 5464 2319 5499 :
2348 5447 2513 5516 prima
2538 5442 2751 5515 quidem
2776 5443 2882 5498 illic
2902 5450 2986 5497 est
3005 5441 3270 5510 voluptas,
3299 5436 3498 5494 deinde
3519 5435 3735 5506 aegritu-

2146 5540 2252 5604 do;
2287 5539 2372 5593 hic
2402 5553 2530 5592 vero
2560 5537 2788 5607 primum
2818 5534 3098 5608 aegritudo,
3120 5543 3319 5588 ettunc
3343 5532 3609 5600 voluptas.
3630 5527 3738 5584 Sed

2148 5631 2367 5688 minime
2403 5639 2527 5684 sunt
2561 5630 2745 5699 paria:
2775 5642 2882 5683 non
2911 5635 2995 5682 est
3019 5626 3161 5681 enim
3194 5640 3307 5694 par,
3336 5639 3459 5679 cum
3490 5620 3736 5675 molestia

2150 5722 2298 5792 prius
2318 5719 2538 5777 affectus
2561 5720 2746 5788 fueris,
2768 5728 2951 5791 postea
2970 5717 3136 5773 laetari
3158 5731 3172 5780 ;
3197 5724 3251 5770 et
3276 5730 3398 5770 cum
3418 5714 3564 5783 prius
3585 5710 3737 5792 heta-

2152 5787 2232 5869 tus
2246 5810 2430 5879 fueris,
2449 5787 2892 5880 posteatnolestia
2913 5794 3358 5867 alﬁci.Quomodo
3371 5796 3394 5850 ?
3409 5794 3504 5852 llic
3523 5787 3738 5864 quidem
