4202 6512
462 349 578 408 υτ

460 464 849 538 διατεταμένοι
887 473 1090 539 καλῶς,
1117 476 1212 531 καὶ
1240 479 1272 550 ἡ
1301 480 1402 550 τῆς
1431 479 1631 550 τέχνης
1655 478 1828 550 ἁρετὴ
1873 473 2070 529 ὑποτέ-

462 566 686 637 μνετᾳι.
733 554 1156 633 ἀναγκαζομένη
1227 565 1500 618 δουλεύειν
1560 568 1626 637 τῇ
1687 563 1933 634 μαλακία
1962 561 2072 613 τῶν

461 635 681 718 νευρῶν
701 652 715 666 θ
755 637 901 693 οὕτω
927 643 1022 696 καὶ
1049 646 1142 700 ἐπὶ
1165 647 1262 700 τοῦ
1297 648 1572 718 σώματος,
1614 635 1816 710 πολλάς
1848 646 1943 699 ἀπ’
1974 645 2072 698 αὐ-

458 717 560 771 τοῦ
628 720 842 791 δέχεται
894 725 1101 795 βλάϐας
1148 732 1243 784 καὶ
1281 733 1314 802 ἡ
1349 717 1518 802 ψυχὴ,
1555 731 1760 794 πολλάς
1799 731 2069 797 ἀνάγκας·

461 805 638 857 Ὅταν
664 807 774 878 γάρ
806 811 1009 883 πολλῆς
1044 815 1233 885 δέηται
1261 817 1579 887 θεραπείας,
1619 815 1828 888 πικρὰν
1864 813 2072 884 ὑπομέ-

456 908 546 943 νει
578 891 680 961 τὴν
711 893 958 950 δουλείαν
991 900 1195 971 ἐκείνη.
1245 914 1269 941 α
1310 901 1423 965 Διὸ,
1479 899 1810 971 παρακαλῶ,
1849 897 2070 968 ἰσχυρὸν

457 974 602 1026 αὑτὸ
652 977 1042 1049 ἐργαζώμεθα,
1089 983 1184 1036 καὶ
1238 983 1314 1055 μὴ
1372 983 1775 1055 νοσηλεύωμεν.
1815 983 1890 1036 Οὑ
1931 983 2070 1052 πρὸς

461 1055 619 1130 1⁵276]
651 1060 851 1130 ἄνδρας
878 1062 1062 1132 μόνον,
1101 1065 1238 1120 ἀλλά
1273 1068 1364 1120 καὶ
1396 1068 1530 1138 πρὸς
1551 1069 1822 1137 γυναῖκας
1854 1069 1882 1120 6
1911 1068 2072 1136 λόγος

458 1141 608 1211 ἐμοί.
670 1143 734 1195 Τί
775 1147 886 1216 γάρ
914 1149 1155 1218 συνεχῶς
1197 1149 1410 1212 ἐκλύεις
1451 1151 1580 1206 αὐτὸ
1611 1153 1677 1221 τῇ
1721 1153 1925 1222 τρυφῇ,
1973 1151 2070 1203 καὶ

456 1226 714 1306 ἐξίτηλον
775 1233 975 1297 ποιεῖς,
1031 1225 1077 1284 ῶ
1126 1231 1407 1301 γύναι;τί
1454 1234 1552 1305 τὴν
1611 1234 1765 1304 ἰσχὺν
1828 1233 2069 1306 λυμαίνῃ

455 1301 692 1376 στέασι;
724 1310 786 1363 τὸ
810 1311 978 1383 στέαρ
1009 1315 1279 1388 χαυνότης
1324 1318 1442 1370 ἐστὶ
1494 1301 1698 1386 τούτῳ,
1741 1317 1842 1370 οὑκ
1895 1301 2071 1387 ίσχύςί

464 1391 603 1445 Ἐάν
653 1394 709 1447 δὲ
741 1395 945 1452 τούτων
1000 1399 1307 1465 ἀποστᾶσα,
1347 1401 1554 1472 ἑτέρως
1599 1400 1740 1473 ἄγῃς
1794 1401 2069 1472 σεαυτὴν·

450 1476 584 1528 τότε
651 1477 840 1530 καὶτὸ
884 1480 1082 1546 κάλλος
1124 1483 1185 1537 τὸ
1226 1484 1542 1555 σωματικὸν
1602 1487 1887 1554 προχωρεῖ
1925 1483 2070 1536 κατὰ

451 1559 717 1631 γνώμην,
771 1563 903 1617 ὅταν
950 1566 1106 1635 ίσχὺς
1155 1567 1253 1621 καὶ
1309 1568 1496 1632 εὐεξία
1552 1571 1737 1639 παρῇ·
1784 1569 1851 1622 ἂν
1886 1569 2072 1639 μέντοι

451 1645 691 1716 μυρίαις
745 1647 880 1700 αὐτὸ
931 1651 1227 1722 πολιορκῇς
1272 1652 1486 1717 νόσοις,
1539 1651 1664 1707 οὔτε
1717 1653 1878 1716 ἄνθος
1927 1651 2072 1723 χρώ-

449 1745 654 1797 ματος,
696 1727 822 1783 οὔτε
851 1731 1038 1798 εὐεξία
1064 1751 1146 1797 τις
1190 1734 1345 1789 ἐσται
1370 1752 1384 1767 ·
1415 1737 1504 1790 ἀεὶ
1533 1736 1642 1807 γάρ
1690 1739 1748 1790 ἐν
1787 1736 2069 1808 κατηφείᾳ

521 1896 1130 1976 δ’.⁹1στε,δέὀτιῶσπερ
1159 1898 1308 1958 οἷκον
1334 1905 1760 1966 καλὸν,ἐπειδάν
1790 1906 1998 1979 γελάσῃ
2039 1907 2067 1960 6

445 1983 583 2054 ἀὴρ,
619 1982 881 2056 λαμπρὸν
913 1985 1210 2055 δείκνυσιν,
1241 1987 1387 2042 οὕτω
1416 1990 1511 2043 καὶ
1535 1991 1660 2060 ὄψιν
1687 1991 1900 2060 ὡραίαν
1936 2008 2067 2060 φαι-

444 2068 654 2139 δρότης
685 2069 1054 2142 ἐπιγενομένη
1095 2071 1299 2143 ψυχῆς,
1339 2074 1626 2146 κρείττονα
1660 2078 1807 2128 ποιεῖ
1834 2093 1848 2106 ·
1874 2077 1968 2129 ἐὰν
2009 2076 2065 2129 δὲ

451 2154 512 2204 ἐν
534 2152 815 2226 κατηφείᾳ
900 2156 997 2208 καὶ
1021 2155 1258 2222 ὀδύναις,
1291 2157 1678 2226 δυσειδεστέρα
1705 2159 1941 2228 γίνεται·
1965 2159 2064 2230 τὴν

453 2235 517 2287 δὲ
542 2237 846 2306 κατήφειαν
896 2239 954 2291 αί
999 2239 1147 2292 νόσοι
1192 2240 1408 2294 ποιοῦσι
1432 2241 1529 2294 καὶ
1556 2243 1613 2296 αί
1646 2242 1854 2306 ὀδύναι,
1878 2242 1976 2306 τάς
2005 2243 2064 2296 δὲ

459 2315 657 2381 νόσους
692 2319 748 2372 τὸ
787 2320 1188 2394 μαλακώτερον
1235 2323 1498 2392 γενέσθαι
1537 2326 1598 2378 τὸ
1628 2325 1791 2396 σῶμα
1819 2326 1928 2379 ἀπὸ
1961 2325 2064 2396 τῆς

458 2400 668 2470 πολλῆς
697 2405 930 2475 τρυφῆς.
965 2406 1133 2460 ’Ὥστε
1167 2408 1262 2460 καὶ
1294 2408 1440 2460 κατά
1469 2408 1628 2463 τοῦτο
1658 2410 1926 2480 φεύξεσθε
1961 2411 2061 2482 τὴν

449 2486 690 2556 τρυφὴν,
720 2489 815 2542 ἐὰν
837 2490 962 2560 ἐμοὶ⁵
987 2490 1272 2562 πείθησθε.
1305 2491 1446 2545 Ἀλλ’
1479 2494 1698 2565 ἡδονὴν,
1732 2496 1919 2566 φησὶν,
1945 2495 2062 2566 ἔχει

445 2569 510 2621 τὸ
527 2572 764 2641 τρυφᾷν.
797 2573 940 2626 Ἀλλ’
965 2575 1027 2627 οὐ
1052 2573 1347 2644 τοσαύτην,
1367 2577 1500 2640 ὅσας
1515 2577 1825 2641 δυσκολίας.
1847 2579 2061 2644 ’Λλλως

442 2652 524 2714 δὲ,
559 2655 591 2723 ἡ
623 2654 783 2726 ἡδονὴ
817 2657 981 2728 μέχρι
1012 2657 1106 2711 τοῦ
1141 2659 1425 2728 φάρυγγος
1445 2701 1458 2726 ,
1489 2660 1652 2732 μέχρι
1684 2661 1784 2731 τῆς
1812 2661 2061 2734 γλώττης

439 2736 562 2788 ἐστί
585 2753 599 2766 ·
628 2739 729 2808 τῆς
752 2739 861 2810 γὰρ
878 2741 1160 2812 τραπέζης
1187 2741 1472 2814 ἀρθείσης,
1507 2744 1539 2815 ἢ
1565 2743 1658 2796 τοῦ
1695 2745 1864 2800 σιτίου
1895 2764 2063 2800 κατα-

437 2819 731 2886 ποθέντος,
774 2823 961 2893 ὅμοιος
993 2824 1093 2898 ἔσῃ
1142 2826 1218 2896 τῷ
1250 2826 1326 2898 μὴ
1364 2831 1750 2900 μετεσχηκότι,
1779 2831 1979 2900 μᾶλλον
2001 2832 2058 2884 δὲ

435 2905 630 2976 πολλῷ
655 2907 878 2979 χείρων,
915 2909 1060 2980 βάρη
1107 2911 1292 2981 φέρων
1323 2911 1536 2965 ἐκεῖθεν
1563 2915 1659 2966 κα)⁸
1691 2914 1940 2968 διάτασιν
1965 2917 2060 2967 καὶ

435 2992 806 3064 καρηϐαρίαν
840 2995 937 3047 καὶ
968 2993 1140 3049 ὕπνον
1171 2995 1388 3049 ἐοικότα
1422 2995 1664 3073 θανάτῳ,
1696 2998 1959 3062 πολλάκις
2001 2999 2059 3052 δέ

435 3078 538 3129 καὶ
593 3079 915 3149 ἀγρυπνίαν
973 3081 1086 3134 ἀπὸ
1154 3081 1512 3153 πλησμονῆς,
1577 3084 1672 3136 καὶ
1745 3085 2059 3154 πνεύματος

437 3163 810 3234 ἐμφράξεως,
847 3167 946 3220 καὶ
996 3167 1206 3238 ἐρυγῆς
1231 3183 1244 3198 ·
1294 3168 1392 3221 καὶ
1441 3168 1614 3241 μυρία
1647 3168 1714 3223 ἂν
1755 3172 2062 3242 κατηράσω

434 3249 506 3317 τῇ
530 3249 761 3320 γαστρὶ,
786 3249 906 3303 δέον
937 3253 1003 3322 τῇ
1029 3250 1272 3322 ἀμετρία
1303 3252 1746 3324 καταράσασθαι.

508 3331 607 3399 Μὴ
631 3331 984 3405 λιπαίνωμεν
1037 3334 1224 3387 τοίνυν
1251 3335 1315 3388 τὸ
1361 3336 1545 3407 σῶμα,
1595 3336 1714 3390 ἀλλ’
1761 3337 2060 3409 ἀκούωμεν

429 3415 532 3468 τοῦ
573 3416 798 3471 Παύλου
841 3417 1096 3488 λέγοντος
1120 3435 1136 3449 ·
1205 3418 1322 3488 Τῆς
1355 3421 1586 3490 σαρκὸς
1625 3423 1920 3491 πρόνοιαν
1969 3423 2058 3491 μὴ

432 3500 718 3556 ποιεῖσθε
747 3505 835 3569 είς
875 3505 1219 3576 ἐπιθυμίας.
1245 3509 1463 3580 Ὠσπερ
1513 3507 1579 3562 ἂν
1609 3509 1664 3562 εἴ
1692 3527 1777 3572 τις
1801 3511 1882 3574 είς
1910 3511 2058 3579 ἀμά-

433 3601 545 3654 ραν
578 3585 762 3640 λαϐὼν
823 3587 894 3640 τά
947 3592 1093 3644 σιτία
1133 3592 1382 3666 ἐμϐάλλῃ
1413 3593 1467 3657 b,
1498 3591 1643 3646 οὕτω
1675 3593 1812 3646 καλό
1851 3595 1931 3656 είς
1959 3595 2060 3663 τὴν

429 3674 690 3744 γαστέρα
747 3675 1062 3745 ἐμϐάλλων·
1129 3679 1331 3748 μᾶλλον
1389 3680 1448 3733 δὲ
1485 3680 1588 3750 οὑχ
1640 3678 1816 3743 οὕτως
1843 3720 1858 3744 ,
1922 3680 2060 3736 ἀλλά

431 3755 627 3827 πολλῷ
659 3759 860 3830 χεῖρον.
903 3761 1168 3817 Ἐνταῦθα
1209 3763 1309 3834 μὲν
1347 3763 1456 3836 γὰρ
1483 3765 1709 3836 ἀμάραν
1758 3764 2058 3837 ἐργάζεται

429 3841 616 3911 χωρὶς
645 3840 756 3894 τῶν
800 3845 1026 3901 οἰκείων
1055 3847 1269 3914 κακῶν,
1306 3848 1424 3902 ἐκεῖ
1451 3849 1508 3901 δὲ
1537 3848 1636 3901 καὶ
1674 3849 1845 3920 μυρία
1878 3850 2059 3904 τίκτει

429 3925 509 3978 τά
545 3927 859 3997 νοσήματα.
929 3930 1005 3983 Τὸ
1062 3932 1173 4002 γάρ
1203 3931 1405 4003 τρέφον
1444 3935 1477 4003 ἡ
1528 3933 1838 4004 αὐτάρκειά
1884 3936 2057 4000 ἐστιν,

431 4007 465 4062 ὃ
507 4009 608 4062 καὶ
657 4014 1110 4085 κατεργασθῆναι
1140 4014 1369 4069 δύναται
1399 4032 1412 4045 ·
1469 4017 1532 4070 τὸ
1573 4017 1630 4071 δὲ
1673 4017 1930 4089 περιττὸν
1960 4021 2060 4088 τῆς

431 4092 633 4164 χρείας
685 4095 745 4146 οὐ
779 4095 943 4164 μόνον
969 4099 1031 4150 οὐ
1063 4100 1292 4170 τρέφει,
1323 4099 1460 4154 ἀλλά
1497 4101 1593 4153 καὶ
1626 4101 1808 4154 ἐκεῖνο
1855 4101 2059 4172 λυμαί-

433 4193 614 4229 νεται.
662 4177 805 4231 Ἀλλ’
830 4180 1012 4245 οὐδεὶς
1051 4183 1228 4236 ταῦτα
1257 4185 1362 4255 ὁρᾷ
1412 4184 1520 4238 ὑπὸ
1546 4187 1646 4255 τῆς
1669 4185 1901 4258 ἀκαίρου
1935 4187 2060 4258 ἡδο-

433 4259 541 4328 νῆς
595 4261 690 4315 καὶ
741 4262 842 4332 τῆς
888 4266 947 4318 ἐν
1002 4268 1227 4338 συνήθει
1295 4269 1621 4340 προλήψεως
1666 4268 2050 4340 ἀπατώμενος.

438 4344 634 4398 Βούλει
649 4345 871 4417 τρέφειν
895 4349 958 4403 τὺ
983 4351 1176 4422 σῶμα;
1203 4353 1423 4424 περίελε
1453 4354 1513 4407 τὸ
1541 4353 1727 4417 πλέον,
1762 4355 1824 4407 τὸ
1847 4353 2052 4426 αὐταρ-

436 4443 540 4491 κες
583 4428 752 4494 δίδου,
789 4433 885 4484 καὶ
919 4433 1045 4488 ὅσον
1089 4437 1543 4506 κατεργάσασθαι
1601 4435 1759 4510 [⁸277]
1785 4437 2011 4492 δυνατόν
2034 4455 2049 4468 ·

437 4512 521 4584 μὴ
564 4511 766 4586 βάρυνε
795 4517 948 4583 αὑτὸ,
982 4518 1069 4572 ἵνα
1101 4521 1178 4592 μὴ
1205 4523 1634 4593 καταποντίσῃς.
1666 4523 1738 4575 Τὸ
1767 4522 2046 4594 αὑταρκες

503 4754 529 4820 ξ
562 4751 777 4820 (10nng
800 4757 967 4820 nqtam
987 4751 1037 4803 in
1061 4767 1217 4819 marg.
1246 4754 1684 4820 interpretationis
1707 4759 1909 4810 Latinae.

499 4810 531 4851 ι)
572 4812 832 4875 Ἐμϐάλλοι
842 4815 867 4865 ‘?

430 4983 3718 5012 ’,ΜΝ-,Μ

1369 362 1437 418 ΙΝ
1477 363 1692 419 Ei'lST.
1731 359 1822 415 AD
1859 355 2227 415 IIEBRAEOS.
2265 356 2418 414 CAP.
2461 357 2575 415 XII.
2623 358 2856 416 HOMIL.
2893 359 3064 416 XXX.

3672 354 3776 410 203

2176 474 2270 526 καὶ
2294 477 2467 546 τροφή
2500 477 2615 528 ἐστι
2650 477 2744 528 καὶ
2785 477 2945 548 ἠδονὴ
2967 494 2979 507 ·
3012 477 3166 530 οὐδὲν
3194 475 3304 547 γάρ
3331 474 3474 529 οὑτω
3491 473 3636 525 ποιεῖ
3651 473 3774 542 ἡδο-

2175 561 2271 628 νὴν
2289 559 2364 623 ὡς
2389 561 2555 614 σιτίον
2579 559 2761 623 καλῶς
2783 578 2914 613 κατε
2925 561 3180 630 ργασθέν·
3201 561 3354 614 οὐδὲν
3370 558 3542 620 οὕτως
3560 557 3772 625 ὑγείαν,

2173 642 2326 696 οὐδὲν
2357 642 2531 706 οὑτως
2558 641 2798 714 ὀξύτητα
2843 644 3188 714 αἰσθήσεων,
3225 643 3379 697 οὐδὲν
3434 639 3610 704 οὕτως
3653 637 3777 692 ἐστὶΙ

2174 725 2332 779 νόσου
2360 727 2747 782 ἀπελαστικόν.
2773 729 2918 798 Ἀρα
2952 727 3011 781 τὸ
3035 727 3312 799 αὔταρκες
3336 727 3435 796 μὲν
3469 724 3565 778 καὶ
3594 723 3773 793 τροφή

2175 811 2291 863 ἐστι
2329 812 2422 865 καὶ
2444 812 2608 883 ἡδονὴ
2635 813 2731 866 καὶ
2759 813 2938 880 ὑγεία,
2971 812 3033 865 τὸ
3077 814 3133 866 δὲ
3165 812 3332 866 πλέον
3360 809 3455 864 καὶ
3489 807 3636 880 λύμη
3678 809 3778 860 καὶ

2173 893 2338 964 ἀηδία
2372 896 2466 948 καὶ
2489 897 2664 959 νόσος.
2702 895 2769 948 Ἃ
2791 896 2900 968 γάρ
2937 899 3082 950 ποιεῖ
3119 898 3147 950 6
3170 896 3330 967 λιμὸς
3350 905 3400 960 ο,
3421 892 3599 946 ταῦτα
3625 893 3776 944 ποιεῖ

2175 980 2266 1031 καὶ
2301 980 2332 1050 ἡ
2369 979 2680 1051 πλησμονὴ,
2705 979 2908 1048 μᾶλλον
2938 981 2994 1034 δὲ
3017 979 3398 1052 χαλεπώτερα·
3425 981 3635 1040 ἐκεῖνος
3671 977 3776 1045 μὲν

2174 1063 2283 1132 γάρ
2316 1065 2374 1116 ἐν
2419 1063 2633 1131 ὀλίγαις
2664 1064 2901 1135 ἡμέραις
2953 1065 3210 1135 ἀπήγαγε
3245 1064 3340 1118 καὶ
3369 1061 3648 1132 ἀπήλλαξε
3676 1060 3774 1112 τὸν

2174 1145 2498 1217 ἄνθρωπον,
2532 1147 2672 1219 αὕτη
2730 1147 2784 1201 δὲ
2826 1147 3210 1219 διατρώγουσα
3261 1148 3355 1200 καὶ
3407 1148 3662 1217 σήπουσα
3708 1144 3773 1198 τὸ

2177 1229 2362 1300 σῶμα,
2414 1233 2604 1304 μακρᾷ
2644 1232 2984 1303 παραδίδωσι
3034 1232 3202 1300 νόσῳ,
3249 1231 3344 1284 καὶ
3388 1231 3514 1283 τότε
3551 1230 3773 1298 θανάτῳ
3874 1287 3879 1293 ,

2176 1316 2569 1388 χαλεπωτάτῳ.
2620 1317 2816 1386 Ἡμεῖς
2841 1315 2897 1368 δὲ
2915 1316 3005 1369 τὸν
3024 1316 3124 1386 μὲν
3141 1315 3300 1385 λιμὸν
3331 1315 3605 1368 ἀπευκτὸν
3622 1313 3770 1383 πρᾶ-

2175 1417 2291 1470 γμα
2320 1399 2638 1472 νομίζομεν,
2674 1401 2768 1454 ἐπί⁵
2787 1401 2842 1454 δὲ
2872 1401 2973 1471 τὴν
2998 1399 3191 1454 τούτου
3217 1398 3608 1470 χαλεπωτέραν
3628 1400 3765 1467 πλη-

2177 1484 2382 1556 σμονὴν
2409 1485 2700 1555 τρέχομεν.
2739 1485 2914 1538 Πόθεν
2937 1483 3076 1556 αὕτη
3115 1486 3148 1554 ἡ
3169 1484 3343 1549 νόσος,
3376 1482 3540 1535 πόθεν
3567 1481 3706 1550 αὐτη
3737 1481 3771 1551 ἡ

2178 1568 2378 1638 μανία;
2423 1569 2497 1621 Οὑ
2527 1569 2674 1636 λέγω
2716 1569 3086 1640 κατατρύχειν
3109 1567 3360 1630 ἑαυτοὺς,
3398 1565 3535 1620 ἀλλά
3577 1566 3772 1618 τοσοῦ-

2175 1668 2265 1705 τον
2314 1651 2600 1717 σιτεῖσθαι,
2639 1652 2668 1704 ὃ
2713 1655 2810 1705 καὶ
2839 1652 3033 1722 ἡδονὴν
3066 1651 3179 1722 ἔχει
3210 1651 3309 1721 τὴν
3338 1650 3521 1721 ,ὅντως
3551 1648 3769 1719 ἡδονὴν,

2173 1737 2270 1791 καὶ
2291 1736 2487 1810 θρέψαι
2519 1737 2745 1790 δύναται
2777 1737 2838 1790 τὸ
2864 1737 3044 1808 σῶμα.
3075 1738 3172 1790 καὶ
3204 1737 3472 1790 εὔτακτον
3513 1737 3642 1806 ὑμῖν
3677 1735 3772 1787 καὶ

2171 1822 2516 1891 εὐάρμοστον
2546 1820 2685 1891 πρὸς
2709 1820 2810 1884 τὰς
2839 1821 3126 1892 ἐνεργείας
3152 1821 3460 1892 παρασχεῖν
3476 1821 3574 1889 τῆς
3589 1818 3771 1889 ψυχῆς

2170 1905 2420 1975 πεπηγὸς
2450 1905 2632 1968 καλῶς
2666 1905 2762 1959 καὶ
2800 1907 3273 1976 συνηρμοσμένον.
3309 1905 3481 1958 Ὅταν
3512 1904 3568 1956 δὲ
3600 1904 3772 1972 ὑπέρ-

2170 1989 2361 2042 αντλον
2384 1989 2610 2059 γένηται
2650 1991 2718 2059 τῇ
2765 1992 2961 2060 τροφῇ,
2986 1989 3113 2051 τοὺς
3146 1989 3397 2058 γόμφους
3434 1988 3631 2050 αὐτοὺς
3651 2028 3666 2052 ,
3693 1986 3771 2050 ὡς

2168 2072 2233 2127 ἄν
2259 2091 2341 2137 τις
2366 2074 2532 2140 εἴποι,
2563 2073 2658 2126 καὶ
2685 2072 2788 2136 τὰς
2811 2073 3084 2144 ἁρμονίας
3109 2072 3410 2127 διαλύσασα
3439 2071 3538 2134 τάς
3558 2089 3620 2124 συ
3629 2087 3770 2142 μπε-

2168 2157 2543 2229 πηγυίας,τὴν
2563 2156 2906 2228 πλημμύραν
2926 2156 2985 2209 οὑ
3009 2155 3546 2226 δύναταικατασχεῖν
3583 2157 3768 2208 ἐπεισ-

2167 2235 2438 2293 ελθοῦσαά
2457 2239 2567 2312 γάρ
2598 2241 2630 2312 ἡ
2660 2240 2969 2312 πλημμύρα
2989 2242 3048 2292 τδ
3079 2242 3185 2294 πᾶν
3210 2241 3419 2293 διαλύει
3449 2240 3543 2292 καὶ¹
3564 2238 3766 2307 διαχεῖ.

2172 2323 2288 2393 Τῆς
2309 2327 2558 2393 σαρκὸς,
2581 2326 2736 2394 φησὶ,
2752 2326 3044 2393 πρόνοιαν
3055 2325 3143 2394 μὴ
3167 2325 3438 2378 ποιεῖσθε
3454 2327 3540 2390 εὶς
3565 2325 3771 2376 ἐπιου-

2158 2411 2324 2480 μίας.
2348 2411 2456 2463 Καὶ
2474 2409 2655 2473 καλῶς
2677 2405 2854 2476 εἶπεν,
2879 2413 2982 2476 Εἰς
3004 2410 3347 2480 ἐπιθυμίας·
3370 2409 3470 2480 ὖλη
3495 2409 3605 2477 γάρ
3621 2411 3774 2460 ἐστιν

2163 2495 2196 2565 ἡ
2228 2493 2409 2565 τρυφὴ
2446 2497 2567 2558 ταῖς
2611 2494 2836 2557 ἀτόποις
2863 2488 3204 2563 ἐπιθυμίαις,
3235 2493 3337 2546 κᾶν
3371 2494 3592 2546 πάντων
3688 2509 3771 2559 φι-

2163 2577 2536 2649 λοσοφώτερος
2569 2579 2597 2629 ὀ
2620 2577 2861 2648 τρυφῶν,
2896 2577 3109 2648 ἀνάγκη
3144 2596 3196 2629 τι
3237 2579 3431 2631 παθεῖν
3473 2575 3635 2630 αὑτὸν
3658 2574 3769 2628 ἀπὸ

2163 2662 2259 2715 τοῦ
2311 2663 2480 2725 οἴνου,
2534 2662 2642 2714 ἀπὸ
2690 2660 2798 2714 τῶν
2854 2661 3073 2725 σιτίων,
3129 2661 3346 2730 ἀνάγκη
3407 2658 3763 2728 διαχυθῆναι,

2164 2747 2378 2819 ἀνάγκη
2416 2748 2513 2818 τὴν
2547 2747 2724 2816 φλόγα
2754 2747 2977 2818 μείζονα
3000 2749 3265 2814 ἐνεγκεῖν.
3314 2744 3600 2800 Ἐντεῦθεν
3633 2761 3768 2814 πορ-

2163 2834 2325 2895 νεῖαι,
2368 2832 2622 2885 ἐντεύθεν
2655 2833 2937 2903 μοιχεῖαι·
2989 2831 3052 2884 ού
3101 2831 3214 2900 γάρ
3243 2831 3470 2883 δύναται
3517 2827 3768 2881 πεινῶσα

2161 2915 2376 2985 γαστὴρ
2415 2915 2594 2988 ἔρωτα
2616 2917 2818 2979 τεκεῖν,
2865 2913 3068 2984 μᾶλλον
3096 2914 3153 2967 δὲ
3186 2914 3308 2967 οὐδέ
3342 2912 3648 2984 αὐταρκείᾳ
3676 2928 3770 2964 κε-

2162 3002 2453 3072 χρημένη·
2507 3001 2540 3069 ἡ
2589 3000 2646 3052 δέ
2685 3000 2948 3052 τίκτουσα
2992 2999 3094 3063 τάς
3141 3000 3380 3061 ἀτόπους
3443 2997 3764 3067 ἐπιθυμίας,

2161 3085 2348 3154 ἐκείνη
2382 3085 2531 3137 ἐστὶν
2556 3087 2588 3154 ἡ
2620 3083 2959 3138 σπαταλῶσα
2989 3087 3059 3154 τῇ
3087 3086 3292 3155 τρυφῇ.
3315 3082 3426 3137 Καὶ
3458 3082 3761 3152 καθάπερὴ

2163 3168 2369 3240 σφόδρα
2395 3167 2618 3239 δίυγρος
2647 3168 2718 3238 γῆ
2757 3167 2934 3220 τίκτει
2970 3170 3096 3229 τοὺς
3126 3167 3441 3239 σκώληκας,
3477 3165 3572 3219 καὶ
3604 3165 3638 3234 ἡ
3667 3162 3765 3217 κό-

2163 3269 2304 3322 προς
2337 3255 2369 3323 ή
2409 3251 2810 3322 διαϐρεχομένη
2852 3251 2946 3304 καὶ
2973 3250 3176 3322 πολλὴν
3203 3251 3404 3322 ἔχουσα
3433 3249 3534 3322 τὴν
3559 3249 3762 3313 νοτίδα,

2160 3338 2280 3409 ἡδὲ
2334 3335 2735 3408 ἀπηλλαγμένη
2799 3337 2902 3406 τῆς
2953 3336 3222 3408 ὑγρασίας
3263 3336 3484 3407 ἐκείνης
3512 3333 3763 3404 καρποὺς

2162 3423 2316 3494 φέρει
2346 3422 2598 3488 πολλοὺς,
2633 3423 2764 3475 ὅταν
2801 3423 2874 3493 μὴ
2910 3423 3182 3494 ἀμετρίαν
3221 3421 3354 3493 ἔχῃ·
3390 3420 3495 3474 κᾶν
3529 3419 3629 3491 μὲν
3652 3418 3766 3488 γὰρ

2163 3507 2237 3578 μὴ
2285 3507 2629 3575 γεωργῆται,
2684 3505 2852 3576 χλόην
2888 3506 3193 3573 ἐκδίδωσιν,
3236 3505 3302 3560 ἂν
3331 3505 3389 3558 δέ
3420 3506 3763 3574 γεωργῆται,

2161 3589 2410 3661 καρπούς
2431 3607 2445 3621 ’
2469 3590 2614 3644 οὑτω
2645 3593 2742 3644 καὶ
2784 3593 2968 3661 ἡμεῖς.
3003 3591 3094 3660 Μὴ
3140 3590 3322 3644 τοίνυν
3361 3589 3636 3661 ἄχρηστον
3666 3587 3765 3656 τὴν

2159 3673 2314 3747 [278]
2351 3675 2528 3745 σάρκα
2551 3675 3084 3745 κατασκευάσωμεν,
3115 3675 3252 3746 μηδὲ
3298 3675 3582 3744 ἀνόνητον,
3629 3669 3765 3741 μηδέ

2159 3759 2454 3830 ἐπιϐλαϐἧ,
2510 3758 2646 3812 ἀλλά
2705 3757 3067 3828 φυτεύσωμεν
3135 3759 3192 3810 ἐν
3248 3758 3388 3828 αὐτῇ
3457 3755 3763 3827 χρησίμους

2159 3845 2407 3914 καρποὺς
2472 3845 2567 3900 καὶ
2622 3841 2769 3912 φυτά
2844 3840 3197 3912 καρποφόρα,
3258 3840 3352 3893 καὶ
3433 3839 3762 3906 ἐπιμέλειαν

2159 3927 2469 3998 ποιώμεθα,
2506 3928 2646 3982 ὥστε
2679 3929 2753 3998 μὴ
2786 3927 2928 3980 αὑτά
2956 3925 3182 3979 ἐκλῦσαι
3199 3928 3263 3996 τῇ
3285 3927 3497 3995 τρυφῇ·
3534 3923 3631 3975 καὶ
3649 3921 3761 3993 γὰρ

2161 4013 2253 4067 καὶ
2283 4015 2468 4066 ἐκεῖνα
2519 4013 2808 4082 σκώληκας
2840 4011 2962 4064 ἀντὶ
2989 4009 3217 4082 καρπῶν
3253 4008 3506 4062 ἐκϐάλλει
3566 4008 3760 4059 διασα-

2161 4096 2352 4149 πέντα.
2388 4094 2546 4148 Οὕτω
2606 4094 3036 4166 καὶὴἕμφυτος
3087 4093 3377 4162 ἐπιθυμία,
3441 4091 3537 4144 ἐάν
3588 4089 3761 4160 αὐτὴν

2162 4179 2303 4253 ὑπὲρ
2355 4179 2553 4250 μέτρον
2597 4179 2910 4251 διαϐρέξῃς,
2944 4177 3179 4240 ἀτόπους
3211 4176 3385 4228 τίκτει
3421 4173 3637 4245 ἡδονάς,
3665 4173 3761 4226 καὶ

2166 4263 2370 4334 σφόδρα
2398 4263 2780 4326 άτοπωτάτας.
2801 4262 2912 4334 Τὴν
2931 4261 3024 4316 οὐν
3051 4260 3230 4332 λύμην
3253 4259 3458 4320 ταύτην
3486 4257 3760 4327 ἐξέλωμεν

2160 4349 2325 4401 παντὶ
2369 4347 2556 4417 τρόπῳ
2579 4363 2592 4375 ·
2634 4347 2721 4400 ἴνα
2755 4345 3077 4416 δυνηθῶμεν
3111 4346 3389 4414 ἐπιτυχεῖν
3432 4342 3540 4395 τῶν
3579 4342 3758 4412 ἐπηγι

2159 4431 2445 4501 γελμένων
2470 4431 2713 4499 ἀγαθῶν,
2743 4433 2800 4484 ἐν
2821 4428 3044 4502 Χριστῷ
3069 4428 3246 4499 Ἰησοῦ
3267 4427 3346 4499 τῷ
3364 4427 3556 4498 Κυρίῳ
3575 4423 3755 4497 ἡμῶν,

2161 4517 2257 4570 καὶ
2279 4516 2345 4570 τά
2379 4514 2528 4588 ἐξῆς.

2220 4645 2242 4673 C
2279 4632 2523 4690 Colbert.,
2545 4633 2571 4680 6
2593 4631 2776 4693 λοιμός.

2219 4694 2244 4734 '1
2261 4697 2419 4765 Regg:
2434 4702 2486 4743 et
2509 4687 2750 4765 (.oplm'el.
2767 4691 2839 4742 sic
2860 4692 3055 4755 legunt,
3069 4691 3254 4765 xa‘t'réz;
3274 4688 3500 4765 ἀρμονίαξ
3596 4687 3756 4765 ulmi:

2156 4761 2282 4823 μύρα
2303 4749 2522 4823 κατέχειν
2545 4757 2599 4804 οὐ
2625 4757 2820 4805 δύναται
2868 4749 3246 4823 συμπεπηγυίας·
3278 4749 3641 4801 ἐπεισελθοῦσα.
3669 4749 3754 4798 Sic

2156 4817 2309 4873 iniam
2335 4817 2454 4869 Mutl
2486 4821 2700 4883 legerat,
2731 4827 2890 4878 recte,
2918 4825 2973 4867 ut
2997 4817 3217 4867 videtur.

1904 5138 2150 5192 ΟΜΙᾹΙΛ
2191 5139 2274 5192 Λ’.

430 5270 615 5329 Πᾶσα
641 5268 736 5342 μδὲ
784 5271 1024 5325 παιδεία
1046 5270 1198 5339 πρὸς
1224 5271 1341 5340 μὲν
1393 5272 1461 5326 τὸ
1506 5271 1705 5342 παρὸν
1755 5273 1829 5326 οὐ
1873 5271 2046 5326 δοκεῖ

504 5339 702 5412 χαρᾶς
730 5342 906 5404 εἶναι,
932 5343 1094 5396 ἀλλὰ
1140 5339 1373 5408 λύπης·
1403 5339 1666 5411 ὕστερον
1695 5343 1763 5396 δὲ
1802 5346 2039 5411 καρπὸν

502 5413 816 5483 εἰρηνικὸν
850 5413 974 5478 τοῖς
1003 5413 1079 5466 δι’
1113 5412 1309 5480 αὐτῆς
1331 5414 1855 5483 γεγυμνασμένοις
1885 5415 2034 5468 ἀπο-

503 5482 722 5554 δίδωσι
740 5483 1160 5550 δικαιοσύνης.
1188 5485 1286 5554 Διὸ
1310 5482 1416 5550 τὰς
1449 5482 1814 5551 παρειμένας
1832 5485 2035 5554 χεῖρας

503 5553 608 5609 καὶ
663 5552 739 5606 τὰ
808 5553 1286 5624 παρα.ιῑελυμένα
1335 5555 1560 5624 γόνατα
1603 5552 1991 5622 ἀνορθώσατε
2016 5572 2030 5586 ·

501 5625 604 5680 καί
652 5625 894 5692 τροχιὰς
929 5625 1108 5693 ὀρθὰς
1143 5624 1439 5691 ποιήσατε
1480 5625 1606 5696 τοῖς
1651 5626 1839 5696 ποσὶν
1868 5628 2032 5696 ὑμῖν,

501 5697 607 5750 ἵνα
637 5696 725 5765 μὴ
753 5697 817 5748 τὸ
844 5697 1047 5764 χωλὶν
1068 5696 1362 5767 ἐκτραπῇ,
1390 5695 1528 5765 ίαοῇ
1560 5697 1630 5750 δὲ
1648 5695 1914 5766 μᾶλλον.

501 5855 575 5910 α’.
597 5856 664 5911 Οἱ
685 5855 752 5910 τὰ
770 5855 1039 5928 φάρμακα
1059 5855 1303 5921 πίνοντες
1330 5854 1398 5910 τά
1417 5854 1610 5929 πικρὰ,
1636 5855 1922 5928 ἀνέχονταί
1951 5875 2029 5911 τι-

2145 5289 2237 5336 νος
2265 5272 2532 5344 πρότερον
2564 5272 2779 5343 ἀηδίας,
2807 5269 2904 5322 καὶ
2930 5267 3055 5320 τότε
3089 5266 3190 5335 τῆς
3237 5263 3506 5334 ὠφελείας
3547 5265 3746 5318 αἰσθάιο

2143 5374 2346 5410 νονται.
2373 5357 2628 5410 Τοιοῦτον
2647 5355 2757 5424 γάρ
2775 5357 2808 5422 ἡ
2831 5355 3023 5422 ἀρετὴ,
3059 5349 3305 5404 τοιοῦτον
3327 5352 3359 5420 ἡ
3387 5349 3556 5403 κακία
3580 5364 3592 5377 ’
3629 5352 3750 5406 ἐκεῖ

2140 5439 2333 5510 πρώτη
2374 5442 2401 5512 ἡ
2451 5439 2634 5512 ἡδονὴ,
2673 5435 2851 5507 εἷταὴ
2890 5436 3103 5504 ἀθυμία
3130 5451 3144 5466 ·
3192 5433 3428 5488 ἐνταῦθα
3470 5433 3661 5504 πρώτη
3710 5435 3745 5506 ἡ

2139 5523 2374 5595 ἀθυμία,
2405 5524 2498 5579 καὶ
2527 5525 2649 5577 τότε
2681 5525 2714 5593 ἡ
2740 5521 2924 5594 ἡδονή.
2978 5520 3121 5574 Ἀλλ’
3162 5520 3315 5573 οὐδὲν
3343 5519 3458 5572 ἴσον
3483 5536 3498 5551 ·
3534 5519 3595 5572 οὐ
3632 5519 3744 5592 γάρ

2137 5609 2287 5661 ἐστιν
2343 5607 2462 5662 ἴσον
2501 5609 2770 5679 πρότερον
2817 5604 3155 5677 λυπηθέντα,
3194 5602 3437 5674 ’ὕστερον
3478 5602 3736 5673 ἡσθῆναι,

2145 5693 2242 5748 καὶ
2284 5693 2554 5766 πρότερον
2608 5692 2870 5763 ἡσθέντα,
2923 5690 3154 5761 ὕστερον
3194 5687 3533 5760 λυπηθῆναι.
3573 5686 3740 5755 Πῶς;

2153 5776 2424 5832 Ἐνταῦοα
2448 5779 2549 5849 μὲν
2581 5777 2690 5848 γάρ
2721 5779 2754 5848 ἡ
2792 5774 3095 5847 προσδοκία
3131 5774 3231 5843 τῆς
3269 5769 3574 5842 μελλούσης
3601 5771 3742 5823 ἀθυ-

2143 5861 2270 5932 μίας
2306 5862 2404 5932 τὴν
2431 5861 2714 5931 παροῦσαν
2739 5861 2998 5917 ἐλάττονα
3027 5861 3170 5914 ποιεῖ
3198 5858 3395 5930 ἡδονήν
3421 5873 3434 5887 ·
3475 5856 3594 5909 ἐκεῖ
3620 5854 3679 5909 δὲ
3712 5856 3747 5925 ἡ
