4202 6484
369 330 483 385 9.09

373 437 712 510 cmpectatio
754 435 946 490 futura:
985 434 1218 489 tristitia:
1266 442 1583 503 prasentcm
1615 432 1807 488 minuit
1839 431 1991 484 voln-

373 542 611 604 ptatem;
633 529 746 584 illic
761 536 938 582 autem
962 527 1296 597 eXSpeetatio
1321 525 1511 579 futnr;e
1535 526 1733 580 laetititn
1755 523 1993 580 detrahit

373 628 444 682 de
463 623 803 681 vehementia
830 620 1024 691 prioris
1050 619 1214 673 animi
1237 618 1569 688 :rgritudinis
1593 635 1607 672 :
1629 617 1762 670 adeo
1788 626 1842 671 nt
1863 631 1995 669 cun-

375 721 552 789 tingat
579 716 688 770 illic
710 713 928 785 quidem
958 727 1248 782 numquam
1289 711 1478 775 hetari,
1514 709 1598 763 hic
1627 719 1807 782 autem
1839 724 1994 761 num-

375 825 541 882 quam
566 806 780 863 tristitia
804 804 971 859 affici.
989 803 1105 859 Non
1128 804 1301 859 solum
1319 813 1498 857 autem
1530 803 1630 857 hac
1652 801 1882 868 ratione,
1899 800 1992 855 sed

378 905 547 959 etiam
570 901 670 955 alia
698 907 784 954 est
808 896 1137 952 differentia.
1157 895 1478 962 Quomodo?
1505 894 1710 963 Nempe
1731 893 1873 964 quod
1903 908 1997 948 ne-

379 1011 492 1067 que
511 994 658 1066 paria
676 1001 803 1047 sunt
825 999 1094 1060 tempora,
1110 989 1202 1043 sed
1231 989 1386 1059 longe
1405 989 1607 1056 majora
1635 996 1687 1041 et
1712 987 1992 1057 ampliora.

384 1087 488 1142 llic
513 1093 695 1140 autem
719 1089 804 1138 est
825 1081 990 1138 etiam
1029 1079 1230 1150 aliquid
1253 1079 1480 1149 amplius
1509 1079 1560 1132 in
1605 1077 1995 1148 spiritualibus.

385 1182 474 1237 Ab
490 1180 596 1234 hoc
619 1191 749 1248 ergo
766 1175 967 1232 Paulus
985 1183 1211 1228 conatur
1238 1171 1665 1226 consolationem
1694 1169 1887 1224 afferre
1908 1185 1921 1232 ;
1944 1178 1996 1223 et

385 1285 683 1327 commune
710 1283 907 1323 rursus
934 1265 1162 1321 assumit
1184 1265 1470 1335 judicium,
1499 1262 1584 1315 cui
1615 1261 1793 1316 nullus
1825 1271 2000 1329 potcSt

385 1367 667 1427 resistere,
682 1376 862 1431 neque
885 1358 1289 1415 eumeommuni
1310 1371 1544 1426 pugnare
1558 1355 1844 1409 sententia.
1866 1352 1998 1407 Nam

385 1474 516 1513 cum
547 1456 752 1512 dixerit
773 1454 896 1525 quis
922 1452 972 1506 id
1000 1451 1066 1506 de
1091 1465 1197 1520 quo
1226 1457 1439 1505 constat
1468 1448 1610 1518 apud
1635 1462 1845 1512 omnes,
1871 1461 2002 1501 con-

387 1561 638 1619 sentiunt
659 1567 870 1613 omnes,
892 1560 946 1604 et
965 1564 1122 1602 nemo
1138 1543 1488 1598 conti-adieci.
1511 1540 1766 1597 Mmretis,
1793 1536 1992 1600 inquit:

390 1655 498 1709 hoc
527 1647 828 1706 secundum
857 1643 1122 1699 rationem
1153 1645 1236 1692 est
1260 1653 1272 1688 :
1301 1633 1426 1689 talis
1454 1632 1596 1685 enim
1620 1643 1708 1682 res
1733 1635 1812 1681 est
1836 1623 1998 1677 disci-

393 1746 564 1817 plina,
594 1742 703 1795 tale
732 1738 894 1792 habet
919 1729 1263 1804 principium.
1296 1725 1421 1780 Ideo
1452 1724 1531 1776 sic
1560 1720 1739 1776 intulit
1770 1735 1781 1771 :
1819 1715 1998 1770 Omnis

388 1812 563 1892 autem
602 1829 878 1900 disciplina
925 1827 978 1879 in
1019 1819 1258 1900 prasenti
1294 1817 1497 1889 quidem
1533 1812 1726 1867 videtur
1762 1825 1862 1862 non
1894 1821 2000 1860 esse

389 1927 608 2001 gaudii,
645 1899 743 1978 sed
775 1918 1024 1974 maeroris.
1058 1899 1224 1987 Recte
1255 1909 1422 1971 dixit,
1460 1906 1579 1959 Non
1625 1903 1860 2001 videtur":
1895 1913 1998 1952 non

389 1992 538 2074 enim
572 2019 660 2070 est
703 2009 986 2079 disciplina
1033 2002 1318 2066 mmroris,
1365 1997 1459 2054 sed
1501 2003 1704 2050 tantum
1743 1992 1996 2046 videtur:

395 2119 506 2160 on
531 2103 648 2157 haec
671 2099 894 2172 quidem
915 2095 1152 2158 videtur,
1173 2094 1264 2148 illa
1292 2107 1428 2154 non,
1451 2088 1545 2145 sed
1567 2085 1747 2141 omnis
1772 2101 1785 2138 :
1817 2082 2004 2137 Omnis
2025 2166 2027 2168 η

397 2196 546 2250 enim
576 2191 863 2263 disciplina
894 2206 998 2244 non
1027 2187 1234 2242 videtur
1273 2201 1387 2240 esse
1435 2179 1649 2250 gaudii,
1695 2177 1786 2231 sed
1819 2190 2005 2228 maero-

407 2289 514 2350 ris;
543 2287 595 2341 id
629 2293 732 2350 est,
753 2291 808 2340 et
841 2283 1081 2337 humana
1107 2289 1160 2335 et
1184 2276 1506 2348 spiritualis.
1535 2271 1702 2326 Vides
1728 2284 1852 2323 eum
1877 2282 2009 2321 con-

412 2379 637 2434 tendere
654 2393 715 2433 ex
736 2375 1126 2432 communibus
1158 2366 1516 2425 nodonibus?
1549 2363 1793 2426 Videtur,
1808 2359 2004 2428 inquit,

410 2490 528 2527 esse
573 2473 804 2526 memoris
845 2486 863 2525 :
901 2469 1088 2538 itaque
1137 2472 1387 2520 nonest.
1429 2459 1565 2526 Quis
1612 2456 1758 2511 enim
1804 2465 2010 2506 maeror

409 2565 552 2635 parit
593 2563 890 2635 gaudium?
933 2560 1129 2615 Nullus
1175 2576 1189 2612 :
1234 2558 1375 2612 sicut
1424 2569 1522 2610 nec
1561 2550 1816 2619 voluptas
1864 2545 2008 2617 parit

404 2655 574 2710 animi
613 2651 992 2724 aegritudinem
1025 2657 1079 2705 et
1106 2648 1384 2702 tristitiam
1408 2643 1506 2714 (a).

475 2745 778 2816 Disciplina?
793 2741 947 2795 bona.
962 2768 1034 2780 —-
1047 2736 1236 2790 Postea
1253 2743 1418 2788 autem
1437 2736 1635 2803 fructus
1657 2729 2008 2800 pacatissimos

399 2838 568 2892 reddit
611 2835 674 2888 iis
701 2833 789 2903 qui
818 2848 911 2903 per
940 2831 1108 2900 ipsam
1148 2834 1265 2880 sunt
1307 2822 1570 2878 exercitati
1603 2821 1841 2893 justitiaz.
1888 2819 2005 2874 Non

395 2929 668 2989 fructum,
716 2925 813 2979 sed
862 2922 1066 2977 fructus
1094 2917 1265 2983 dixit,
1309 2928 1556 2984 magnam
1604 2912 2004 2967 multitudinem

394 3018 733 3089 significans.
775 3013 877 3066 Per
903 3013 1071 3082 ipsam
1113 3008 1434 3070 exercitatis,
1467 3004 1670 3075 inquit;
1704 3003 1756 3059 id
1785 3011 1870 3058 est
1892 3045 1908 3066 ,
1941 3003 2007 3058 iis

394 3114 488 3182 qui
519 3111 686 3180 longo
718 3117 961 3176 tempore
988 3102 1364 3158 sustinuerunt
1407 3106 1462 3152 et
1491 3097 1810 3152 tolerarunt.
1845 3094 2007 3149 Vides

395 3213 457 3258 ut
494 3204 661 3260 etiam
711 3202 854 3254 bono
885 3197 1051 3252 verbo
1093 3203 1177 3249 est
1226 3192 1394 3247 usus?
1437 3190 1727 3260 Disciplina
1754 3205 1881 3260 ergo
1924 3196 2008 3244 est

395 3296 746 3358 exercitatio,
781 3291 980 3347 fortem
1003 3287 1235 3343 reddens
1265 3285 1521 3338 athletam
1545 3325 1558 3347 ,
1591 3291 1645 3338 et
1673 3283 1924 3337 invictum
1952 3282 2006 3336 in

396 3387 823 3452 certaminibus,
857 3392 911 3440 et
951 3384 1005 3436 in
1048 3380 1206 3436 bellis
1252 3377 1743 3447 inexpugnabilem.
1792 3375 1848 3431 Si
1878 3391 2007 3446 ergo

397 3483 581 3538 monis
620 3477 907 3548 disciplina
955 3483 1040 3530 est
1086 3473 1241 3538 talis,
1292 3471 1411 3526 haec
1453 3484 1669 3541 quoque
1717 3469 1818 3524 erit
1865 3470 2005 3524 talis.

398 3574 771 3646 Quamobrem
799 3571 942 3626 bona
964 3576 1092 3624 sunt
1117 3563 1502 3635 exspectanda,
1527 3572 1581 3619 et
1597 3562 1866 3633 jucundus
1889 3563 2009 3619 finis

398 3686 464 3725 ac
500 3674 746 3739 pacatus.
780 3663 894 3719 Nec
923 3662 1137 3716 mireris
1166 3659 1210 3713 si
1241 3674 1363 3714 cum
1393 3657 1462 3711 sit
1487 3656 1642 3722 dura,
1676 3656 1881 3711 fructus
1908 3655 2008 3710 ha-

399 3764 530 3819 beat
559 3761 749 3816 dulces
775 3775 788 3810 :
820 3771 946 3812 nam
974 3755 1136 3810 etiam
1168 3753 1221 3808 in
1269 3751 1551 3806 arboribus
1580 3759 1763 3804 cortex
1791 3749 2008 3820 quidem

399 3866 486 3911 est
520 3869 691 3926 prope
725 3851 902 3908 omnis
941 3862 1136 3917 expers
1160 3846 1437 3916 qualitatis
1481 3853 1536 3899 et
1576 3860 1756 3914 asper,
1801 3843 2010 3900 fructus

397 3959 588 4003 autem
615 3953 741 3999 sunt
774 3942 987 3998 dulces.
1017 3939 1122 3995 Sed
1155 3939 1257 3993 hoc
1282 3937 1492 4006 accepit
1517 3951 1581 3991 ex
1607 3936 1879 3992 communi
1912 3951 2010 3992 no-

405 4042 581 4094 tione.
609 4036 666 4092 Si
696 4041 910 4106 oportet
939 4046 1069 4102 ergo
1097 4030 1219 4085 talia
1251 4037 1590 4098 exspectare,
1619 4027 1743 4097 quid
1772 4026 2011 4084 doletis?

397 4148 505 4186 cur
530 4143 654 4185 cum
680 4126 905 4182 molesta
936 4122 1322 4184 sustinueritis,
1354 4120 1406 4174 in
1438 4119 1593 4174 bonis
1618 4119 1812 4189 ignavo
1840 4128 1895 4175 et
1920 4135 2010 4176 re-

401 4222 582 4278 misso
608 4219 793 4274 animo
819 4215 985 4273 estis?
1033 4213 1330 4284 lnjucunda
1355 4253 1371 4280 ,
1417 4227 1538 4283 quae
1566 4223 1725 4267 erant
1752 4211 1970 4269 ferenda
1992 4255 2008 4282 ,

407 4305 750 4359 sustinuistis
776 4321 793 4358 :
825 4320 893 4360 ne
922 4305 1096 4375 ignavi
1125 4319 1255 4374 ergo
1282 4313 1336 4359 et
1365 4305 1575 4359 remissi
1620 4306 1737 4360 sitis
1767 4311 1910 4362 circa
1940 4325 2027 4364 re-

410 4398 870 4450 munerationem.
903 4395 1127 4460 Propter
1154 4395 1292 4464 quod
1316 4397 1554 4450 remissas
1582 4412 1765 4451 manus
1786 4407 1833 4452 et
1858 4416 2024 4468 genua

408 4487 610 4541 debilia
636 4487 834 4557 erigite,
867 4499 916 4541 et
944 4503 1148 4558 gressus
1173 4496 1338 4541 rectos
1373 4486 1529 4556 facile
1566 4487 1778 4558 pedibus
1807 4491 1982 4544 vestris
2006 4531 2021 4556 ,

409 4588 469 4632 ut
495 4595 598 4632 non
629 4578 930 4632 claudicans
954 4577 1068 4647 quis
1094 4587 1245 4642 erret,
1279 4577 1444 4648 magis
1468 4588 1637 4631 autent
1667 4589 1892 4633 sanetur.
1920 4579 2026 4635 Eos

414 4682 694 4740 tamquam
724 4685 975 4726 cursores
1001 4669 1297 4739 alloquitur
1322 4678 1379 4725 et
1405 4669 1609 4738 pugiles
1636 4680 1690 4725 et
1716 4670 2022 4727 bellatores.

416 4761 586 4818 Vides
602 4761 872 4832 quomodo
894 4776 988 4816 eos
1011 4771 1203 4827 armet,
1223 4760 1494 4831 quomodo
1511 4775 1606 4816 eos
1622 4761 1819 4816 excitet
1837 4763 1859 4817 ?
1875 4761 2028 4816 Cres-

410 4872 524 4920 sus,
555 4855 756 4926 inquit,
785 4863 945 4909 rectos
972 4855 1126 4924 facile
1145 4869 1164 4917 ;
1195 4853 1244 4908 id
1276 4862 1377 4919 est,
1410 4864 1559 4909 reete
1587 4854 1882 4910 ambulate.
1928 4855 2026 4911 Hic

412 4945 553 5000 dicit
579 4945 647 5000 de
673 4945 801 5014 ipsis
821 4944 1239 5014 cogitationibus
1262 4963 1274 4998 :
1300 4953 1448 5000 recte
1470 4945 1761 5012 ambulate,
1793 4947 1896 5002 hoc
1917 4957 2022 5013 est,

413 5051 528 5091 non
561 5035 888 5091 dubitantes.
924 5036 979 5092 Si
1007 5036 1152 5090 enim
1184 5035 1464 5106 disciplina
1491 5045 1576 5092 est
1612 5052 1676 5092 ex
1704 5038 1947 5106 caritate,
1981 5041 2024 5094 si

416 5127 610 5196 i.icipit
629 5143 661 5181 a
686 5142 838 5193 cura,
860 5129 904 5182 si
927 5127 1124 5181 desinit
1154 5127 1204 5181 in
1235 5127 1433 5182 bonum
1461 5128 1624 5182 ﬁnem
1649 5146 1661 5182 :
1685 5128 1787 5184 hoc
1811 5131 1954 5185 enim
1975 5142 2026 5187 et

418 5233 518 5288 per
534 5233 644 5285 res,
663 5227 715 5273 et
733 5233 829 5288 per
848 5219 1033 5284 verba,
1055 5228 1109 5273 et
1131 5234 1226 5288 per
1250 5219 1429 5273 omnia
1448 5219 1688 5274 ostendit
1704 5235 1720 5275 :
1739 5235 1835 5276 cur
1850 5221 2027 5291 ignavi

417 5310 554 5364 estis
581 5319 636 5365 et
662 5311 918 5365 remissi?
946 5311 1078 5365 tales
1096 5311 1238 5364 enim
1268 5318 1396 5365 sunt
1416 5310 1505 5381 qui
1536 5311 1773 5366 animum
1795 5311 2030 5383 despon-

418 5403 639 5468 ilerunt,
663 5403 752 5472 qui
786 5417 853 5458 ne
890 5401 1190 5457 futurorum
1223 5401 1440 5472 quidem
1473 5417 1569 5472 spe
1617 5404 2024 5462 confirmantur.

419 5491 601 5559 Recte,
633 5493 823 5564 inquit,
867 5493 1168 5547 ambulate:
1201 5501 1258 5547 ut
1301 5508 1409 5548 non
1450 5494 1770 5549 extendatur
1824 5495 2028 5551 claudi-

418 5587 601 5651 catio,
627 5586 721 5642 sed
756 5595 996 5641 mutetur
1039 5585 1105 5641 ad
1135 5586 1354 5657 priora:
1383 5600 1506 5640 nam
1549 5586 1641 5657 qui
1693 5587 1861 5642 currit
1903 5603 2024 5644 cum

500 5799 575 5866 (α)
607 5799 700 5850 Hic
724 5803 925 5861 prorsus
947 5794 1114 5847 deficit
1138 5794 1338 5846 homilia
1361 5795 1614 5859 trigesima
1639 5799 1689 5846 tn
1705 5795 1844 5850 Colb.

1169 324 1234 380 ΙΝ
1275 323 1492 382 EPlST.
1538 325 1627 380 AD
1670 327 2038 384 ΙῘΕΒῐὶίΕΟΞ.
2083 328 2237 385 CAP.
2283 329 2397 386 ΧΙΙ.
2443 329 2679 389 HOMIL.
2727 332 2900 389 XXX.

3573 335 3683 396 210

2070 436 2484 502 claudicatione,
2516 437 2714 489 malum
2745 436 2970 490 invehit.
3004 434 3163 490 Vides
3221 438 3363 505 quod
3396 438 3446 491 in
3490 451 3674 494 nostra

2072 528 2142 581 sit
2172 537 2437 598 potestate
2478 536 2540 582 ut
2577 530 2870 582 curemur?
2900 528 2984 581 14.
3035 527 3223 581 Pacem
3262 530 3528 597 sequimini
3558 549 3673 584 cum

2074 621 2303 672 omnibus
2330 630 2376 672 et
2403 619 2812 683 sanctimoniam,
2839 619 2948 672 sine
2976 634 3076 688 qua
3109 635 3255 672 nemo
3276 619 3456 672 videbit
3488 620 3670 674 Domi-

2074 728 2215 764 num.
2243 710 2394 776 Quod
2423 709 2633 764 (licebat
2653 709 2901 778 superius
2927 727 2941 762 :
2975 707 3394 763 Nondeserentes
3417 711 3674 765 collectio-

2075 819 2187 856 nem
2209 819 2297 855 seu
2313 805 2750 872 congregationem
2769 811 2993 854 nostram
3012 800 3197 872 (Hebr.
3224 801 3312 855 10.
3328 802 3444 871 95),
3470 803 3571 858 hoc
3589 805 3674 859 hic

2075 908 2287 964 quoque
2317 893 2476 946 tacite
2503 892 2784 961 significat.
2807 892 2944 946 Nihil
2968 893 3110 946 enim
3137 892 3200 946 ad
3231 895 3590 961 superandum
3621 907 3676 952 et

2074 985 2490 1056 expugnandum
2523 993 2626 1038 tam
2657 985 2837 1038 faciles
2869 983 2993 1038 facit
3021 984 3072 1037 in
3103 985 3484 1039 tentatiouibus
3512 1004 3674 1056 (pnun

2076 1095 2195 1136 esse
2221 1079 2479 1134 divulsos.
2513 1078 2579 1131 Et
2610 1078 2730 1130 vide
2757 1076 3026 1146 quomodo
3059 1094 3073 1127 :
3101 1076 3376 1146 disrumpe
3416 1080 3584 1134 aciem
3619 1082 3673 1134 in

2079 1173 2254 1237 bello;
2279 1180 2333 1226 et
2355 1187 2419 1225 ne
2437 1171 2619 1225 labore
2634 1169 2848 1239 quidem
2871 1185 3007 1237 opus
3033 1168 3301 1223 habebunt
3327 1170 3554 1236 inimici,
3581 1173 3676 1226 sed

2076 1278 2170 1318 eos
2197 1263 2405 1317 vinctos
2436 1261 2654 1330 capient
2675 1259 2964 1329 separatim
2990 1261 3258 1326 inventos,
3291 1271 3344 1313 ct
3370 1276 3431 1314 ca
3467 1264 3678 1317 ratione

2079 1356 2478 1411 imbecilliores.
2511 1352 2721 1419 Pacem,
2750 1354 2941 1422 inquit,
2972 1353 3239 1423 sequimini
3269 1370 3383 1405 cum
3412 1356 3672 1411 omnibus.

2080 1450 2220 1518 Ergo
2258 1448 2420 1502 etiam
2451 1461 2578 1500 cum
2603 1446 2667 1499 iis
2689 1445 2778 1515 qui
2814 1445 2952 1498 male
2994 1453 3180 1514 agunt.
3228 1444 3339 1498 lloc
3367 1445 3528 1499 etiam
3556 1448 3681 1502 alibi

2084 1541 2214 1596 dicit
2240 1558 2253 1594 :
2279 1540 2340 1595 Si
2385 1539 2498 1608 ﬁeri
2529 1546 2720 1607 potest,
2747 1537 2882 1607 quod
2910 1537 2965 1589 in
3009 1536 3152 1590 vobis
3184 1546 3276 1599 est,
3308 1553 3422 1589 cum
3453 1540 3684 1593 omnibus

2081 1634 2369 1688 hominibus
2400 1648 2575 1701 pacem
2605 1631 2844 1683 habentes
2879 1627 3054 1694 (llam.
3079 1628 3163 1682 1‘2.
3195 1628 3306 1699 18).
3337 1630 3490 1696 Quod
3517 1632 3581 1685 ad
3609 1641 3684 1697 te,

2081 1724 2500 1794 inquit,attinet,
2520 1737 2703 1792 pacem
2725 1736 2844 1790 age,
2877 1720 3127 1788 pietatem
3159 1720 3292 1776 nihil
3321 1722 3556 1787 Ιωάοιιε,
3587 1725 3682 1778 scil

2086 1818 2138 1872 in
2170 1819 2250 1872 eis
2280 1832 2400 1886 qua:
2422 1816 2623 1887 pateris
2647 1829 2710 1869 ea
2737 1815 2816 1868 fer
2842 1813 2964 1867 forti
2996 1820 3050 1866 et
3079 1828 3341 1883 generoso
3362 1817 3561 1870 animo.
3593 1819 3687 1871 list

2078 1909 2222 1964 enim
2246 1908 2505 1961 malorum
2528 1906 2826 1963 tolerantia,
2844 1920 3030 1973 magna
3049 1920 3217 1968 arma,
3232 1906 3283 1959 in
3305 1909 3685 1962 tentationihus

2109 2018 2356 2069 magnum
2412 2003 2736 2073 praesidium.
2772 2003 2862 2057 Sic
2914 2004 3078 2058 etiam
3126 2003 3374 2057 Christus
3403 2001 3698 2068 discipulos

2107 2107 2234 2148 suos
2262 2095 2426 2148 fortes
2450 2092 2697 2160 faciebat,
2725 2094 2947 2148 dicens:
2979 2094 3113 2149 Ecce
3144 2095 3285 2148 mitto
3315 2111 3403 2148 vos
3440 2104 3699 2162 tamquam

2107 2204 2219 2242 oves
2262 2187 2314 2240 in
2353 2187 2516 2240 medio
2563 2187 2798 2254 luporum
2843 2205 2864 2245 :
2902 2197 3058 2242 estote
3090 2204 3208 2258 ergo
3251 2186 3523 2255 prudentes
3569 2185 3701 2238 sicut

2106 2288 2378 2346 serpentes,
2404 2288 2448 2332 et
2465 2278 2719 2346 simplices
2750 2280 2878 2333 sicut
2907 2279 3152 2334 columbae
3189 2280 3206 2348 (
3234 2278 3422 2332 Matth.
3447 2277 3532 2332 10.
3567 2277 3634 2330 16
3659 2277 3697 2345 ).

2107 2369 2242 2437 Quid
2290 2371 2462 2434 dicis,
2522 2371 2575 2425 in
2632 2371 2811 2426 medio
2862 2372 3110 2441 luporum
3169 2386 3394 2434 sumus,
3453 2379 3507 2422 et
3561 2369 3703 2421 sicut

2107 2477 2233 2514 oves
2270 2476 2370 2516 nos
2409 2476 2527 2516 esse
2569 2462 2747 2532 jnbes,
2788 2473 2842 2518 et
2889 2463 3028 2518 sicut
3072 2461 3396 2517 columbas?
3445 2459 3696 2524 Maxime,

2110 2553 2300 2624 inquit,
2359 2570 2480 2608 nam
2524 2572 2644 2609 eum
2673 2556 2761 2623 qui
2795 2556 2934 2610 male
2965 2554 3126 2621 facit,
3157 2555 3288 2609 nihil
3326 2554 3464 2609 adeo
3495 2553 3701 2622 pudore

2107 2643 2306 2709 afficit,
2340 2653 2397 2698 ut
2427 2644 2641 2713 quando
2689 2659 2787 2699 nos
2830 2645 3038 2700 fortiter
3065 2642 3302 2699 feramus
3329 2659 3390 2699 ca
3419 2659 3538 2713 qua)
3570 2641 3702 2695 infe-

2109 2745 2331 2802 runtur,
2360 2747 2414 2791 et
2442 2751 2616 2806 neque
2648 2736 2812 2790 verbo
2837 2752 3011 2806 neque
3040 2735 3181 2791 facto
3212 2751 3314 2791 nos
3342 2735 3690 2790 ulciscamur.

2109 2827 2222 2883 lloc
2269 2839 2321 2884 et
2364 2843 2463 2884 nos
2493 2830 2666 2884 reddit
2711 2831 2881 2899 magis
2928 2828 3314 2899 philosophos,
3347 2837 3404 2882 et
3434 2827 3698 2894 majorem

2107 2923 2358 2978 conciliat
2384 2923 2710 2989 mercedem,
2745 2933 2799 2978 et
2847 2923 2968 2977 illos
2996 2924 3168 2994 juvat.
3196 2927 3264 2977 At
3294 2923 3381 2976 hic
3411 2923 3495 2977 vel
3528 2921 3619 2976 ille
3649 2931 3704 2976 te

2107 3015 2285 3070 affecit
2314 3017 2686 3072 contumelia?
2729 3025 2782 3071 tu
2813 3032 2944 3072 vero
2986 3033 3110 3072 eum
3146 3017 3302 3072 bouis
3349 3030 3700 3086 prosequere.

2114 3107 2245 3163 Vide
2282 3125 2440 3178 quam
2488 3111 2654 3164 ntulta
2700 3125 2764 3164 ex
2816 3126 2881 3165 eo
2923 3111 2997 3165 sis
3046 3108 3698 3164 lucrifacturus:malum

2108 3201 2409 3256 exstinxisti
2431 3244 2447 3269 ,
2478 3203 2781 3256 mercedem
2816 3203 2908 3256 tibi
2937 3202 3257 3267 conciliasti,
3299 3201 3448 3256 illum
3497 3199 3704 3270 pudore

2107 3291 2353 3360 all'ecisti,
2387 3293 2519 3348 nihil
2565 3308 2624 3348 es
2655 3309 2844 3363 passus
2867 3309 3050 3363 grave.
3077 3292 3266 3347 Pacem
3287 3292 3555 3364 sequimini
3579 3307 3696 3344 cum

2108 3384 2340 3438 omnibus
2378 3394 2426 3438 et
2471 3386 2883 3440 sanctimoniam.
2917 3386 3326 3441 Sanctimoniam
3369 3383 3496 3454 quid
3527 3383 3700 3437 dicit?

2109 3475 2564 3546 Temperantiam,
2591 3479 2926 3534 honestatem
2946 3479 2997 3535 in
3021 3479 3385 3534 matrimonio.
3409 3478 3536 3533 Sive
3557 3477 3706 3548 quis-

2112 3567 2272 3637 piam,
2306 3569 2497 3639 inquit,
2523 3587 2629 3626 non
2656 3572 2726 3627 sit
2748 3572 2970 3643 junctus
2989 3572 3353 3637 matrimonio,
3376 3581 3558 3626 castus
3584 3586 3706 3625 ma-

2095 3671 2253 3728 ‘neat,
2288 3679 2508 3719 uxorem
2550 3665 2708 3720 ducat
2753 3681 2767 3718 :
2816 3666 2930 3720 sive
2969 3666 3040 3720 sit
3077 3665 3294 3734 junctus
3337 3665 3704 3729 matrimonio,

2111 3768 2218 3807 non
2251 3763 2522 3809 scortetur
2549 3797 2565 3822 ,
2597 3755 2691 3809 sed
2729 3770 2900 3810 uxore
2947 3764 3131 3810 utatur
3164 3775 3178 3811 :
3206 3772 3328 3810 nam
3358 3756 3461 3811 hoc
3487 3771 3707 3826 quoque

2110 3853 2192 3900 est
2237 3846 2608 3903 sanctificatio.
2655 3847 2975 3914 Quomodo?
3013 3847 3130 3902 Non
3171 3857 3255 3903 est
3300 3849 3704 3903 matrimonium

2111 3939 2464 3994 sanctificatio
2490 3982 2504 4006 ,
2539 3941 2632 3996 sed
2657 3941 3061 3995 matrimonium
3087 3952 3372 3996 conservat
3401 3943 3706 3997 sancti-fica-

2115 4031 2311 4088 tionem
2339 4049 2459 4103 quae
2477 4033 2719 4103 procedit
2739 4049 2767 4087 a
2796 4033 2920 4098 ﬁde,
2952 4049 3058 4089 non
3089 4035 3273 4089 sinens
3300 4035 3554 4106 conjungi
3577 4051 3702 4089 cum

2111 4126 2415 4183 meretrice.
2445 4126 2846 4182 Matrimonium
2876 4128 3020 4183 enim
3047 4136 3131 4183 est
3161 4128 3482 4182 honorabile
3511 4127 3705 4198 (Hebr.

2111 4217 2198 4272 1'5.
2229 4217 2310 4285 ἕ),
2353 4234 2460 4273 non
2491 4231 2738 4274 sanctum
2772 4235 3004 4289 :purum
3029 4227 3112 4275 est
3135 4219 3561 4286 matrimonium,
3593 4235 3700 4273 non

2107 4315 2283 4360 tamen
2313 4309 2517 4375 praebet
2543 4311 2704 4362 etiam
2735 4309 3074 4363 sanctitatem
3098 4351 3112 4374 ,
3145 4309 3250 4364 nisi
3280 4313 3420 4378 quod
3453 4313 3704 4380 prohibet

2096 4411 2212 4452 non
2241 4397 2483 4466 polluere
2513 4414 2633 4452 eam
2663 4414 2781 4468 qua:
2821 4399 2945 4454 data
2985 4409 3068 4455 est
3093 4415 3122 4455 a
3154 4400 3279 4455 fide.
3312 4400 3440 4456 Sine
3465 4419 3585 4473 qua,
3623 4403 3704 4456 in-

2105 4489 2241 4558 quit,
2271 4504 2422 4543 nemo
2446 4489 2631 4544 videbit
2649 4489 2949 4546 Dominum.
2971 4491 3125 4560 Quod
3159 4494 3319 4549 etiam
3346 4495 3480 4550 dicit
3503 4497 3554 4550 in
3579 4496 3705 4566 Epi-

2106 4581 2246 4637 stola
2275 4580 2341 4635 ad
2373 4579 2682 4638 Corinthios
2713 4601 2726 4637 :
2756 4582 2932 4638 Nolite
2969 4602 3141 4640 errare
3167 4601 3187 4640 :
3207 4603 3366 4657 neque
3389 4589 3661 4660 fornicarii
3689 4631 3704 4653 ,

2106 4691 2267 4744 neque
2285 4674 2437 4728 idolis
2464 4676 2752 4745 servientes,
2776 4694 2936 4748 neque
2962 4673 3302 4734 masculorum
3328 4681 3709 4747 concubitores,

2106 4784 2266 4838 neque
2283 4770 2442 4833 avari,
2463 4785 2622 4838 neque
2636 4773 2792 4841 fures,
2813 4787 2970 4842 neque
2982 4773 3184 4838 ebriosi,
3203 4789 3362 4843 neque
3371 4774 3703 4838 detractores,

2107 4879 2266 4933 neque
2297 4872 2528 4930 raptores
2557 4878 2772 4934 regnum
2798 4861 2896 4916 Dei
2924 4864 3252 4932 possidebunt
3282 4865 3372 4938 (1.
3400 4864 3518 4921 Cor.
3553 4866 3603 4920 6.
3639 4867 3695 4922 9.

2110 4956 2236 5028 10).
2267 4955 2549 5023 Quomodo
2567 4956 2710 5010 enim
2733 4956 2821 5025 qui
2845 4971 3042 5026 corpus
3070 4957 3240 5013 factus
3270 4965 3353 5012 est
3379 4962 3704 5028 meretricis,

2109 5049 2306 5119 poterit
2335 5062 2455 5103 esse
2476 5061 2672 5117 corpus
2698 5045 2897 5102 Christi
2928 5047 3087 5118 (Ibid.
3119 5065 3168 5103 υ.
3203 5047 3333 5120 15)?
3363 5050 3448 5106 15.
3471 5051 3707 5107 Contem-

2110 5140 2308 5209 pluntes
2332 5155 2394 5193 ne
2421 5139 2532 5210 quis
2553 5139 2681 5193 desit
2705 5140 2885 5208 gratia:
2906 5138 3000 5192 Dei
3029 5155 3049 5193 :
3077 5157 3138 5193 ne
3153 5156 3253 5206 qua
3275 5142 3428 5196 radix
3452 5146 3704 5198 amaritu-

2110 5232 2246 5284 dinis
2301 5230 2568 5284 desursum
2614 5229 2897 5300 impediat,
2945 5239 2992 5282 et
3043 5246 3133 5299 per
3189 5229 3332 5284 illam
3379 5233 3708 5304 inquinentur

2111 5324 2260 5378 multi
2285 5340 2304 5378 :
2337 5324 2423 5378 16.
2452 5339 2514 5378 ne
2538 5323 2651 5394 quis
2668 5323 2948 5394 fornicator
2975 5331 3065 5375 aut
3088 5327 3357 5395 profanus.
3383 5325 3548 5382 Vides
3573 5344 3710 5400 quo.

2115 5415 2278 5470 modo
2320 5415 2521 5485 ubique
2566 5414 2855 5484 unicuique
2885 5429 3229 5469 communem
3263 5417 3426 5474 tradit
3457 5422 3706 5478 salutem.

2115 5509 2473 5562 Adhortamini
2501 5523 2587 5561 vos
2611 5547 2628 5572 ,
2658 5505 2830 5576 inquit
2853 5547 2868 5571 ,
2919 5505 3050 5560 alter
3087 5508 3303 5562 alterum
3333 5527 3423 5580 per
3443 5513 3676 5584 singulos
3695 5559 3712 5585 ,

2115 5601 2243 5663 dies,
2273 5599 2432 5653 donec
2459 5598 2611 5652 hodie
2636 5598 3030 5670 cognominatur
3061 5597 3244 5670 (Hebr.
3269 5601 3323 5656 5.
3352 5603 3466 5674 15).

2185 5694 2240 5748 2.
2272 5692 2350 5748 Ne
2369 5707 2500 5763 ergo
2523 5692 2702 5748 omnia
2720 5693 3025 5763 congeratis
3052 5692 3106 5748 in
3136 5693 3405 5764 doctores,
3422 5713 3499 5753 ne
3523 5699 3587 5754 iis
3618 5702 3711 5770 qui

2116 5795 2349 5858 prmsunt
2399 5784 2579 5842 omnia
2609 5783 2876 5842 tribuatis.
2906 5785 3138 5842 Potestis
3161 5789 3321 5844 etiam
3353 5803 3473 5858 vos,
3504 5791 3709 5865 inquit,
