4202 6444
515 317 611 375 211

1211 307 1267 363 S.
1308 299 1585 362 JOANNIS
1606 290 2082 354 CIIRYSOSTOMI
2134 289 2447 349 ARCHIEP.
2480 291 3008 352 CONSTANTINOP.

3689 283 3795 341 9.12

541 421 678 474 alter
704 417 930 470 alterum
963 409 1245 465 aedificare.
1278 405 1430 474 Quod
1461 407 1619 460 etiam
1641 405 1852 461 diccbat
1879 407 2122 465 scribens
2205 417 2364 479 egent
2392 407 2458 462 iis
2481 407 2570 478 qui
2601 406 2708 460 sint
2731 402 3051 473 prohibituri
3087 419 3099 454 :
3135 416 3255 454 nam
3283 399 3372 470 qui
3405 409 3616 453 tenetur
3645 399 3775 453 πιπρ-

545 513 609 567 ad
641 506 1147 564 Thessalonicenses
1175 519 1187 552 :
1219 501 1358 553 Alter
1383 500 1597 552 alterum
1624 498 1893 566 uadi/irate,
1921 501 2046 554 sicut
2073 511 2124 555 et
2204 501 2406 563 ctione,
2455 512 2558 550 non
2607 495 2785 549 statim
2818 493 2917 546 sibi
2973 491 3025 546 in
3056 490 3244 545 morbo
3286 490 3481 559 poterit
3511 489 3784 542 sufficere.

548 603 712 676 facitis
736 619 755 665 ;
781 610 834 654 et
864 610 1068 659 rursus,
1104 590 1450 646 Cousolamiui
1487 590 1615 643 alter
1644 590 1860 644 alterum
1887 593 1939 645 in
1966 595 2124 648 verbis
2209 587 2286 644 Te
2327 602 2456 658 ergo
2482 601 2612 641 sano
2640 599 2776 653 opus
2801 583 2866 637 ad
2898 583 3038 636 illius
3063 582 3393 635 curationem
3428 597 3440 631 :
3469 587 3524 633 et
3553 579 3598 632 si
3627 580 3790 632 verbo

543 695 654 750 istis
677 693 752 762 (l.
784 690 958 743 Thess.
993 687 1044 740 5.
1077 681 1186 755 11).
1218 683 1331 736 Hoc
1356 681 1509 735 vobis
1536 695 1748 751 quoque
1770 696 1911 737 nunc
1932 684 2126 737 suade-

544 803 687 843 mus.
729 785 885 839 Plura
916 794 1077 850 quam
1105 791 1224 835 nos,
1268 775 1313 831 si
1351 774 1534 840 vultis,
1564 773 1790 844 potestis
1814 775 1952 829 alter
1975 777 2128 832 alteri

551 884 688 936 bona
731 881 906 930 facere
940 890 954 926 :
987 871 1185 940 saepius
1210 868 1353 923 enim
1393 866 1534 921 inter
1573 882 1669 921 vos
1699 876 1882 922 mutuo
1910 883 2133 924 conver-

544 971 764 1034 samini,
798 975 853 1023 et
882 980 971 1020 res
998 972 1207 1018 vestras
1241 959 1376 1012 alter
1415 957 1634 1012 alterius
1669 958 1836 1027 magis
1859 959 2007 1014 scitis
2031 1002 2044 1026 ,
2078 968 2135 1015 et

544 1069 746 1124 delicta
796 1059 1062 1127 utrimque
1107 1067 1217 1106 non
1270 1048 1563 1119 ignoratis,
1592 1060 1646 1103 et
1694 1047 1951 1118 majorem
1996 1048 2133 1104 fidu-

549 1155 692 1209 ciam
723 1152 952 1216 habetis,
1005 1148 1306 1209 caritatem,
1340 1137 1826 1196 consuetudinem:
1871 1149 1974 1188 non
2026 1133 2142 1186 lucc

559 1254 684 1301 sunt
713 1252 890 1298 autem
920 1255 1076 1310 parva
1097 1238 1160 1293 ad
1188 1237 1510 1296 doctrinam,
1541 1231 1633 1285 sed
1662 1230 1837 1298 magni
1860 1237 1913 1282 et
1943 1243 2141 1296 oppor-

555 1337 671 1390 tuni
704 1335 876 1389 aditus
905 1353 917 1386 :
960 1329 1128 1398 magis
1168 1342 1326 1397 quam
1355 1338 1454 1378 nos
1485 1320 1727 1391 poteritis
1784 1319 2058 1386 increpare
2089 1325 2143 1371 et

560 1426 852 1482 exhortari.
883 1423 990 1478 Nec
1015 1421 1117 1474 hoc
1147 1418 1357 1481 solum;
1387 1413 1480 1469 sed
1508 1411 1761 1482 quoniam
1800 1423 1899 1477 ego
1925 1407 2139 1478 quidem

559 1535 678 1573 sum
711 1531 868 1582 unus,
900 1529 992 1568 vos
1013 1522 1186 1566 autem
1212 1508 1385 1571 multi,
1419 1504 1662 1574 poteritis
1689 1503 1848 1557 etiam
1883 1508 2142 1571 qttotquot

557 1611 692 1666 estis
727 1622 914 1662 omnes
941 1619 1060 1660 esse
1083 1604 1353 1656 doetores.
1405 1595 1762 1665 Quamobrem
1795 1607 1924 1662 rogo
1951 1607 2044 1645 vos
2074 1606 2142 1646 ne

558 1699 842 1769 negligatis
866 1697 1001 1749 hanc
1018 1694 1273 1764 gratiam:
1299 1687 1671 1757 unusquisque
1695 1685 1857 1738 habet
1877 1694 2093 1736 uxorem
2121 1723 2136 1748 ,

563 1790 722 1844 habet
746 1785 998 1850 amicum,
1027 1785 1187 1838 habet
1211 1780 1485 1842 famulum,
1517 1777 1675 1830 habet
1712 1774 1942 1828 vicinum
1975 1791 1987 1827 :
2017 1789 2140 1828 eum

559 1883 819 1950 increpet,
847 1894 969 1933 eum
993 1876 1297 1931 admoneat.
1330 1867 1608 1938 Quomodo
1633 1867 1775 1921 enim
1806 1880 1914 1920 non
1941 1873 2025 1919 est
2043 1865 2142 1919 ab-

559 1971 778 2026 surdum
804 2012 819 2036 ,
852 1984 948 2039 pro
982 1967 1239 2020 alimento
1287 1962 1502 2031 quidem
1549 1959 1724 2013 facere
1763 1957 2042 2020 convivia,
2088 1963 2143 2011 et

552 2063 700 2116 diem
730 2061 923 2115 habere
943 2058 1289 2113 constitutum
1324 2061 1381 2108 ut
1425 2053 1565 2105 inter
1594 2066 1653 2104 se
1693 2050 2055 2115 conveniant,
2089 2058 2144 2104 et

552 2153 698 2220 quod
723 2150 1006 2218 unicuique
1035 2148 1186 2202 deest
1213 2145 1435 2213 implere
1475 2157 1570 2212 per
1599 2142 1911 2196 societatem
1947 2157 1960 2194 :
1993 2140 2143 2195 verbi

556 2244 747 2314 gratia,
778 2242 891 2296 sive
915 2238 1148 2295 eundum
1173 2237 1242 2291 sit
1271 2239 1336 2289 ad
1366 2235 1526 2288 funus
1554 2231 1905 2296 efferendum,
1929 2233 2043 2286 sive
2073 2231 2140 2287 ad

555 2333 863 2404 prandium,
896 2331 1008 2385 sive
1036 2329 1104 2382 sit
1133 2329 1182 2381 in
1212 2325 1394 2395 aliquo
1417 2323 1696 2378 ferendum
1722 2322 1966 2391 proximo
1992 2323 2143 2376 auxi-

561 2428 687 2481 lium
718 2443 731 2480 :
761 2424 827 2478 ad
855 2421 1147 2478 docendam
1180 2430 1355 2474 autem
1377 2418 1628 2472 virtutem
1657 2431 1761 2470 non
1795 2416 1896 2470 hoc
1925 2415 2142 2471 facere?

558 2517 735 2572 Etiam
763 2529 890 2584 rogo
918 2527 1074 2567 nemo
1103 2511 1334 2579 negligat
1361 2525 1375 2561 :
1408 2507 1635 2575 accipiet
1660 2505 1803 2560 enim
1828 2520 2071 2574 magnam
2111 2521 2142 2560 a

561 2609 671 2663 Deo
697 2604 1021 2662 mercedem.
1055 2603 1120 2657 Et
1155 2610 1209 2655 ut
1237 2599 1528 2668 intelligas,
1560 2597 1646 2651 cui
1675 2596 1910 2666 quinque
1934 2596 2140 2651 credita

558 2710 685 2753 sunt
715 2697 933 2762 talenta,
959 2697 1002 2749 is
1019 2702 1103 2748 est
1122 2693 1312 2747 doctor
1335 2707 1353 2757 ;
1376 2690 1460 2744 cui
1487 2697 1664 2742 autem
1695 2703 1878 2753 unum,
1904 2687 2142 2757 discipu-

562 2794 665 2846 lus.
702 2790 759 2845 Si
783 2787 977 2843 dixerit
1005 2783 1302 2854 discipulus
1323 2823 1336 2845 ,
1383 2781 1510 2835 Sum
1539 2779 1832 2848 discipulus
1854 2820 1868 2844 ,
1913 2780 1964 2831 in
1993 2779 2143 2834 nullo

561 2897 750 2938 versor
798 2876 1068 2948 periculo;
1121 2884 1173 2928 et
1220 2885 1559 2926 communem
1603 2869 1742 2924 hanc
1787 2884 1947 2939 quam
1974 2883 2003 2921 a
2036 2869 2144 2923 Deo

561 2971 769 3041 accepit
811 2968 1067 3024 doctrina:
1105 2965 1387 3026 rationem,
1434 2959 1627 3014 nudam
1672 2957 2036 3024 absconderit,
2089 2965 2146 3012 et

558 3080 668 3120 non
697 3059 1055 3121 admonuerit,
1083 3065 1136 3110 et
1159 3071 1269 3109 non
1299 3053 1506 3108 dicendi
1536 3051 1779 3105 libertate
1807 3065 1933 3106 usus
1963 3050 2140 3116 fuerit,

563 3172 669 3210 non
698 3153 955 3222 arguerit,
986 3165 1091 3202 non
1110 3146 1338 3200 suaserit
1366 3145 1407 3198 si
1425 3151 1616 3212 potest,
1635 3142 1730 3197 sed
1761 3143 1811 3196 in
1846 3150 1987 3196 terra
2015 3141 2144 3196 abs-

557 3247 805 3303 conderit
833 3262 845 3296 :
880 3257 1008 3298 vere
1035 3240 1177 3295 enim
1208 3246 1291 3291 est
1319 3245 1459 3290 terra
1485 3244 1542 3289 et
1567 3234 1702 3288 cinis
1727 3248 1822 3288 cor
1850 3231 1997 3302 quod
2023 3232 2146 3286 abs-

559 3339 744 3395 condit
771 3337 862 3391 Dei
887 3333 1114 3405 gra-tiam
1136 3349 1155 3394 ς
1183 3329 1232 3384 si
1259 3343 1386 3398 ergo
1424 3325 1763 3382 absconderit
1791 3333 1883 3378 aut
1927 3333 2144 3394 propter

562 3431 854 3502 pigritiam,
879 3436 970 3481 aut
991 3431 1209 3495 propter
1231 3420 1650 3489 improbitatem,
1677 3431 1781 3472 nou
1804 3431 1927 3472 eum
1957 3415 2144 3470 defen-

544 3519 635 3574 det
661 3529 713 3573 et
739 3518 1015 3574 excusabit
1044 3515 1184 3586 quod
1213 3514 1392 3576 dicat,
1433 3508 1604 3563 Unum
1648 3504 1804 3559 habui
1845 3502 2122 3556 talentum.

551 3609 722 3664 Unum
746 3609 979 3663 habebas
1002 3608 1257 3661 talentum
1279 3601 1590 3670 :oportebat
1608 3599 1833 3651 alterum
1855 3591 2048 3648 afferre
2073 3599 2129 3646 et

548 3699 802 3753 talentum
833 3698 1106 3767 duplicare
1142 3711 1155 3748 :
1185 3694 1227 3747 si
1251 3691 1424 3746 adhuc
1453 3704 1617 3743 unum
1646 3684 1913 3740 attulisses
1937 3723 1954 3748 ,
1982 3681 2127 3736 nulla

545 3799 692 3844 esset
719 3788 899 3857 culpa.
921 3787 1101 3856 Neque
1125 3783 1266 3839 enim
1293 3784 1342 3837 ei
1369 3780 1458 3851 qui
1491 3779 1597 3831 duo
1619 3775 1811 3841 attulit,
1841 3772 2001 3826 dixit:
2022 3771 2130 3826 Cur

547 3900 654 3936 non
676 3883 910 3952 quinque
931 3878 1192 3932 attulisti?
1211 3875 1303 3930 sed
1327 3887 1447 3928 eum
1477 3868 1663 3925 iisdem
1685 3866 1901 3932 dignum
1923 3863 2131 3918 censuit

543 3973 741 4043 quibus
761 3985 882 4026 eum
902 3970 988 4040 qui
1008 3969 1239 4038 quinque
1261 3959 1666 4025 attulit.Quare?
1684 3956 1942 4024 Quoniam
1965 3969 2132 4023 quau-

546 4076 662 4119 tum
689 4063 869 4116 habuit
894 4059 1155 4122 exercuit,
1179 4071 1277 4111 nec
1302 4051 1427 4108 sivit
1449 4065 1571 4105 esse
1593 4050 1845 4112 otiosum,
1877 4060 1975 4101 nec
1995 4058 2132 4114 quo-

547 4157 691 4210 niam
721 4154 895 4208 minus
916 4151 1120 4220 accepit
1145 4161 1305 4218 quam
1335 4143 1420 4199 cui
1447 4143 1658 4197 fuerant
1680 4138 1870 4194 tradita
1900 4137 2135 4208 quinque

547 4251 772 4315 talenta,
802 4256 1082 4315 propterea
1114 4242 1211 4296 fuit
1234 4238 1511 4310 negligens
1537 4276 1552 4302 ,
1581 4249 1683 4290 nec
1710 4233 1979 4302 paucitate
2005 4243 2132 4283 usus

550 4348 636 4393 est
665 4338 730 4391 ad
773 4337 965 4390 otium.
995 4333 1104 4388 Nec
1131 4340 1183 4386 te
1211 4327 1493 4398 oportebat
1519 4326 1763 4395 aspicere
1797 4321 1864 4376 ad
1895 4337 2015 4377 eum
2045 4319 2137 4389 qui

551 4431 660 4484 duo
688 4427 946 4489 habebat;
967 4425 1073 4478 imo
1090 4437 1216 4476 vero
1236 4419 1397 4473 etiam
1422 4416 1486 4471 ad
1516 4415 1664 4470 illum
1687 4411 1967 4482 Oportebat
1989 4408 2138 4476 aSpi-

551 4535 700 4582 cere,
725 4531 779 4572 et
800 4513 1248 4587 quemadmodum
1279 4510 1367 4564 ille
1392 4523 1514 4562 cum
1541 4506 1648 4561 duo
1679 4504 1923 4566 haberet,
1957 4501 2138 4555 imita-

557 4626 642 4669 tus
667 4621 749 4668 est
781 4611 932 4664 illum
962 4608 1045 4662 cui
1069 4606 1195 4660 data
1218 4601 1431 4658 fuerant
1455 4600 1686 4669 quinque
1713 4637 1726 4659 ,
1756 4596 1826 4649 ita
1856 4603 1906 4648 te
1929 4606 2141 4662 quoque

556 4705 754 4760 imitari
783 4701 1067 4771 Oportebat
1102 4713 1223 4752 eum
1255 4695 1336 4750 cui
1375 4693 1480 4747 duo
1509 4690 1725 4744 fuerunt
1753 4686 1961 4742 tradita.
2009 4684 2142 4739 Nam

556 4800 603 4854 si
635 4799 681 4852 ei
710 4797 796 4867 qui
829 4793 987 4848 habet
1017 4789 1292 4861 pecunias,
1325 4794 1380 4839 et
1425 4798 1532 4836 non
1579 4779 1858 4850 impertit,
1887 4776 2140 4846 infligitur

558 4887 896 4958 supplicium,
925 4883 974 4938 ei
1000 4882 1089 4952 qui
1112 4886 1288 4950 potest
1309 4871 1807 4946 quomodocumque
1829 4868 2140 4936 admonere,

556 4989 614 5036 et
642 4981 743 5033 hoc
771 4991 878 5031 nou
907 4973 1034 5027 facit
1062 5013 1075 5036 ,
1105 4967 1374 5040 quomodo
1404 4979 1509 5019 nou
1552 4963 1844 5016 maximum
1880 4959 2146 5029 infligetur

562 5064 926 5140 supplicium?
969 5062 1080 5116 Illic
1106 5075 1302 5126 corpus
1331 5056 1564 5112 nutritur
1589 5094 1604 5118 ,
1637 5053 1723 5106 hic
1749 5053 1924 5106 anima
1980 5070 1992 5105 :
2038 5051 2146 5106 illic

561 5170 790 5215 mortem
823 5153 1074 5225 prohibes
1103 5149 1473 5218 temporalem,
1509 5145 1596 5200 hic
1616 5153 1900 5200 mternam.

632 5253 687 5306 '5.
722 5250 791 5302 At
829 5259 933 5298 non
965 5252 1070 5309 est,
1103 5240 1268 5310 inquit
1297 5282 1311 5307 ,
1345 5238 1476 5293 mihi
1505 5236 1717 5292 dicendi
1749 5234 1998 5291 facultas.
2041 5233 2148 5290 Sed

564 5338 775 5393 dicendi
804 5336 1053 5389 facultate
1098 5347 1204 5387 non
1246 5341 1333 5387 est
1370 5345 1504 5400 Opus
1529 5370 1542 5394 ,
1574 5345 1678 5384 non
1729 5327 2056 5398 eloquentia.
2089 5327 2147 5382 Si

566 5432 764 5485 videris
791 5428 1018 5481 amicum
1065 5433 1429 5489 scortantem,
1481 5423 1566 5479 die
1595 5424 1686 5479 ei:
1730 5423 1837 5478 Res
1879 5431 1964 5478 est
2013 5422 2149 5476 mala

567 5537 726 5591 quam
765 5517 1033 5582 admittis;
1077 5532 1181 5572 non
1226 5525 1279 5572 te
1315 5515 1498 5588 pudet,
1552 5531 1661 5570 non
1708 5515 2028 5571 erubescis?
2069 5523 2154 5568 est

569 5613 711 5666 enim
742 5610 959 5676 malum.
997 5609 1088 5664 Ille
1128 5609 1336 5673 nescit,
1366 5609 1573 5679 inquies
1594 5648 1609 5675 ,
1641 5605 1784 5678 quod
1813 5605 1884 5660 sit
1910 5604 2154 5660 malum?

571 5701 732 5756 Certe
762 5699 898 5764 scit,
931 5698 1022 5753 sed
1057 5698 1285 5753 trahitur
1314 5713 1344 5768 a
1370 5697 1684 5768 cupiditate.
1707 5693 1917 5766 Egroti
1947 5709 2156 5764 quoque

575 5790 750 5846 sciunt
779 5804 929 5870 aqum
958 5788 1161 5862 frigida:
1201 5798 1385 5870 potum
1427 5803 1547 5844 esse
1579 5788 1777 5842 malum
1799 5827 1814 5857 ,
1844 5786 1938 5842 sed
1968 5796 2145 5842 tamen

2211 695 2315 732 non
2345 677 2499 731 fuerit
2527 689 2835 746 persuasus,
2865 673 3092 727 observa
3121 679 3336 726 euntem
3363 678 3416 724 et
3440 669 3614 728 retine
3637 712 3650 734 ,
3683 669 3792 723 fot-

2213 781 2352 824 tassc
2370 768 2576 840 pudore
2596 766 2880 820 afficietur.
2911 763 3139 832 thuid,
3169 762 3362 831 inquit.
3386 760 3559 830 juvat,
3594 760 3636 813 si
3667 775 3796 828 pro-

2214 874 2332 931 pter
2360 875 2444 915 me
2472 860 2574 914 hoc
2602 859 2775 924 faciat,
2812 867 2866 912 et
2887 857 3026 927 quod
3051 872 3078 910 a
3103 872 3188 910 me
3219 855 3377 909 fuerit
3403 854 3690 909 retentus?
3717 851 3795 908 Ne

2215 962 2461 1007 accurate
2490 950 2744 1004 scruteris
2797 967 2809 1002 :
2851 948 3066 1002 interim
3101 960 3442 1015 quocumque
3469 944 3629 998 modo
3668 958 3792 998 emn

2215 1044 2386 1098 abduc
2411 1058 2443 1097 a
2474 1043 2607 1095 mala
2634 1041 2846 1095 actione
2871 1058 2886 1107 ;
2917 1048 3189 1094 assuescat
3219 1053 3322 1091 non
3348 1039 3424 1092 ire
3441 1037 3504 1090 ad
3534 1037 3665 1090 illud
3695 1037 3795 1090 ba.

2218 1134 2496 1198 ratbrum;
2528 1132 2642 1186 sive
2684 1145 2779 1199 per
2829 1140 2879 1183 te
2901 1172 2914 1195 ,
2966 1130 3078 1184 sive
3108 1129 3214 1182 alio
3245 1127 3404 1180 modo
3434 1126 3750 1180 cohibeatur
3778 1167 3794 1190 ,

2222 1226 2420 1277 lucrum
2466 1224 2588 1276 hinc
2623 1223 2743 1276 erit.
2789 1221 2921 1275 Cum
2970 1219 3111 1273 cnim
3157 1216 3511 1272 assuefeceris
3537 1232 3658 1269 eum
3707 1216 3799 1269 illo

2220 1331 2323 1368 uou
2355 1315 2463 1378 ire,
2511 1323 2638 1367 tunc
2665 1312 2863 1381 poteris
2895 1311 3108 1380 paulmn
3139 1308 3492 1377 respirantem
3521 1319 3799 1359 assumens

2218 1406 2412 1460 docere
2449 1403 2590 1474 quod
2635 1411 2851 1472 propter
2898 1402 3064 1455 Deum
3109 1409 3318 1469 oportet
3349 1399 3452 1453 hoc
3503 1397 3678 1452 facere
3702 1438 3715 1460 ,
3748 1406 3800 1451 et

2221 1512 2324 1550 non
2370 1507 2588 1565 propter
2638 1495 2938 1548 hominem.
2990 1493 3067 1547 Ne
3115 1492 3250 1545 velis
3281 1491 3590 1545 universum
3644 1490 3800 1543 simul

2220 1591 2487 1659 corrigere
2511 1606 2526 1653 ;
2559 1603 2664 1641 non
2692 1587 2832 1642 enim
2858 1584 3090 1655 poteris;
3120 1583 3212 1638 sed
3237 1583 3436 1636 sensim
3450 1591 3505 1635 et
3520 1581 3797 1651 paulatim.

2221 1681 2274 1735 Si
2306 1681 2500 1734 videris
2526 1695 2647 1735 eum
2677 1688 2892 1732 euntem
2919 1677 2984 1730 ad
3017 1676 3470 1745 compotationem
3503 1682 3558 1728 et
3586 1673 3650 1726 ad
3674 1688 3804 1728 con-

2223 1775 2356 1827 vivia
2382 1774 2538 1844 plena
2580 1771 2840 1827 ebrietate
2864 1811 2878 1835 ,
2923 1770 3033 1824 illic
3073 1783 3288 1838 quoque
3320 1766 3406 1821 fac
3449 1766 3676 1834 idipsum
3702 1782 3716 1825 ;
3747 1776 3803 1820 et

2223 1879 2406 1918 rursus
2447 1878 2568 1918 eum
2613 1877 2764 1932 roga,
2801 1871 2860 1914 ut
2907 1861 2953 1915 si
3003 1855 3195 1914 viderit
3221 1859 3273 1912 in
3309 1865 3361 1912 te
3399 1857 3628 1927 aliquem
3653 1855 3805 1910 defc-

2222 1967 2365 2011 ctum
2398 1971 2459 2010 ac
2489 1955 2694 2018 vitium,
2744 1954 2837 2008 tibi
2867 1968 3024 2022 opem
3069 1951 3204 2006 ferat
3241 1960 3297 2006 et
3344 1959 3396 2004 te
3425 1951 3674 2019 corrigat.
3716 1949 3807 2004 Sic

2223 2049 2364 2101 enim
2411 2053 2467 2100 et
2496 2046 2548 2100 in
2595 2059 2654 2100 se
2692 2045 2826 2099 feret
2880 2037 3394 2112 reprehensionem,
3448 2055 3573 2095 cum
3615 2039 3809 2095 viderit

2225 2149 2275 2192 te
2322 2152 2534 2208 quoque
2573 2150 2709 2205 opus
2760 2135 2956 2190 habere
3004 2143 3064 2188 ut
3119 2130 3570 2202 reprehendaris,
3599 2139 3654 2185 et
3701 2147 3807 2184 non

2226 2237 2492 2298 tamquam
2537 2225 2715 2281 omnia
2753 2225 3108 2295 corrigentem
3135 2264 3151 2287 ,
3190 2238 3363 2292 neque
3404 2233 3672 2291 tamquam
3709 2220 3810 2275 do—

2224 2330 2467 2385 ctorem,
2513 2319 2605 2374 sed
2651 2326 2918 2388 tamquam
2979 2316 3209 2372 amicum
3272 2324 3326 2370 et
3371 2315 3588 2369 fratrem
3651 2328 3808 2384 opem

2227 2409 2384 2465 ferre.
2441 2409 2532 2463 Dic
2573 2409 2623 2464 ei
2673 2425 2687 2462 :
2731 2409 2844 2478 Ego
2887 2407 2978 2461 tihi
3036 2406 3209 2476 profui
3273 2404 3569 2459 admonens
3624 2418 3811 2459 eorum

2227 2517 2346 2570 qua:
2399 2510 2524 2554 sunt
2589 2500 2776 2564 utilia;
2829 2507 2883 2553 et
2941 2508 2993 2552 tu
3043 2497 3186 2569 quod
3233 2497 3286 2551 in
3337 2511 3422 2550 me
3474 2496 3672 2551 videris
3721 2496 3814 2550 dco

2231 2594 2414 2648 ficiens
2452 2601 2506 2647 et
2540 2592 2792 2646 vitiosum
2817 2604 3008 2645 coerce
3043 2597 3097 2644 et
3133 2589 3351 2658 corrige
3383 2606 3396 2642 :
3429 2589 3472 2642 si
3500 2587 3812 2642 iracundum

2228 2683 2445 2749 videris,
2473 2683 2516 2737 si
2547 2697 2787 2751 avarum,
2819 2683 3072 2751 reprime,
3104 2681 3207 2750 liga
3253 2695 3376 2735 eum
3422 2679 3814 2734 admonitione.

2229 2773 2343 2828 Hoc
2372 2782 2453 2828 est
2477 2773 2706 2827 amicitia
2740 2773 2853 2827 :sic
2881 2771 3047 2827 frater
3072 2786 3102 2826 a
3131 2771 3295 2826 fratre
3317 2769 3554 2838 adjutus,
3590 2773 3649 2825 fit
3676 2779 3816 2824 tam-

2236 2877 2394 2932 quam
2421 2862 2546 2915 urbs
2577 2859 2777 2913 munita
2810 2857 3004 2930 (Prov.
3043 2858 3130 2914 18.
3162 2858 3288 2930 19).
3320 2859 3434 2913 Νοη
3473 2861 3614 2914 enim
3671 2876 3815 2916 com-

2235 2952 2395 3006 edere
2421 2961 2473 3005 et
2500 2951 2679 3005 bibere
2703 2950 2899 3004 faciunt
2917 2949 3238 3027 amicitiam;
3267 2949 3425 3004 talem
3445 2951 3585 3004 enim
3614 2951 3816 3008 habent

2237 3045 2395 3099 etiam
2422 3044 2657 3098 latrones
2682 3053 2734 3098 et
2762 3042 2974 3106 sicarii;
3000 3041 3094 3096 sed
3121 3042 3166 3096 si
3197 3056 3381 3097 sumus
3407 3043 3588 3110 amici,
3621 3043 3666 3098 si
3691 3059 3816 3100 vere

2237 3137 2377 3190 alter
2417 3135 2637 3190 alterius
2663 3150 2844 3189 curam
2900 3134 3135 3204 gerimus
3163 3175 3177 3198 ,
3231 3133 3296 3186 ad
3345 3134 3459 3188 lucc
3499 3134 3634 3189 alter
3664 3135 3817 3190 alteri

2238 3227 2578 3282 conferamus
2607 3243 2620 3279 :
2650 3227 2764 3280 haec
2780 3241 2881 3280 nos
2905 3225 3174 3280 adducunt
3195 3224 3261 3279 ad
3283 3225 3574 3280 amicitiam
3602 3226 3782 3280 utilem
3805 3244 3820 3288 ;

2240 3307 2377 3372 hare
2404 3317 2696 3388 prohibent
2735 3331 2804 3372 ne
2851 3316 3110 3370 ducamur
3152 3315 3218 3370 ad
3259 3315 3582 3385 gehennam.
3634 3315 3817 3386 Neque

2237 3423 2370 3478 ergo
2398 3409 2442 3462 is
2465 3407 2556 3477 qui
2586 3408 2829 3476 arguitur
2864 3422 3005 3477 aegre
3031 3405 3203 3472 ferat;
3253 3421 3436 3460 sumus
3475 3407 3619 3460 enim
3649 3407 3824 3460 homi-

2237 3514 2335 3554 nes
2356 3540 2368 3558 ,
2398 3509 2453 3553 et
2481 3508 2608 3552 sunt
2654 3499 2704 3552 in
2752 3498 2908 3554 nobis
2970 3498 3096 3552 vitia
3127 3508 3180 3552 et
3217 3498 3456 3553 defectus
3485 3517 3498 3552 :
3531 3513 3702 3568 neque
3729 3499 3820 3568 qui

2239 3589 2410 3659 arguit
2436 3588 2538 3643 hoc
2566 3586 2720 3642 faciat
2768 3599 3038 3659 tamquam
3082 3590 3262 3644 ridens
3292 3599 3344 3645 et
3371 3590 3676 3654 traducens,
3726 3591 3822 3644 sed

2239 3682 2484 3752 privatim
2514 3696 2635 3736 cum
2665 3683 2887 3737 lenitate
2913 3691 2967 3737 et
2990 3683 3408 3737 mansuetudine
3438 3699 3453 3734 :
3485 3683 3649 3738 multa
3676 3684 3819 3738 enim

2241 3774 2456 3829 lenitate
2494 3787 2630 3844 opus
2685 3775 2847 3829 habet
2897 3774 2989 3845 qui
3039 3775 3247 3844 arguit,
3292 3785 3352 3829 ut
3383 3777 3452 3828 ita
3505 3776 3826 3844 persuadeat

2241 3867 2382 3921 ferre
2434 3866 2772 3920 incisionem.
2823 3865 2938 3920 Non
2996 3866 3146 3922 vides
3191 3882 3314 3922 cum
3361 3880 3556 3937 quanta
3607 3869 3823 3922 lenitate

2241 3956 2432 4011 medici
2455 3956 2709 4011 adhibent
2731 3959 3068 4013 curationem
3093 3958 3306 4028 quando
3331 3969 3491 4013 urunt
3519 3967 3574 4014 et
3597 3968 3780 4016 secant
3799 3961 3824 4013 ἲ

2242 4047 2405 4102 Multo
2456 4048 2626 4116 magis
2669 4048 2771 4102 hoc
2813 4049 2990 4104 facere
3036 4059 3256 4118 oportet
3289 4066 3382 4105 eos
3412 4052 3499 4120 qui
3531 4061 3758 4121 arguunt
3808 4070 3821 4104 :

2245 4153 2364 4192 nam
2394 4146 2447 4192 et
2490 4139 2612 4209 igne
2653 4148 2708 4193 et
2738 4141 2883 4195 ferro
2909 4140 3284 4196 vehementius
3328 4142 3676 4212 reprehensio
3707 4144 3830 4198 facit

2243 4230 2459 4285 exsilire
2493 4251 2506 4285 :
2538 4230 2765 4301 ideoque
2787 4230 2981 4286 medici
3008 4247 3256 4302 magnum
3286 4243 3490 4302 ponunt
3515 4234 3745 4289 studium
3771 4244 3827 4289 nt

2246 4324 2437 4378 leniter
2462 4322 2639 4378 ferant
2670 4324 2982 4379 iueisionem
3005 4365 3020 4390 ,
3053 4334 3108 4379 et
3131 4340 3288 4395 quam
3322 4325 3685 4394 placidissime
3716 4327 3828 4382 fieri

2247 4421 2424 4483 potest
2449 4429 2566 4468 eam
2593 4414 2851 4470 adhibent
2874 4455 2889 4480 ,
2914 4424 2970 4470 et
2993 4431 3180 4485 parum
3221 4416 3473 4472 cedentes
3498 4459 3512 4480 ,
3556 4426 3610 4472 et
3635 4418 3828 4472 deinde

2245 4506 2602 4561 concedentes
2646 4517 2703 4561 ut
2751 4509 3036 4577 respirent.
3078 4508 3167 4564 Sic
3200 4516 3325 4564 sunt
3369 4510 3527 4564 etiam
3575 4510 3832 4565 facienda:

2247 4597 2718 4667 reprehensiones,
2749 4609 2806 4653 ut
2836 4601 2923 4670 qui
2953 4610 3250 4671 arguuntur
3284 4617 3392 4656 non
3425 4602 3684 4656 resiliant.
3717 4603 3830 4657 Etsi

2246 4706 2374 4762 ergo
2404 4702 2650 4761 oporteat
2679 4692 3014 4748 contumelia
3042 4693 3200 4756 allici,
3233 4695 3330 4748 etsi
3361 4695 3538 4764 plagas
3564 4696 3830 4763 accipere,

2247 4797 2352 4837 non
2384 4797 2715 4838 recusemus.
2749 4783 2880 4837 Nam
2909 4792 2964 4838 et
2990 4783 3065 4837 illi
3111 4784 3199 4854 qui
3240 4795 3526 4851 secantur,
3572 4786 3754 4842 valide
3780 4797 3834 4842 et

2249 4875 2535 4946 plurimum
2569 4875 2932 4931 vociferantur
2960 4875 3220 4930 adversus
3256 4891 3348 4930 cos
3372 4877 3459 4946 qui
3487 4886 3668 4932 secant
3693 4895 3706 4939 ;
3742 4878 3836 4932 scd

2248 4967 2323 5022 illi
2367 4967 2500 5020 nihil
2533 4965 2725 5021 horum
2747 4966 3004 5036 ‘speetant
3037 5007 3053 5033 ,
3089 4966 3185 5022 sed
3214 4982 3396 5022 eorum
3427 4968 3594 5023 solam
3621 4968 3712 5038 qui
3758 4969 3840 5022 la-

2247 5057 2441 5113 borant
2467 5058 2715 5113 salutem.
2745 5057 2820 5112 Ita
2851 5057 2938 5112 hic
2963 5074 3186 5128 quoque
3214 5069 3427 5128 oportet
3455 5061 3632 5114 omnia
3665 5058 3840 5115 facere

2248 5148 2452 5203 utiliter
2470 5147 2536 5202 ad
2569 5147 3065 5216 reprehensionem,
3099 5149 3278 5203 omnia
3321 5149 3480 5216 ferre,
3522 5151 3841 5220 aspicientes

2249 5239 2317 5294 ad
2341 5237 2640 5294 mercedem
2673 5240 3022 5308 prepositam.
3049 5239 3204 5301 Alter,
3235 5240 3424 5309 inquit,
3447 5242 3656 5295 alterius
3685 5257 3844 5295 onera

2258 5341 2455 5404 portate
2477 5374 2490 5396 ,
2522 5342 2569 5384 et
2601 5332 2670 5385 ita
2696 5332 2900 5401 implete
2925 5333 3084 5402 legem
3111 5330 3303 5387 Christi
3344 5334 3362 5404 (
3387 5333 3502 5391 Gal.
3539 5338 3592 5392 6.
3624 5339 3659 5393 2
3682 5340 3723 5409 ).
3750 5340 3845 5396 Sic

2257 5439 2385 5495 ergo
2425 5433 2480 5479 et
2509 5424 2997 5493 reprehendentes,
3027 5433 3078 5479 et
3119 5425 3253 5480 alter
3294 5427 3523 5484 alterum
3567 5427 3841 5499 ferentes,

2257 5531 2542 5589 possumus
2568 5517 2790 5587 implere
2815 5516 3224 5573 aedificationem
3240 5517 3437 5574 Christi
3471 5538 3484 5574 :
3507 5529 3562 5576 et
3585 5522 3664 5576 sic
3688 5523 3845 5579 nobis

2257 5609 2428 5663 levem
2457 5607 2662 5664 facietis
2703 5608 2942 5664 laborem
2965 5649 2980 5674 ,
3011 5609 3166 5665 nobis
3190 5625 3347 5680 opem
3374 5611 3608 5668 ferentes
3637 5613 3692 5668 in
3720 5630 3842 5670 om-

2258 5700 2434 5765 nibus,
2457 5711 2512 5756 et
2538 5715 2752 5754 manum
2782 5701 3102 5769 prtebentes,
3133 5700 3309 5756 effecti
3351 5705 3639 5773 participes
3667 5715 3721 5760 et
3747 5720 3839 5760 So—

2242 5802 2310 5858 cii
2337 5841 2351 5869 ,
2381 5807 2435 5857 et
2460 5799 2593 5856 alter
2615 5794 2834 5853 alterius
2848 5795 3034 5852 salutis
3063 5802 3118 5851 et
3145 5809 3256 5852 suae
3283 5791 3664 5863 unusquisque.
3696 5790 3831 5846 Sus-
