4202 6456
489 310 592 365 911

502 435 647 501 Ξυυς
672 432 743 487 ἐν
766 433 884 501 τοῖς
909 437 1114 504 λόγοις
1135 435 1389 502 τούτοις.
1419 436 1591 491 Τοῦτο
1622 439 1713 492 καὶ
1742 438 1874 510 ὑμῖν
1905 455 2096 509 παραι-

491 526 701 597 νοῦμεν
729 525 826 581 νῦν
852 529 1035 598 ἡμεῖς.
1074 527 1304 582 Πλείονα
1334 530 1444 600 γὰρ
1469 531 1646 601 ήμῶν,
1678 531 1775 585 ἐάν
1803 531 2096 604 βούλησθε,

494 619 578 680 εἰς
607 617 896 686 ἀλλήλους,
935 616 1318 688 κατορθώσετε
1348 635 1363 647 α
1397 623 1494 672 καὶ
1545 621 1655 693 γάρ
1709 621 1934 675 πλείονα
1967 621 2098 674 σύνά

494 721 624 758 εστε
691 704 886 776 χρόνον
914 705 1188 776 ἀλλήλοις,
1215 707 1310 760 καὶ
1337 707 1406 760 τά
1441 709 1688 780 ἀλλήλων
1715 711 1919 782 μᾶλλον
1941 713 2099 783 ἡμῶν

497 795 637 861 ίστε,
666 797 760 848 καὶ
792 795 861 849 τὰ
890 796 1139 867 ἀλλήλων
1165 796 1528 868 ἐλαττώματα
1557 801 1659 855 οὑκ
1698 803 1968 872 ἀγνοεῖτε,
2005 805 2100 858 καὶ

493 890 724 942 πλείονα
751 889 846 942 καὶ.
879 888 1198 961 παρρησίαν
1233 892 1328 944 καὶ⁵
1354 892 1578 964 ἀγάπην
1608 893 1760 964 ἔχετε
1819 895 1916 949 καὶ
1964 913 2099 948 συν-

494 978 694 1048 ήθειαν
715 989 730 1006 ⁸
762 977 822 1030 οὑ
857 978 1032 1048 μικρὰ
1059 978 1117 1031 δὲ
1143 977 1315 1032 ταῦτα
1339 983 1418 1044 εἰς
1440 981 1817 1046 διδασκαλίαν,
1847 983 1962 1036 ἀλλ’
1989 985 2100 1038 εἵσ-

494 1067 610 1120 οδοι
640 1066 878 1136 μεγάλαι
913 1068 1009 1121 καὶ
1059 1068 1341 1140 εὑκαιρίαι
1373 1087 1386 1100 °
1429 1072 1526 1124 καὶ
1560 1073 1763 1141 μᾶλλον
1789 1075 1947 1144 ήμῶν
1977 1077 2100 1128 ἐπι-

497 1152 706 1222 πλῆξαι
742 1155 832 1208 καὶ
867 1157 1257 1227 παρακαλέσαι
1297 1160 1617 1229 δυνήσεσθε.
1661 1165 1772 1216 Καὶ
1819 1165 1881 1217 οὑ
1935 1165 2097 1220 τοῦτο

497 1245 687 1316 μόνον,
724 1245 843 1299 ἀλλ’
872 1247 955 1300 ὃτι
1004 1247 1115 1317 ἐγὼ
1151 1251 1250 1320 μὲν
1281 1247 1362 1315 εἷς
1408 1254 1547 1324 εἰμι,
1593 1255 1752 1325 ὑμεῖς
1775 1256 1832 1309 δέ
1888 1257 2099 1324 πολλοὶ,

495 1339 597 1390 καὶ
617 1337 918 1410 δυνήσεσθε
962 1340 1170 1404 πάντες
1215 1344 1332 1398 ὅσοι
1389 1346 1537 1411 ἐστέ,
1595 1342 1734 1401 εἷναι
1765 1348 2099 1404 διδάσκαλοι.

492 1432 614 1493 Διὸ,
640 1429 970 1504 παρακαλῶ,
999 1435 1077 1505 μὴ
1108 1436 1364 1507 ἀμελεῖτε
1388 1439 1482 1492 τοῦ
1505 1441 1852 1511 χαρίσματος
1883 1443 2100 1497 τούτουσ

490 1522 736 1587 ἕκαστος
764 1527 1001 1593 γυναῖκα
1032 1525 1168 1597 ἔχει,
1202 1529 1354 1597 φίλον
1387 1530 1524 1601 ἔχει,
1555 1533 1777 1603 οίκέτην
1812 1534 1949 1606 ἔχει,
1987 1537 2103 1601 γείο

491 1633 629 1669 τονα
658 1617 774 1687 ἔχει
805 1635 818 1649 ·
867 1619 1045 1691 τούτῳ
1075 1621 1477 1693 ἐπιπληττέτω,
1527 1625 1704 1696 τούτῳ
1737 1629 2098 1699 παραινείτω.

494 1708 626 1774 Πῶς
669 1709 781 1782 γὰρ
834 1710 936 1765 οὑκ
974 1712 1199 1780 ἄτοπον,
1264 1715 1408 1786 ὑπὲρ
1469 1717 1569 1788 μὲν
1611 1720 1820 1790 τροφῆς
1855 1721 2106 1774 συσσίτια

494 1804 676 1855 ποιεῖν
703 1803 800 1855 καὶ
835 1806 1138 1874 συμπόσια,
1172 1810 1268 1860 καὶ
1303 1808 1520 1880 ἡμέραν
1550 1810 1698 1881 ἐχειν
1726 1815 1934 1884 τακτὴν
1962 1813 2104 1868 ὥστε

497 1896 938 1966 συγκροτεῖσθαι
968 1896 1255 1968 ἀλλήλους,
1291 1900 1386 1952 καὶ
1417 1901 1478 1954 16
1506 1903 1726 1974 ἑκάστῳ
1759 1903 1951 1959 λεῖπον
1983 1906 2104 1960 καθ’

490 1984 695 2040 ἑαυτὸν
725 1985 842 2040 δντι
871 1987 1323 2059 ἀναπληροῦσθαι
1354 1991 1443 2044 διὰ
1487 1993 1585 2064 τῆς
1625 1997 1935 2060 κοινωνίας,
1969 1991 2102 2065 οἷον,

498 2081 612 2134 εἴτε
634 2081 718 2145 είς
767 2081 1014 2151 ἐκφορὰν
1056 2083 1282 2138 ἀπιέναι
1326 2084 1459 2149 δέοι,
1490 2087 1600 2140 εἴτε
1630 2089 1709 2152 είς
1737 2087 1958 2161 ἄριστα,
1993 2092 2104 2145 εἴτε

508 2175 830 2245 συμπρᾶξαι
860 2175 920 2229 ἐν
947 2194 1056 2229 τινι
1088 2175 1239 2250 [282]
1269 2178 1347 2248 τῷ
1389 2178 1620 2251 πλησίον
1653 2199 1665 2214 ·
1703 2185 1783 2246 εἰς
1809 2183 1866 2236 δέ
1901 2183 2106 2254 ἀρετῆς

509 2265 858 2320 διδασκαλίαν
895 2268 971 2339 μὴ
1011 2267 1170 2323 τοῦτο
1200 2273 1418 2334 ποιεῖν;
1451 2272 1581 2337 Ναὶ,
1629 2274 1959 2345 παρακαλῶ,
1995 2293 2104 2346 μηο

516 2355 633 2420 δεὶς
665 2358 936 2429 ἀμελείτω
961 2376 976 2389 ο
1018 2360 1212 2431 μισθὸν
1239 2361 1351 2434 γὰρ
1383 2363 1597 2434 δέχεται
1635 2365 1788 2437 παρά
1832 2366 1969 2419 Θεοῦ
2003 2384 2104 2420 πο-

520 2449 637 2506 λύν.
663 2450 766 2505 Καὶ
803 2453 892 2507 ἵνα
925 2452 1127 2524 μάθῃς,
1160 2455 1187 2507 6
1213 2453 1284 2508 τά
1314 2455 1479 2509 πέντε
1507 2457 1750 2512 τάλαντα
1805 2460 2106 2529 ἐμπιστευ-

507 2542 641 2607 θεὶς,
674 2545 823 2598 ἐστὶν
886 2547 915 2598 6
958 2545 1282 2611 διδάσκαλος
1312 2563 1326 2576 °
1353 2549 1381 2601 6
1410 2548 1467 2602 δέ
1516 2549 1576 2602 16
1611 2549 1690 2611 ἐν,
1745 2552 1773 2604 6
1819 2552 2102 2624 μαθητής.

514 2634 644 2688 Ἐἀν
669 2635 726 2690 δέ
756 2637 888 2710 εῖπῃ
910 2639 938 2691 ὁ
968 2637 1240 2709 μαθητὴς,
1259 2641 1527 2712 Μαθητής
1551 2644 1668 2713 εἰμι
1696 2642 1828 2712 ἐγὼ,
1861 2646 1964 2698 οὑκ
1993 2645 2103 2717 έχω

497 2728 769 2790 κίνδυνον.
809 2730 908 2784 καὶ⁵
936 2729 995 2783 ὃν
1028 2731 1192 2786 ἔλαϐε
1219 2734 1373 2806 παρὰ
1403 2735 1495 2789 τοῦ
1527 2735 1665 2790 Θεοῦ
1698 2736 1880 2806 λόγον,
1911 2742 2106 2792 τοῦτον

493 2820 590 2874 τὸν
631 2821 815 2875 κοινὸν
850 2823 947 2876 καὶ
975 2823 1133 2893 ψιλὸν
1157 2827 1510 2902 κατακρύψῃ.
1537 2830 1631 2882 καὶ
1659 2831 1734 2900 μὴ
1765 2830 2103 2903 παραινέσῃ,

495 2913 576 2984 μὴ
606 2915 1088 2988 παρῤησιάσηται,
1119 2917 1193 2988 μὴ
1223 2917 1445 2992 ἐλέγξῃ,
1471 2920 1548 2990 μὴ
1571 2922 1896 2994 νουθετήσῃ,
1923 2925 1972 2976 εἰ
2006 2922 2103 2977 δύ-

492 3022 685 3069 ναται,
722 3005 866 3060 ἀλλά
898 3007 1232 3082 κατακρύψῃ
1285 3011 1344 3064 ἐν
1376 3012 1442 3081 τῇ
1489 3013 1560 3082 γῇ
1587 3027 1602 3041 ο
1659 3013 1730 3081 γῆ
1767 3013 1876 3085 γὰρ
1933 3013 2105 3078 ὅντως

490 3098 620 3151 ἐστὶ
650 3099 750 3153 καὶ
776 3099 973 3166 σποδὸς
1007 3101 1207 3174 καρδία
1234 3102 1294 3156 16
1322 3103 1572 3174 χάρισμα
1615 3104 1708 3158 τοῦ
1735 3104 1871 3159 Θεοῦ
1933 3123 2105 3160 κατα-

493 3190 830 3263 κρύπτουσα
857 3207 871 3223 ·
905 3193 972 3247 ἂν
994 3193 1178 3247 τοίνυν
1210 3193 1541 3268 κατακρύψῃ
1571 3196 1602 3267 ἢ
1638 3196 1708 3250 δι’
1737 3198 1923 3263 ὄκνον,
1955 3197 1987 3270 ἢ
2015 3199 2105 3253 διά

490 3284 794 3356 πονηρίαν,
813 3285 875 3340 οὑ
903 3287 1266 3358 προστήσεται
1285 3287 1452 3342 αὑτοῦ
1481 3289 1541 3342 16
1564 3290 1759 3350 εἰπεῖν,
1785 3291 1868 3346 ὅτι
1890 3290 1987 3344 Ἓν
2007 3293 2106 3346 τά-

488 3377 703 3433 λαντον
719 3373 890 3449 είχον.
911 3378 1008 3431 Ἕν
1023 3378 1285 3443 τάλαντον
1309 3374 1456 3451 εἶχες
1471 3397 1483 3410 ·
1508 3382 1615 3436 ἔδει
1647 3401 1705 3436 σε
1727 3384 1830 3438 κᾶν
1853 3383 1911 3438 ἓν
1936 3403 2107 3458 προσ-

491 3472 752 3538 ενεγκεῖν
783 3471 878 3524 καὶ
893 3470 1251 3526 διπλασιάσαι
1275 3473 1336 3526 16
1361 3475 1644 3531 τάλαντον·
1661 3479 1708 3532 εἰ
1727 3480 2106 3552 προσήνεγκες

492 3563 583 3626 ἓν,
633 3562 738 3617 οὑκ
774 3563 842 3617 ἂν
879 3564 1202 3636 ἐνεκλήθης.
1256 3565 1391 3620 Οὑδέ
1436 3568 1544 3637 γάρ
1571 3569 1648 3641 τῷ
1676 3571 1744 3625 τὰ
1795 3572 1890 3627 δύο
1935 3590 2106 3646 προσ-

492 3656 788 3724 ενεγκόντι
815 3653 960 3720 εἷπε,
997 3659 1096 3711 Διά
1130 3657 1186 3711 τί
1226 3658 1301 3731 μὴ
1329 3660 1490 3714 πέντε
1523 3665 1941 3735 προσήνεγκαςς
1971 3667 2108 3722 ἀλλά

493 3749 613 3802 τῶν
641 3747 825 3802 αὑτῶν
845 3749 1011 3803 αὑτὸν
1031 3749 1232 3821 ήξίωσε
1260 3752 1336 3824 τῷ
1361 3753 1430 3806 τὰ
1462 3755 1625 3809 πέντε
1655 3761 2104 3829 προσενεγκόντι.

494 3843 570 3896 Τί
587 3842 814 3913 δήπυτε;
841 3842 966 3896 Ὀτι
990 3843 1114 3898 ὅσον
1143 3837 1291 3915 εἶχεν
1311 3845 1613 3917 εἰργάσατο
1637 3864 1650 3878 ·
1680 3849 1777 3902 καὶ
1794 3850 1894 3904 οὑκ
1917 3852 2106 3924 ἐπειδὴ

495 3934 769 3989 ἐλάττονα
782 3933 878 3988 τοῦ
897 3934 965 3988 τά
991 3934 1153 3988 πέντε
1172 3937 1613 4008 ἐγχειρισθέντος
1640 3940 1825 4007 ἔλαϐε,
1843 3943 1932 3999 διά
1946 3945 2106 4000 τοῦτο

496 4029 568 4100 ἐῤ
578 4027 714 4100 ρᾳθύ
723 4045 920 4099 μησεν,
946 4028 1069 4082 οὑδὲ
1094 4033 1160 4102 τῇ
1176 4029 1452 4102 ὀλιγότητι
1477 4034 1559 4096 είς
1582 4034 1784 4106 ἀργίαν
1806 4037 2103 4108 ἐχρήσατο.

498 4120 644 4176 Οὑδέ
675 4137 735 4174 σε
760 4120 930 4192 ἐχρῆν
960 4122 1098 4194 πρὸς
1125 4121 1221 4177 τὸν
1240 4122 1311 4176 τά
1350 4123 1445 4177 δύο
1466 4126 1600 4196 όρᾷν
1618 4143 1634 4157 ·
1661 4127 1864 4198 μᾶλλον
1888 4129 1946 4182 δέ
1969 4131 2107 4202 πρὸς

501 4209 716 4263 ἐκεῖνον
735 4207 843 4262 ἔδει
873 4209 1024 4276 ίδεῖν,
1052 4210 1150 4265 καὶ
1185 4210 1378 4283 ὥσπερ
1403 4213 1614 4279 ἐκεῖνος
1654 4218 1968 4288 ἐμιμήσατο
2012 4221 2106 4274 τὸν

497 4297 573 4353 τά
599 4297 786 4364 πέντε,
817 4296 912 4352 δύο
938 4298 1100 4371 ἔχων,
1123 4299 1270 4355 οὕτω
1290 4302 1385 4356 καὶ¹
1415 4303 1475 4356 σὲ
1500 4301 1745 4373 ζηλῶσαι
1774 4307 1887 4362 ἔδει
1915 4310 2011 4364 τὸν
2036 4312 2106 4366 τά

507 4387 607 4442 δύο
630 4389 847 4462 ἔχοντα.
885 4392 948 4446 Εί
973 4391 1085 4465 γάρ
1118 4393 1474 4468 τῷχρήματα
1519 4397 1721 4470 ἔχοντι,
1751 4401 1848 4456 καὶ
1886 4403 1962 4476 μὴ
2006 4421 2106 4476 με-

500 4482 797 4548 ταδιδόντι,
841 4483 1069 4550 κόλασις
1099 4489 1279 4541 κεῖται
1303 4503 1316 4516 ·
1352 4488 1431 4560 τῷ
1459 4489 1748 4564 δυναμένῳ
1772 4499 2103 4568 παραινέσαι

501 4576 890 4648 ὁπωσδήποτε,
923 4579 1018 4631 καὶ
1045 4578 1120 4650 μὴ
1143 4579 1306 4634 τοῦτο
1332 4581 1599 4649 ποιοῦντι,
1633 4585 1750 4650 πῶς
1772 4587 1833 4640 οὑ
1869 4590 2102 4664 μεγίστη

503 4668 734 4734 κόλασις
758 4669 913 4724 ἐσται
940 4686 955 4736 ;
987 4671 1137 4725 Ἐκεῖ
1167 4671 1328 4744 σῶμα
1347 4673 1632 4746 τρέφεται,
1662 4678 1898 4734 ἐνταῦθα
1915 4681 2062 4755 ψυχή
2087 4701 2100 4714 ο

503 4762 630 4814 ἐκεῖ
659 4759 891 4816 θάνατον
917 4761 1154 4829 κωλύεις
1200 4765 1294 4821 τὸν
1333 4767 1698 4841 πρόσκαιρον,
1725 4772 1963 4828 ἐνταῦθα
2013 4777 2104 4830 τὸν

503 4851 752 4910 αἰώνιον.

580 5033 653 5104 γ’.
683 5033 824 5088 Ἀλλ’
859 5033 962 5088 οὑκ
977 5034 1090 5106 ἔχω
1114 5035 1299 5107 λόγον,
1330 5039 1518 5110 φησίν.
1565 5043 1706 5098 Ἀλλ’
1737 5045 1800 5099 οὑ
1824 5048 1986 5120 χρεία
2020 5049 2106 5105 λό-

508 5143 636 5191 γου,
672 5125 798 5180 οὐδὲ
830 5126 1190 5195 εὐγλωττίας.
1235 5130 1364 5184 Ἐὰν
1402 5132 1518 5205 ίδῃς
1541 5135 1634 5188 τὸν
1663 5136 1818 5206 φίλον
1871 5141 2106 5214 πορνεύ-

502 5237 656 5285 οντα,
689 5219 815 5274 εἰπὲ
850 5221 988 5292 πρὸς
1023 5222 1188 5276 αὑτόν
1213 5237 1226 5251 °
1251 5223 1495 5296 Πονηρδν
1525 5229 1808 5300 πράγμαδ
1833 5233 2102 5306 μετέρχῃ,

501 5312 610 5365 οὑκ
640 5310 898 5382 αἰσχύνῃ,
939 5313 1042 5366 οὑκ
1072 5313 1375 5385 ἐρυθριᾷς;
1410 5317 1582 5372 κακὸν
1613 5319 1774 5374 τοῦτό
1801 5324 1968 5380 ἐστιν.
1999 5327 2106 5380 Αὑ-

502 5405 598 5468 16;
631 5405 742 5476 γάρ
769 5405 871 5459 οὑκ
905 5400 1038 5470 οἶδε,
1068 5407 1258 5476 φησὶν,
1289 5410 1371 5463 ὅτι
1396 5411 1568 5465 κακόν
1591 5430 1610 5479 ;
1633 5413 1765 5479 Ναὶ,
1797 5410 1960 5483 οῒδεν,
1989 5419 2106 5473 ἀλλ’

502 5495 614 5551 ὑπδ
633 5495 738 5567 τῆς
763 5496 1065 5569 ἐπιθυμίας
1090 5499 1332 5554 ἕλκεται.
1365 5502 1477 5555 Καὶ
1510 5505 1558 5556 οἱ
1589 5506 1877 5571 νοσοῦντες
1902 5511 2106 5580 ἴσασιν,

501 5590 588 5643 ὅτι
650 5587 684 5660 ἡ
741 5587 1093 5662 ψυχροποσία
1133 5589 1322 5654 κακὸν,
1364 5591 1479 5646 ἀλλ’
1523 5595 1676 5665 ὅμως
1731 5597 1945 5655 δέονται
1993 5603 2105 5660 τῶν

502 5679 865 5736 κωλυσόντων
895 5678 1050 5753 [285]
1076 5697 1090 5711 ·
1125 5681 1154 5734 6
1178 5680 1288 5754 γὰρ
1315 5684 1374 5736 ἐν
1393 5683 1471 5755 τῷ
1496 5685 1658 5741 πάθει
1681 5687 1777 5755 ῶν,
1803 5692 1864 5746 οὑ
1896 5696 2108 5766 ταχέως

507 5767 694 5842 ἐαυτῷ
719 5769 963 5842 ἀρκέσαι
984 5769 1282 5842 δυνήσεται
1312 5774 1372 5828 ἐν
1395 5777 1465 5848 τῇ
1490 5776 1656 5850 νόσῳ.
1689 5781 1787 5835 Δεῖ
1803 5781 1988 5840 τοίνυν
2006 5803 2103 5842 σου

1281 316 1349 372 ΙΝ
1389 317 1613 376 EPIST.
1643 318 1735 374 AD
1771 316 2138 376 IIEBR/EOS.
2174 314 2329 372 CAP.
2374 314 2487 372 XII.
2523 313 2758 370 HOMIL.
2803 312 2969 369 XXX.

3701 311 3810 366 ‘212

2211 433 2306 488 τοῦ
2337 433 2679 502 ὑγιαίνοντος
2710 449 2748 483 π
2760 430 2852 502 ρδς
2881 430 2980 499 τὴν
3010 427 3222 483 ἐκείνου
3255 429 3502 500 ἰατρείαν
3527 443 3538 457 ·
3588 425 3691 481 κᾶν
3730 430 3810 498 μή

2221 526 2420 597 πεισθῇ
2446 524 2523 596 τῷ
2563 526 2793 598 ῥήματι,
2834 523 3230 593 παρατήρησον
3261 522 3493 575 ἀπιόντα
3519 521 3610 574 καὶ
3635 516 3810 574 κάτα-

2207 637 2324 689 σχε,
2362 619 2494 681 ίσως
2525 618 2962 689 ἐντραπήσεται.
2995 615 3104 669 Καὶ
3129 614 3204 679 τί,
3229 615 3415 685 φησὶν,
3435 613 3651 681 ὄφελος,
3677 615 3810 668 ὅταν

2203 710 2270 762 δι’
2303 709 2404 779 ἐμὲ
2435 707 2596 760 τοῦτο
2623 710 2774 776 ποιῇ.
2814 707 2910 758 καὶ
2943 704 3036 757 διὰ
3073 704 3135 757 16
3177 703 3626 774 κατασχεσθῆναι
3671 701 3807 770 παρ’

2205 799 2373 870 ἐμοῦ;
2403 799 2495 869 Μὴ
2527 794 2890 868 ἀκριϐολογοῦ
2913 811 2927 825 ·
2958 793 3095 856 τέως
3120 792 3423 863 οίῳδήποτε
3447 792 3637 862 τρόπῳ
3667 790 3806 843 ἀπό-

2203 907 2404 962 στησον
2439 889 2603 944 αὑτὸν
2645 891 2742 960 τῆς
2786 887 3035 958 πονηρᾶς
3072 885 3329 958 πράξεως
3356 898 3368 913 ⁶
3409 883 3684 954 ἐθισθήτω
3724 885 3799 953 μὴ

2202 981 2425 1036 ἀπιέναι
2453 983 2533 1044 είς
2564 982 2743 1032 ἐκεῖνο
2770 979 2830 1032 16
2862 978 3143 1049 βάραθρον
3165 993 3178 1005 °
3220 975 3332 1028 εἴτε
3356 975 3444 1028 διὰ
3481 975 3560 1038 σέ,
3591 976 3702 1027 εἴτε
3732 970 3785 1025 δι

2201 1073 2490 1143 ὁτιδήποτε
2537 1071 2782 1141 κωλυθῇ,
2830 1071 3023 1139 κέρδος
3063 1068 3216 1121 ἐσται
3252 1070 3316 1120 ἐκ
3370 1066 3584 1119 τούτου.
3618 1065 3794 1117 Ὅταν

2202 1166 2311 1236 γάρ
2356 1165 2546 1238 ἐθίσῃς
2591 1164 2753 1216 αὑτὸν
2793 1162 2868 1232 μὴ
2907 1161 3150 1219 ἀπιέναι,
3193 1160 3313 1212 τότε
3344 1160 3549 1230 δυνήσῃ
3596 1155 3794 1228 μικρὸν

2204 1257 2624 1312 ἀναπνεύσαντα
2659 1253 2865 1320 λαϐὼν,
2898 1255 3128 1318 διδάξαι,
3171 1254 3252 1306 ὅτι
3289 1252 3394 1323 χρὴ
3423 1252 3511 1306 διὰ
3539 1252 3628 1303 τὸν
3659 1251 3794 1304 ea?”

2204 1351 2365 1405 τοῦτο
2401 1350 2477 1422 μὴ
2501 1351 2698 1413 ποιεῖν,
2733 1349 2831 1402 καὶ
2861 1349 2923 1402 οὑ
2951 1350 3020 1402 δι’
3065 1347 3378 1419 ἄνθρωπον.
3429 1345 3522 1411 Μὴ
3569 1343 3806 1415 θελήσῃς

2207 1444 2298 1514 ὑφ’
2338 1443 2394 1497 ἓν
2435 1442 2787 1513 κατορθῶσαι
2832 1441 2896 1494 16
2950 1442 3089 1501 πᾶν,
3133 1439 3256 1491 ἐπεὶ
3292 1439 3354 1490 οὑ
3407 1437 3638 1509 δυνήσῃ,
3690 1435 3808 1488 ἀλλ’

2207 1535 2393 1608 ἠρέμα
2423 1536 2519 1589 καὶ
2547 1534 2688 1589 κατά
2719 1534 2938 1605 μικρόν.
2959 1533 3057 1584 Ἂν
3089 1533 3170 1594 εἰς
3211 1532 3374 1584 πότον
3401 1531 3516 1601 ίδῃς
3548 1531 3806 1593 ἀπιόντα,

2207 1625 2304 1680 καὶ
2358 1627 2440 1689 είς
2488 1626 2772 1697 συμπόσια
2832 1623 3008 1693 μέθης
3054 1622 3492 1692 πεπληρωμένα,
3539 1623 3700 1675 κάκεῖ
3748 1621 3812 1673 16

2208 1716 2342 1770 αὐτὸ
2391 1715 2556 1780 ποίει,
2616 1716 2713 1769 καὶ
2749 1715 2915 1770 αὑτὸν
2968 1714 3131 1769 πάλιν
3194 1714 3608 1784 παρακάλεσον,
3659 1710 3807 1765 εἴτι

2210 1809 2411 1879 συνορᾷ
2441 1807 2737 1878 ἐλάττωμά
2781 1824 2840 1860 σε
2883 1806 3098 1876 ἔχοντα,
3129 1805 3350 1877 βοηθεῖν
3397 1805 3490 1858 καὶ
3533 1803 3802 1874 διορθοῦν.

2209 1898 2369 1954 Οὕτω
2404 1899 2515 1970 γάρ
2553 1901 2648 1952 καὶ
2681 1898 2774 1952 ἐπὶ
2817 1897 3019 1951 ἑαυτοῦ
3064 1898 3156 1951 τὸν
3196 1899 3419 1967 ἔλεγχον
3458 1897 3622 1960 οἴσει,
3679 1899 3812 1950 ὅταν

2213 1991 2298 2065 ἴδῃ
2335 1992 2430 2044 καὶ
2456 1993 2515 2044 σὲ
2540 1990 2802 2062 δεόμενον
2842 1991 3106 2061 ἐλέγχων,
3145 1992 3240 2043 καὶ
3279 1990 3354 2060 μὴ
3399 1989 3475 2054 ὡς
3511 1989 3582 2043 τά
3626 1989 3811 2045 πάντα

2209 2083 2637 2156 κατωρθωκότα,
2683 2083 2821 2155 μηδέ
2854 2083 2932 2148 ὡς
2970 2083 3316 2147 διδάσκαλον,
3355 2081 3474 2136 ἀλλ’
3528 2083 3605 2147 ὡς
3647 2079 3804 2152 φίλον

2209 2181 2303 2232 καὶ
2331 2178 2562 2247 ἀδελφὸν
2611 2178 2936 2251 βοηθοῦντα.
2969 2177 3107 2230 Είπέ
3155 2177 3293 2250 πρὸς
3330 2177 3516 2243 αὑτὸν,
3558 2176 3699 2245 Ἑγὼ
3746 2193 3810 2231 σε

2208 2272 2415 2342 ὥνησα,
2459 2273 2784 2344 ὑπομνήσας
2813 2272 2923 2325 τῶν
2953 2269 3349 2342 συμφερόντων
3371 2286 3382 2298 ·
3422 2271 3521 2323 καὶ
3556 2270 3623 2322 σὺ
3664 2269 3806 2342 ὅπερ

2209 2365 2276 2420 ἃν
2307 2365 2526 2438 συνίδῃς
2551 2365 2846 2435 ἐλάττωμα
2881 2364 3076 2436 ἔχοντά
3108 2381 3199 2434 με,
3233 2360 3609 2432 ἀναχαίτισον,
3657 2361 3804 2433 διόρ-

2210 2460 2420 2514 θωσον·
2471 2460 2537 2514 ἂν
2582 2460 2803 2532 ὀργίλον
2846 2460 2984 2530 ίδῃς.
3032 2457 3099 2512 ἂν
3128 2457 3489 2530 πλεονέκτην,
3537 2456 3808 2524 κάτασχε,

2207 2552 2372 2622 δῆσον
2395 2553 2461 2623 τῇ
2487 2553 2832 2622 παραινέσει.
2869 2549 3053 2603 Τοῦτό
3075 2551 3192 2602 ἐστι
3227 2548 3378 2617 φιλία
3400 2565 3414 2581 ο
3445 2544 3619 2610 οὑτως
3650 2545 3809 2601 ἀδελ-

2211 2646 2312 2715 φὺς
2369 2645 2474 2699 ὑπὸ
2526 2643 2761 2714 ἀδελφοῦ
2811 2640 3203 2715 βοηθούμενος,
3273 2638 3350 2706 ὥς
3419 2636 3574 2705 πόλις
3633 2638 3810 2711 ὀχυρά

2208 2739 2420 2808 γίνεται
2440 2755 2453 2768 ·
2482 2739 2543 2792 οὑ
2570 2737 2679 2808 γάρ
2710 2737 2770 2790 16
2804 2739 2998 2807 φαγεῖν
3032 2737 3126 2791 καὶ
3152 2736 3213 2789 τὸ
3244 2738 3390 2788 πιεῖν
3421 2737 3571 2788 ποιεῖ
3595 2733 3802 2804 φιλίαψ

2208 2831 2470 2903 τοιαύτην
2507 2830 2616 2902 γάρ
2645 2830 2742 2883 καὶ
2767 2829 2966 2901 λῃσταὶ
2994 2829 3181 2900 έχουσι
3207 2832 3302 2882 καὶ
3330 2827 3671 2899 ἀνδροφόνοι·
3690 2825 3809 2880 ἀλλ’

2209 2926 2258 2977 εἰ
2285 2923 2430 2994 φίλοι
2453 2923 2642 2993 ἐσμὲν,
2664 2923 2712 2975 εί
2730 2922 2898 2986 ὅντως
2927 2921 3174 2992 ἀλλήλων
3201 2921 3504 2991 κηδόμεθα,
3529 2922 3606 2983 εἰς
3634 2919 3809 2973 ταῦτα

2210 3015 2468 3085 ἀλλήλοις
2496 3031 2560 3066 συ
2570 3011 2948 3084 μϐαλλὼμεθα
2965 3029 2980 3042 ⁸
3013 3011 3190 3065 ταῦτα
3209 3013 3291 3074 εἰς
3307 3011 3492 3080 φιλίαν
3513 3011 3545 3080 ή
3555 3012 3662 3080 μᾶς
3686 3011 3811 3078 ἄγει

2211 3105 2488 3177 ἐπωφελῆ,
2520 3104 2696 3159 ταῦτα
2723 3103 2926 3158 κωλύει
2960 3106 3040 3167 εἰς
3070 3104 3302 3172 γέενναν
3337 3102 3618 3157 ἀπελθεῖν.
3652 3103 3810 3172 Μήτε

2209 3195 2304 3253 οὖν
2361 3199 2390 3252 6
2448 3197 2808 3268 ἐλεγχόμενος
2867 3197 3287 3266 ἀγανακτείτω·
3357 3196 3637 3268 ἄνθρωποι
3697 3197 3815 3268 γάρ

2209 3292 2397 3361 ἐσμεν,
2434 3288 2531 3343 καὶ
2570 3287 2768 3360 ἔχομεν
2799 3285 3162 3357 ἐλαττώματα
3185 3303 3198 3315 ·
3240 3286 3379 3358 μήτε
3402 3288 3430 3340 6
3459 3285 3702 3357 ἐλέγχων
3729 3286 3814 3350 ὼς

2211 3382 2554 3452 ἐπεγγελῶν,
2603 3383 2636 3452 ἢ
2677 3381 2753 3444 ὡς
2808 3380 3186 3451 ἐπεμϐαίνων,
3240 3381 3401 3434 τοῦτο
3457 3379 3683 3434 ποιείτω
3716 3379 3812 3432 καὶ⁵

2211 3475 2607 3547 ἐκπομπεύων,
2663 3475 2803 3529 ἀλλά
2848 3476 2972 3528 κατ’
3022 3475 3182 3537 ἰδίαν,
3249 3472 3388 3544 μετά
3439 3471 3808 3546 προσηνείας’

2211 3565 2456 3630 πλείονος
2479 3566 2590 3638 γάρ
2620 3566 2793 3620 δεῖται
2833 3565 3169 3638 προσηνείας
3189 3568 3218 3619 6
3248 3565 3509 3636 ἐλέγχων,
3542 3565 3630 3620 ἵνα
3666 3564 3812 3618 οὑτω

2211 3656 2378 3727 πείσῃ
2404 3655 2504 3728 τὴν
2534 3655 2710 3726 τομὴν
2753 3655 3022 3723 ἐνεγκεῖν.
3061 3653 3175 3725 Οὑχ
3205 3655 3370 3725 ὁρᾶτε
3400 3655 3529 3717 τοὺς
3563 3652 3809 3722 ἰατροὺς,

2209 3749 2338 3802 ὅταν
2364 3748 2621 3813 καίωσιν,
2655 3748 2787 3802 ὅταν
2817 3747 3083 3816 τέμνωσι,
3113 3746 3254 3816 μετά
3277 3746 3452 3816 πόσης
3471 3743 3817 3815 προσηνείας.

2208 3843 2308 3914 τήν
2342 3842 2645 3915 θεραπείαν
2682 3843 2950 3910 ἐπάγουσι
2973 3858 2990 3907 ;
3014 3839 3206 3910 Πολλῷ
3246 3838 3448 3909 μᾶλλον
3488 3838 3616 3902 τοὺς
3645 3837 3810 3906 ἐλέγ-

2209 3953 2408 4008 χοντας
2450 3935 2612 3990 τοῦτο
2657 3935 2740 3989 δεῖ
2802 3935 3007 3988 ποιεῖν’
3071 3934 3164 3988 καὶ
3213 3934 3322 4002 γάρ
3369 3931 3466 3985 καὶ
3512 3931 3684 4002 πυρὸς
3713 3931 3810 3983 καὶ

2211 4031 2439 4103 σιδήρου
2483 4030 2845 4102 σφοδρότερον
2907 4027 3063 4102 [ἓὸόῖ
3113 4027 3373 4098 ἐλεγχος,
3421 4025 3522 4080 καὶ
3575 4025 3817 4096 σκιρτᾷνι

2211 4125 2396 4177 ποιεῖ·
2449 4125 2546 4178 καὶ
2576 4123 2666 4177 διὰ
2703 4121 2868 4176 τοῦτο
2919 4121 3015 4175 καὶ
3062 4122 3112 4174 οί
3153 4120 3332 4191 ἰατροὶ
3386 4117 3558 4172 πολλά
3608 4118 3809 4188 ἐπιτη-

2208 4217 2476 4283 δεύουσιν,
2530 4214 2674 4270 ὥστε
2729 4215 2978 4282 ἐνεγκεῖν
3028 4212 3218 4284 πράως
3289 4210 3392 4282 τὴν
3447 4211 3646 4281 τομὴν,
3709 4207 3810 4263 καὶ

2209 4309 2528 4384 προσηνῶς,
2557 4309 2635 4373 ὡς
2661 4303 2773 4362 οἷόν
2804 4324 2887 4373 τε,
2913 4305 3129 4378 ταύτην
3153 4305 3461 4374 ἐπάγουσι,
3481 4305 3578 4358 καὶ
3608 4302 3813 4374 μικρὸν

2208 4403 2528 4470 ἐνδιδόντες,
2574 4397 2694 4456 εἶτα
2731 4400 3069 4472 παρέχοντες
3099 4397 3462 4452 ἀναπνεῦσαι.
3503 4395 3662 4450 Οὕτω
3712 4395 3809 4449 καὶ

2207 4496 2334 4560 τοὺς
2359 4494 2620 4566 ἐλέγχους
2640 4495 2724 4548 δεῖ
2749 4494 2947 4554 ποιεῖν,
2990 4491 3079 4544 ἵνα
3119 4491 3214 4544 καὶ
3243 4491 3294 4544 οί
3343 4488 3694 4560 ἐλεγχόμενοι
3729 4486 3809 4558 μὴ

2209 4587 2616 4660 ἀποσκιρτῶσι.
2647 4585 2768 4640 Κᾶν
2795 4583 3124 4656 ὑϐρισθῆναι
3155 4583 3339 4636 τοίνυν
3364 4581 3482 4654 δέῃ,
3518 4580 3623 4636 κᾶν
3667 4579 3808 4650 πλη-

2208 4682 2394 4752 γῆναι,
2455 4679 2530 4751 μὴ
2582 4675 3082 4750 παραιτησώμεθα.
3156 4675 3268 4729 Καὶ
3339 4673 3456 4746 γάρ¹
3503 4675 3702 4728 ἐκεῖνοι
3755 4672 3810 4725 οι

2209 4773 2559 4844 τεμνόμενοι,
2591 4769 2766 4842 μυρία
2797 4767 3116 4823 καταϐοῶσι
3163 4766 3274 4820 τῶν
3306 4766 3619 4837 τεμνόντων
3646 4779 3659 4793 ·
3688 4763 3810 4817 ἀλλ’

2209 4866 2410 4918 ἐκεῖνοι
2441 4863 2580 4932 πρὸς
2601 4862 2756 4916 οὑδέν
2785 4861 2995 4915 τούτων
3034 4859 3266 4932 ὁρῶσιν,
3301 4857 3483 4929 ἀλλ’ἢ
3525 4857 3666 4928 πρὸς
3703 4856 3809 4926 τὴν

2209 4955 2404 5025 ὑγείαν
2431 4955 2542 5009 τῶν
2567 4954 2892 5024 καμνόντων
2924 4953 3110 5025 μόνον.
3141 4952 3302 5006 Οὕτω
3327 4951 3392 5022 δή
3435 4951 3530 5003 καὶ
3567 4948 3808 5002 ἐνταῦθα

2210 5049 2391 5103 πάντα
2445 5048 2528 5102 δεῖ
2572 5049 2750 5102 ποιεῖν
2803 5048 2942 5119 πρὸς
2981 5046 3045 5100 16
3096 5044 3193 5098 τὸν
3235 5044 3458 5114 ἔλεγχον
3512 5041 3804 5114 χρησίμως

2209 5140 2487 5209 γενέσθαι,
2515 5141 2693 5196 πάντα
2731 5141 2920 5211 φέρειν
2948 5138 3086 5210 πρὸς
3106 5136 3201 5191 τὸν
3239 5135 3432 5204 μισθὸν
3472 5134 3800 5206 ἀφορῶντας

2208 5233 2299 5287 τὸν
2331 5234 2715 5305 ἀποκείμενον.
2745 5230 3078 5296 Ἀλλήλων,
3108 5229 3263 5298 φησὶ,
3290 5227 3538 5297 τὰιβὰρη
3555 5227 3790 5293 βαστά-

2209 5325 2355 5394 (ere,
2374 5326 2473 5381 καὶ
2489 5326 2678 5393 οὕτως
2691 5323 3171 5392 ἀναπληρώσατε
3199 5325 3306 5378 τὸν
3330 5325 3523 5392 νόμον
3532 5321 3640 5377 τοῦ
3658 5324 3799 5391 Χρι-

2209 5436 2382 5475 στου.
2409 5419 2597 5484 Οῦτως
2631 5415 2726 5472 οὖν
2749 5419 2844 5472 καὶ
2873 5417 3190 5488 ἐλέγχοντες
3229 5419 3326 5471 καὶ
3351 5417 3615 5489 φέροντες
3638 5415 3809 5486 ἀλλή-

2207 5512 2354 5577 λους,
2386 5511 2732 5582 δυνησόμεθα
2783 5509 3182 5582 ἀναπληρῶσαι
3231 5509 3331 5583 τὴν
3381 5510 3674 5581 οἰκοδομὴν
3704 5509 3807 5563 τοῦ

2209 5601 2480 5673 Χριστοῦ·
2519 5603 2614 5656 καὶ
2645 5604 2779 5674 ἡμῖν
2815 5600 2958 5656 οὕτω
2987 5605 3247 5676 ποιήσετε
3273 5603 3478 5672 κοῦφον
3499 5601 3591 5656 τὸν
3614 5601 3805 5667 πόνον⁹

2209 5697 2273 5750 ἐν
2300 5695 2475 5750 ἅπασι
2512 5693 3024 5767 συλλαμϐανόμενοι
3047 5697 3180 5767 ήμῖν
3210 5697 3306 5750 καὶ
3333 5698 3492 5766 χεῖρα
3513 5695 3803 5766 ὀρέγοντες

2210 5788 2306 5844 καὶ
2337 5786 2598 5860 μερισταὶ
2627 5787 2908 5860 γινόμενοι
2936 5788 3032 5843 καὶ
3061 5789 3330 5856 κοινωνοὶ,
3374 5787 3472 5843 καλ⁵
3500 5787 3601 5859 τῆς
3625 5785 3798 5858 ἀλλή-
