4202 6474
494 311 604 369 915

495 426 606 480 λων
637 425 927 497 σωτηρίας,
971 426 1067 480 καὶ
1093 426 1192 494 τῆς
1228 425 1363 489 ίδίας
1383 425 1636 489 ἕκαστος.
1674 425 2070 496 ’Υπομένωμεν

494 510 677 563 τοίνυν
702 512 796 563 καὶ
827 511 1084 581 φέροντες
1114 508 1181 562 τά
1207 507 1456 578 ἀλλήλων
1485 508 1651 579 βάρη.
1694 509 1790 562 καί⁵
1815 509 2070 580 ἐλέγχον-

1185 314 1241 368 S.
1283 313 1569 369 JOANNIS
1603 311 2099 370 CIIRYSOSTOMI
2138 314 2459 373 ARCHIEP.
2500 315 3052 375 CONSTANTINOP.

3651 317 3760 369 2H

2177 444 2291 490 τες,
2323 428 2413 481 ἵνα
2452 427 2709 498 τύχωμεν
2738 427 2846 481 τῶν
2879 427 3311 500 ἐπηγγελμένων
3345 426 3481 498 ἡμῖν
3507 424 3755 499 ἀγαθῶν,

2176 510 2236 563 ἐν
2263 512 2486 583 Χριστῷ
2523 511 2699 583 Ἰησοῦ
2733 511 2811 584 τῷ
2836 512 3028 585 Κυρίῳ
3063 511 3243 585 ἡμῶν.

1952 925 2198 978 ΟΜῘΛῘᾹ
2236 924 2341 978 AA'
2378 934 2417 976 '.

492 1102 771 1173 Εἰρήνην
789 1098 1029 1155 διώκετε
1040 1100 1190 1173 μετὰ
1209 1100 1454 1154 πάντων
1475 1103 1572 1156 καί
1614 1107 1721 1156 τόν
1747 1103 2066 1173 ἁγιασμόν,

699 1166 771 1227 οὗ
803 1173 982 1239 χωρίς
1011 1166 1211 1237 οὖδεὶς
1244 1173 1453 1239 ὄψεται
1484 1173 1590 1226 τόν
1619 1166 1855 1240 Κύριον.

561 1360 611 1409 α’
658 1352 837 1407 Πολλά
858 1352 956 1421 μὲν
974 1351 1091 1406 ἔστι
1117 1352 1185 1407 τὰ
1214 1355 1694 1425 χαρακτηρίξοντα
1709 1356 2071 1427 τδνΧριστιαο

486 1437 705 1504 νισμδν,
749 1434 951 1505 μᾶλλον
976 1436 1037 1488 δέ
1076 1436 1296 1489 πάντων
1334 1438 1430 1491 καὶ
1459 1440 1707 1508 κρεῖττον
1748 1440 2064 1509 ἀπάντωνή

490 1520 628 1590 7:96;
658 1520 921 1590 ἀλλήλους
947 1521 1135 1591 ἀγάπη
1170 1523 1315 1591 καὶὴ
1353 1523 1566 1593 εἰρήνη.
1599 1523 1700 1575 Διά
1733 1523 1893 1577 τοῦτο
1919 1526 2011 1577 καὶ
2040 1527 2070 1579 6

486 1600 724 1673 Χριστός
753 1619 950 1672 φησιν·
980 1603 1245 1672 Εἰρήνην
1295 1604 1410 1671 τὴν
1452 1606 1607 1673 ἐμὴν
1645 1605 1855 1676 δίδωμι
1888 1607 2064 1677 ὐμῖν⁶

486 1692 584 1739 καὶ
608 1687 792 1751 πάλιν,
838 1690 935 1740 Ἐν
958 1688 1147 1752 τούτῳ
1168 1688 1504 1756 γνώσονται
1543 1688 1786 1756 πάντες,
1816 1691 1906 1745 ὅτι
1939 1690 2068 1760 ἐμοὶ

482 1770 744 1837 μαθηταί
782 1770 941 1836 ἐστε,
966 1770 1078 1823 ἐὰν
1100 1769 1367 1840 ἀγαπᾶτε
1394 1772 1728 1839 ἀλλήλους.
1768 1773 1869 1826 Διά
1910 1770 2082 1828 τοῦτο⁴

488 1852 586 1904 καὶ
632 1853 661 1904 6
693 1852 907 1916 Παῦλος
958 1854 1051 1906 νῦν
1095 1870 1294 1922 φησιν·
1340 1855 1607 1923 Εἰρήνην
1642 1855 1886 1910 διώκετε
1917 1857 2069 1925 μετὰ

486 1933 731 1987 πάντων
758 1936 859 1988 καί
894 1936 1003 1989 τὸν
1041 1936 1362 2005 ἁγιασμόν,
1411 1937 1684 2001 τουτέστι,
1733 1938 1835 2010 τὴν
1873 1940 2067 2010 σεμνό-

484 2032 644 2084 τητα,
670 2012 743 2072 οὗ
771 2018 953 2086 χωρίς
988 2020 1189 2085 οὐδεὶς
1221 2017 1373 2090 [285]
1411 2020 1624 2087 ὄψεται
1671 2020 1776 2073 τόν
1822 2022 2066 2089 Κύριον.

498 2098 1014 2166 Ἐπισκοποῦντες
1031 2102 1116 2170 μή
1142 2120 1231 2167 τις
1248 2101 1520 2171 ὑστερῶν
1540 2102 1657 2157 ἀπὸ
1688 2101 1797 2171 τῆς
1825 2104 2069 2172 χάριτος

484 2182 592 2235 τοῦ
649 2183 820 2238 Θεοῦ.
860 2185 1131 2255 Καθάπερ
1179 2186 1299 2239 ὀδόν
1341 2203 1465 2239 τινα
1515 2187 1736 2257 μακράν
1772 2187 2067 2242 ὁδευόντων

484 2268 547 2317 ὲν
577 2266 796 2339 συνοδίᾳ
826 2267 1019 2339 πολλῇ,
1057 2268 1309 2339 βλέπετε,
1331 2270 1488 2340 φησί,
1530 2271 1601 2340 μή
1631 2286 1715 2332 τις
1748 2270 2065 2340 άπέμεινενο

483 2349 546 2400 οὐ
569 2349 679 2419 γὰρ
713 2350 871 2404 τοῦτο
900 2352 1048 2422 ζητῶ
1070 2352 1259 2422 μόνον,
1309 2353 1399 2407 ἵνα
1444 2354 1605 2422 ὑμεῖς
1657 2354 2066 2424 παραγένησθε,

483 2432 601 2484 ἀλλ’
634 2433 721 2486 ῖνα
751 2434 848 2486 καὶ
877 2435 1003 2499 τοὺς
1026 2436 1219 2499 ἄλλους
1241 2438 1603 2506 ὲπισκοπῆτε.
1630 2435 1726 2502 Μή
1762 2453 1854 2503 τις
1888 2439 2068 2491 ὑστε-

481 2514 624 2582 ρῶν,
669 2519 855 2587 φησὶν,
900 2520 1026 2574 ἀπὸ
1058 2518 1169 2587 τῆς
1214 2520 1458 2588 χάριτος
1511 2520 1620 2574 τοῦ
1673 2522 1842 2575 Θεοῦ.
1891 2524 2069 2594 Χάριν

483 2600 581 2653 τοῦ
612 2601 748 2655 Θεοῦ
778 2602 846 2655 τά
879 2602 1147 2673 μέλλοντα
1176 2604 1335 2657 καλεῖ
1373 2602 1573 2671 ἀγαθά,
1612 2604 1712 2674 τὴν
1748 2605 1932 2659 πίστιν
1967 2607 2068 2679 τὴν

485 2682 873 2754 εὐαγγελικὴν,
897 2684 996 2755 τὴν
1023 2685 1254 2757 ἀρίστην
1277 2686 1557 2740 πολιτείαν
1580 2704 1593 2718 ο
1616 2688 1797 2742 πάντα
1824 2690 1933 2761 γάρ
1964 2692 2067 2760 τῆς

482 2768 580 2819 τοῦ
609 2767 745 2821 Θεοῦ
784 2768 1008 2839 χάριτός
1037 2771 1174 2823 ἐστι.
1223 2770 1314 2841 Μὴ
1364 2769 1458 2824 οῦν
1496 2788 1585 2841 μοι
1633 2773 1814 2844 εἴπῃς,
1860 2774 1942 2828 ὅτι
1985 2771 2068 2840 εἷς

482 2852 635 2905 ἐστιν
668 2854 697 2905 ό
723 2853 1097 2923 ἀπολλύμενος
1119 2868 1133 2881 ⁸
1167 2854 1258 2907 καὶ
1279 2853 1344 2907 δι’
1365 2853 1463 2907 ἕνα
1492 2855 1520 2907 ό
1538 2856 1773 2926 Χριστὸς
1802 2857 2063 2911 ἀπέθανε.

483 2936 562 2989 Δι’
598 2936 694 2989 ἕνα
724 2938 752 2991 6
782 2937 1021 3007 Χριστὸς
1069 2937 1333 3002 ἀπέθανε,
1393 2939 1457 2991 σὺ
1506 2938 1563 2991 δὲ
1619 2939 1680 2992 06
1721 2940 2063 3009 φροντίζειςς

494 3017 1031 3085 Ἐπισκοποῦντες,
1082 3019 1250 3090 φησί·
1298 3022 1601 3087 τουτέστιν,
1634 3022 1882 3094 ἀκριϐῶς
1911 3025 2068 3095 ἐρευ-

483 3103 708 3165 νῶντες,
764 3102 1259 3173 ἐπισκεπτόμενοι,
1324 3105 1865 3174 καταμανθάνοντες,
1928 3108 2065 3179 ὅπερ

482 3185 635 3238 ἐστὶν
670 3187 763 3239 ἐπὶ
796 3185 904 3239 τῶν
934 3186 1197 3250 ἀσθενῶν,
1248 3185 1344 3240 καὶ
1385 3186 1473 3240 διὰ
1519 3188 1741 3242 πάντων
1781 3190 2066 3255 ἐξετάζον-

481 3285 596 3332 τες,
621 3269 649 3309 b
677 3267 1255 3340 [καταμανθάνοντες].
1286 3273 1346 3324 Μ
1351 3270 1383 3335 ἡ
1406 3287 1499 3337 τις
1518 3270 1653 3339 ῥίζα
1674 3275 1916 3340 πικρίας
1944 3274 2066 3328 ἅνω

480 3352 728 3417 φύουσα
759 3352 1011 3422 ἐνοχλῇ.
1049 3353 1220 3411 Τοῦτο
1242 3355 1301 3408 ἐν
1329 3353 1408 3424 τῷ
1434 3357 1597 3408 Δευτε
1609 3357 1846 3428 ρονομίῳ
1864 3358 2063 3411 κεῖταιο

484 3435 644 3490 ἔλασε
676 3436 733 3489 δὲ
759 3436 893 3490 66:6
926 3436 1036 3490 ἀπὸ
1065 3440 1380 3509 μεταφορᾶς
1419 3438 1528 3493 τῶν
1575 3440 1782 3508 φυτῶν.
1833 3441 1932 3509 Μή
1975 3459 2066 3509 τις

474 3517 632 3586 ῥίζα,
661 3521 815 3590 φησί,
841 3521 1115 3587 πικρίας-⁸
1150 3521 1179 3575 ὃ
1208 3524 1304 3574 καὶ
1343 3522 1585 3593 ἀλλαχοῦ
1618 3524 1850 3595 γράφων
1886 3524 2061 3593 λέγει,

480 3602 676 3672 Μικρὰ
706 3601 853 3673 ζύμη
896 3602 1047 3657 ὅλον
1075 3603 1142 3658 τό
1179 3605 1424 3674 φύραμα
1456 3604 1641 3675 (unci.
1691 3607 1805 3662 Οὐκ
1845 3608 2059 3662 ἐκείνου

485 3688 646 3751 μόνον
674 3688 861 3743 ἕνεκεν
884 3688 1071 3751 τοῦτο,
1113 3689 1270 3759 φησί,
1323 3689 1608 3761 βούλομαι,
1662 3690 1801 3745 ἀλλά
1842 3695 1937 3749 καὶ
1975 3694 2065 3747 διὰ

482 3771 582 3843 τὴν
622 3772 681 3836 ἐξ
730 3772 895 3826 αὑτοῦ
940 3772 1238 3842 γινομένην
1272 3770 1499 3844 βλάϐην.
1548 3774 1831 3843 Τουτέστι,
1880 3777 1987 3831 κάν

482 3872 566 3918 τις
598 3855 723 3926 ῥίζα
752 3855 1000 3927 τοιαύτη,
1037 3856 1311 3927 μηδεμίαν
1343 3855 1583 3928 βλάστην
1613 3858 1760 3929 ἀφῇς
1792 3860 2061 3923 ἀνελθεῖν,

479 3939 598 3992 ἀλλ’
648 3939 1027 4007 ἐκκοπτέσθω,
1076 3938 1218 3994 ὥστε
1267 3940 1343 4011 μὴ
1408 3940 1601 4011 φέρειν
1648 3942 1773 4005 τοὺς
1829 3945 2066 4008 οἰκείους

482 4024 753 4094 καρποὺς,
812 4023 954 4077 ὥστε
1011 4022 1086 4096 μὴ
1128 4023 1222 4077 καὶ
1271 4025 1399 4089 τοὺς
1456 4024 1653 4090 ἄλλους
1686 4026 1935 4097 μολύνειν
1970 4028 2067 4081 καὶ

486 4106 745 4175 μιαίνειν.
802 4106 898 4175 Μή
950 4123 1041 4172 τις
1096 4107 1226 4177 γάρ,
1275 4108 1432 4178 φησί,
1480 4107 1616 4176 ῥίζα
1661 4111 1903 4178 πικρίας
1941 4110 2065 4163 ἅνω

480 4192 726 4260 φύουσα
760 4191 1010 4260 ἐνοχλῇ,
1044 4192 1140 4246 καὶ
1171 4192 1270 4246 διὰ
1301 4193 1525 4260 ταύτης
1567 4194 1863 4263 μιανθῶσι
1917 4197 2063 4249 πολι⁸

478 4273 598 4328 .106
637 4275 745 4327 Καὶ
787 4275 1017 4338 εἰκότως
1070 4275 1274 4349 πικράν
1307 4276 1407 4349 τὴν
1442 4278 1720 4348 ἁμαρτίαν
1766 4277 2059 4333 ἐκάλεσενο

476 4355 634 4409 οὐδὲν
661 4355 771 4425 γάρ
800 4356 971 4420 ὅντως
999 4358 1272 4430 ἁμαρτίας
1316 4359 1646 4431 πικρότερον
1674 4377 1688 4391 ·
1742 4361 1839 4416 καὶ
1881 4361 2064 4414 ίσασιν

479 4438 534 4492 οἰ
575 4440 712 4509 μετά
755 4438 818 4492 :6
856 4441 1062 4509 πρᾶξαι
1112 4440 1216 4495 ὑπὸ
1257 4441 1351 4496 τοῦ
1397 4442 1701 4505 συνειδότος
1744 4443 2062 4515 τηκόμενοι,

479 4523 533 4577 οἰ
567 4522 793 4594 πικρίαν
817 4523 1015 4595 πολλὴν
1046 4524 1407 4596 ὑπομένοντες
1430 4541 1444 4556 ο
1471 4525 1776 4596 πικροτάτη
1801 4526 1908 4597 γὰρ
1928 4521 2065 4580 οὖσα

478 4606 797 4677 διαστρέφει
823 4606 955 4659 αὐτὸ
975 4607 1036 4660 :6
1060 4607 1389 4675 λογιστικόν.
1415 4607 1652 4677 Τοιαύτη
1680 4608 1713 4677 ἡ
1744 4607 1837 4661 τοῦ
1861 4607 2063 4679 πικροῦ

482 4688 666 4759 φύσις,
697 4688 843 4742 ἔστιν
876 4689 1153 4759 ἀνόνητος.
1196 4689 1306 4743 Καὶ
1352 4689 1534 4753 καλῶς
1581 4684 1736 4742 εἴπεο
1783 4688 1941 4751 Ῥίζα
1972 4704 2067 4745 πι-

481 4773 675 4840 κρίας.
712 4771 828 4825 Οὐκ
866 4768 1004 4835 εἷπε,
1055 4771 1257 4844 Πικρά,
1292 4771 1448 4835 ἀλλὰ,
1500 4773 1783 4840 Πικρίας·
1825 4774 1924 4842 τὴν
1966 4773 2065 4840 μὲν

483 4857 593 4926 γάρ
638 4855 839 4925 πικράν
875 4856 1031 4925 ῥίζαν
1068 4855 1184 4908 ἔστι
1232 4855 1482 4925 καρποὺς
1519 4855 1765 4923 ἐνεγκεῖν
1816 4854 2063 4924 γλυκεῖς,

482 4940 583 5010 τὴν
609 4939 667 4992 δὲ
694 4939 921 5010 πικρίας
956 4937 1113 5010 ῥίζαν
1146 4938 1241 4991 καὶ
1288 4937 1473 5009 πηγὴν
1506 4937 1601 4991 καὶ
1630 4938 1925 4993 ὑπόθεσιν·
1962 4940 2065 4994 οὐκ

482 5022 600 5076 ἔστι
623 5024 754 5076 ποτέ
780 5022 985 5091 γλυκὺν
1020 5022 1265 5089 ἐνεγκεῖν
1300 5020 1514 5092 καρπόν
1537 5037 1553 5052 ο
1587 5020 1766 5075 πάντα
1799 5022 1907 5094 γάρ
1945 5024 2063 5076 ἐστι

483 5104 680 5174 πικρά,
715 5106 866 5159 οὐδὲν
896 5104 1009 5174 ἔχει
1054 5103 1173 5173 ἡδὺ,
1214 5104 1395 5157 πάντα
1436 5103 1631 5175 πικρά,
1674 5105 1852 5159 πάντα
1898 5105 2059 5177 ἀηδῆ,

484 5188 664 5242 πάντα
695 5189 888 5259 μίσους
918 5186 1013 5240 καὶ
1038 5185 1370 5256 βδελυγμίας
1401 5187 1662 5256 γέμοντα.
1690 5190 1798 5243 Καὶ
1838 5188 1913 5241 δι’
1953 5192 2064 5243 αὺ-

483 5272 617 5341 τῆς,
660 5271 814 5341 φησί,
842 5267 1139 5338 μιανθῶσι
1170 5270 1412 5325 πολλοί.
1465 5272 1780 5333 Τουτέστιν.
1815 5273 1932 5328 Ἵνα
1984 5272 2059 5345 μὴ

482 5356 641 5409 τοῦτο
694 5354 941 5422 γένηται,
1006 5352 1132 5416 τοὺς
1184 5353 1433 5422 ἀσελγεῖς
1477 5354 1796 5410 ἐκκόπτετε.
1839 5356 1933 5424 Μή
1969 5375 2059 5422 τις

482 5439 727 5506 πόρνος,
767 5434 1089 5503 ἣβέϐηλος
1125 5436 1206 5503 ὡς
1246 5438 1455 5503 Ἡσαῦ,
1497 5438 1565 5505 ὃς
1599 5440 1733 5495 ἀντὶ
1772 5438 2061 5508 ,βρώσεως

479 5519 626 5592 μιᾶς
658 5517 916 5573 ἀπέδοτο
952 5522 1024 5572 τὰ
1047 5521 1410 5589 πρωτοτόκια
1428 5522 1636 5578 αὐτοῦ.
1668 5524 1777 5578 Καὶ
1802 5524 1902 5578 ποῦ
1927 5525 2061 5598 πόρ-

550 5694 724 5769 fl'ide
747 5701 908 5769 notha'm
930 5698 979 5747 in
1003 5712 1159 5769 τηατ-ε.
1189 5697 1623 5769 ἰῃιριιρτειαιὶοῃίε
1645 5700 1851 5755 Latinae.

545 5759 1029 5822 δΚαταμανθάνοντες
1051 5759 1247 5812 inélusil
1273 5759 1425 5814 etiam
1450 5762 1603 5813 Savil.

2171 1120 2262 1163 vo;
2286 1100 2354 1174 ἦν
2384 1105 2412 1155 6
2434 1103 2639 1162 Ἦσαῦζ
2676 1103 2750 1156 06
2778 1101 2937 1157 τοῦτο
2989 1102 3142 1175 [286]
3188 1101 3425 1157 ἐνταῦθά
3454 1119 3639 1173 φησιν,
3671 1103 3752 1157 δτι

2172 1187 2370 1255 πόρνος
2392 1181 2460 1257 ἦν
2481 1188 2510 1239 6
2552 1185 2748 1248 Ἡσαῦ,
2786 1185 2921 1241 ἀλλά
2954 1186 3091 1252 πρὸς
3120 1187 3529 1255 ἀντιδιαστολὴν
3574 1190 3752 1241 κεῖται

2171 1270 2288 1335 τοῦ,
2326 1271 2437 1322 Τόν
2464 1270 2762 1337 ἁγιασμόν
2791 1268 3031 1324 διώκετε
3054 1285 3069 1300 ⁸
3122 1271 3184 1323 :6
3225 1270 3301 1333 δέ,
3339 1272 3628 1337 Βέὄηλος,
3675 1271 3753 1334 ὡς

2172 1353 2308 1421 7:96;
2333 1354 2539 1405 ἐκεῖνον
2566 1353 2806 1425 εἴρηται.
2842 1353 2932 1423 Μή
2961 1369 3045 1416 τις
3068 1347 3162 1405 οῦν
3190 1352 3331 1405 ἔστω
3360 1354 3435 1414 ὡς
3485 1354 3513 1404 6
3553 1352 3749 1421 Ἠσαῦ,

2173 1434 2422 1504 βέϐηλος,
2456 1436 2727 1493 τουτέστι,
2765 1436 3206 1507 γαστρίμαργος,
3248 1436 3516 1506 ἀκρατὴς,
3554 1440 3750 1507 κοσμι-

2158 1516 2285 1579 ικδς,
2316 1517 2386 1570 τὰ
2418 1516 2766 1587 πνευματικά
2798 1518 3155 1588 ἀπεμπολῶν.
3184 1520 3289 1583 Ὃς
3307 1518 3440 1574 ἀντὶ
3467 1517 3751 1585 βρώσεως

2165 1599 2310 1671 μιᾶς
2329 1601 2584 1655 ἀπέδοτο
2619 1600 2690 1655 τὰ
2722 1604 3091 1669 πρωτοτόκια
3111 1603 3322 1658 αὐτοῦ.
3347 1601 3662 1664 Τουτέστιν,
3692 1601 3752 1665 ὃς

2170 1684 2270 1755 τὴν
2319 1683 2472 1753 παρά
2498 1682 2594 1738 τοῦ
2650 1685 2787 1738 Θεοῦ
2829 1685 2995 1756 τιμὴν
3024 1685 3236 1757 ταύτην
3278 1685 3369 1740 διά
3405 1686 3505 1755 τῆς
3541 1686 3752 1748 οἰκείας

2173 1766 2445 1839 ῥᾳθυμίας
2496 1768 2748 1827 ἀπέδοτο.
2803 1768 2899 1820 καί
2948 1770 3153 1839 μικρᾶς
3207 1768 3403 1840 ἡδονῆς
3447 1767 3605 1839 χάριν
3652 1768 3751 1836 τὴν

2172 1851 2437 1921 μεγίστην
2467 1849 2634 1921 τιμὴν
2678 1850 2773 1902 καὶ
2807 1849 2967 1914 δόξαν
3004 1851 3278 1913 ἀπώλεσε,
3329 1851 3503 1905 Τοῦτο
3534 1850 3752 1913 οἰκείως

2170 1931 2308 2003 πρὸς
2333 1933 2551 1998 αὐτοὺς,
2578 1933 2739 1986 τοῦτο
2767 1932 3048 2003 βδελυροῦ,
3084 1934 3244 1988 τοῦτο
3282 1934 3617 2004 ἀκαθάρτου.

2241 2015 2406 2068 Ὥστε
2436 2015 2535 2086 οὐχ
2568 2015 2597 2067 6
2633 2016 2833 2084 πόρνος
2874 2015 3187 2087 ἀκάθαρτος
3220 2017 3404 2087 μόνον,
3441 2015 3576 2070 ἀλλὰ
3601 2015 3693 2070 καί
3721 2015 3751 2069 ό

2168 2098 2608 2168 γαστρίμαργος,
2643 2098 2701 2162 6;
2730 2099 2846 2153 ἐστι
2876 2100 2974 2171 τῆς
2999 2099 3237 2171 γαστρὸς
3274 2099 3484 2163 δοῦλος.
3511 2100 3622 2153 Καὶ
3642 2097 3750 2169 γάρ

2169 2181 2263 2233 καὶ
2289 2174 2445 2244 06:0;
2478 2181 2673 2251 ἐτέρας
2702 2184 2854 2236 ἐστὶν
2893 2183 3091 2255 ἡδονῆς
3125 2183 3332 2249 δοῦλος,
3375 2183 3749 2251 ἀναγκάζεται

2169 2265 2547 2329 πλεονεκτεῖν,
2589 2266 2962 2334 ἀναγκάζεται
3001 2267 3306 2338 ἁρπάζειν,
3360 2266 3534 2338 μυρία
3576 2266 3750 2335 ἀσχη-

2171 2349 2377 2415 μονεῖν,
2405 2346 2592 2411 δοῦλος
2620 2347 2696 2401 ὢν
2727 2350 2821 2402 τοῦ
2854 2350 3061 2413 πάθους
3093 2349 3329 2414 ἐκείνου,
3379 2350 3475 2403 καὶ
3499 2348 3748 2419 βλασφηιο

2171 2432 2263 2499 μεῖ
2293 2429 2575 2494 πολλάκις.
2613 2427 2784 2496 Οὗτος
2814 2433 3031 2497 οὐδενὸς
3064 2433 3193 2501 ἀξια
3228 2432 3373 2487 εἶναι
3421 2433 3641 2504 ἐνόμισε
3678 2431 3749 2485 τά

2167 2512 2532 2579 πρωτοτόκια.
2578 2513 2670 2567 Διὸ
2711 2516 2806 2568 καὶ
2843 2516 3092 2585 προνοῶν
3132 2516 3231 2586 τῆς
3264 2516 3628 2579 ἀναπαύσεως
3649 2515 3749 2586 τῆς

2168 2596 2532 2676 προσκαίρου,
2581 2597 2679 2651 καὶ
2718 2598 2882 2667 μέχρι
2920 2598 3031 2652 τῶν
3069 2599 3453 2669 πρωτοτοκίων
3490 2599 3746 2668 ἔφθασεν.

2165 2674 2332 2730 Ὥστέ
2362 2680 2394 2747 ἡ
2404 2677 2521 2748 μῶν
2554 2679 2621 2733 :6
2652 2682 3002 2752 πρωτοτόκια
3030 2680 3240 2746 λοιπὸν,
3290 2682 3411 2751 ούχὶ
3458 2680 3746 2736 Ἰουδαίων.

2166 2761 2322 2831 ’Ᾱμα
2357 2762 2413 2815 δὲ
2452 2761 2548 2816 καὶ
2602 2762 2738 2833 πρὸς
2778 2763 2840 2817 :6
2881 2765 3054 2828 πάθος
3085 2764 3264 2819 αὐτῶν
3303 2765 3464 2819 τοῦτο
3501 2763 3746 2835 συμϐάλ-

2164 2844 2319 2899 λεται
2346 2860 2360 2875 ⁸
2394 2846 2682 2915 μονονουχὶ
2719 2847 2881 2900 τοῦτο
2918 2848 3028 2916 γὰρ
3059 2847 3151 2900 διά
3194 2848 3385 2901 τούτου
3429 2848 3745 2913 αἰνίττεται,

2165 2923 2247 2976 ὅτι
2275 2926 2304 2977 ό
2333 2923 2552 2994 πρῶτος
2581 2924 2810 2995 ὕστερος
2831 2926 3045 2994 γέγονε,
3091 2927 3184 2981 καὶ
3228 2929 3257 2981 6
3301 2926 3553 2998 δεύτερος
3593 2928 3747 2999 πρῶ-

2163 3022 2284 3069 τος·
2319 2999 2477 3069 οὗτος
2511 3005 2600 3059 διὰ
2630 3009 2932 3081 καρτερίαν
2968 3009 3206 3078 πρῶτος,
3230 3013 3441 3073 ἐκεῖνος
3469 3011 3558 3064 διὰ
3583 3011 3750 3083 ρᾳθυ-

2169 3088 2297 3157 μίαν
2330 3087 2576 3158 ὕστερος.
2612 3091 2780 3144 Ἰοντε
2810 3091 2946 3161 γὰρ,
2972 3093 3158 3161 φησὶν,
3191 3093 3281 3147 ὅτι
3306 3092 3405 3147 καί
3428 3093 3749 3163 μετέπειτα

2165 3170 2359 3225 θέλων
2415 3173 2869 3243 κληρονομῆσαι
2926 3175 3043 3243 τὴν
3088 3176 3411 3246 εὐλογίαν,
3468 3176 3748 3231 ἀπεδοκι-

2158 3254 2365 3324 μάσθη
2393 3271 2408 3285 ο
2450 3258 2773 3323 μετανοίας
2818 3256 2929 3327 γὰρ
2972 3259 3161 3312 τόπον
3183 3261 3295 3327 οὐχ
3324 3253 3485 3327 εὗρε,
3534 3259 3749 3328 καίπερ

2158 3337 2310 3407 μετὰ
2341 3336 2617 3404 δακρύων
2651 3337 2988 3408 ἐκζητήσας
3019 3340 3236 3408 αὐτήν.

2237 3423 2302 3494 β’.
2327 3424 2392 3476 Τί
2420 3424 2485 3491 δὴ
2497 3422 2654 3477 τοῦτό
2671 3425 2850 3489 ἐστιν;
2878 3420 2989 3495 ἆρα
3014 3423 3088 3495 μὴ
3107 3423 3206 3495 τὴν
3228 3423 3517 3496 μετάνοιαν
3545 3422 3748 3478 ἐκϐάλ-

2162 3504 2278 3572 λει;
2314 3504 2604 3575 Οὐδαμῶς.
2654 3504 2815 3558 Ἀλλά
2849 3505 2990 3569 πῶς,
3035 3507 3193 3575 φησὶ,
3246 3508 3537 3576 μετανοίας
3582 3507 3749 3560 τόπον

2166 3589 2265 3659 ούχ
2311 3583 2504 3660 εὗρεν;
2568 3589 2618 3642 εἰ
2662 3587 2773 3659 γάρ
2816 3586 3067 3657 κατέγνω
3115 3589 3336 3653 ἑαυτοῦ,
3386 3592 3436 3643 εἰ
3484 3589 3748 3661 ἀνῴμωξε

2171 3673 2336 3744 μέγα,
2372 3672 2460 3726 διὰ
2482 3673 2536 3726 τί
2567 3672 2666 3743 οὐχ
2697 3670 2822 3744 εὗρε
2853 3674 3023 3726 τόπον
3042 3674 3367 3744 μετανοίας;
3400 3675 3523 3728 Ὅτι
3552 3676 3654 3727 οὐκ
3679 3670 3748 3743 ἢν

2171 3756 2463 3827 μετανοίας
2484 3757 2545 3810 :6
2575 3757 2828 3829 πρᾶγμα.
2861 3753 3079 3826 ’Ὥσπερ
3109 3756 3218 3827 γάρ
3245 3758 3277 3828 ἡ
3303 3756 3446 3828 λύπη
3487 3756 3582 3811 τοῦ
3608 3757 3747 3810 Κάῖν

2165 3842 2264 3893 οὐκ
2310 3836 2378 3911 ἦν
2414 3840 2725 3909 μετανοίας,
2777 3839 2873 3893 καὶ
2912 3839 2941 3891 6
2981 3840 3144 3909 φόνος
3174 3840 3411 3904 ἔδειξεν·
3461 3840 3603 3895 οὕτω
3650 3841 3745 3894 καὶ

2165 3923 2400 3978 ἐνταῦθα
2430 3924 2533 3977 οὐκ
2581 3919 2653 3994 ἦν
2704 3923 2993 3993 μετανοίας
3038 3925 3107 3979 τά
3155 3924 3398 3995 ῥήματα,
3457 3926 3553 3978 καὶ
3605 3924 3746 3994 μετά

2163 4006 2339 4061 ταῦτα
2367 4008 2396 4059 6
2426 4007 2588 4076 φόνος
2617 4006 2786 4071 ἔδειξε
2805 4024 2821 4039 ο
2864 4007 2957 4060 καὶ
2993 4007 3103 4079 γάρ
3142 4008 3237 4061 καί.
3273 4009 3435 4072 66:6;
3465 4012 3531 4079 τῇ
3558 4026 3750 4078 προαι-

2166 4089 2317 4162 ρέσει
2353 4089 2533 4143 ἀνεῖλε
2558 4089 2649 4142 τὸν
2685 4088 2903 4143 Ἰακώϐ.
2938 4090 3287 4160 Ἔγγίσουσι
3309 4092 3441 4165 γὰρ,
3473 4092 3658 4162 φησὶν,
3686 4094 3748 4144 αἱ

2163 4173 2377 4243 ἡμέραι
2415 4172 2524 4227 τοῦ
2561 4171 2825 4239 πένθους
2862 4172 2969 4226 τοῦ
3017 4175 3242 4241 πατρός
3273 4191 3417 4244 μου,
3466 4175 3562 4228 καί
3600 4175 3748 4229 ἀπο·
3799 4209 3805 4214 -

2164 4258 2354 4312 κτενῶ
2406 4257 2606 4312 Ἰακὼϐ
2644 4256 2753 4310 τὸν
2807 4254 3076 4325 ἀδελφόν
3114 4275 3254 4325 μου.
3287 4259 3386 4311 Διά
3435 4258 3595 4312 τοῦτο
3646 4259 3747 4311 06::

2165 4342 2355 4411 ἴσχυσε
2383 4339 2452 4393 τὰ
2480 4339 2696 4410 δάκρυα
2734 4338 3025 4408 μετάνοιαν
3059 4338 3208 4410 αύτῷ
3242 4339 3446 4394 δοῦναι.
3503 4342 3611 4394 Καὶ
3644 4342 3747 4394 οὐκ

2166 4419 2315 4491 εἷπε,
2340 4423 2672 4487 Μετανοίας,
2730 4422 2939 4487 ἁπλῶς,
2972 4421 3130 4487 ἀλλὰ,
3158 4425 3269 4478 Καὶ
3306 4425 3448 4495 μετά
3493 4424 3745 4497 δακρύων

2165 4505 2498 4577 ἐκζητήσας,
2543 4504 2834 4575 μετανοίας
2880 4504 3044 4559 τόπον
3075 4507 3173 4576 οὐχ
3218 4500 3366 4577 εὗρε.
3400 4506 3467 4559 Τί
3505 4506 3743 4578 δήποτες

2167 4590 2294 4642 ’Ότι
2340 4589 2401 4643 o6
2464 4588 2792 4659 μετενόησεν
2837 4587 2896 4641 ὃν
2955 4588 3064 4643 ἔδει
3106 4591 3307 4661 τρόπον
3341 4589 3528 4662 Ῑ287]·
3586 4590 3746 4644 τοῦτο

2166 4674 2276 4745 γάρ
2307 4674 2424 4726 ἐστι
2453 4672 2712 4742 μετάνοια
2733 4686 2747 4699 ’
2785 4671 2847 4725 06
2880 4673 3210 4741 μετενόησεν
3246 4672 3322 4736 ὡς
3361 4674 3551 4744 ἐχρῆν.
3590 4674 3746 4727 Ἐπεὶ

2170 4756 2288 4819 πῶς
2341 4753 2517 4808 ταῦτα
2553 4754 2748 4823 ἔλεγες
2796 4754 2912 4818 πῶς
2947 4754 3193 4827 νωθροὺς
3237 4757 3562 4825 γενομένους
3599 4773 3745 4826 παρ-

2167 4839 2355 4894 εκάλει
2392 4838 2589 4904 πάλινς
2623 4839 2740 4901 πῶς
2784 4837 2992 4909 χωλοὺς
3020 4838 3375 4908 γενομένους;
3417 4838 3538 4902 πῶς
3565 4855 3748 4909 παρα-

2166 4924 2466 4989 λυθέντας;
2501 4922 2619 4987 πῶς
2649 4922 3015 4993 παρειμένους
3041 4939 3055 4989 ;
3087 4922 3247 4975 τοῦτο
3274 4923 3384 4993 γάρ
3414 4923 3559 4994 ἀρχὴ
3600 4921 3748 4975 πτώ-

2169 5005 2308 5072 σεώς
2338 5008 2507 5061 ἐστιν.
2550 5004 2706 5075 Ἐμοὶ
2725 5006 2875 5059 δοκεί
2906 5003 3243 5058 αἰνίττεσθαί
3277 5021 3431 5068 τινας
3467 5006 3525 5058 ἐν
3558 5006 3747 5067 αὐτοῖς

2164 5091 2420 5163 πόρνους,
2451 5089 2513 5143 οὐ
2545 5090 2731 5161 μέντοι
2756 5089 3041 5160 βούλεσθαι
3073 5089 3321 5159 ἐλέγχειν
3355 5089 3557 5154 αὐτοὺς
3581 5090 3740 5153 τέως,

2161 5175 2300 5229 ἀλλὰ
2326 5176 2705 5246 προσποιεῖται
2746 5174 2993 5243 ἄγνοιαν,
3037 5173 3127 5227 ἵνα
3179 5172 3604 5244 διορθώσωνται.
3650 5174 3746 5227 Δεῖ

2163 5259 2273 5330 γάρ
2299 5257 2516 5331 πρῶτον
2540 5258 2639 5328 μὲν
2661 5258 2886 5325 ἄγνοιαν
2911 5256 3324 5327 ὑποκρίνεσθαι,
3360 5258 3499 5328 μετὰ
3527 5258 3585 5311 δὲ
3608 5258 3745 5312 ταῦ-

2163 5360 2251 5408 τα,
2282 5342 2411 5395 ὅταν
2434 5340 2760 5411 ἐπιμένωσι,
2812 5340 2936 5394 τότε
2968 5340 3063 5393 καὶ
3102 5339 3195 5391 τὸν
3237 5339 3461 5409 ἔλεγχον
3491 5341 3742 5408 ἐπάγειν,

2164 5423 2305 5478 ὥστε
2326 5423 2399 5495 μὴ
2426 5422 2949 5494 ἀπαναισχυντῆσαι.
2978 5422 3264 5491 Ὅπερκαί
3289 5423 3533 5493 Μωῢσῆς
3559 5423 3746 5494 ἐποίη-

2168 5527 2260 5562 σεν
2316 5509 2409 5560 ἐπὶ
2448 5506 2664 5577 Ζαμὸρί
2722 5507 2816 5560 καὶ
2874 5505 2977 5573 τῆς
3022 5505 3370 5569 Χασόίτιδος.
3407 5508 3746 5574 Μετανοίας

2166 5592 2298 5662 γάρ,
2328 5589 2483 5661 φησί,
2521 5590 2712 5644 τόπον
2733 5592 2845 5659 οὐχ
2884 5585 3082 5657 εὗρεν.
3126 5589 3238 5660 Οὐχ
3269 5584 3395 5660 εὗρε
3426 5590 3741 5659 μετάνοιαν,

2167 5677 2199 5745 ἢ
2227 5675 2312 5729 ότι
2364 5672 2651 5745 μετανοίας
2685 5673 2907 5744 μείζονα
2937 5674 3186 5745 ἥμαρτεν
3208 5715 3221 5741 ,
3256 5673 3288 5743 ἢ
3332 5675 3414 5728 ὅτι
3450 5673 3743 5744 μετάνοιαν

2160 5758 2317 5824 ἀξίαν
2353 5758 2455 5813 ούκ
2483 5757 2810 5823 ἐπεδείξατο.
2841 5758 3029 5813 Ἔστιν
3072 5756 3179 5829 ἀρα
3218 5758 3598 5829 ἁμαρτήματα
3632 5772 3736 5831 με-
