  <div class='ocr_page' id='page_1' title='image "/cluster/home/n/w/nwhite01/storage/ocr_20150623/63:no.12/coo.31924054869635/220.png"; bbox 0 0 4202 6482; ppageno 0'>
   <div class='ocr_carea' id='block_1_1' title="bbox 448 333 574 392">
    <p class='ocr_par' dir='ltr' id='par_1_1' title="bbox 448 333 574 392">
     <span class='ocr_line' id='line_1_1' title="bbox 448 333 574 392; baseline 0.071 -8"><span class='ocrx_word' id='word_1_1' title='bbox 448 333 574 392; x_wconf 64' lang='grc' dir='ltr'><strong>εὶιῦ</strong></span> 
     </span>
    </p>
   </div>
   <div class='ocr_carea' id='block_1_2' title="bbox 1203 323 2880 404">
    <p class='ocr_par' dir='ltr' id='par_1_2' title="bbox 1203 323 2880 404">
     <span class='ocr_line' id='line_1_2' title="bbox 1203 323 2880 404; baseline 0.001 -3"><span class='ocrx_word' id='word_1_2' title='bbox 1203 334 1262 401; x_wconf 68' lang='lat' dir='ltr'><strong>ix</strong></span> <span class='ocrx_word' id='word_1_3' title='bbox 1302 341 1519 399; x_wconf 74' lang='lat' dir='ltr'><strong>lZPlST.</strong></span> <span class='ocrx_word' id='word_1_4' title='bbox 1563 341 1650 394; x_wconf 54' lang='grc' dir='ltr'><strong>,κθ</strong></span> <span class='ocrx_word' id='word_1_5' title='bbox 1690 323 2053 395; x_wconf 59' lang='lat' dir='ltr'><strong>uenustas.</strong></span> <span class='ocrx_word' id='word_1_6' title='bbox 2085 339 2235 396; x_wconf 70' lang='lat' dir='ltr'><strong>car.</strong></span> <span class='ocrx_word' id='word_1_7' title='bbox 2278 343 2391 398; x_wconf 79' lang='lat' dir='ltr'><strong>xu.</strong></span> <span class='ocrx_word' id='word_1_8' title='bbox 2437 345 2663 400; x_wconf 69' lang='lat' dir='ltr'><strong>IlUftlll..</strong></span> <span class='ocrx_word' id='word_1_9' title='bbox 2709 347 2880 404; x_wconf 71' lang='lat' dir='ltr'><strong>xxx:</strong></span> 
     </span>
    </p>
   </div>
   <div class='ocr_carea' id='block_1_3' title="bbox 3654 347 3756 401">
    <p class='ocr_par' dir='ltr' id='par_1_3' title="bbox 3654 347 3756 401">
     <span class='ocr_line' id='line_1_3' title="bbox 3654 347 3756 401; baseline -0.01 -1"><span class='ocrx_word' id='word_1_10' title='bbox 3654 347 3756 401; x_wconf 69' lang='lat' dir='ltr'><strong>Eli</strong></span> 
     </span>
    </p>
   </div>
   <div class='ocr_carea' id='block_1_4' title="bbox 463 437 3748 518">
    <p class='ocr_par' dir='ltr' id='par_1_4' title="bbox 463 437 3748 518">
     <span class='ocr_line' id='line_1_4' title="bbox 463 437 3748 518; baseline 0.002 -24"><span class='ocrx_word' id='word_1_11' title='bbox 463 451 737 495; x_wconf 76' lang='lat' dir='ltr'><strong>tmenmus</strong></span> <span class='ocrx_word' id='word_1_12' title='bbox 774 454 903 509; x_wconf 70' lang='lat' dir='ltr'><strong>ergo</strong></span> <span class='ocrx_word' id='word_1_13' title='bbox 935 445 999 492; x_wconf 89' lang='lat' dir='ltr'><strong>.et.</strong></span> <span class='ocrx_word' id='word_1_14' title='bbox 1028 437 1161 492; x_wconf 77' lang='lat' dir='ltr'><strong>alter</strong></span> <span class='ocrx_word' id='word_1_15' title='bbox 1206 441 1427 494; x_wconf 87' lang='lat' dir='ltr'><strong>alterius</strong></span> <span class='ocrx_word' id='word_1_16' title='bbox 1467 454 1626 492; x_wconf 87' lang='lat' dir='ltr'><strong>onera</strong></span> <span class='ocrx_word' id='word_1_17' title='bbox 1670 446 1980 508; x_wconf 73' lang='lat' dir='ltr'><strong>gestantes,</strong></span> <span class='ocrx_word' id='word_1_18' title='bbox 2013 446 2067 492; x_wconf 90' lang='lat' dir='ltr'><strong>et</strong></span> <span class='ocrx_word' id='word_1_19' title='bbox 2158 440 2370 497; x_wconf 88' lang='lat' dir='ltr'><strong>Christo</strong></span> <span class='ocrx_word' id='word_1_20' title='bbox 2417 444 2544 499; x_wconf 83' lang='lat' dir='ltr'><strong>Jesu</strong></span> <span class='ocrx_word' id='word_1_21' title='bbox 2573 446 2800 501; x_wconf 88' lang='lat' dir='ltr'><strong>Domino</strong></span> <span class='ocrx_word' id='word_1_22' title='bbox 2833 458 3014 501; x_wconf 68' lang='lat' dir='ltr'><strong>nostra</strong></span> <span class='ocrx_word' id='word_1_23' title='bbox 3047 493 3054 511; x_wconf 82' lang='lat'><strong>,</strong></span> <span class='ocrx_word' id='word_1_24' title='bbox 3092 464 3210 501; x_wconf 78' lang='lat' dir='ltr'><strong>rum</strong></span> <span class='ocrx_word' id='word_1_25' title='bbox 3243 466 3346 518; x_wconf 88' lang='lat' dir='ltr'><strong>quo</strong></span> <span class='ocrx_word' id='word_1_26' title='bbox 3373 449 3513 504; x_wconf 84' lang='lat' dir='ltr'><strong>Patri</strong></span> <span class='ocrx_word' id='word_1_27' title='bbox 3545 450 3748 518; x_wconf 84' lang='lat' dir='ltr'><strong>gloria,</strong></span> 
     </span>
    </p>
   </div>
   <div class='ocr_carea' id='block_1_5' title="bbox 462 529 2066 606">
    <p class='ocr_par' dir='ltr' id='par_1_5' title="bbox 462 529 2066 606">
     <span class='ocr_line' id='line_1_5' title="bbox 462 529 2066 606; baseline -0.001 -20"><span class='ocrx_word' id='word_1_28' title='bbox 462 543 759 604; x_wconf 76' lang='lat' dir='ltr'><strong>arguentes</strong></span> <span class='ocrx_word' id='word_1_29' title='bbox 787 552 798 584; x_wconf 87' lang='lat'>:</span> <span class='ocrx_word' id='word_1_30' title='bbox 831 530 878 583; x_wconf 84' lang='lat' dir='ltr'><strong>nl</strong></span> <span class='ocrx_word' id='word_1_31' title='bbox 911 547 1265 606; x_wconf 70' lang='lat' dir='ltr'><strong>assequamur</strong></span> <span class='ocrx_word' id='word_1_32' title='bbox 1296 531 1433 584; x_wconf 90' lang='lat' dir='ltr'><strong>bona</strong></span> <span class='ocrx_word' id='word_1_33' title='bbox 1480 531 1636 583; x_wconf 84' lang='lat' dir='ltr'><strong>nobis</strong></span> <span class='ocrx_word' id='word_1_34' title='bbox 1677 529 1937 600; x_wconf 86' lang='lat' dir='ltr'><strong>promissa</strong></span> <span class='ocrx_word' id='word_1_35' title='bbox 1964 571 1978 594; x_wconf 94' lang='lat'><strong>,</strong></span> <span class='ocrx_word' id='word_1_36' title='bbox 2015 529 2066 584; x_wconf 89' lang='lat' dir='ltr'><strong>in</strong></span> 
     </span>
    </p>
   </div>
   <div class='ocr_carea' id='block_1_6' title="bbox 1819 793 2600 877">
    <p class='ocr_par' dir='ltr' id='par_1_6' title="bbox 1819 793 2600 877">
     <span class='ocr_line' id='line_1_6' title="bbox 1819 793 2600 877; baseline 0.006 -25"><span class='ocrx_word' id='word_1_37' title='bbox 1819 793 2165 854; x_wconf 84' lang='lat' dir='ltr'><strong>HOMILIA</strong></span> <span class='ocrx_word' id='word_1_38' title='bbox 2209 796 2432 857; x_wconf 77' lang='lat' dir='ltr'><strong>XXXI</strong></span> <span class='ocrx_word' id='word_1_39' title='bbox 2488 796 2600 877; x_wconf 86' lang='grc' dir='ltr'><strong>(α).</strong></span> 
     </span>
    </p>
   </div>
   <div class='ocr_carea' id='block_1_7' title="bbox 433 940 2043 1009">
    <p class='ocr_par' dir='ltr' id='par_1_7' title="bbox 433 940 2043 1009">
     <span class='ocr_line' id='line_1_7' title="bbox 433 940 2043 1009; baseline -0.008 -5"><span class='ocrx_word' id='word_1_40' title='bbox 433 951 572 1004; x_wconf 75' lang='lat' dir='ltr'><strong>CAP.</strong></span> <span class='ocrx_word' id='word_1_41' title='bbox 604 948 690 1003; x_wconf 75' lang='grc' dir='ltr'><strong>η.</strong></span> <span class='ocrx_word' id='word_1_42' title='bbox 722 962 774 1000; x_wconf 88' lang='lat' dir='ltr'><strong>v.</strong></span> <span class='ocrx_word' id='word_1_43' title='bbox 804 946 897 999; x_wconf 71' lang='grc' dir='ltr'><strong>Η.</strong></span> <span class='ocrx_word' id='word_1_44' title='bbox 921 943 1110 996; x_wconf 82' lang='lat' dir='ltr'><strong>Pacem</strong></span> <span class='ocrx_word' id='word_1_45' title='bbox 1138 941 1405 1009; x_wconf 75' lang='lat' dir='ltr'><strong>sequimini</strong></span> <span class='ocrx_word' id='word_1_46' title='bbox 1430 957 1546 994; x_wconf 89' lang='lat' dir='ltr'><strong>cum</strong></span> <span class='ocrx_word' id='word_1_47' title='bbox 1593 940 1824 994; x_wconf 71' lang='lat' dir='ltr'><strong>sutilibus</strong></span> <span class='ocrx_word' id='word_1_48' title='bbox 1851 955 1897 992; x_wconf 85' lang='lat' dir='ltr'><strong>et</strong></span> <span class='ocrx_word' id='word_1_49' title='bbox 1923 955 2043 992; x_wconf 83' lang='lat' dir='ltr'><strong>san-</strong></span> 
     </span>
    </p>
   </div>
   <div class='ocr_carea' id='block_1_8' title="bbox 599 1032 1884 1104">
    <p class='ocr_par' dir='ltr' id='par_1_8' title="bbox 599 1032 1884 1104">
     <span class='ocr_line' id='line_1_8' title="bbox 599 1032 1884 1104; baseline -0.008 -11"><span class='ocrx_word' id='word_1_50' title='bbox 599 1040 918 1102; x_wconf 87' lang='lat' dir='ltr'><strong>ctimoniam,</strong></span> <span class='ocrx_word' id='word_1_51' title='bbox 939 1036 1048 1089; x_wconf 89' lang='lat' dir='ltr'><strong>sine</strong></span> <span class='ocrx_word' id='word_1_52' title='bbox 1069 1051 1170 1104; x_wconf 87' lang='lat' dir='ltr'><strong>qua</strong></span> <span class='ocrx_word' id='word_1_53' title='bbox 1196 1050 1342 1088; x_wconf 85' lang='lat' dir='ltr'><strong>nemo</strong></span> <span class='ocrx_word' id='word_1_54' title='bbox 1372 1032 1558 1086; x_wconf 77' lang='lat' dir='ltr'><strong>videbit</strong></span> <span class='ocrx_word' id='word_1_55' title='bbox 1588 1032 1884 1086; x_wconf 88' lang='lat' dir='ltr'><strong>Dominum.</strong></span> 
     </span>
    </p>
   </div>
   <div class='ocr_carea' id='block_1_9' title="bbox 513 1123 2038 1199">
    <p class='ocr_par' dir='ltr' id='par_1_9' title="bbox 513 1123 2038 1199">
     <span class='ocr_line' id='line_1_9' title="bbox 513 1123 2038 1199; baseline -0.008 -11"><span class='ocrx_word' id='word_1_56' title='bbox 513 1136 567 1188; x_wconf 76' lang='grc'><strong>1.</strong></span> <span class='ocrx_word' id='word_1_57' title='bbox 599 1132 760 1187; x_wconf 77' lang='lat' dir='ltr'><strong>Multa</strong></span> <span class='ocrx_word' id='word_1_58' title='bbox 788 1129 1001 1199; x_wconf 78' lang='lat' dir='ltr'><strong>quidem</strong></span> <span class='ocrx_word' id='word_1_59' title='bbox 1042 1136 1166 1181; x_wconf 89' lang='lat' dir='ltr'><strong>sunt</strong></span> <span class='ocrx_word' id='word_1_60' title='bbox 1213 1141 1333 1195; x_wconf 66' lang='lat' dir='ltr'><strong>qua:</strong></span> <span class='ocrx_word' id='word_1_61' title='bbox 1374 1125 1681 1194; x_wconf 85' lang='lat' dir='ltr'><strong>exprimunt</strong></span> <span class='ocrx_word' id='word_1_62' title='bbox 1725 1123 2038 1178; x_wconf 84' lang='lat' dir='ltr'><strong>Christiani-</strong></span> 
     </span>
    </p>
   </div>
   <div class='ocr_carea' id='block_1_10' title="bbox 432 1218 2042 1293">
    <p class='ocr_par' dir='ltr' id='par_1_10' title="bbox 432 1218 2042 1293">
     <span class='ocr_line' id='line_1_10' title="bbox 432 1218 2042 1293; baseline -0.007 -11"><span class='ocrx_word' id='word_1_63' title='bbox 432 1244 616 1282; x_wconf 69' lang='lat' dir='ltr'><strong>smum</strong></span> <span class='ocrx_word' id='word_1_64' title='bbox 645 1245 656 1278; x_wconf 79' lang='grc' dir='ltr'>ε</span> <span class='ocrx_word' id='word_1_65' title='bbox 685 1225 853 1293; x_wconf 80' lang='lat' dir='ltr'><strong>magis</strong></span> <span class='ocrx_word' id='word_1_66' title='bbox 903 1233 1084 1275; x_wconf 77' lang='lat' dir='ltr'><strong>autem</strong></span> <span class='ocrx_word' id='word_1_67' title='bbox 1115 1235 1274 1289; x_wconf 90' lang='lat' dir='ltr'><strong>quam</strong></span> <span class='ocrx_word' id='word_1_68' title='bbox 1303 1219 1482 1273; x_wconf 85' lang='lat' dir='ltr'><strong>omnia</strong></span> <span class='ocrx_word' id='word_1_69' title='bbox 1502 1259 1517 1283; x_wconf 92' lang='lat'><strong>,</strong></span> <span class='ocrx_word' id='word_1_70' title='bbox 1551 1227 1607 1273; x_wconf 86' lang='lat' dir='ltr'><strong>et</strong></span> <span class='ocrx_word' id='word_1_71' title='bbox 1649 1218 1840 1272; x_wconf 88' lang='lat' dir='ltr'><strong>melius</strong></span> <span class='ocrx_word' id='word_1_72' title='bbox 1885 1233 2042 1287; x_wconf 90' lang='lat' dir='ltr'><strong>quam</strong></span> 
     </span>
    </p>
   </div>
   <div class='ocr_carea' id='block_1_11' title="bbox 429 1309 2044 1383">
    <p class='ocr_par' dir='ltr' id='par_1_11' title="bbox 429 1309 2044 1383">
     <span class='ocr_line' id='line_1_11' title="bbox 429 1309 2044 1383; baseline -0.007 -10"><span class='ocrx_word' id='word_1_73' title='bbox 429 1319 646 1383; x_wconf 88' lang='lat' dir='ltr'><strong>omnia,</strong></span> <span class='ocrx_word' id='word_1_74' title='bbox 679 1325 859 1369; x_wconf 86' lang='lat' dir='ltr'><strong>mutua</strong></span> <span class='ocrx_word' id='word_1_75' title='bbox 887 1314 1029 1367; x_wconf 90' lang='lat' dir='ltr'><strong>inter</strong></span> <span class='ocrx_word' id='word_1_76' title='bbox 1076 1327 1136 1366; x_wconf 90' lang='lat' dir='ltr'><strong>se</strong></span> <span class='ocrx_word' id='word_1_77' title='bbox 1180 1310 1398 1365; x_wconf 92' lang='lat' dir='ltr'><strong>dilectio</strong></span> <span class='ocrx_word' id='word_1_78' title='bbox 1425 1320 1478 1365; x_wconf 86' lang='lat' dir='ltr'><strong>et</strong></span> <span class='ocrx_word' id='word_1_79' title='bbox 1500 1326 1623 1380; x_wconf 84' lang='lat' dir='ltr'><strong>pax.</strong></span> <span class='ocrx_word' id='word_1_80' title='bbox 1647 1309 1773 1364; x_wconf 89' lang='lat' dir='ltr'><strong>Ideo</strong></span> <span class='ocrx_word' id='word_1_81' title='bbox 1797 1309 2044 1366; x_wconf 75' lang='lat' dir='ltr'><strong>Christus</strong></span> 
     </span>
    </p>
   </div>
   <div class='ocr_carea' id='block_1_12' title="bbox 427 1399 2044 1479">
    <p class='ocr_par' dir='ltr' id='par_1_12' title="bbox 427 1399 2044 1479">
     <span class='ocr_line' id='line_1_12' title="bbox 427 1399 2044 1479; baseline -0.004 -19"><span class='ocrx_word' id='word_1_82' title='bbox 427 1423 652 1479; x_wconf 85' lang='lat' dir='ltr'><strong>quoque</strong></span> <span class='ocrx_word' id='word_1_83' title='bbox 677 1406 843 1460; x_wconf 88' lang='lat' dir='ltr'><strong>dicit:</strong></span> <span class='ocrx_word' id='word_1_84' title='bbox 872 1403 1061 1456; x_wconf 86' lang='lat' dir='ltr'><strong>Pacem</strong></span> <span class='ocrx_word' id='word_1_85' title='bbox 1091 1419 1252 1456; x_wconf 86' lang='lat' dir='ltr'><strong>meam</strong></span> <span class='ocrx_word' id='word_1_86' title='bbox 1275 1406 1341 1455; x_wconf 86' lang='lat' dir='ltr'><strong>do</strong></span> <span class='ocrx_word' id='word_1_87' title='bbox 1364 1402 1501 1456; x_wconf 81' lang='lat' dir='ltr'><strong><em>vobis</em></strong></span> <span class='ocrx_word' id='word_1_88' title='bbox 1519 1419 1535 1465; x_wconf 80' lang='lat'><strong>,&#39;</strong></span> <span class='ocrx_word' id='word_1_89' title='bbox 1554 1410 1609 1456; x_wconf 86' lang='lat' dir='ltr'><strong>et</strong></span> <span class='ocrx_word' id='word_1_90' title='bbox 1625 1416 1830 1464; x_wconf 78' lang='lat' dir='ltr'><strong>rursus,</strong></span> <span class='ocrx_word' id='word_1_91' title='bbox 1859 1399 1925 1458; x_wconf 79' lang='lat' dir='ltr'><strong>In</strong></span> <span class='ocrx_word' id='word_1_92' title='bbox 1949 1401 2044 1454; x_wconf 83' lang='lat' dir='ltr'><strong>hoc</strong></span> 
     </span>
    </p>
   </div>
   <div class='ocr_carea' id='block_1_13' title="bbox 427 1495 2040 1567">
    <p class='ocr_par' dir='ltr' id='par_1_13' title="bbox 427 1495 2040 1567">
     <span class='ocr_line' id='line_1_13' title="bbox 427 1495 2040 1567; baseline -0.004 -11"><span class='ocrx_word' id='word_1_93' title='bbox 427 1504 594 1556; x_wconf 84' lang='lat' dir='ltr'><strong>scient</strong></span> <span class='ocrx_word' id='word_1_94' title='bbox 615 1515 788 1554; x_wconf 85' lang='lat' dir='ltr'><strong>omnes</strong></span> <span class='ocrx_word' id='word_1_95' title='bbox 809 1499 946 1567; x_wconf 83' lang='lat' dir='ltr'><strong>quod</strong></span> <span class='ocrx_word' id='word_1_96' title='bbox 967 1497 1207 1564; x_wconf 80' lang='lat' dir='ltr'><strong>discipuli</strong></span> <span class='ocrx_word' id='word_1_97' title='bbox 1240 1497 1336 1550; x_wconf 87' lang='lat' dir='ltr'><strong>mei</strong></span> <span class='ocrx_word' id='word_1_98' title='bbox 1358 1499 1497 1560; x_wconf 86' lang='lat' dir='ltr'><strong>estis,</strong></span> <span class='ocrx_word' id='word_1_99' title='bbox 1521 1496 1568 1549; x_wconf 88' lang='lat' dir='ltr'><strong>si</strong></span> <span class='ocrx_word' id='word_1_100' title='bbox 1603 1495 1882 1554; x_wconf 72' lang='lat' dir='ltr'><strong>dilexeritis</strong></span> <span class='ocrx_word' id='word_1_101' title='bbox 1908 1497 2040 1550; x_wconf 79' lang='lat' dir='ltr'><strong>invi-</strong></span> 
     </span>
    </p>
   </div>
   <div class='ocr_carea' id='block_1_14' title="bbox 427 1587 2040 1665">
    <p class='ocr_par' dir='ltr' id='par_1_14' title="bbox 427 1587 2040 1665">
     <span class='ocr_line' id='line_1_14' title="bbox 427 1587 2040 1665; baseline -0.004 -16"><span class='ocrx_word' id='word_1_102' title='bbox 427 1612 541 1649; x_wconf 85' lang='lat' dir='ltr'><strong>cem</strong></span> <span class='ocrx_word' id='word_1_103' title='bbox 564 1593 745 1665; x_wconf 87' lang='lat' dir='ltr'><strong>(Joan.</strong></span> <span class='ocrx_word' id='word_1_104' title='bbox 775 1593 860 1645; x_wconf 72' lang='grc'><strong>14.</strong></span> <span class='ocrx_word' id='word_1_105' title='bbox 881 1591 971 1644; x_wconf 75' lang='lat'><strong>27.</strong></span> <span class='ocrx_word' id='word_1_106' title='bbox 992 1599 1039 1643; x_wconf 85' lang='lat' dir='ltr'><strong>et</strong></span> <span class='ocrx_word' id='word_1_107' title='bbox 1061 1590 1144 1644; x_wconf 78' lang='lat' dir='ltr'><strong>I3.</strong></span> <span class='ocrx_word' id='word_1_108' title='bbox 1166 1588 1278 1660; x_wconf 76' lang='lat'><strong>55).</strong></span> <span class='ocrx_word' id='word_1_109' title='bbox 1311 1588 1437 1643; x_wconf 87' lang='lat' dir='ltr'><strong>Ideo</strong></span> <span class='ocrx_word' id='word_1_110' title='bbox 1459 1588 1660 1643; x_wconf 74' lang='lat' dir='ltr'><strong>Paulus</strong></span> <span class='ocrx_word' id='word_1_111' title='bbox 1676 1587 1840 1644; x_wconf 87' lang='lat' dir='ltr'><strong>etiam</strong></span> <span class='ocrx_word' id='word_1_112' title='bbox 1869 1588 2040 1650; x_wconf 81' lang='lat' dir='ltr'><strong>dicit:</strong></span> 
     </span>
    </p>
   </div>
   <div class='ocr_carea' id='block_1_15' title="bbox 428 1681 2041 1756">
    <p class='ocr_par' dir='ltr' id='par_1_15' title="bbox 428 1681 2041 1756">
     <span class='ocr_line' id='line_1_15' title="bbox 428 1681 2041 1756; baseline -0.005 -13"><span class='ocrx_word' id='word_1_113' title='bbox 428 1690 626 1743; x_wconf 79' lang='lat' dir='ltr'><strong>Pacem</strong></span> <span class='ocrx_word' id='word_1_114' title='bbox 657 1686 927 1756; x_wconf 77' lang='lat' dir='ltr'><strong>sequimini</strong></span> <span class='ocrx_word' id='word_1_115' title='bbox 955 1700 1069 1737; x_wconf 86' lang='lat' dir='ltr'><strong>cum</strong></span> <span class='ocrx_word' id='word_1_116' title='bbox 1100 1682 1328 1736; x_wconf 81' lang='lat' dir='ltr'><strong>omnibus</strong></span> <span class='ocrx_word' id='word_1_117' title='bbox 1356 1693 1402 1736; x_wconf 89' lang='lat' dir='ltr'><strong>et</strong></span> <span class='ocrx_word' id='word_1_118' title='bbox 1439 1683 1794 1748; x_wconf 80' lang='lat' dir='ltr'><strong>sanctitatem,</strong></span> <span class='ocrx_word' id='word_1_119' title='bbox 1825 1681 1930 1737; x_wconf 81' lang='lat' dir='ltr'><strong>hoc</strong></span> <span class='ocrx_word' id='word_1_120' title='bbox 1957 1690 2041 1742; x_wconf 84' lang='lat' dir='ltr'><strong>est</strong></span> 
     </span>
    </p>
   </div>
   <div class='ocr_carea' id='block_1_16' title="bbox 427 1773 2041 1846">
    <p class='ocr_par' dir='ltr' id='par_1_16' title="bbox 427 1773 2041 1846">
     <span class='ocr_line' id='line_1_16' title="bbox 427 1773 2041 1846; baseline -0.005 -10"><span class='ocrx_word' id='word_1_121' title='bbox 427 1784 799 1845; x_wconf 68' lang='lat' dir='ltr'><strong>honestatem,</strong></span> <span class='ocrx_word' id='word_1_122' title='bbox 827 1779 938 1831; x_wconf 85' lang='lat' dir='ltr'><strong>sine</strong></span> <span class='ocrx_word' id='word_1_123' title='bbox 959 1793 1061 1846; x_wconf 84' lang='lat' dir='ltr'><strong>qua</strong></span> <span class='ocrx_word' id='word_1_124' title='bbox 1091 1792 1235 1830; x_wconf 89' lang='lat' dir='ltr'><strong>nemo</strong></span> <span class='ocrx_word' id='word_1_125' title='bbox 1262 1775 1447 1829; x_wconf 82' lang='lat' dir='ltr'><strong>videbit</strong></span> <span class='ocrx_word' id='word_1_126' title='bbox 1469 1774 1761 1829; x_wconf 86' lang='lat' dir='ltr'><strong>Dominum.</strong></span> <span class='ocrx_word' id='word_1_127' title='bbox 1796 1776 1884 1832; x_wconf 80' lang='grc'><strong>15.</strong></span> <span class='ocrx_word' id='word_1_128' title='bbox 1907 1773 2041 1828; x_wconf 85' lang='lat' dir='ltr'><strong>Con-</strong></span> 
     </span>
    </p>
   </div>
   <div class='ocr_carea' id='block_1_17' title="bbox 424 1865 2036 1943">
    <p class='ocr_par' dir='ltr' id='par_1_17' title="bbox 424 1865 2036 1943">
     <span class='ocr_line' id='line_1_17' title="bbox 424 1865 2036 1943; baseline -0.004 -15"><span class='ocrx_word' id='word_1_129' title='bbox 424 1877 738 1943; x_wconf 80' lang='lat' dir='ltr'><strong>templanles</strong></span> <span class='ocrx_word' id='word_1_130' title='bbox 769 1889 832 1924; x_wconf 91' lang='lat' dir='ltr'><strong>ne</strong></span> <span class='ocrx_word' id='word_1_131' title='bbox 873 1872 986 1939; x_wconf 85' lang='lat' dir='ltr'><strong>quis</strong></span> <span class='ocrx_word' id='word_1_132' title='bbox 1007 1871 1130 1922; x_wconf 86' lang='lat' dir='ltr'><strong>desit</strong></span> <span class='ocrx_word' id='word_1_133' title='bbox 1153 1869 1332 1939; x_wconf 74' lang='lat' dir='ltr'><strong>gratia:</strong></span> <span class='ocrx_word' id='word_1_134' title='bbox 1357 1865 1473 1920; x_wconf 84' lang='lat' dir='ltr'><strong>Dei.</strong></span> <span class='ocrx_word' id='word_1_135' title='bbox 1501 1867 1794 1936; x_wconf 78' lang='lat' dir='ltr'><strong>Tamquam</strong></span> <span class='ocrx_word' id='word_1_136' title='bbox 1827 1867 2036 1936; x_wconf 82' lang='lat' dir='ltr'><strong>longam</strong></span> 
     </span>
    </p>
   </div>
   <div class='ocr_carea' id='block_1_18' title="bbox 425 1959 2036 2038">
    <p class='ocr_par' dir='ltr' id='par_1_18' title="bbox 425 1959 2036 2038">
     <span class='ocr_line' id='line_1_18' title="bbox 425 1959 2036 2038; baseline -0.006 -16"><span class='ocrx_word' id='word_1_137' title='bbox 425 1971 667 2038; x_wconf 87' lang='lat' dir='ltr'><strong>aliquam</strong></span> <span class='ocrx_word' id='word_1_138' title='bbox 692 1966 831 2018; x_wconf 82' lang='lat' dir='ltr'><strong>viam</strong></span> <span class='ocrx_word' id='word_1_139' title='bbox 863 1963 913 2016; x_wconf 89' lang='lat' dir='ltr'><strong>in</strong></span> <span class='ocrx_word' id='word_1_140' title='bbox 945 1977 1140 2031; x_wconf 79' lang='lat' dir='ltr'><strong>magno</strong></span> <span class='ocrx_word' id='word_1_141' title='bbox 1155 1961 1410 2015; x_wconf 85' lang='lat' dir='ltr'><strong>comitatu</strong></span> <span class='ocrx_word' id='word_1_142' title='bbox 1429 1961 1588 2013; x_wconf 85' lang='lat' dir='ltr'><strong>simul</strong></span> <span class='ocrx_word' id='word_1_143' title='bbox 1605 1959 2036 2024; x_wconf 67' lang='lat' dir='ltr'><strong>conlidentibus,</strong></span> 
     </span>
    </p>
   </div>
   <div class='ocr_carea' id='block_1_19' title="bbox 423 2051 2036 2126">
    <p class='ocr_par' dir='ltr' id='par_1_19' title="bbox 423 2051 2036 2126">
     <span class='ocr_line' id='line_1_19' title="bbox 423 2051 2036 2126; baseline -0.007 -11"><span class='ocrx_word' id='word_1_144' title='bbox 423 2061 644 2125; x_wconf 77' lang='lat' dir='ltr'><strong>Videte,</strong></span> <span class='ocrx_word' id='word_1_145' title='bbox 677 2057 875 2126; x_wconf 89' lang='lat' dir='ltr'><strong>inquit,</strong></span> <span class='ocrx_word' id='word_1_146' title='bbox 915 2070 982 2112; x_wconf 87' lang='lat' dir='ltr'><strong>ne</strong></span> <span class='ocrx_word' id='word_1_147' title='bbox 1007 2056 1126 2124; x_wconf 87' lang='lat' dir='ltr'><strong>quis</strong></span> <span class='ocrx_word' id='word_1_148' title='bbox 1161 2051 1525 2108; x_wconf 78' lang='lat' dir='ltr'><strong>remanserit:</strong></span> <span class='ocrx_word' id='word_1_149' title='bbox 1562 2067 1666 2105; x_wconf 92' lang='lat' dir='ltr'><strong>non</strong></span> <span class='ocrx_word' id='word_1_150' title='bbox 1716 2051 1819 2105; x_wconf 92' lang='lat' dir='ltr'><strong>hoc</strong></span> <span class='ocrx_word' id='word_1_151' title='bbox 1861 2052 2036 2108; x_wconf 88' lang='lat' dir='ltr'><strong>solum</strong></span> 
     </span>
    </p>
   </div>
   <div class='ocr_carea' id='block_1_20' title="bbox 420 2145 2036 2224">
    <p class='ocr_par' dir='ltr' id='par_1_20' title="bbox 420 2145 2036 2224">
     <span class='ocr_line' id='line_1_20' title="bbox 420 2145 2036 2224; baseline -0.007 -16"><span class='ocrx_word' id='word_1_152' title='bbox 420 2169 616 2224; x_wconf 64' lang='lat' dir='ltr'><strong>quiero</strong></span> <span class='ocrx_word' id='word_1_153' title='bbox 643 2161 702 2204; x_wconf 90' lang='lat' dir='ltr'><strong>ut</strong></span> <span class='ocrx_word' id='word_1_154' title='bbox 731 2164 826 2204; x_wconf 85' lang='lat' dir='ltr'><strong>vos</strong></span> <span class='ocrx_word' id='word_1_155' title='bbox 857 2147 1150 2212; x_wconf 86' lang='lat' dir='ltr'><strong>accedatis,</strong></span> <span class='ocrx_word' id='word_1_156' title='bbox 1199 2145 1295 2200; x_wconf 90' lang='lat' dir='ltr'><strong>sed</strong></span> <span class='ocrx_word' id='word_1_157' title='bbox 1342 2153 1399 2198; x_wconf 87' lang='lat' dir='ltr'><strong>ut</strong></span> <span class='ocrx_word' id='word_1_158' title='bbox 1444 2145 1579 2200; x_wconf 87' lang='lat' dir='ltr'><strong>alios</strong></span> <span class='ocrx_word' id='word_1_159' title='bbox 1607 2160 1820 2214; x_wconf 88' lang='lat' dir='ltr'><strong>quoque</strong></span> <span class='ocrx_word' id='word_1_160' title='bbox 1849 2145 2036 2199; x_wconf 89' lang='lat' dir='ltr'><strong>obser-</strong></span> 
     </span>
    </p>
   </div>
   <div class='ocr_carea' id='block_1_21' title="bbox 429 2237 2034 2314">
    <p class='ocr_par' dir='ltr' id='par_1_21' title="bbox 429 2237 2034 2314">
     <span class='ocr_line' id='line_1_21' title="bbox 429 2237 2034 2314; baseline -0.006 -12"><span class='ocrx_word' id='word_1_161' title='bbox 429 2249 594 2302; x_wconf 71' lang='lat' dir='ltr'><strong>vetis.</strong></span> <span class='ocrx_word' id='word_1_162' title='bbox 633 2244 711 2298; x_wconf 81' lang='lat' dir='ltr'><strong>Ne</strong></span> <span class='ocrx_word' id='word_1_163' title='bbox 743 2245 875 2314; x_wconf 84' lang='lat' dir='ltr'><strong>quis,</strong></span> <span class='ocrx_word' id='word_1_164' title='bbox 922 2240 1265 2311; x_wconf 74' lang='lat' dir='ltr'><strong>inquit.desit</strong></span> <span class='ocrx_word' id='word_1_165' title='bbox 1317 2241 1500 2310; x_wconf 81' lang='lat' dir='ltr'><strong>gratia:</strong></span> <span class='ocrx_word' id='word_1_166' title='bbox 1519 2237 1637 2291; x_wconf 78' lang='lat' dir='ltr'><strong>Dei.</strong></span> <span class='ocrx_word' id='word_1_167' title='bbox 1667 2237 1905 2293; x_wconf 88' lang='lat' dir='ltr'><strong>Gratiam</strong></span> <span class='ocrx_word' id='word_1_168' title='bbox 1942 2238 2034 2292; x_wconf 85' lang='lat' dir='ltr'><strong>Dei</strong></span> 
     </span>
    </p>
   </div>
   <div class='ocr_carea' id='block_1_22' title="bbox 437 2330 2034 2401">
    <p class='ocr_par' dir='ltr' id='par_1_22' title="bbox 437 2330 2034 2401">
     <span class='ocr_line' id='line_1_22' title="bbox 437 2330 2034 2401; baseline -0.005 -10"><span class='ocrx_word' id='word_1_169' title='bbox 437 2337 622 2392; x_wconf 74' lang='lat' dir='ltr'><strong>futura</strong></span> <span class='ocrx_word' id='word_1_170' title='bbox 643 2337 766 2390; x_wconf 81' lang='lat' dir='ltr'><strong>dicit</strong></span> <span class='ocrx_word' id='word_1_171' title='bbox 792 2335 949 2399; x_wconf 84' lang='lat' dir='ltr'><strong>bona,</strong></span> <span class='ocrx_word' id='word_1_172' title='bbox 986 2333 1142 2386; x_wconf 88' lang='lat' dir='ltr'><strong>Iidem</strong></span> <span class='ocrx_word' id='word_1_173' title='bbox 1173 2330 1560 2401; x_wconf 76' lang='lat' dir='ltr'><strong>evangelicum,</strong></span> <span class='ocrx_word' id='word_1_174' title='bbox 1609 2330 1868 2398; x_wconf 87' lang='lat' dir='ltr'><strong>optimam</strong></span> <span class='ocrx_word' id='word_1_175' title='bbox 1911 2330 2034 2383; x_wconf 69' lang='lat' dir='ltr'><strong>vita:</strong></span> 
     </span>
    </p>
   </div>
   <div class='ocr_carea' id='block_1_23' title="bbox 435 2422 2030 2493">
    <p class='ocr_par' dir='ltr' id='par_1_23' title="bbox 435 2422 2030 2493">
     <span class='ocr_line' id='line_1_23' title="bbox 435 2422 2030 2493; baseline -0.005 -9"><span class='ocrx_word' id='word_1_176' title='bbox 435 2431 821 2484; x_wconf 84' lang='lat' dir='ltr'><strong>institutionem</strong></span> <span class='ocrx_word' id='word_1_177' title='bbox 855 2445 868 2480; x_wconf 88' lang='lat'><strong>:</strong></span> <span class='ocrx_word' id='word_1_178' title='bbox 897 2436 1024 2479; x_wconf 84' lang='lat' dir='ltr'><strong>sunt</strong></span> <span class='ocrx_word' id='word_1_179' title='bbox 1052 2425 1194 2479; x_wconf 89' lang='lat' dir='ltr'><strong>enim</strong></span> <span class='ocrx_word' id='word_1_180' title='bbox 1225 2423 1405 2478; x_wconf 90' lang='lat' dir='ltr'><strong>omnia</strong></span> <span class='ocrx_word' id='word_1_181' title='bbox 1442 2424 1530 2476; x_wconf 86' lang='lat' dir='ltr'><strong>Dei</strong></span> <span class='ocrx_word' id='word_1_182' title='bbox 1560 2422 1766 2493; x_wconf 69' lang='lat' dir='ltr'><strong>gratiae.</strong></span> <span class='ocrx_word' id='word_1_183' title='bbox 1797 2422 1873 2477; x_wconf 88' lang='lat' dir='ltr'><strong>Ne</strong></span> <span class='ocrx_word' id='word_1_184' title='bbox 1900 2423 2030 2476; x_wconf 88' lang='lat' dir='ltr'><strong>mihi</strong></span> 
     </span>
    </p>
   </div>
   <div class='ocr_carea' id='block_1_24' title="bbox 433 2514 2033 2586">
    <p class='ocr_par' dir='ltr' id='par_1_24' title="bbox 433 2514 2033 2586">
     <span class='ocr_line' id='line_1_24' title="bbox 433 2514 2033 2586; baseline -0.005 -12"><span class='ocrx_word' id='word_1_185' title='bbox 433 2520 656 2580; x_wconf 66' lang='lat' dir='ltr'><strong>dixeris,</strong></span> <span class='ocrx_word' id='word_1_186' title='bbox 692 2517 832 2573; x_wconf 85' lang='lat' dir='ltr'><strong>Unus</strong></span> <span class='ocrx_word' id='word_1_187' title='bbox 855 2527 938 2571; x_wconf 89' lang='lat' dir='ltr'><strong>est</strong></span> <span class='ocrx_word' id='word_1_188' title='bbox 966 2515 1057 2586; x_wconf 91' lang='lat' dir='ltr'><strong>qui</strong></span> <span class='ocrx_word' id='word_1_189' title='bbox 1091 2514 1267 2584; x_wconf 89' lang='lat' dir='ltr'><strong>perit:</strong></span> <span class='ocrx_word' id='word_1_190' title='bbox 1314 2523 1368 2568; x_wconf 88' lang='lat' dir='ltr'><strong>ct</strong></span> <span class='ocrx_word' id='word_1_191' title='bbox 1410 2525 1629 2583; x_wconf 81' lang='lat' dir='ltr'><strong>propter</strong></span> <span class='ocrx_word' id='word_1_192' title='bbox 1675 2529 1840 2567; x_wconf 90' lang='lat' dir='ltr'><strong>unum</strong></span> <span class='ocrx_word' id='word_1_193' title='bbox 1889 2529 2033 2567; x_wconf 91' lang='lat' dir='ltr'><strong>mor-</strong></span> 
     </span>
    </p>
   </div>
   <div class='ocr_carea' id='block_1_25' title="bbox 426 2605 2028 2676">
    <p class='ocr_par' dir='ltr' id='par_1_25' title="bbox 426 2605 2028 2676">
     <span class='ocr_line' id='line_1_25' title="bbox 426 2605 2028 2676; baseline -0.004 -11"><span class='ocrx_word' id='word_1_194' title='bbox 426 2623 553 2667; x_wconf 86' lang='lat' dir='ltr'><strong>tuus</strong></span> <span class='ocrx_word' id='word_1_195' title='bbox 571 2610 934 2666; x_wconf 85' lang='lat' dir='ltr'><strong>estChristus.</strong></span> <span class='ocrx_word' id='word_1_196' title='bbox 950 2609 1176 2676; x_wconf 82' lang='lat' dir='ltr'><strong>Propter</strong></span> <span class='ocrx_word' id='word_1_197' title='bbox 1194 2622 1356 2661; x_wconf 89' lang='lat' dir='ltr'><strong>unum</strong></span> <span class='ocrx_word' id='word_1_198' title='bbox 1382 2617 1627 2660; x_wconf 88' lang='lat' dir='ltr'><strong>mortuus</strong></span> <span class='ocrx_word' id='word_1_199' title='bbox 1649 2616 1730 2660; x_wconf 89' lang='lat' dir='ltr'><strong>est</strong></span> <span class='ocrx_word' id='word_1_200' title='bbox 1747 2605 1994 2660; x_wconf 80' lang='lat' dir='ltr'><strong>Christus</strong></span> <span class='ocrx_word' id='word_1_201' title='bbox 2013 2648 2028 2673; x_wconf 91' lang='lat'><strong>,</strong></span> 
     </span>
    </p>
   </div>
   <div class='ocr_carea' id='block_1_26' title="bbox 427 2699 2028 2775">
    <p class='ocr_par' dir='ltr' id='par_1_26' title="bbox 427 2699 2028 2775">
     <span class='ocr_line' id='line_1_26' title="bbox 427 2699 2028 2775; baseline -0.003 -16"><span class='ocrx_word' id='word_1_202' title='bbox 427 2717 482 2759; x_wconf 91' lang='lat' dir='ltr'><strong>tu</strong></span> <span class='ocrx_word' id='word_1_203' title='bbox 509 2722 640 2759; x_wconf 82' lang='lat' dir='ltr'><strong>vero</strong></span> <span class='ocrx_word' id='word_1_204' title='bbox 669 2705 787 2775; x_wconf 85' lang='lat' dir='ltr'><strong>ejus</strong></span> <span class='ocrx_word' id='word_1_205' title='bbox 811 2717 918 2756; x_wconf 89' lang='lat' dir='ltr'><strong>non</strong></span> <span class='ocrx_word' id='word_1_206' title='bbox 948 2700 1094 2771; x_wconf 84' lang='lat' dir='ltr'><strong>geris</strong></span> <span class='ocrx_word' id='word_1_207' title='bbox 1111 2715 1296 2754; x_wconf 88' lang='lat' dir='ltr'><strong>curam</strong></span> <span class='ocrx_word' id='word_1_208' title='bbox 1320 2699 1342 2751; x_wconf 87' lang='lat'><strong>?</strong></span> <span class='ocrx_word' id='word_1_209' title='bbox 1369 2699 1798 2769; x_wconf 80' lang='lat' dir='ltr'><strong>Contemplantes,</strong></span> <span class='ocrx_word' id='word_1_210' title='bbox 1824 2699 2028 2770; x_wconf 87' lang='lat' dir='ltr'><strong>inquit;</strong></span> 
     </span>
    </p>
   </div>
   <div class='ocr_carea' id='block_1_27' title="bbox 420 2796 2021 2864">
    <p class='ocr_par' dir='ltr' id='par_1_27' title="bbox 420 2796 2021 2864">
     <span class='ocr_line' id='line_1_27' title="bbox 420 2796 2021 2864; baseline -0.001 -13"><span class='ocrx_word' id='word_1_211' title='bbox 420 2799 525 2852; x_wconf 87' lang='lat' dir='ltr'><strong>hoc</strong></span> <span class='ocrx_word' id='word_1_212' title='bbox 553 2806 660 2864; x_wconf 88' lang='lat' dir='ltr'><strong>est,</strong></span> <span class='ocrx_word' id='word_1_213' title='bbox 685 2806 873 2851; x_wconf 79' lang='lat' dir='ltr'><strong>exacte</strong></span> <span class='ocrx_word' id='word_1_214' title='bbox 899 2805 1223 2862; x_wconf 85' lang='lat' dir='ltr'><strong>scrutantes,</strong></span> <span class='ocrx_word' id='word_1_215' title='bbox 1247 2796 1673 2862; x_wconf 83' lang='lat' dir='ltr'><strong>considerantes,</strong></span> <span class='ocrx_word' id='word_1_216' title='bbox 1699 2798 2021 2860; x_wconf 87' lang='lat' dir='ltr'><strong>ediscentes,</strong></span> 
     </span>
    </p>
   </div>
   <div class='ocr_carea' id='block_1_28' title="bbox 415 2891 2018 2962">
    <p class='ocr_par' dir='ltr' id='par_1_28' title="bbox 415 2891 2018 2962">
     <span class='ocr_line' id='line_1_28' title="bbox 415 2891 2018 2962; baseline 0 -16"><span class='ocrx_word' id='word_1_217' title='bbox 415 2902 476 2946; x_wconf 87' lang='lat' dir='ltr'><strong>ut</strong></span> <span class='ocrx_word' id='word_1_218' title='bbox 503 2907 636 2962; x_wconf 84' lang='lat' dir='ltr'><strong>erga</strong></span> <span class='ocrx_word' id='word_1_219' title='bbox 669 2892 912 2946; x_wconf 71' lang='lat' dir='ltr'><strong>infirmos</strong></span> <span class='ocrx_word' id='word_1_220' title='bbox 939 2891 1053 2945; x_wconf 86' lang='lat' dir='ltr'><strong>ﬁeri</strong></span> <span class='ocrx_word' id='word_1_221' title='bbox 1076 2892 1234 2954; x_wconf 81' lang='lat' dir='ltr'><strong>solet,</strong></span> <span class='ocrx_word' id='word_1_222' title='bbox 1252 2899 1302 2946; x_wconf 87' lang='lat' dir='ltr'><strong>et</strong></span> <span class='ocrx_word' id='word_1_223' title='bbox 1328 2906 1422 2960; x_wconf 91' lang='lat' dir='ltr'><strong>per</strong></span> <span class='ocrx_word' id='word_1_224' title='bbox 1443 2892 1622 2945; x_wconf 91' lang='lat' dir='ltr'><strong>omnia</strong></span> <span class='ocrx_word' id='word_1_225' title='bbox 1645 2893 2018 2954; x_wconf 83' lang='lat' dir='ltr'><strong>observantes,</strong></span> 
     </span>
    </p>
   </div>
   <div class='ocr_carea' id='block_1_29' title="bbox 413 2982 2019 3054">
    <p class='ocr_par' dir='ltr' id='par_1_29' title="bbox 413 2982 2019 3054">
     <span class='ocr_line' id='line_1_29' title="bbox 413 2982 2019 3054; baseline 0 -18"><span class='ocrx_word' id='word_1_226' title='bbox 413 2982 505 3037; x_wconf 72' lang='grc' dir='ltr'><strong>»Νε</strong></span> <span class='ocrx_word' id='word_1_227' title='bbox 528 3000 631 3054; x_wconf 79' lang='lat' dir='ltr'><strong>qua</strong></span> <span class='ocrx_word' id='word_1_228' title='bbox 658 2983 812 3037; x_wconf 68' lang='lat' dir='ltr'><strong>radis:</strong></span> <span class='ocrx_word' id='word_1_229' title='bbox 843 2983 1203 3036; x_wconf 81' lang='lat' dir='ltr'><strong>amaritudinis</strong></span> <span class='ocrx_word' id='word_1_230' title='bbox 1232 2999 1435 3037; x_wconf 84' lang='lat' dir='ltr'><strong>sursum</strong></span> <span class='ocrx_word' id='word_1_231' title='bbox 1459 2987 1748 3054; x_wconf 82' lang='lat' dir='ltr'><strong>germinans</strong></span> <span class='ocrx_word' id='word_1_232' title='bbox 1775 2984 2019 3053; x_wconf 79' lang='lat' dir='ltr'><strong>impediat</strong></span> 
     </span>
    </p>
   </div>
   <div class='ocr_carea' id='block_1_30' title="bbox 410 3073 2022 3144">
    <p class='ocr_par' dir='ltr' id='par_1_30' title="bbox 410 3073 2022 3144">
     <span class='ocr_line' id='line_1_30' title="bbox 410 3073 2022 3144; baseline 0.001 -17"><span class='ocrx_word' id='word_1_233' title='bbox 410 3074 598 3144; x_wconf 80' lang='lat' dir='ltr'><strong>(Deut.</strong></span> <span class='ocrx_word' id='word_1_234' title='bbox 634 3075 725 3128; x_wconf 73' lang='grc'><strong>29.</strong></span> <span class='ocrx_word' id='word_1_235' title='bbox 764 3075 891 3144; x_wconf 71' lang='grc'><strong>18).</strong></span> <span class='ocrx_word' id='word_1_236' title='bbox 927 3073 1040 3128; x_wconf 86' lang='lat' dir='ltr'><strong>Hoc</strong></span> <span class='ocrx_word' id='word_1_237' title='bbox 1073 3074 1306 3142; x_wconf 90' lang='lat' dir='ltr'><strong>positum</strong></span> <span class='ocrx_word' id='word_1_238' title='bbox 1347 3085 1432 3127; x_wconf 87' lang='lat' dir='ltr'><strong>est</strong></span> <span class='ocrx_word' id='word_1_239' title='bbox 1481 3075 1533 3128; x_wconf 92' lang='lat' dir='ltr'><strong>in</strong></span> <span class='ocrx_word' id='word_1_240' title='bbox 1588 3075 2022 3140; x_wconf 85' lang='lat' dir='ltr'><strong>Deuteronotnio,</strong></span> 
     </span>
    </p>
   </div>
   <div class='ocr_carea' id='block_1_31' title="bbox 413 3164 2023 3236">
    <p class='ocr_par' dir='ltr' id='par_1_31' title="bbox 413 3164 2023 3236">
     <span class='ocr_line' id='line_1_31' title="bbox 413 3164 2023 3236; baseline -0.002 -16"><span class='ocrx_word' id='word_1_241' title='bbox 413 3175 809 3236; x_wconf 88' lang='lat' dir='ltr'><strong>sumptumque</strong></span> <span class='ocrx_word' id='word_1_242' title='bbox 859 3165 1012 3218; x_wconf 76' lang='lat' dir='ltr'><strong>fuita</strong></span> <span class='ocrx_word' id='word_1_243' title='bbox 1045 3165 1356 3234; x_wconf 84' lang='lat' dir='ltr'><strong>metaphora</strong></span> <span class='ocrx_word' id='word_1_244' title='bbox 1411 3166 1730 3233; x_wconf 84' lang='lat' dir='ltr'><strong>plantarum.</strong></span> <span class='ocrx_word' id='word_1_245' title='bbox 1783 3164 1866 3219; x_wconf 82' lang='lat' dir='ltr'><strong>Ne</strong></span> <span class='ocrx_word' id='word_1_246' title='bbox 1901 3181 2023 3234; x_wconf 84' lang='lat' dir='ltr'><strong>qua,</strong></span> 
     </span>
    </p>
   </div>
   <div class='ocr_carea' id='block_1_32' title="bbox 413 3256 2027 3328">
    <p class='ocr_par' dir='ltr' id='par_1_32' title="bbox 413 3256 2027 3328">
     <span class='ocr_line' id='line_1_32' title="bbox 413 3256 2027 3328; baseline -0.004 -14"><span class='ocrx_word' id='word_1_247' title='bbox 413 3257 613 3328; x_wconf 88' lang='lat' dir='ltr'><strong>inquit,</strong></span> <span class='ocrx_word' id='word_1_248' title='bbox 656 3258 811 3311; x_wconf 74' lang='lat' dir='ltr'><strong>radis:</strong></span> <span class='ocrx_word' id='word_1_249' title='bbox 839 3257 1201 3311; x_wconf 82' lang='lat' dir='ltr'><strong>amaritudinis</strong></span> <span class='ocrx_word' id='word_1_250' title='bbox 1236 3273 1255 3310; x_wconf 89' lang='lat'><strong><em>:</em></strong></span> <span class='ocrx_word' id='word_1_251' title='bbox 1285 3257 1426 3327; x_wconf 88' lang='lat' dir='ltr'><strong>quod</strong></span> <span class='ocrx_word' id='word_1_252' title='bbox 1476 3256 1602 3310; x_wconf 88' lang='lat' dir='ltr'><strong>alibi</strong></span> <span class='ocrx_word' id='word_1_253' title='bbox 1643 3271 1856 3326; x_wconf 89' lang='lat' dir='ltr'><strong>quoque</strong></span> <span class='ocrx_word' id='word_1_254' title='bbox 1894 3259 2027 3310; x_wconf 74' lang='lat' dir='ltr'><strong>scri-</strong></span> 
     </span>
    </p>
   </div>
   <div class='ocr_carea' id='block_1_33' title="bbox 411 3348 2026 3417">
    <p class='ocr_par' dir='ltr' id='par_1_33' title="bbox 411 3348 2026 3417">
     <span class='ocr_line' id='line_1_33' title="bbox 411 3348 2026 3417; baseline -0.003 -12"><span class='ocrx_word' id='word_1_255' title='bbox 411 3351 574 3416; x_wconf 88' lang='lat' dir='ltr'><strong>bens,</strong></span> <span class='ocrx_word' id='word_1_256' title='bbox 616 3351 770 3416; x_wconf 85' lang='lat' dir='ltr'><strong>dicit,</strong></span> <span class='ocrx_word' id='word_1_257' title='bbox 815 3349 1078 3404; x_wconf 79' lang='lat' dir='ltr'><strong>Modicum</strong></span> <span class='ocrx_word' id='word_1_258' title='bbox 1119 3349 1422 3417; x_wconf 75' lang='lat' dir='ltr'><strong>fermentum</strong></span> <span class='ocrx_word' id='word_1_259' title='bbox 1474 3357 1631 3403; x_wconf 80' lang='lat' dir='ltr'><strong>totatn</strong></span> <span class='ocrx_word' id='word_1_260' title='bbox 1667 3365 1890 3402; x_wconf 83' lang='lat' dir='ltr'><strong>massam</strong></span> <span class='ocrx_word' id='word_1_261' title='bbox 1923 3348 2026 3416; x_wconf 70' lang='lat' dir='ltr'><strong>{er—</strong></span> 
     </span>
    </p>
   </div>
   <div class='ocr_carea' id='block_1_34' title="bbox 412 3441 2028 3512">
    <p class='ocr_par' dir='ltr' id='par_1_34' title="bbox 412 3441 2028 3512">
     <span class='ocr_line' id='line_1_34' title="bbox 412 3441 2028 3512; baseline 0 -18"><span class='ocrx_word' id='word_1_262' title='bbox 412 3450 607 3497; x_wconf 82' lang='lat' dir='ltr'><strong>mentat</strong></span> <span class='ocrx_word' id='word_1_263' title='bbox 644 3445 719 3512; x_wconf 82' lang='lat' dir='ltr'><strong>(I.</strong></span> <span class='ocrx_word' id='word_1_264' title='bbox 749 3442 872 3496; x_wconf 82' lang='lat' dir='ltr'><strong>Cor.</strong></span> <span class='ocrx_word' id='word_1_265' title='bbox 900 3442 955 3495; x_wconf 82' lang='lat'><strong>5.</strong></span> <span class='ocrx_word' id='word_1_266' title='bbox 995 3441 1071 3512; x_wconf 89' lang='lat'><strong>6).</strong></span> <span class='ocrx_word' id='word_1_267' title='bbox 1106 3441 1224 3496; x_wconf 79' lang='lat' dir='ltr'><strong>Non</strong></span> <span class='ocrx_word' id='word_1_268' title='bbox 1271 3450 1492 3512; x_wconf 87' lang='lat' dir='ltr'><strong>propter</strong></span> <span class='ocrx_word' id='word_1_269' title='bbox 1537 3441 1663 3496; x_wconf 88' lang='lat' dir='ltr'><strong>illud</strong></span> <span class='ocrx_word' id='word_1_270' title='bbox 1707 3441 1878 3495; x_wconf 87' lang='lat' dir='ltr'><strong>solum</strong></span> <span class='ocrx_word' id='word_1_271' title='bbox 1929 3442 2028 3494; x_wconf 86' lang='lat' dir='ltr'><strong>hoc</strong></span> 
     </span>
    </p>
   </div>
   <div class='ocr_carea' id='block_1_35' title="bbox 412 3535 2026 3606">
    <p class='ocr_par' dir='ltr' id='par_1_35' title="bbox 412 3535 2026 3606">
     <span class='ocr_line' id='line_1_35' title="bbox 412 3535 2026 3606; baseline -0.002 -17"><span class='ocrx_word' id='word_1_272' title='bbox 412 3538 560 3601; x_wconf 83' lang='lat' dir='ltr'><strong>volo,</strong></span> <span class='ocrx_word' id='word_1_273' title='bbox 592 3537 788 3606; x_wconf 85' lang='lat' dir='ltr'><strong>inquit,</strong></span> <span class='ocrx_word' id='word_1_274' title='bbox 820 3537 916 3592; x_wconf 89' lang='lat' dir='ltr'><strong>sed</strong></span> <span class='ocrx_word' id='word_1_275' title='bbox 947 3537 1110 3592; x_wconf 89' lang='lat' dir='ltr'><strong>etiam</strong></span> <span class='ocrx_word' id='word_1_276' title='bbox 1134 3545 1355 3606; x_wconf 87' lang='lat' dir='ltr'><strong>pr0pter</strong></span> <span class='ocrx_word' id='word_1_277' title='bbox 1408 3536 1558 3590; x_wconf 89' lang='lat' dir='ltr'><strong>illam</strong></span> <span class='ocrx_word' id='word_1_278' title='bbox 1603 3551 1722 3606; x_wconf 68' lang='lat' dir='ltr'><strong>qua:</strong></span> <span class='ocrx_word' id='word_1_279' title='bbox 1751 3535 1875 3592; x_wconf 80' lang='lat' dir='ltr'><strong>inde</strong></span> <span class='ocrx_word' id='word_1_280' title='bbox 1905 3545 2026 3589; x_wconf 91' lang='lat' dir='ltr'><strong>orta</strong></span> 
     </span>
    </p>
   </div>
   <div class='ocr_carea' id='block_1_36' title="bbox 411 3629 2024 3699">
    <p class='ocr_par' dir='ltr' id='par_1_36' title="bbox 411 3629 2024 3699">
     <span class='ocr_line' id='line_1_36' title="bbox 411 3629 2024 3699; baseline -0.004 -12"><span class='ocrx_word' id='word_1_281' title='bbox 411 3643 502 3687; x_wconf 86' lang='lat' dir='ltr'><strong>cst</strong></span> <span class='ocrx_word' id='word_1_282' title='bbox 530 3648 750 3687; x_wconf 79' lang='lat' dir='ltr'><strong>noxam.</strong></span> <span class='ocrx_word' id='word_1_283' title='bbox 781 3632 896 3687; x_wconf 93' lang='lat' dir='ltr'><strong>Hoc</strong></span> <span class='ocrx_word' id='word_1_284' title='bbox 914 3631 1242 3696; x_wconf 89' lang='lat' dir='ltr'><strong>est,etiamsi</strong></span> <span class='ocrx_word' id='word_1_285' title='bbox 1261 3632 1331 3683; x_wconf 86' lang='lat' dir='ltr'><strong>sit</strong></span> <span class='ocrx_word' id='word_1_286' title='bbox 1355 3631 1527 3696; x_wconf 89' lang='lat' dir='ltr'><strong>aliqua</strong></span> <span class='ocrx_word' id='word_1_287' title='bbox 1557 3629 1710 3684; x_wconf 80' lang='lat' dir='ltr'><strong>radix</strong></span> <span class='ocrx_word' id='word_1_288' title='bbox 1737 3629 2024 3699; x_wconf 86' lang='lat' dir='ltr'><strong>ejusmodi,</strong></span> 
     </span>
    </p>
   </div>
   <div class='ocr_carea' id='block_1_37' title="bbox 413 3722 2028 3794">
    <p class='ocr_par' dir='ltr' id='par_1_37' title="bbox 413 3722 2028 3794">
     <span class='ocr_line' id='line_1_37' title="bbox 413 3722 2028 3794; baseline -0.001 -16"><span class='ocrx_word' id='word_1_289' title='bbox 413 3723 626 3779; x_wconf 87' lang='lat' dir='ltr'><strong>nullum</strong></span> <span class='ocrx_word' id='word_1_290' title='bbox 652 3739 872 3794; x_wconf 78' lang='lat' dir='ltr'><strong>germen</strong></span> <span class='ocrx_word' id='word_1_291' title='bbox 905 3724 1051 3776; x_wconf 91' lang='lat' dir='ltr'><strong>sinas</strong></span> <span class='ocrx_word' id='word_1_292' title='bbox 1101 3722 1417 3790; x_wconf 89' lang='lat' dir='ltr'><strong>ascendere,</strong></span> <span class='ocrx_word' id='word_1_293' title='bbox 1445 3722 1539 3777; x_wconf 90' lang='lat' dir='ltr'><strong>sed</strong></span> <span class='ocrx_word' id='word_1_294' title='bbox 1570 3722 1932 3785; x_wconf 83' lang='lat' dir='ltr'><strong>exscindatur,</strong></span> <span class='ocrx_word' id='word_1_295' title='bbox 1959 3736 2028 3776; x_wconf 85' lang='lat' dir='ltr'><strong>ne</strong></span> 
     </span>
    </p>
   </div>
   <div class='ocr_carea' id='block_1_38' title="bbox 410 3813 2021 3882">
    <p class='ocr_par' dir='ltr' id='par_1_38' title="bbox 410 3813 2021 3882">
     <span class='ocr_line' id='line_1_38' title="bbox 410 3813 2021 3882; baseline -0.003 -10"><span class='ocrx_word' id='word_1_296' title='bbox 410 3831 548 3872; x_wconf 78' lang='lat' dir='ltr'><strong>Suos</strong></span> <span class='ocrx_word' id='word_1_297' title='bbox 580 3816 787 3870; x_wconf 83' lang='lat' dir='ltr'><strong>fructus</strong></span> <span class='ocrx_word' id='word_1_298' title='bbox 829 3814 992 3881; x_wconf 83' lang='lat' dir='ltr'><strong>ferat,</strong></span> <span class='ocrx_word' id='word_1_299' title='bbox 1034 3823 1096 3869; x_wconf 93' lang='lat' dir='ltr'><strong>ut</strong></span> <span class='ocrx_word' id='word_1_300' title='bbox 1133 3829 1239 3868; x_wconf 91' lang='lat' dir='ltr'><strong>non</strong></span> <span class='ocrx_word' id='word_1_301' title='bbox 1276 3814 1412 3867; x_wconf 90' lang='lat' dir='ltr'><strong>alios</strong></span> <span class='ocrx_word' id='word_1_302' title='bbox 1456 3813 1660 3867; x_wconf 82' lang='lat' dir='ltr'><strong>inliciat</strong></span> <span class='ocrx_word' id='word_1_303' title='bbox 1707 3821 1762 3868; x_wconf 89' lang='lat' dir='ltr'><strong>et</strong></span> <span class='ocrx_word' id='word_1_304' title='bbox 1801 3814 2021 3882; x_wconf 86' lang='lat' dir='ltr'><strong>polluat.</strong></span> 
     </span>
    </p>
   </div>
   <div class='ocr_carea' id='block_1_39' title="bbox 412 3905 2026 3980">
    <p class='ocr_par' dir='ltr' id='par_1_39' title="bbox 412 3905 2026 3980">
     <span class='ocr_line' id='line_1_39' title="bbox 412 3905 2026 3980; baseline -0.003 -17"><span class='ocrx_word' id='word_1_305' title='bbox 412 3907 504 3963; x_wconf 78' lang='lat' dir='ltr'><strong>Ne</strong></span> <span class='ocrx_word' id='word_1_306' title='bbox 543 3927 667 3980; x_wconf 88' lang='lat' dir='ltr'><strong>qua,</strong></span> <span class='ocrx_word' id='word_1_307' title='bbox 694 3906 890 3977; x_wconf 81' lang='lat' dir='ltr'><strong>inquit,</strong></span> <span class='ocrx_word' id='word_1_308' title='bbox 923 3907 1076 3960; x_wconf 73' lang='lat' dir='ltr'><strong>radix</strong></span> <span class='ocrx_word' id='word_1_309' title='bbox 1104 3907 1464 3959; x_wconf 83' lang='lat' dir='ltr'><strong>amaritudinis</strong></span> <span class='ocrx_word' id='word_1_310' title='bbox 1503 3922 1704 3959; x_wconf 82' lang='lat' dir='ltr'><strong>sursum</strong></span> <span class='ocrx_word' id='word_1_311' title='bbox 1733 3905 2026 3976; x_wconf 73' lang='lat' dir='ltr'><strong>germinans</strong></span> 
     </span>
    </p>
   </div>
   <div class='ocr_carea' id='block_1_40' title="bbox 409 3996 2026 4070">
    <p class='ocr_par' dir='ltr' id='par_1_40' title="bbox 409 3996 2026 4070">
     <span class='ocr_line' id='line_1_40' title="bbox 409 3996 2026 4070; baseline -0.002 -18"><span class='ocrx_word' id='word_1_312' title='bbox 409 3999 686 4070; x_wconf 79' lang='lat' dir='ltr'><strong>impediat,</strong></span> <span class='ocrx_word' id='word_1_313' title='bbox 727 4007 773 4050; x_wconf 82' lang='lat' dir='ltr'><strong>et</strong></span> <span class='ocrx_word' id='word_1_314' title='bbox 812 4015 900 4067; x_wconf 84' lang='lat' dir='ltr'><strong>per</strong></span> <span class='ocrx_word' id='word_1_315' title='bbox 941 3996 1086 4050; x_wconf 70' lang='lat' dir='ltr'><strong>illam</strong></span> <span class='ocrx_word' id='word_1_316' title='bbox 1127 3997 1458 4066; x_wconf 82' lang='lat' dir='ltr'><strong>inquinentur</strong></span> <span class='ocrx_word' id='word_1_317' title='bbox 1507 3997 1673 4050; x_wconf 82' lang='lat' dir='ltr'><strong>multi.</strong></span> <span class='ocrx_word' id='word_1_318' title='bbox 1729 3996 1794 4050; x_wconf 87' lang='grc' dir='ltr'><strong>Ει</strong></span> <span class='ocrx_word' id='word_1_319' title='bbox 1833 3996 2026 4051; x_wconf 83' lang='lat' dir='ltr'><strong>merito</strong></span> 
     </span>
    </p>
   </div>
   <div class='ocr_carea' id='block_1_41' title="bbox 410 4088 2027 4158">
    <p class='ocr_par' dir='ltr' id='par_1_41' title="bbox 410 4088 2027 4158">
     <span class='ocr_line' id='line_1_41' title="bbox 410 4088 2027 4158; baseline -0.002 -13"><span class='ocrx_word' id='word_1_320' title='bbox 410 4107 661 4145; x_wconf 72' lang='lat' dir='ltr'><strong>aurarum</strong></span> <span class='ocrx_word' id='word_1_321' title='bbox 708 4091 918 4144; x_wconf 81' lang='lat' dir='ltr'><strong>vocavit</strong></span> <span class='ocrx_word' id='word_1_322' title='bbox 968 4100 1294 4158; x_wconf 84' lang='lat' dir='ltr'><strong>peccatum:</strong></span> <span class='ocrx_word' id='word_1_323' title='bbox 1340 4105 1530 4144; x_wconf 84' lang='lat' dir='ltr'><strong>revera</strong></span> <span class='ocrx_word' id='word_1_324' title='bbox 1577 4089 1720 4143; x_wconf 90' lang='lat' dir='ltr'><strong>enim</strong></span> <span class='ocrx_word' id='word_1_325' title='bbox 1764 4088 1894 4142; x_wconf 84' lang='lat' dir='ltr'><strong>nihil</strong></span> <span class='ocrx_word' id='word_1_326' title='bbox 1943 4097 2027 4142; x_wconf 79' lang='lat' dir='ltr'><strong>est</strong></span> 
     </span>
    </p>
   </div>
   <div class='ocr_carea' id='block_1_42' title="bbox 413 4182 2025 4255">
    <p class='ocr_par' dir='ltr' id='par_1_42' title="bbox 413 4182 2025 4255">
     <span class='ocr_line' id='line_1_42' title="bbox 413 4182 2025 4255; baseline 0 -17"><span class='ocrx_word' id='word_1_327' title='bbox 413 4196 644 4255; x_wconf 84' lang='lat' dir='ltr'><strong>peccato</strong></span> <span class='ocrx_word' id='word_1_328' title='bbox 683 4184 938 4238; x_wconf 87' lang='lat' dir='ltr'><strong>amarius.</strong></span> <span class='ocrx_word' id='word_1_329' title='bbox 994 4183 1106 4238; x_wconf 88' lang='lat' dir='ltr'><strong>lloc</strong></span> <span class='ocrx_word' id='word_1_330' title='bbox 1151 4183 1333 4236; x_wconf 83' lang='lat' dir='ltr'><strong>sciunt</strong></span> <span class='ocrx_word' id='word_1_331' title='bbox 1363 4185 1449 4252; x_wconf 91' lang='lat' dir='ltr'><strong>qui</strong></span> <span class='ocrx_word' id='word_1_332' title='bbox 1484 4194 1767 4253; x_wconf 75' lang='lat' dir='ltr'><strong>postquam</strong></span> <span class='ocrx_word' id='word_1_333' title='bbox 1800 4182 1851 4236; x_wconf 87' lang='lat' dir='ltr'><strong>id</strong></span> <span class='ocrx_word' id='word_1_334' title='bbox 1886 4185 2025 4238; x_wconf 82' lang='lat' dir='ltr'><strong>iere-</strong></span> 
     </span>
    </p>
   </div>
   <div class='ocr_carea' id='block_1_43' title="bbox 415 4275 2022 4345">
    <p class='ocr_par' dir='ltr' id='par_1_43' title="bbox 415 4275 2022 4345">
     <span class='ocr_line' id='line_1_43' title="bbox 415 4275 2022 4345; baseline -0.001 -15"><span class='ocrx_word' id='word_1_335' title='bbox 415 4287 570 4339; x_wconf 87' lang='lat' dir='ltr'><strong>runt,</strong></span> <span class='ocrx_word' id='word_1_336' title='bbox 605 4275 887 4329; x_wconf 79' lang='lat' dir='ltr'><strong>tabescunt</strong></span> <span class='ocrx_word' id='word_1_337' title='bbox 927 4291 954 4326; x_wconf 91' lang='lat' dir='ltr'><strong>a</strong></span> <span class='ocrx_word' id='word_1_338' title='bbox 981 4275 1334 4341; x_wconf 88' lang='lat' dir='ltr'><strong>conscientia,</strong></span> <span class='ocrx_word' id='word_1_339' title='bbox 1359 4277 1445 4344; x_wconf 90' lang='lat' dir='ltr'><strong>qui</strong></span> <span class='ocrx_word' id='word_1_340' title='bbox 1476 4290 1723 4345; x_wconf 86' lang='lat' dir='ltr'><strong>magnam</strong></span> <span class='ocrx_word' id='word_1_341' title='bbox 1755 4275 2022 4329; x_wconf 77' lang='lat' dir='ltr'><strong>susdnent</strong></span> 
     </span>
    </p>
   </div>
   <div class='ocr_carea' id='block_1_44' title="bbox 415 4367 2026 4436">
    <p class='ocr_par' dir='ltr' id='par_1_44' title="bbox 415 4367 2026 4436">
     <span class='ocr_line' id='line_1_44' title="bbox 415 4367 2026 4436; baseline 0 -15"><span class='ocrx_word' id='word_1_342' title='bbox 415 4367 834 4422; x_wconf 75' lang='lat' dir='ltr'><strong>amaritudinem</strong></span> <span class='ocrx_word' id='word_1_343' title='bbox 866 4385 879 4421; x_wconf 90' lang='lat'><strong>:</strong></span> <span class='ocrx_word' id='word_1_344' title='bbox 916 4383 1038 4421; x_wconf 90' lang='lat' dir='ltr'><strong>nam</strong></span> <span class='ocrx_word' id='word_1_345' title='bbox 1070 4383 1192 4420; x_wconf 89' lang='lat' dir='ltr'><strong>cum</strong></span> <span class='ocrx_word' id='word_1_346' title='bbox 1226 4368 1295 4420; x_wconf 86' lang='lat' dir='ltr'><strong>sit</strong></span> <span class='ocrx_word' id='word_1_347' title='bbox 1320 4368 1739 4432; x_wconf 78' lang='lat' dir='ltr'><strong>amarissimum,</strong></span> <span class='ocrx_word' id='word_1_348' title='bbox 1769 4370 2026 4436; x_wconf 90' lang='lat' dir='ltr'><strong>pervertit</strong></span> 
     </span>
    </p>
   </div>
   <div class='ocr_carea' id='block_1_45' title="bbox 413 4460 2025 4530">
    <p class='ocr_par' dir='ltr' id='par_1_45' title="bbox 413 4460 2025 4530">
     <span class='ocr_line' id='line_1_45' title="bbox 413 4460 2025 4530; baseline -0.003 -12"><span class='ocrx_word' id='word_1_349' title='bbox 413 4463 581 4518; x_wconf 83' lang='lat' dir='ltr'><strong>etiam</strong></span> <span class='ocrx_word' id='word_1_350' title='bbox 622 4463 793 4530; x_wconf 86' lang='lat' dir='ltr'><strong>ipsam</strong></span> <span class='ocrx_word' id='word_1_351' title='bbox 843 4460 950 4515; x_wconf 85' lang='lat' dir='ltr'><strong>vim</strong></span> <span class='ocrx_word' id='word_1_352' title='bbox 998 4460 1380 4515; x_wconf 86' lang='lat' dir='ltr'><strong>ratiocinandi.</strong></span> <span class='ocrx_word' id='word_1_353' title='bbox 1432 4461 1502 4514; x_wconf 76' lang='lat' dir='ltr'><strong>Ea</strong></span> <span class='ocrx_word' id='word_1_354' title='bbox 1535 4471 1615 4514; x_wconf 92' lang='lat' dir='ltr'><strong>est</strong></span> <span class='ocrx_word' id='word_1_355' title='bbox 1648 4460 2025 4515; x_wconf 81' lang='lat' dir='ltr'><strong>antaritudinis</strong></span> 
     </span>
    </p>
   </div>
   <div class='ocr_carea' id='block_1_46' title="bbox 413 4553 2021 4620">
    <p class='ocr_par' dir='ltr' id='par_1_46' title="bbox 413 4553 2021 4620">
     <span class='ocr_line' id='line_1_46' title="bbox 413 4553 2021 4620; baseline -0.004 -10"><span class='ocrx_word' id='word_1_356' title='bbox 413 4567 632 4620; x_wconf 85' lang='lat' dir='ltr'><strong>natura,</strong></span> <span class='ocrx_word' id='word_1_357' title='bbox 662 4566 719 4609; x_wconf 88' lang='lat' dir='ltr'><strong>ttt</strong></span> <span class='ocrx_word' id='word_1_358' title='bbox 747 4556 815 4609; x_wconf 86' lang='lat' dir='ltr'><strong>sit</strong></span> <span class='ocrx_word' id='word_1_359' title='bbox 841 4554 1066 4608; x_wconf 81' lang='lat' dir='ltr'><strong>inutilis.</strong></span> <span class='ocrx_word' id='word_1_360' title='bbox 1094 4555 1257 4608; x_wconf 68' lang='lat' dir='ltr'><strong>Ilecte</strong></span> <span class='ocrx_word' id='word_1_361' title='bbox 1285 4564 1461 4607; x_wconf 80' lang='lat' dir='ltr'><strong>autem</strong></span> <span class='ocrx_word' id='word_1_362' title='bbox 1491 4553 1645 4618; x_wconf 80' lang='lat' dir='ltr'><strong>dixit,</strong></span> <span class='ocrx_word' id='word_1_363' title='bbox 1679 4554 1851 4606; x_wconf 80' lang='lat' dir='ltr'><strong>lladix</strong></span> <span class='ocrx_word' id='word_1_364' title='bbox 1878 4571 2021 4606; x_wconf 88' lang='lat' dir='ltr'><strong>ama-</strong></span> 
     </span>
    </p>
   </div>
   <div class='ocr_carea' id='block_1_47' title="bbox 415 4645 2023 4710">
    <p class='ocr_par' dir='ltr' id='par_1_47' title="bbox 415 4645 2023 4710">
     <span class='ocr_line' id='line_1_47' title="bbox 415 4645 2023 4710; baseline -0.002 -8"><span class='ocrx_word' id='word_1_365' title='bbox 415 4650 683 4703; x_wconf 79' lang='lat' dir='ltr'><strong>ritudinis.</strong></span> <span class='ocrx_word' id='word_1_366' title='bbox 715 4649 831 4700; x_wconf 73' lang='lat' dir='ltr'><strong>Non</strong></span> <span class='ocrx_word' id='word_1_367' title='bbox 859 4647 1013 4710; x_wconf 81' lang='lat' dir='ltr'><strong>dixit,</strong></span> <span class='ocrx_word' id='word_1_368' title='bbox 1046 4646 1390 4710; x_wconf 80' lang='lat' dir='ltr'><strong>Atnara,sed,</strong></span> <span class='ocrx_word' id='word_1_369' title='bbox 1439 4645 1808 4698; x_wconf 83' lang='lat' dir='ltr'><strong>Amaritndinis</strong></span> <span class='ocrx_word' id='word_1_370' title='bbox 1838 4660 1855 4696; x_wconf 90' lang='lat'><strong><em>:</em></strong></span> <span class='ocrx_word' id='word_1_371' title='bbox 1904 4660 2023 4698; x_wconf 89' lang='lat' dir='ltr'><strong>nam</strong></span> 
     </span>
    </p>
   </div>
   <div class='ocr_carea' id='block_1_48' title="bbox 417 4735 2023 4825">
    <p class='ocr_par' dir='ltr' id='par_1_48' title="bbox 417 4735 2023 4809">
     <span class='ocr_line' id='line_1_48' title="bbox 417 4735 2023 4809; baseline -0.007 -13"><span class='ocrx_word' id='word_1_372' title='bbox 417 4743 538 4796; x_wconf 76' lang='lat' dir='ltr'><strong>ﬁeri</strong></span> <span class='ocrx_word' id='word_1_373' title='bbox 572 4741 783 4809; x_wconf 75' lang='lat' dir='ltr'><strong>quidem</strong></span> <span class='ocrx_word' id='word_1_374' title='bbox 816 4748 992 4805; x_wconf 74' lang='lat' dir='ltr'><strong>potest</strong></span> <span class='ocrx_word' id='word_1_375' title='bbox 1023 4752 1078 4791; x_wconf 84' lang='lat' dir='ltr'><strong>ut</strong></span> <span class='ocrx_word' id='word_1_376' title='bbox 1113 4738 1261 4790; x_wconf 78' lang='lat' dir='ltr'><strong>radix</strong></span> <span class='ocrx_word' id='word_1_377' title='bbox 1294 4753 1474 4789; x_wconf 83' lang='lat' dir='ltr'><strong>amara</strong></span> <span class='ocrx_word' id='word_1_378' title='bbox 1509 4737 1693 4788; x_wconf 73' lang='lat' dir='ltr'><strong>dulces</strong></span> <span class='ocrx_word' id='word_1_379' title='bbox 1725 4735 1860 4788; x_wconf 74' lang='lat' dir='ltr'><strong>ferat</strong></span> <span class='ocrx_word' id='word_1_380' title='bbox 1912 4735 2023 4787; x_wconf 73' lang='lat' dir='ltr'><strong>l&#39;rtt-</strong></span> 
     </span>
    </p>
   </div>
   <div class='ocr_carea' id='block_1_49' title="bbox 419 4829 2048 4908">
    <p class='ocr_par' dir='ltr' id='par_1_49' title="bbox 419 4829 2048 4908">
     <span class='ocr_line' id='line_1_49' title="bbox 419 4829 2048 4908; baseline -0.005 -18"><span class='ocrx_word' id='word_1_381' title='bbox 419 4849 567 4903; x_wconf 80' lang='lat' dir='ltr'><strong>rtus,</strong></span> <span class='ocrx_word' id='word_1_382' title='bbox 595 4839 689 4892; x_wconf 88' lang='lat' dir='ltr'><strong>sed</strong></span> <span class='ocrx_word' id='word_1_383' title='bbox 706 4838 824 4895; x_wconf 76' lang='lat' dir='ltr'><strong>fieri</strong></span> <span class='ocrx_word' id='word_1_384' title='bbox 842 4853 950 4893; x_wconf 87' lang='lat' dir='ltr'><strong>non</strong></span> <span class='ocrx_word' id='word_1_385' title='bbox 977 4848 1154 4908; x_wconf 83' lang='lat' dir='ltr'><strong>potest</strong></span> <span class='ocrx_word' id='word_1_386' title='bbox 1173 4846 1228 4892; x_wconf 93' lang='lat' dir='ltr'><strong>ut</strong></span> <span class='ocrx_word' id='word_1_387' title='bbox 1254 4833 1625 4891; x_wconf 85' lang='lat' dir='ltr'><strong>amaritudinis</strong></span> <span class='ocrx_word' id='word_1_388' title='bbox 1649 4829 1963 4896; x_wconf 78' lang='lat' dir='ltr'><strong>radix,.l‘ons</strong></span> <span class='ocrx_word' id='word_1_389' title='bbox 1977 4836 2048 4884; x_wconf 82' lang='lat' dir='ltr'><strong>et‘</strong></span> 
     </span>
    </p>
   </div>
   <div class='ocr_carea' id='block_1_50' title="bbox 420 4923 2030 4999">
    <p class='ocr_par' dir='ltr' id='par_1_50' title="bbox 420 4923 2030 4999">
     <span class='ocr_line' id='line_1_50' title="bbox 420 4923 2030 4999; baseline -0.006 -12"><span class='ocrx_word' id='word_1_390' title='bbox 420 4933 858 4996; x_wconf 75' lang='lat' dir='ltr'><strong>fundamentum,</strong></span> <span class='ocrx_word' id='word_1_391' title='bbox 885 4931 1096 4986; x_wconf 87' lang='lat' dir='ltr'><strong>dulcem</strong></span> <span class='ocrx_word' id='word_1_392' title='bbox 1123 4945 1373 4999; x_wconf 86' lang='lat' dir='ltr'><strong>umquam</strong></span> <span class='ocrx_word' id='word_1_393' title='bbox 1401 4928 1626 4982; x_wconf 85' lang='lat' dir='ltr'><strong>fructum</strong></span> <span class='ocrx_word' id='word_1_394' title='bbox 1654 4925 1823 4980; x_wconf 82' lang='lat' dir='ltr'><strong>ferat:</strong></span> <span class='ocrx_word' id='word_1_395' title='bbox 1853 4923 2030 4978; x_wconf 85' lang='lat' dir='ltr'><strong>omnia</strong></span> 
     </span>
    </p>
   </div>
   <div class='ocr_carea' id='block_1_51' title="bbox 417 5015 2028 5086">
    <p class='ocr_par' dir='ltr' id='par_1_51' title="bbox 417 5015 2028 5086">
     <span class='ocr_line' id='line_1_51' title="bbox 417 5015 2028 5086; baseline -0.006 -10"><span class='ocrx_word' id='word_1_396' title='bbox 417 5024 570 5078; x_wconf 77' lang='lat' dir='ltr'><strong>enim</strong></span> <span class='ocrx_word' id='word_1_397' title='bbox 600 5033 725 5075; x_wconf 89' lang='lat' dir='ltr'><strong>sunt</strong></span> <span class='ocrx_word' id='word_1_398' title='bbox 753 5037 958 5086; x_wconf 86' lang='lat' dir='ltr'><strong>amara,</strong></span> <span class='ocrx_word' id='word_1_399' title='bbox 994 5021 1121 5085; x_wconf 80' lang='lat' dir='ltr'><strong>nihil</strong></span> <span class='ocrx_word' id='word_1_400' title='bbox 1168 5021 1364 5074; x_wconf 84' lang='lat' dir='ltr'><strong>habent</strong></span> <span class='ocrx_word' id='word_1_401' title='bbox 1394 5019 1581 5081; x_wconf 72' lang='lat' dir='ltr'><strong>dulce;</strong></span> <span class='ocrx_word' id='word_1_402' title='bbox 1609 5017 1785 5070; x_wconf 81' lang='lat' dir='ltr'><strong>nuntia</strong></span> <span class='ocrx_word' id='word_1_403' title='bbox 1814 5015 2028 5079; x_wconf 81' lang='lat' dir='ltr'><strong>acerba,</strong></span> 
     </span>
    </p>
   </div>
   <div class='ocr_carea' id='block_1_52' title="bbox 415 5103 2031 5182">
    <p class='ocr_par' dir='ltr' id='par_1_52' title="bbox 415 5103 2031 5182">
     <span class='ocr_line' id='line_1_52' title="bbox 415 5103 2031 5182; baseline -0.004 -17"><span class='ocrx_word' id='word_1_404' title='bbox 415 5115 602 5167; x_wconf 82' lang='lat' dir='ltr'><strong>munia</strong></span> <span class='ocrx_word' id='word_1_405' title='bbox 624 5113 888 5173; x_wconf 83' lang='lat' dir='ltr'><strong>insuavia,</strong></span> <span class='ocrx_word' id='word_1_406' title='bbox 915 5114 1092 5166; x_wconf 87' lang='lat' dir='ltr'><strong>onmia</strong></span> <span class='ocrx_word' id='word_1_407' title='bbox 1117 5113 1270 5182; x_wconf 88' lang='lat' dir='ltr'><strong>plena</strong></span> <span class='ocrx_word' id='word_1_408' title='bbox 1295 5111 1418 5165; x_wconf 83' lang='lat' dir='ltr'><strong>odio</strong></span> <span class='ocrx_word' id='word_1_409' title='bbox 1446 5122 1497 5164; x_wconf 89' lang='lat' dir='ltr'><strong>et</strong></span> <span class='ocrx_word' id='word_1_410' title='bbox 1524 5109 1942 5163; x_wconf 76' lang='lat' dir='ltr'><strong>abominationc.</strong></span> <span class='ocrx_word' id='word_1_411' title='bbox 1966 5103 2031 5160; x_wconf 79' lang='lat' dir='ltr'><strong>Et</strong></span> 
     </span>
    </p>
   </div>
   <div class='ocr_carea' id='block_1_53' title="bbox 416 5199 2026 5274">
    <p class='ocr_par' dir='ltr' id='par_1_53' title="bbox 416 5199 2026 5274">
     <span class='ocr_line' id='line_1_53' title="bbox 416 5199 2026 5274; baseline -0.003 -18"><span class='ocrx_word' id='word_1_412' title='bbox 416 5224 512 5274; x_wconf 76' lang='lat' dir='ltr'><strong>per</strong></span> <span class='ocrx_word' id='word_1_413' title='bbox 542 5205 686 5258; x_wconf 80' lang='lat' dir='ltr'><strong>illaut</strong></span> <span class='ocrx_word' id='word_1_414' title='bbox 735 5205 1066 5274; x_wconf 84' lang='lat' dir='ltr'><strong>inquinentur</strong></span> <span class='ocrx_word' id='word_1_415' title='bbox 1097 5205 1262 5256; x_wconf 87' lang='lat' dir='ltr'><strong>mulli.</strong></span> <span class='ocrx_word' id='word_1_416' title='bbox 1297 5203 1408 5257; x_wconf 88' lang='lat' dir='ltr'><strong>Iloc</strong></span> <span class='ocrx_word' id='word_1_417' title='bbox 1435 5212 1536 5266; x_wconf 87' lang='lat' dir='ltr'><strong>est,</strong></span> <span class='ocrx_word' id='word_1_418' title='bbox 1567 5201 1640 5254; x_wconf 73' lang='lat' dir='ltr'><strong>Ne</strong></span> <span class='ocrx_word' id='word_1_419' title='bbox 1671 5199 1773 5254; x_wconf 84' lang='lat' dir='ltr'><strong>hoc</strong></span> <span class='ocrx_word' id='word_1_420' title='bbox 1797 5199 2026 5260; x_wconf 82' lang='lat' dir='ltr'><strong>eveniat,</strong></span> 
     </span>
    </p>
   </div>
   <div class='ocr_carea' id='block_1_54' title="bbox 418 5291 2032 5364">
    <p class='ocr_par' dir='ltr' id='par_1_54' title="bbox 418 5291 2032 5364">
     <span class='ocr_line' id='line_1_54' title="bbox 418 5291 2032 5364; baseline -0.001 -16"><span class='ocrx_word' id='word_1_421' title='bbox 418 5299 849 5364; x_wconf 77' lang='lat' dir='ltr'><strong>intemperantes</strong></span> <span class='ocrx_word' id='word_1_422' title='bbox 900 5308 952 5350; x_wconf 85' lang='lat' dir='ltr'><strong>et</strong></span> <span class='ocrx_word' id='word_1_423' title='bbox 1001 5297 1236 5350; x_wconf 67' lang='lat' dir='ltr'><strong>lascivos</strong></span> <span class='ocrx_word' id='word_1_424' title='bbox 1274 5294 1595 5350; x_wconf 79' lang='lat' dir='ltr'><strong>exscindite.</strong></span> <span class='ocrx_word' id='word_1_425' title='bbox 1647 5295 1734 5348; x_wconf 61' lang='grc' dir='ltr'><strong>ιϐ.</strong></span> <span class='ocrx_word' id='word_1_426' title='bbox 1792 5291 1874 5345; x_wconf 82' lang='lat' dir='ltr'><strong>Ne</strong></span> <span class='ocrx_word' id='word_1_427' title='bbox 1920 5293 2032 5362; x_wconf 83' lang='lat' dir='ltr'><strong>quis</strong></span> 
     </span>
    </p>
   </div>
   <div class='ocr_carea' id='block_1_55' title="bbox 418 5386 2029 5466">
    <p class='ocr_par' dir='ltr' id='par_1_55' title="bbox 418 5386 2029 5466">
     <span class='ocr_line' id='line_1_55' title="bbox 418 5386 2029 5466; baseline 0.001 -29"><span class='ocrx_word' id='word_1_428' title='bbox 418 5391 707 5466; x_wconf 72' lang='lat' dir='ltr'><strong>{.u-nicator</strong></span> <span class='ocrx_word' id='word_1_429' title='bbox 753 5398 840 5442; x_wconf 86' lang='lat' dir='ltr'><strong>aut</strong></span> <span class='ocrx_word' id='word_1_430' title='bbox 885 5393 1158 5459; x_wconf 80' lang='lat' dir='ltr'><strong>profanus,</strong></span> <span class='ocrx_word' id='word_1_431' title='bbox 1205 5399 1255 5440; x_wconf 89' lang='lat' dir='ltr'><strong>ut</strong></span> <span class='ocrx_word' id='word_1_432' title='bbox 1298 5386 1460 5450; x_wconf 75' lang='lat' dir='ltr'><strong>Esai’t,</strong></span> <span class='ocrx_word' id='word_1_433' title='bbox 1493 5388 1578 5455; x_wconf 86' lang='lat' dir='ltr'><strong>qui</strong></span> <span class='ocrx_word' id='word_1_434' title='bbox 1631 5395 1836 5455; x_wconf 82' lang='lat' dir='ltr'><strong>propter</strong></span> <span class='ocrx_word' id='word_1_435' title='bbox 1877 5401 2029 5438; x_wconf 85' lang='lat' dir='ltr'><strong>unam</strong></span> 
     </span>
    </p>
   </div>
   <div class='ocr_carea' id='block_1_56' title="bbox 421 5473 2032 5547">
    <p class='ocr_par' dir='ltr' id='par_1_56' title="bbox 421 5473 2032 5547">
     <span class='ocr_line' id='line_1_56' title="bbox 421 5473 2032 5547; baseline -0.002 -16"><span class='ocrx_word' id='word_1_436' title='bbox 421 5497 590 5532; x_wconf 65' lang='lat' dir='ltr'><strong>(suain</strong></span> <span class='ocrx_word' id='word_1_437' title='bbox 619 5479 843 5541; x_wconf 73' lang='lat' dir='ltr'><strong>vendidit</strong></span> <span class='ocrx_word' id='word_1_438' title='bbox 877 5480 1131 5547; x_wconf 81' lang='lat' dir='ltr'><strong>printitiva</strong></span> <span class='ocrx_word' id='word_1_439' title='bbox 1168 5495 1282 5532; x_wconf 83' lang='lat' dir='ltr'><strong>sua.</strong></span> <span class='ocrx_word' id='word_1_440' title='bbox 1338 5479 1402 5531; x_wconf 79' lang='lat' dir='ltr'><strong>Et</strong></span> <span class='ocrx_word' id='word_1_441' title='bbox 1453 5477 1537 5532; x_wconf 84' lang='lat' dir='ltr'><strong>ubi</strong></span> <span class='ocrx_word' id='word_1_442' title='bbox 1587 5473 1879 5529; x_wconf 72' lang='lat' dir='ltr'><strong>fornicator</strong></span> <span class='ocrx_word' id='word_1_443' title='bbox 1931 5473 2032 5528; x_wconf 76' lang='lat' dir='ltr'><strong>futt</strong></span> 
     </span>
    </p>
   </div>
   <div class='ocr_carea' id='block_1_57' title="bbox 423 5562 2025 5636">
    <p class='ocr_par' dir='ltr' id='par_1_57' title="bbox 423 5562 2025 5636">
     <span class='ocr_line' id='line_1_57' title="bbox 423 5562 2025 5636; baseline -0.003 -14"><span class='ocrx_word' id='word_1_444' title='bbox 423 5571 602 5624; x_wconf 47' lang='lat' dir='ltr'><strong>“alti-1?</strong></span> <span class='ocrx_word' id='word_1_445' title='bbox 645 5569 771 5630; x_wconf 71' lang='lat' dir='ltr'><strong>Non</strong></span> <span class='ocrx_word' id='word_1_446' title='bbox 844 5569 945 5622; x_wconf 85' lang='lat' dir='ltr'><strong>hoc</strong></span> <span class='ocrx_word' id='word_1_447' title='bbox 1002 5569 1088 5622; x_wconf 87' lang='lat' dir='ltr'><strong>hic</strong></span> <span class='ocrx_word' id='word_1_448' title='bbox 1140 5567 1275 5621; x_wconf 80' lang='lat' dir='ltr'><strong>dixit</strong></span> <span class='ocrx_word' id='word_1_449' title='bbox 1329 5566 1470 5636; x_wconf 87' lang='lat' dir='ltr'><strong>quod</strong></span> <span class='ocrx_word' id='word_1_450' title='bbox 1521 5564 1819 5619; x_wconf 77' lang='lat' dir='ltr'><strong>fornicator</strong></span> <span class='ocrx_word' id='word_1_451' title='bbox 1868 5562 2025 5618; x_wconf 82' lang='lat' dir='ltr'><strong>fuerit</strong></span> 
     </span>
    </p>
   </div>
   <div class='ocr_carea' id='block_1_58' title="bbox 423 5638 2021 5730">
    <p class='ocr_par' dir='ltr' id='par_1_58' title="bbox 423 5638 2021 5730">
     <span class='ocr_line' id='line_1_58' title="bbox 423 5638 2021 5730; baseline -0.002 -17"><span class='ocrx_word' id='word_1_452' title='bbox 423 5638 588 5727; x_wconf 63' lang='grc' dir='ltr'><strong>Εςιιῑί,</strong></span> <span class='ocrx_word' id='word_1_453' title='bbox 646 5659 740 5714; x_wconf 77' lang='lat' dir='ltr'><strong>sed</strong></span> <span class='ocrx_word' id='word_1_454' title='bbox 798 5661 846 5714; x_wconf 68' lang='grc' dir='ltr'><strong>ῙιΙ</strong></span> <span class='ocrx_word' id='word_1_455' title='bbox 907 5661 1124 5730; x_wconf 83' lang='lat' dir='ltr'><strong>ponitur</strong></span> <span class='ocrx_word' id='word_1_456' title='bbox 1169 5675 1262 5730; x_wconf 88' lang='lat' dir='ltr'><strong>per</strong></span> <span class='ocrx_word' id='word_1_457' title='bbox 1317 5660 1709 5730; x_wconf 81' lang='lat' dir='ltr'><strong>appositionem</strong></span> <span class='ocrx_word' id='word_1_458' title='bbox 1756 5657 1822 5712; x_wconf 89' lang='lat' dir='ltr'><strong>ad</strong></span> <span class='ocrx_word' id='word_1_459' title='bbox 1872 5656 2021 5724; x_wconf 91' lang='lat' dir='ltr'><strong>illud,</strong></span> 
     </span>
    </p>
   </div>
   <div class='ocr_carea' id='block_1_59' title="bbox 477 5775 1995 5847">
    <p class='ocr_par' dir='ltr' id='par_1_59' title="bbox 477 5775 1995 5847">
     <span class='ocr_line' id='line_1_59' title="bbox 477 5775 1995 5847; baseline -0.003 -14"><span class='ocrx_word' id='word_1_460' title='bbox 477 5791 552 5847; x_wconf 69' lang='lat' dir='ltr'><strong>tu)</strong></span> <span class='ocrx_word' id='word_1_461' title='bbox 585 5786 642 5837; x_wconf 76' lang='lat' dir='ltr'><strong>In</strong></span> <span class='ocrx_word' id='word_1_462' title='bbox 665 5784 790 5833; x_wconf 71' lang='lat' dir='ltr'><strong>Itane</strong></span> <span class='ocrx_word' id='word_1_463' title='bbox 821 5777 1061 5828; x_wconf 71' lang='lat' dir='ltr'><strong>humilium</strong></span> <span class='ocrx_word' id='word_1_464' title='bbox 1089 5785 1140 5823; x_wconf 72' lang='lat' dir='ltr'><strong>et</strong></span> <span class='ocrx_word' id='word_1_465' title='bbox 1159 5777 1204 5822; x_wconf 90' lang='lat' dir='ltr'><strong>in</strong></span> <span class='ocrx_word' id='word_1_466' title='bbox 1227 5785 1522 5838; x_wconf 75' lang='lat' dir='ltr'><strong>sequentem</strong></span> <span class='ocrx_word' id='word_1_467' title='bbox 1547 5775 1755 5828; x_wconf 85' lang='lat' dir='ltr'><strong>alterum</strong></span> <span class='ocrx_word' id='word_1_468' title='bbox 1780 5778 1995 5830; x_wconf 72' lang='lat' dir='ltr'><strong>Colbcrti</strong></span> 
     </span>
    </p>
   </div>
   <div class='ocr_carea' id='block_1_60' title="bbox 417 5850 835 5904">
    <p class='ocr_par' dir='ltr' id='par_1_60' title="bbox 417 5850 835 5904">
     <span class='ocr_line' id='line_1_60' title="bbox 417 5850 835 5904; baseline -0.036 -1"><span class='ocrx_word' id='word_1_469' title='bbox 417 5869 549 5904; x_wconf 42' lang='lat' dir='ltr'><strong>nam</strong></span> <span class='ocrx_word' id='word_1_470' title='bbox 580 5850 835 5897; x_wconf 66' lang='lat' dir='ltr'><strong>habemus.</strong></span> 
     </span>
    </p>
   </div>
   <div class='ocr_carea' id='block_1_61' title="bbox 747 5945 1473 6010">
    <p class='ocr_par' dir='ltr' id='par_1_61' title="bbox 747 5945 1473 6010">
     <span class='ocr_line' id='line_1_61' title="bbox 747 5945 1473 6010; baseline 0.006 -5"><span class='ocrx_word' id='word_1_471' title='bbox 747 5947 1022 6006; x_wconf 70' lang='lat' dir='ltr'><strong>I’araoc.</strong></span> <span class='ocrx_word' id='word_1_472' title='bbox 1077 5945 1197 6007; x_wconf 69' lang='lat' dir='ltr'><strong>Gn.</strong></span> <span class='ocrx_word' id='word_1_473' title='bbox 1255 5947 1473 6010; x_wconf 82' lang='lat' dir='ltr'><strong>LXIII.</strong></span> 
     </span>
    </p>
   </div>
   <div class='ocr_carea' id='block_1_62' title="bbox 2163 540 2979 609">
    <p class='ocr_par' dir='ltr' id='par_1_62' title="bbox 2163 540 2979 609">
     <span class='ocr_line' id='line_1_62' title="bbox 2163 540 2979 609; baseline 0.011 -24"><span class='ocrx_word' id='word_1_474' title='bbox 2163 550 2260 587; x_wconf 84' lang='lat' dir='ltr'><strong>una</strong></span> <span class='ocrx_word' id='word_1_475' title='bbox 2290 551 2410 590; x_wconf 90' lang='lat' dir='ltr'><strong>cum</strong></span> <span class='ocrx_word' id='word_1_476' title='bbox 2441 550 2624 592; x_wconf 88' lang='lat' dir='ltr'><strong>saneto</strong></span> <span class='ocrx_word' id='word_1_477' title='bbox 2645 540 2868 609; x_wconf 83' lang='lat' dir='ltr'><strong>Spiritu,</strong></span> <span class='ocrx_word' id='word_1_478' title='bbox 2897 551 2979 594; x_wconf 85' lang='lat' dir='ltr'><strong>etc</strong></span> 
     </span>
    </p>
   </div>
   <div class='ocr_carea' id='block_1_63' title="bbox 3559 751 3699 761">
    <p class='ocr_par' dir='ltr' id='par_1_63' title="bbox 3559 751 3699 761">
     <span class='ocr_line' id='line_1_63' title="bbox 3559 751 3699 761; baseline 0 0"><span class='ocrx_word' id='word_1_479' title='bbox 3559 751 3590 755; x_wconf 56' lang='grc' dir='ltr'><strong>-ν</strong></span> <span class='ocrx_word' id='word_1_480' title='bbox 3617 753 3699 761; x_wconf 65' lang='grc'><strong>---</strong></span> 
     </span>
    </p>
   </div>
   <div class='ocr_carea' id='block_1_64' title="bbox 2157 939 3745 1020">
    <p class='ocr_par' dir='ltr' id='par_1_64' title="bbox 2157 939 3745 1020">
     <span class='ocr_line' id='line_1_64' title="bbox 2157 939 3745 1020; baseline 0.006 -24"><span class='ocrx_word' id='word_1_481' title='bbox 2157 939 2489 996; x_wconf 86' lang='lat' dir='ltr'><strong>Sanctitatem</strong></span> <span class='ocrx_word' id='word_1_482' title='bbox 2523 947 2825 1015; x_wconf 85' lang='lat' dir='ltr'><strong>sequimini;</strong></span> <span class='ocrx_word' id='word_1_483' title='bbox 2873 947 3001 1002; x_wconf 86' lang='lat' dir='ltr'><strong>illud</strong></span> <span class='ocrx_word' id='word_1_484' title='bbox 3043 965 3192 1012; x_wconf 77' lang='lat' dir='ltr'><strong>vero,</strong></span> <span class='ocrx_word' id='word_1_485' title='bbox 3238 949 3524 1019; x_wconf 77' lang='lat' dir='ltr'><strong>Profanns,</strong></span> <span class='ocrx_word' id='word_1_486' title='bbox 3575 953 3745 1020; x_wconf 77' lang='lat' dir='ltr'><strong>ipsum</strong></span> 
     </span>
    </p>
   </div>
   <div class='ocr_carea' id='block_1_65' title="bbox 2155 1037 3744 1113">
    <p class='ocr_par' dir='ltr' id='par_1_65' title="bbox 2155 1037 3744 1113">
     <span class='ocr_line' id='line_1_65' title="bbox 2155 1037 3744 1113; baseline 0.008 -25"><span class='ocrx_word' id='word_1_487' title='bbox 2155 1045 2396 1104; x_wconf 79' lang='lat' dir='ltr'><strong>spectare</strong></span> <span class='ocrx_word' id='word_1_488' title='bbox 2425 1037 2653 1092; x_wconf 87' lang='lat' dir='ltr'><strong>videtur.</strong></span> <span class='ocrx_word' id='word_1_489' title='bbox 2686 1040 2763 1094; x_wconf 79' lang='lat' dir='ltr'><strong>Ne</strong></span> <span class='ocrx_word' id='word_1_490' title='bbox 2793 1042 2914 1111; x_wconf 89' lang='lat' dir='ltr'><strong>quis</strong></span> <span class='ocrx_word' id='word_1_491' title='bbox 2945 1058 3073 1112; x_wconf 86' lang='lat' dir='ltr'><strong>ergo</strong></span> <span class='ocrx_word' id='word_1_492' title='bbox 3101 1044 3168 1096; x_wconf 88' lang='lat' dir='ltr'><strong>sit</strong></span> <span class='ocrx_word' id='word_1_493' title='bbox 3196 1054 3254 1097; x_wconf 89' lang='lat' dir='ltr'><strong>ut</strong></span> <span class='ocrx_word' id='word_1_494' title='bbox 3297 1044 3438 1100; x_wconf 72' lang='lat' dir='ltr'><strong>Esau</strong></span> <span class='ocrx_word' id='word_1_495' title='bbox 3468 1045 3744 1113; x_wconf 77' lang='lat' dir='ltr'><strong>profanus,</strong></span> 
     </span>
    </p>
   </div>
   <div class='ocr_carea' id='block_1_66' title="bbox 2155 1123 3742 1201">
    <p class='ocr_par' dir='ltr' id='par_1_66' title="bbox 2155 1123 3742 1201">
     <span class='ocr_line' id='line_1_66' title="bbox 2155 1123 3742 1201; baseline 0.008 -25"><span class='ocrx_word' id='word_1_496' title='bbox 2155 1123 2256 1179; x_wconf 90' lang='lat' dir='ltr'><strong>hoc</strong></span> <span class='ocrx_word' id='word_1_497' title='bbox 2284 1134 2387 1189; x_wconf 61' lang='lat' dir='ltr'><strong>est,</strong></span> <span class='ocrx_word' id='word_1_498' title='bbox 2418 1127 2596 1182; x_wconf 83' lang='lat' dir='ltr'><strong>helluo</strong></span> <span class='ocrx_word' id='word_1_499' title='bbox 2639 1141 2691 1183; x_wconf 90' lang='lat' dir='ltr'><strong>et</strong></span> <span class='ocrx_word' id='word_1_500' title='bbox 2735 1131 3118 1201; x_wconf 81' lang='lat' dir='ltr'><strong>intemperans,</strong></span> <span class='ocrx_word' id='word_1_501' title='bbox 3153 1135 3472 1201; x_wconf 81' lang='lat' dir='ltr'><strong>mundanus,</strong></span> <span class='ocrx_word' id='word_1_502' title='bbox 3503 1136 3742 1191; x_wconf 79' lang='lat' dir='ltr'><strong>vendens</strong></span> 
     </span>
    </p>
   </div>
   <div class='ocr_carea' id='block_1_67' title="bbox 2154 1219 3744 1296">
    <p class='ocr_par' dir='ltr' id='par_1_67' title="bbox 2154 1219 3744 1296">
     <span class='ocr_line' id='line_1_67' title="bbox 2154 1219 3744 1296; baseline 0.006 -26"><span class='ocrx_word' id='word_1_503' title='bbox 2154 1219 2470 1287; x_wconf 82' lang='lat' dir='ltr'><strong>spirituulia.</strong></span> <span class='ocrx_word' id='word_1_504' title='bbox 2499 1221 2598 1288; x_wconf 81' lang='lat' dir='ltr'><strong>Qui</strong></span> <span class='ocrx_word' id='word_1_505' title='bbox 2623 1233 2829 1291; x_wconf 80' lang='lat' dir='ltr'><strong>propter</strong></span> <span class='ocrx_word' id='word_1_506' title='bbox 2850 1241 3003 1277; x_wconf 85' lang='lat' dir='ltr'><strong>unam</strong></span> <span class='ocrx_word' id='word_1_507' title='bbox 3032 1242 3195 1278; x_wconf 79' lang='lat' dir='ltr'><strong>escam</strong></span> <span class='ocrx_word' id='word_1_508' title='bbox 3228 1227 3449 1280; x_wconf 72' lang='lat' dir='ltr'><strong>vendidit</strong></span> <span class='ocrx_word' id='word_1_509' title='bbox 3482 1228 3744 1296; x_wconf 81' lang='lat' dir='ltr'><strong>pritnitira</strong></span> 
     </span>
    </p>
   </div>
   <div class='ocr_carea' id='block_1_68' title="bbox 2150 1311 3740 1386">
    <p class='ocr_par' dir='ltr' id='par_1_68' title="bbox 2150 1311 3740 1386">
     <span class='ocr_line' id='line_1_68' title="bbox 2150 1311 3740 1386; baseline 0.005 -24"><span class='ocrx_word' id='word_1_510' title='bbox 2150 1326 2263 1362; x_wconf 83' lang='lat' dir='ltr'><strong>sua.</strong></span> <span class='ocrx_word' id='word_1_511' title='bbox 2300 1311 2399 1376; x_wconf 83' lang='lat' dir='ltr'><strong>Qui</strong></span> <span class='ocrx_word' id='word_1_512' title='bbox 2432 1311 2575 1367; x_wconf 88' lang='lat' dir='ltr'><strong>hunc</strong></span> <span class='ocrx_word' id='word_1_513' title='bbox 2613 1329 2641 1366; x_wconf 88' lang='lat' dir='ltr'><strong>a</strong></span> <span class='ocrx_word' id='word_1_514' title='bbox 2693 1315 2802 1368; x_wconf 88' lang='lat' dir='ltr'><strong>Deo</strong></span> <span class='ocrx_word' id='word_1_515' title='bbox 2842 1316 2945 1370; x_wconf 81' lang='lat' dir='ltr'><strong>sibi</strong></span> <span class='ocrx_word' id='word_1_516' title='bbox 2990 1317 3168 1369; x_wconf 74' lang='lat' dir='ltr'><strong>datum</strong></span> <span class='ocrx_word' id='word_1_517' title='bbox 3216 1317 3477 1371; x_wconf 81' lang='lat' dir='ltr'><strong>honorem</strong></span> <span class='ocrx_word' id='word_1_518' title='bbox 3530 1319 3740 1386; x_wconf 80' lang='lat' dir='ltr'><strong>propria</strong></span> 
     </span>
    </p>
   </div>
   <div class='ocr_carea' id='block_1_69' title="bbox 2152 1400 3741 1478">
    <p class='ocr_par' dir='ltr' id='par_1_69' title="bbox 2152 1400 3741 1478">
     <span class='ocr_line' id='line_1_69' title="bbox 2152 1400 3741 1478; baseline 0.007 -25"><span class='ocrx_word' id='word_1_519' title='bbox 2152 1400 2694 1472; x_wconf 77' lang='lat' dir='ltr'><strong>vendiditsocordia,</strong></span> <span class='ocrx_word' id='word_1_520' title='bbox 2747 1416 2802 1460; x_wconf 92' lang='lat' dir='ltr'><strong>et</strong></span> <span class='ocrx_word' id='word_1_521' title='bbox 2825 1421 2924 1476; x_wconf 88' lang='lat' dir='ltr'><strong>pro</strong></span> <span class='ocrx_word' id='word_1_522' title='bbox 2965 1423 3126 1476; x_wconf 83' lang='lat' dir='ltr'><strong>parva</strong></span> <span class='ocrx_word' id='word_1_523' title='bbox 3159 1408 3428 1478; x_wconf 86' lang='lat' dir='ltr'><strong>voluptate</strong></span> <span class='ocrx_word' id='word_1_524' title='bbox 3455 1410 3741 1465; x_wconf 75' lang='lat' dir='ltr'><strong>maximum</strong></span> 
     </span>
    </p>
   </div>
   <div class='ocr_carea' id='block_1_70' title="bbox 2151 1491 3745 1573">
    <p class='ocr_par' dir='ltr' id='par_1_70' title="bbox 2151 1491 3745 1573">
     <span class='ocr_line' id='line_1_70' title="bbox 2151 1491 3745 1573; baseline 0.009 -29"><span class='ocrx_word' id='word_1_525' title='bbox 2151 1491 2406 1548; x_wconf 86' lang='lat' dir='ltr'><strong>honorem</strong></span> <span class='ocrx_word' id='word_1_526' title='bbox 2441 1498 2672 1565; x_wconf 89' lang='lat' dir='ltr'><strong>perdidit</strong></span> <span class='ocrx_word' id='word_1_527' title='bbox 2699 1509 2755 1553; x_wconf 92' lang='lat' dir='ltr'><strong>et</strong></span> <span class='ocrx_word' id='word_1_528' title='bbox 2785 1500 3033 1570; x_wconf 77' lang='lat' dir='ltr'><strong>gloriam.</strong></span> <span class='ocrx_word' id='word_1_529' title='bbox 3065 1502 3176 1556; x_wconf 90' lang='lat' dir='ltr'><strong>IIoc</strong></span> <span class='ocrx_word' id='word_1_530' title='bbox 3222 1504 3438 1572; x_wconf 88' lang='lat' dir='ltr'><strong>proprie</strong></span> <span class='ocrx_word' id='word_1_531' title='bbox 3487 1504 3552 1558; x_wconf 89' lang='lat' dir='ltr'><strong>ad</strong></span> <span class='ocrx_word' id='word_1_532' title='bbox 3600 1506 3745 1573; x_wconf 86' lang='lat' dir='ltr'><strong>ipsos</strong></span> 
     </span>
    </p>
   </div>
   <div class='ocr_carea' id='block_1_71' title="bbox 2149 1585 3500 1658">
    <p class='ocr_par' dir='ltr' id='par_1_71' title="bbox 2149 1585 3500 1658">
     <span class='ocr_line' id='line_1_71' title="bbox 2149 1585 3500 1658; baseline 0.012 -24"><span class='ocrx_word' id='word_1_533' title='bbox 2149 1585 2378 1654; x_wconf 80' lang='lat' dir='ltr'><strong>pertinet</strong></span> <span class='ocrx_word' id='word_1_534' title='bbox 2405 1605 2418 1652; x_wconf 91' lang='lat'><strong>;</strong></span> <span class='ocrx_word' id='word_1_535' title='bbox 2454 1587 2556 1643; x_wconf 86' lang='lat' dir='ltr'><strong>hoc</strong></span> <span class='ocrx_word' id='word_1_536' title='bbox 2589 1601 2671 1644; x_wconf 88' lang='lat' dir='ltr'><strong>est</strong></span> <span class='ocrx_word' id='word_1_537' title='bbox 2698 1593 3063 1658; x_wconf 89' lang='lat' dir='ltr'><strong>abominandi,</strong></span> <span class='ocrx_word' id='word_1_538' title='bbox 3095 1594 3199 1650; x_wconf 86' lang='lat' dir='ltr'><strong>hoc</strong></span> <span class='ocrx_word' id='word_1_539' title='bbox 3221 1596 3500 1650; x_wconf 91' lang='lat' dir='ltr'><strong>immundi.</strong></span> 
     </span>
    </p>
   </div>
   <div class='ocr_carea' id='block_1_72' title="bbox 2224 1677 3744 1758">
    <p class='ocr_par' dir='ltr' id='par_1_72' title="bbox 2224 1677 3744 1758">
     <span class='ocr_line' id='line_1_72' title="bbox 2224 1677 3744 1758; baseline 0.011 -30"><span class='ocrx_word' id='word_1_540' title='bbox 2224 1677 2322 1743; x_wconf 76' lang='lat' dir='ltr'><strong>Qui</strong></span> <span class='ocrx_word' id='word_1_541' title='bbox 2349 1681 2508 1732; x_wconf 84' lang='lat' dir='ltr'><strong>ventri</strong></span> <span class='ocrx_word' id='word_1_542' title='bbox 2534 1683 2780 1747; x_wconf 81' lang='lat' dir='ltr'><strong>seruiunt,</strong></span> <span class='ocrx_word' id='word_1_543' title='bbox 2806 1685 3058 1739; x_wconf 83' lang='lat' dir='ltr'><strong>immundi</strong></span> <span class='ocrx_word' id='word_1_544' title='bbox 3083 1696 3223 1753; x_wconf 86' lang='lat' dir='ltr'><strong>sunt,</strong></span> <span class='ocrx_word' id='word_1_545' title='bbox 3269 1703 3444 1758; x_wconf 84' lang='lat' dir='ltr'><strong>quare.</strong></span> <span class='ocrx_word' id='word_1_546' title='bbox 3470 1718 3544 1730; x_wconf 88' lang='lat'><strong>-—</strong></span> <span class='ocrx_word' id='word_1_547' title='bbox 3566 1689 3744 1756; x_wconf 79' lang='lat' dir='ltr'><strong>Quare</strong></span> 
     </span>
    </p>
   </div>
   <div class='ocr_carea' id='block_1_73' title="bbox 2147 1770 3739 1844">
    <p class='ocr_par' dir='ltr' id='par_1_73' title="bbox 2147 1770 3739 1844">
     <span class='ocr_line' id='line_1_73' title="bbox 2147 1770 3739 1844; baseline 0.013 -26"><span class='ocrx_word' id='word_1_548' title='bbox 2147 1783 2252 1820; x_wconf 86' lang='lat' dir='ltr'><strong>non</strong></span> <span class='ocrx_word' id='word_1_549' title='bbox 2300 1770 2446 1824; x_wconf 79' lang='lat' dir='ltr'><strong>solus</strong></span> <span class='ocrx_word' id='word_1_550' title='bbox 2493 1783 2763 1829; x_wconf 77' lang='lat' dir='ltr'><strong>scortator</strong></span> <span class='ocrx_word' id='word_1_551' title='bbox 2811 1785 2895 1830; x_wconf 89' lang='lat' dir='ltr'><strong>est</strong></span> <span class='ocrx_word' id='word_1_552' title='bbox 2945 1777 3275 1844; x_wconf 89' lang='lat' dir='ltr'><strong>immundus,</strong></span> <span class='ocrx_word' id='word_1_553' title='bbox 3319 1778 3415 1833; x_wconf 90' lang='lat' dir='ltr'><strong>sed</strong></span> <span class='ocrx_word' id='word_1_554' title='bbox 3456 1789 3510 1835; x_wconf 91' lang='lat' dir='ltr'><strong>et</strong></span> <span class='ocrx_word' id='word_1_555' title='bbox 3539 1781 3739 1838; x_wconf 78' lang='lat' dir='ltr'><strong>helluo.</strong></span> 
     </span>
    </p>
   </div>
   <div class='ocr_carea' id='block_1_74' title="bbox 2145 1857 3744 1938">
    <p class='ocr_par' dir='ltr' id='par_1_74' title="bbox 2145 1857 3744 1938">
     <span class='ocr_line' id='line_1_74' title="bbox 2145 1857 3744 1938; baseline 0.011 -31"><span class='ocrx_word' id='word_1_556' title='bbox 2145 1857 2237 1925; x_wconf 87' lang='lat' dir='ltr'><strong>qui</strong></span> <span class='ocrx_word' id='word_1_557' title='bbox 2256 1863 2418 1914; x_wconf 78' lang='lat' dir='ltr'><strong>servit</strong></span> <span class='ocrx_word' id='word_1_558' title='bbox 2439 1865 2631 1916; x_wconf 83' lang='lat' dir='ltr'><strong>ventri:</strong></span> <span class='ocrx_word' id='word_1_559' title='bbox 2661 1864 2793 1917; x_wconf 83' lang='lat' dir='ltr'><strong>Nam</strong></span> <span class='ocrx_word' id='word_1_560' title='bbox 2827 1866 2925 1919; x_wconf 85' lang='lat' dir='ltr'><strong>iste</strong></span> <span class='ocrx_word' id='word_1_561' title='bbox 2952 1867 3176 1922; x_wconf 84' lang='lat' dir='ltr'><strong>alterius</strong></span> <span class='ocrx_word' id='word_1_562' title='bbox 3207 1884 3420 1938; x_wconf 90' lang='lat' dir='ltr'><strong>quoque</strong></span> <span class='ocrx_word' id='word_1_563' title='bbox 3445 1881 3530 1924; x_wconf 93' lang='lat' dir='ltr'><strong>est</strong></span> <span class='ocrx_word' id='word_1_564' title='bbox 3557 1888 3744 1924; x_wconf 80' lang='lat' dir='ltr'><strong>servus</strong></span> 
     </span>
    </p>
   </div>
   <div class='ocr_carea' id='block_1_75' title="bbox 2146 1949 3738 2030">
    <p class='ocr_par' dir='ltr' id='par_1_75' title="bbox 2146 1949 3738 2030">
     <span class='ocr_line' id='line_1_75' title="bbox 2146 1949 3738 2030; baseline 0.009 -30"><span class='ocrx_word' id='word_1_565' title='bbox 2146 1949 2432 2019; x_wconf 68' lang='lat' dir='ltr'><strong>Voluptatis</strong></span> <span class='ocrx_word' id='word_1_566' title='bbox 2460 1972 2470 2004; x_wconf 91' lang='lat'>:</span> <span class='ocrx_word' id='word_1_567' title='bbox 2516 1957 2722 2024; x_wconf 78' lang='lat' dir='ltr'><strong>cogitur</strong></span> <span class='ocrx_word' id='word_1_568' title='bbox 2765 1957 2916 2026; x_wconf 87' lang='lat' dir='ltr'><strong>plura</strong></span> <span class='ocrx_word' id='word_1_569' title='bbox 2950 1957 3182 2012; x_wconf 85' lang='lat' dir='ltr'><strong>habendi</strong></span> <span class='ocrx_word' id='word_1_570' title='bbox 3214 1961 3380 2014; x_wconf 86' lang='lat' dir='ltr'><strong>teneri</strong></span> <span class='ocrx_word' id='word_1_571' title='bbox 3409 1962 3700 2030; x_wconf 81' lang='lat' dir='ltr'><strong>cupiditate</strong></span> <span class='ocrx_word' id='word_1_572' title='bbox 3728 1983 3738 2014; x_wconf 90' lang='lat'>:</span> 
     </span>
    </p>
   </div>
   <div class='ocr_carea' id='block_1_76' title="bbox 2143 2043 3737 2122">
    <p class='ocr_par' dir='ltr' id='par_1_76' title="bbox 2143 2043 3737 2122">
     <span class='ocr_line' id='line_1_76' title="bbox 2143 2043 3737 2122; baseline 0.01 -32"><span class='ocrx_word' id='word_1_573' title='bbox 2143 2043 2349 2110; x_wconf 85' lang='lat' dir='ltr'><strong>cogitur</strong></span> <span class='ocrx_word' id='word_1_574' title='bbox 2375 2060 2580 2112; x_wconf 88' lang='lat' dir='ltr'><strong>rapere,</strong></span> <span class='ocrx_word' id='word_1_575' title='bbox 2604 2047 2795 2101; x_wconf 85' lang='lat' dir='ltr'><strong>millies</strong></span> <span class='ocrx_word' id='word_1_576' title='bbox 2824 2049 3054 2117; x_wconf 87' lang='lat' dir='ltr'><strong>turpiter</strong></span> <span class='ocrx_word' id='word_1_577' title='bbox 3084 2059 3139 2104; x_wconf 88' lang='lat' dir='ltr'><strong>ct</strong></span> <span class='ocrx_word' id='word_1_578' title='bbox 3167 2051 3420 2104; x_wconf 86' lang='lat' dir='ltr'><strong>indecore</strong></span> <span class='ocrx_word' id='word_1_579' title='bbox 3441 2068 3500 2106; x_wconf 89' lang='lat' dir='ltr'><strong>se</strong></span> <span class='ocrx_word' id='word_1_580' title='bbox 3528 2069 3737 2122; x_wconf 80' lang='lat' dir='ltr'><strong>gerere,</strong></span> 
     </span>
    </p>
   </div>
   <div class='ocr_carea' id='block_1_77' title="bbox 2142 2134 3742 2212">
    <p class='ocr_par' dir='ltr' id='par_1_77' title="bbox 2142 2134 3742 2212">
     <span class='ocr_line' id='line_1_77' title="bbox 2142 2134 3742 2212; baseline 0.009 -29"><span class='ocrx_word' id='word_1_581' title='bbox 2142 2147 2262 2185; x_wconf 87' lang='lat' dir='ltr'><strong>cum</strong></span> <span class='ocrx_word' id='word_1_582' title='bbox 2291 2134 2358 2187; x_wconf 82' lang='lat' dir='ltr'><strong>sit</strong></span> <span class='ocrx_word' id='word_1_583' title='bbox 2393 2137 2530 2189; x_wconf 63' lang='lat' dir='ltr'><strong>illius</strong></span> <span class='ocrx_word' id='word_1_584' title='bbox 2564 2139 2677 2191; x_wconf 84' lang='lat' dir='ltr'><strong>vitii</strong></span> <span class='ocrx_word' id='word_1_585' title='bbox 2727 2153 2936 2206; x_wconf 88' lang='lat' dir='ltr'><strong>servus,</strong></span> <span class='ocrx_word' id='word_1_586' title='bbox 2987 2149 3042 2194; x_wconf 88' lang='lat' dir='ltr'><strong>et</strong></span> <span class='ocrx_word' id='word_1_587' title='bbox 3083 2156 3231 2212; x_wconf 83' lang='lat' dir='ltr'><strong>saepe</strong></span> <span class='ocrx_word' id='word_1_588' title='bbox 3257 2141 3614 2212; x_wconf 81' lang='lat' dir='ltr'><strong>bIaSphetnat.</strong></span> <span class='ocrx_word' id='word_1_589' title='bbox 3645 2145 3742 2198; x_wconf 75' lang='lat' dir='ltr'><strong>IIic</strong></span> 
     </span>
    </p>
   </div>
   <div class='ocr_carea' id='block_1_78' title="bbox 2143 2226 3738 2306">
    <p class='ocr_par' dir='ltr' id='par_1_78' title="bbox 2143 2226 3738 2306">
     <span class='ocr_line' id='line_1_78' title="bbox 2143 2226 3738 2306; baseline 0.008 -28"><span class='ocrx_word' id='word_1_590' title='bbox 2143 2226 2342 2280; x_wconf 88' lang='lat' dir='ltr'><strong>nullius</strong></span> <span class='ocrx_word' id='word_1_591' title='bbox 2412 2232 2562 2298; x_wconf 81' lang='lat' dir='ltr'><strong>prrtii</strong></span> <span class='ocrx_word' id='word_1_592' title='bbox 2625 2247 2747 2287; x_wconf 31' lang='lat' dir='ltr'><strong>esse</strong></span> <span class='ocrx_word' id='word_1_593' title='bbox 2812 2249 2963 2287; x_wconf 85' lang='lat' dir='ltr'><strong>suam</strong></span> <span class='ocrx_word' id='word_1_594' title='bbox 3017 2233 3170 2288; x_wconf 78' lang='lat' dir='ltr'><strong>duxit</strong></span> <span class='ocrx_word' id='word_1_595' title='bbox 3240 2237 3738 2306; x_wconf 73' lang='lat' dir='ltr'><strong>primogenitumin.</strong></span> 
     </span>
    </p>
   </div>
   <div class='ocr_carea' id='block_1_79' title="bbox 2142 2320 3739 2398">
    <p class='ocr_par' dir='ltr' id='par_1_79' title="bbox 2142 2320 3739 2398">
     <span class='ocr_line' id='line_1_79' title="bbox 2142 2320 3739 2398; baseline 0.006 -24"><span class='ocrx_word' id='word_1_596' title='bbox 2142 2320 2317 2386; x_wconf 81' lang='lat' dir='ltr'><strong>Quare</strong></span> <span class='ocrx_word' id='word_1_597' title='bbox 2338 2326 2644 2398; x_wconf 70' lang='lat' dir='ltr'><strong>temporalis</strong></span> <span class='ocrx_word' id='word_1_598' title='bbox 2663 2341 2844 2381; x_wconf 87' lang='lat' dir='ltr'><strong>curam</strong></span> <span class='ocrx_word' id='word_1_599' title='bbox 2865 2342 3060 2396; x_wconf 83' lang='lat' dir='ltr'><strong>gerens</strong></span> <span class='ocrx_word' id='word_1_600' title='bbox 3079 2329 3294 2396; x_wconf 90' lang='lat' dir='ltr'><strong>quietis,</strong></span> <span class='ocrx_word' id='word_1_601' title='bbox 3318 2330 3560 2397; x_wconf 83' lang='lat' dir='ltr'><strong>pervenit</strong></span> <span class='ocrx_word' id='word_1_602' title='bbox 3578 2335 3739 2384; x_wconf 84' lang='lat' dir='ltr'><strong>etiam</strong></span> 
     </span>
    </p>
   </div>
   <div class='ocr_carea' id='block_1_80' title="bbox 2143 2415 3743 2492">
    <p class='ocr_par' dir='ltr' id='par_1_80' title="bbox 2143 2415 3743 2492">
     <span class='ocr_line' id='line_1_80' title="bbox 2143 2415 3743 2492; baseline 0.008 -29"><span class='ocrx_word' id='word_1_603' title='bbox 2143 2426 2311 2481; x_wconf 90' lang='lat' dir='ltr'><strong>usque</strong></span> <span class='ocrx_word' id='word_1_604' title='bbox 2362 2415 2427 2468; x_wconf 86' lang='lat' dir='ltr'><strong>ad</strong></span> <span class='ocrx_word' id='word_1_605' title='bbox 2477 2416 2810 2472; x_wconf 83' lang='lat' dir='ltr'><strong>vendendam</strong></span> <span class='ocrx_word' id='word_1_606' title='bbox 2857 2418 3352 2488; x_wconf 80' lang='lat' dir='ltr'><strong>primogenituram.</strong></span> <span class='ocrx_word' id='word_1_607' title='bbox 3394 2419 3574 2492; x_wconf 88' lang='lat' dir='ltr'><strong>Itaque</strong></span> <span class='ocrx_word' id='word_1_608' title='bbox 3617 2434 3743 2477; x_wconf 85' lang='lat' dir='ltr'><strong>sunt</strong></span> 
     </span>
    </p>
   </div>
   <div class='ocr_carea' id='block_1_81' title="bbox 2145 2510 3744 2598">
    <p class='ocr_par' dir='ltr' id='par_1_81' title="bbox 2145 2510 3744 2598">
     <span class='ocr_line' id='line_1_81' title="bbox 2145 2510 3744 2598; baseline 0.014 -34"><span class='ocrx_word' id='word_1_609' title='bbox 2145 2510 2254 2580; x_wconf 89' lang='lat' dir='ltr'><strong>jam</strong></span> <span class='ocrx_word' id='word_1_610' title='bbox 2307 2523 2505 2567; x_wconf 74' lang='lat' dir='ltr'><strong>nostra:</strong></span> <span class='ocrx_word' id='word_1_611' title='bbox 2557 2516 3022 2598; x_wconf 68' lang='lat' dir='ltr'><strong>primogenitum,</strong></span> <span class='ocrx_word' id='word_1_612' title='bbox 3057 2537 3162 2576; x_wconf 91' lang='lat' dir='ltr'><strong>non</strong></span> <span class='ocrx_word' id='word_1_613' title='bbox 3191 2524 3522 2583; x_wconf 68' lang='lat' dir='ltr'><strong>Judrcorum.</strong></span> <span class='ocrx_word' id='word_1_614' title='bbox 3573 2529 3744 2587; x_wconf 86' lang='lat' dir='ltr'><strong>Simul</strong></span> 
     </span>
    </p>
   </div>
   <div class='ocr_carea' id='block_1_82' title="bbox 2149 2604 3741 2694">
    <p class='ocr_par' dir='ltr' id='par_1_82' title="bbox 2149 2604 3741 2694">
     <span class='ocr_line' id='line_1_82' title="bbox 2149 2604 3741 2694; baseline 0.016 -37"><span class='ocrx_word' id='word_1_615' title='bbox 2149 2604 2309 2658; x_wconf 88' lang='lat' dir='ltr'><strong>etiam</strong></span> <span class='ocrx_word' id='word_1_616' title='bbox 2339 2622 2402 2660; x_wconf 81' lang='lat' dir='ltr'><strong>ex</strong></span> <span class='ocrx_word' id='word_1_617' title='bbox 2435 2607 2537 2662; x_wconf 91' lang='lat' dir='ltr'><strong>hoc</strong></span> <span class='ocrx_word' id='word_1_618' title='bbox 2587 2625 2788 2665; x_wconf 72' lang='lat' dir='ltr'><strong>mceror</strong></span> <span class='ocrx_word' id='word_1_619' title='bbox 2815 2628 3000 2668; x_wconf 91' lang='lat' dir='ltr'><strong>eorum</strong></span> <span class='ocrx_word' id='word_1_620' title='bbox 3034 2615 3242 2671; x_wconf 89' lang='lat' dir='ltr'><strong>levatur</strong></span> <span class='ocrx_word' id='word_1_621' title='bbox 3270 2635 3286 2675; x_wconf 87' lang='lat'><strong>:</strong></span> <span class='ocrx_word' id='word_1_622' title='bbox 3320 2622 3473 2686; x_wconf 81' lang='lat' dir='ltr'><strong>quasi</strong></span> <span class='ocrx_word' id='word_1_623' title='bbox 3515 2624 3741 2694; x_wconf 83' lang='lat' dir='ltr'><strong>diceret,</strong></span> 
     </span>
    </p>
   </div>
   <div class='ocr_carea' id='block_1_83' title="bbox 2148 2696 3733 2779">
    <p class='ocr_par' dir='ltr' id='par_1_83' title="bbox 2148 2696 3733 2779">
     <span class='ocr_line' id='line_1_83' title="bbox 2148 2696 3733 2779; baseline 0.015 -30"><span class='ocrx_word' id='word_1_624' title='bbox 2148 2696 2288 2765; x_wconf 90' lang='lat' dir='ltr'><strong>quod</strong></span> <span class='ocrx_word' id='word_1_625' title='bbox 2337 2698 2537 2766; x_wconf 87' lang='lat' dir='ltr'><strong>primus</strong></span> <span class='ocrx_word' id='word_1_626' title='bbox 2582 2700 2750 2755; x_wconf 82' lang='lat' dir='ltr'><strong>factus</strong></span> <span class='ocrx_word' id='word_1_627' title='bbox 2780 2703 2848 2757; x_wconf 90' lang='lat' dir='ltr'><strong>sit</strong></span> <span class='ocrx_word' id='word_1_628' title='bbox 2891 2707 3175 2773; x_wconf 84' lang='lat' dir='ltr'><strong>posterior,</strong></span> <span class='ocrx_word' id='word_1_629' title='bbox 3207 2717 3260 2763; x_wconf 91' lang='lat' dir='ltr'><strong>et</strong></span> <span class='ocrx_word' id='word_1_630' title='bbox 3286 2712 3373 2779; x_wconf 91' lang='lat' dir='ltr'><strong>qui</strong></span> <span class='ocrx_word' id='word_1_631' title='bbox 3400 2723 3518 2767; x_wconf 89' lang='lat' dir='ltr'><strong>erat</strong></span> <span class='ocrx_word' id='word_1_632' title='bbox 3544 2732 3733 2771; x_wconf 87' lang='lat' dir='ltr'><strong>secun-</strong></span> 
     </span>
    </p>
   </div>
   <div class='ocr_carea' id='block_1_84' title="bbox 2146 2783 3740 2870">
    <p class='ocr_par' dir='ltr' id='par_1_84' title="bbox 2146 2783 3740 2870">
     <span class='ocr_line' id='line_1_84' title="bbox 2146 2783 3740 2870; baseline 0.014 -32"><span class='ocrx_word' id='word_1_633' title='bbox 2146 2783 2244 2839; x_wconf 89' lang='lat' dir='ltr'><strong>dus</strong></span> <span class='ocrx_word' id='word_1_634' title='bbox 2276 2785 2446 2840; x_wconf 80' lang='lat' dir='ltr'><strong>factus</strong></span> <span class='ocrx_word' id='word_1_635' title='bbox 2486 2789 2556 2842; x_wconf 89' lang='lat' dir='ltr'><strong>sit</strong></span> <span class='ocrx_word' id='word_1_636' title='bbox 2583 2790 2821 2858; x_wconf 85' lang='lat' dir='ltr'><strong>primus:</strong></span> <span class='ocrx_word' id='word_1_637' title='bbox 2857 2792 2947 2848; x_wconf 89' lang='lat' dir='ltr'><strong>ille</strong></span> <span class='ocrx_word' id='word_1_638' title='bbox 2976 2797 3201 2863; x_wconf 89' lang='lat' dir='ltr'><strong>primus,</strong></span> <span class='ocrx_word' id='word_1_639' title='bbox 3237 2810 3458 2870; x_wconf 88' lang='lat' dir='ltr'><strong>propter</strong></span> <span class='ocrx_word' id='word_1_640' title='bbox 3487 2817 3740 2862; x_wconf 87' lang='lat' dir='ltr'><strong>constan-</strong></span> 
     </span>
    </p>
   </div>
   <div class='ocr_carea' id='block_1_85' title="bbox 2147 2875 3738 2962">
    <p class='ocr_par' dir='ltr' id='par_1_85' title="bbox 2147 2875 3738 2962">
     <span class='ocr_line' id='line_1_85' title="bbox 2147 2875 3738 2962; baseline 0.016 -34"><span class='ocrx_word' id='word_1_641' title='bbox 2147 2875 2274 2929; x_wconf 88' lang='lat' dir='ltr'><strong>tiam</strong></span> <span class='ocrx_word' id='word_1_642' title='bbox 2321 2887 2376 2932; x_wconf 89' lang='lat' dir='ltr'><strong>et</strong></span> <span class='ocrx_word' id='word_1_643' title='bbox 2424 2879 2796 2946; x_wconf 86' lang='lat' dir='ltr'><strong>tolerantiam;</strong></span> <span class='ocrx_word' id='word_1_644' title='bbox 2842 2884 2928 2938; x_wconf 87' lang='lat' dir='ltr'><strong>hic</strong></span> <span class='ocrx_word' id='word_1_645' title='bbox 2971 2890 3259 2956; x_wconf 73' lang='lat' dir='ltr'><strong>posterior,</strong></span> <span class='ocrx_word' id='word_1_646' title='bbox 3308 2904 3526 2962; x_wconf 85' lang='lat' dir='ltr'><strong>propter</strong></span> <span class='ocrx_word' id='word_1_647' title='bbox 3551 2911 3738 2952; x_wconf 88' lang='lat' dir='ltr'><strong>socor-</strong></span> 
     </span>
    </p>
   </div>
   <div class='ocr_carea' id='block_1_86' title="bbox 2143 2967 3738 3052">
    <p class='ocr_par' dir='ltr' id='par_1_86' title="bbox 2143 2967 3738 3052">
     <span class='ocr_line' id='line_1_86' title="bbox 2143 2967 3738 3052; baseline 0.013 -30"><span class='ocrx_word' id='word_1_648' title='bbox 2143 2967 2285 3032; x_wconf 76' lang='lat' dir='ltr'><strong>diam</strong></span> <span class='ocrx_word' id='word_1_649' title='bbox 2324 2977 2378 3024; x_wconf 89' lang='lat' dir='ltr'><strong>et</strong></span> <span class='ocrx_word' id='word_1_650' title='bbox 2417 2972 2816 3042; x_wconf 83' lang='lat' dir='ltr'><strong>negligentiam.</strong></span> <span class='ocrx_word' id='word_1_651' title='bbox 2868 2977 2954 3030; x_wconf 83' lang='lat' dir='ltr'><strong>I7.</strong></span> <span class='ocrx_word' id='word_1_652' title='bbox 3005 2979 3198 3033; x_wconf 81' lang='lat' dir='ltr'><strong>Scitote</strong></span> <span class='ocrx_word' id='word_1_653' title='bbox 3238 2982 3370 3034; x_wconf 89' lang='lat' dir='ltr'><strong>enim</strong></span> <span class='ocrx_word' id='word_1_654' title='bbox 3408 2986 3647 3052; x_wconf 87' lang='lat' dir='ltr'><strong>quoniam</strong></span> <span class='ocrx_word' id='word_1_655' title='bbox 3691 3001 3738 3042; x_wconf 79' lang='lat' dir='ltr'><strong>rt</strong></span> 
     </span>
    </p>
   </div>
   <div class='ocr_carea' id='block_1_87' title="bbox 2144 3065 3736 3148">
    <p class='ocr_par' dir='ltr' id='par_1_87' title="bbox 2144 3065 3736 3148">
     <span class='ocr_line' id='line_1_87' title="bbox 2144 3065 3736 3148; baseline 0.014 -35"><span class='ocrx_word' id='word_1_656' title='bbox 2144 3070 2316 3129; x_wconf 83' lang='lat' dir='ltr'><strong>postea</strong></span> <span class='ocrx_word' id='word_1_657' title='bbox 2365 3066 2572 3128; x_wconf 83' lang='lat' dir='ltr'><strong>cupiens</strong></span> <span class='ocrx_word' id='word_1_658' title='bbox 2624 3065 2907 3121; x_wconf 79' lang='lat' dir='ltr'><strong>hereditare</strong></span> <span class='ocrx_word' id='word_1_659' title='bbox 2955 3068 3386 3140; x_wconf 82' lang='lat' dir='ltr'><strong>benedictionem,</strong></span> <span class='ocrx_word' id='word_1_660' title='bbox 3438 3083 3736 3148; x_wconf 83' lang='lat' dir='ltr'><strong>reprobatns</strong></span> 
     </span>
    </p>
   </div>
   <div class='ocr_carea' id='block_1_88' title="bbox 2139 3156 3732 3241">
    <p class='ocr_par' dir='ltr' id='par_1_88' title="bbox 2139 3156 3732 3241">
     <span class='ocr_line' id='line_1_88' title="bbox 2139 3156 3732 3241; baseline 0.013 -35"><span class='ocrx_word' id='word_1_661' title='bbox 2139 3161 2214 3206; x_wconf 85' lang='lat' dir='ltr'><strong>est</strong></span> <span class='ocrx_word' id='word_1_662' title='bbox 2244 3169 2262 3205; x_wconf 80' lang='lat'><strong>.°</strong></span> <span class='ocrx_word' id='word_1_663' title='bbox 2302 3171 2401 3207; x_wconf 78' lang='lat' dir='ltr'><strong>non</strong></span> <span class='ocrx_word' id='word_1_664' title='bbox 2446 3156 2575 3208; x_wconf 83' lang='lat' dir='ltr'><strong>enim</strong></span> <span class='ocrx_word' id='word_1_665' title='bbox 2626 3157 2815 3212; x_wconf 84' lang='lat' dir='ltr'><strong>invenit</strong></span> <span class='ocrx_word' id='word_1_666' title='bbox 2856 3162 3164 3227; x_wconf 64' lang='lat' dir='ltr'><strong>poenitentia:</strong></span> <span class='ocrx_word' id='word_1_667' title='bbox 3208 3166 3393 3232; x_wconf 78' lang='lat' dir='ltr'><strong>locant,</strong></span> <span class='ocrx_word' id='word_1_668' title='bbox 3428 3187 3732 3241; x_wconf 68' lang='lat' dir='ltr'><strong>quamqua-it</strong></span> 
     </span>
    </p>
   </div>
   <div class='ocr_carea' id='block_1_89' title="bbox 2139 3243 2992 3316">
    <p class='ocr_par' dir='ltr' id='par_1_89' title="bbox 2139 3243 2992 3316">
     <span class='ocr_line' id='line_1_89' title="bbox 2139 3243 2992 3316; baseline 0.011 -22"><span class='ocrx_word' id='word_1_669' title='bbox 2139 3258 2252 3294; x_wconf 84' lang='lat' dir='ltr'><strong>cum</strong></span> <span class='ocrx_word' id='word_1_670' title='bbox 2285 3243 2524 3314; x_wconf 79' lang='lat' dir='ltr'><strong>lacrymis</strong></span> <span class='ocrx_word' id='word_1_671' title='bbox 2550 3248 2837 3316; x_wconf 75' lang='lat' dir='ltr'><strong>inquisisse!</strong></span> <span class='ocrx_word' id='word_1_672' title='bbox 2860 3267 2992 3303; x_wconf 86' lang='lat' dir='ltr'><strong>eam.</strong></span> 
     </span>
    </p>
   </div>
   <div class='ocr_carea' id='block_1_90' title="bbox 2209 3335 3728 3415">
    <p class='ocr_par' dir='ltr' id='par_1_90' title="bbox 2209 3335 3728 3415">
     <span class='ocr_line' id='line_1_90' title="bbox 2209 3335 3728 3415; baseline 0.016 -28"><span class='ocrx_word' id='word_1_673' title='bbox 2209 3335 2262 3388; x_wconf 70' lang='lat'><strong>2.</strong></span> <span class='ocrx_word' id='word_1_674' title='bbox 2295 3337 2431 3405; x_wconf 85' lang='lat' dir='ltr'><strong>Quid</strong></span> <span class='ocrx_word' id='word_1_675' title='bbox 2463 3338 2563 3392; x_wconf 88' lang='lat' dir='ltr'><strong>hoc</strong></span> <span class='ocrx_word' id='word_1_676' title='bbox 2593 3350 2674 3394; x_wconf 87' lang='lat' dir='ltr'><strong>est</strong></span> <span class='ocrx_word' id='word_1_677' title='bbox 2697 3341 2719 3392; x_wconf 90' lang='lat'><strong>?</strong></span> <span class='ocrx_word' id='word_1_678' title='bbox 2745 3345 3034 3412; x_wconf 80' lang='lat' dir='ltr'><strong>cxpellitne</strong></span> <span class='ocrx_word' id='word_1_679' title='bbox 3067 3347 3728 3415; x_wconf 61' lang='lat' dir='ltr'><strong>pmnitentiam?Minime.</strong></span> 
     </span>
    </p>
   </div>
   <div class='ocr_carea' id='block_1_91' title="bbox 2135 3425 3733 3502">
    <p class='ocr_par' dir='ltr' id='par_1_91' title="bbox 2135 3425 3733 3502">
     <span class='ocr_line' id='line_1_91' title="bbox 2135 3425 3733 3502; baseline 0.014 -23"><span class='ocrx_word' id='word_1_680' title='bbox 2135 3425 2241 3480; x_wconf 85' lang='lat' dir='ltr'><strong>Sed</strong></span> <span class='ocrx_word' id='word_1_681' title='bbox 2270 3430 2558 3497; x_wconf 89' lang='lat' dir='ltr'><strong>quomodo,</strong></span> <span class='ocrx_word' id='word_1_682' title='bbox 2581 3432 2771 3502; x_wconf 89' lang='lat' dir='ltr'><strong>inquit,</strong></span> <span class='ocrx_word' id='word_1_683' title='bbox 2800 3437 3125 3502; x_wconf 69' lang='lat' dir='ltr'><strong>ptenitentiue</strong></span> <span class='ocrx_word' id='word_1_684' title='bbox 3149 3439 3323 3496; x_wconf 91' lang='lat' dir='ltr'><strong>locum</strong></span> <span class='ocrx_word' id='word_1_685' title='bbox 3352 3461 3456 3499; x_wconf 90' lang='lat' dir='ltr'><strong>non</strong></span> <span class='ocrx_word' id='word_1_686' title='bbox 3487 3450 3682 3502; x_wconf 68' lang='lat' dir='ltr'><strong>iuverit</strong></span> <span class='ocrx_word' id='word_1_687' title='bbox 3713 3453 3733 3502; x_wconf 68' lang='grc' dir='ltr'>τ</span> 
     </span>
    </p>
   </div>
   <div class='ocr_carea' id='block_1_92' title="bbox 2134 3524 3732 3609">
    <p class='ocr_par' dir='ltr' id='par_1_92' title="bbox 2134 3524 3732 3609">
     <span class='ocr_line' id='line_1_92' title="bbox 2134 3524 3732 3609; baseline 0.014 -36"><span class='ocrx_word' id='word_1_688' title='bbox 2134 3536 2254 3574; x_wconf 88' lang='lat' dir='ltr'><strong>nam</strong></span> <span class='ocrx_word' id='word_1_689' title='bbox 2281 3524 2323 3574; x_wconf 89' lang='lat' dir='ltr'><strong>si</strong></span> <span class='ocrx_word' id='word_1_690' title='bbox 2356 3525 2590 3592; x_wconf 83' lang='lat' dir='ltr'><strong>seipsqu</strong></span> <span class='ocrx_word' id='word_1_691' title='bbox 2614 3527 3009 3596; x_wconf 62' lang='lat' dir='ltr'><strong>condemnavit,</strong></span> <span class='ocrx_word' id='word_1_692' title='bbox 3044 3533 3086 3586; x_wconf 88' lang='lat' dir='ltr'><strong>si</strong></span> <span class='ocrx_word' id='word_1_693' title='bbox 3122 3536 3277 3590; x_wconf 82' lang='lat' dir='ltr'><strong>valde</strong></span> <span class='ocrx_word' id='word_1_694' title='bbox 3311 3538 3591 3609; x_wconf 83' lang='lat' dir='ltr'><strong>ingemuit,</strong></span> <span class='ocrx_word' id='word_1_695' title='bbox 3637 3559 3732 3596; x_wconf 80' lang='lat' dir='ltr'><strong>ru:-</strong></span> 
     </span>
    </p>
   </div>
   <div class='ocr_carea' id='block_1_93' title="bbox 2132 3615 3726 3694">
    <p class='ocr_par' dir='ltr' id='par_1_93' title="bbox 2132 3615 3726 3694">
     <span class='ocr_line' id='line_1_93' title="bbox 2132 3615 3726 3694; baseline 0.012 -27"><span class='ocrx_word' id='word_1_696' title='bbox 2132 3629 2237 3668; x_wconf 89' lang='lat' dir='ltr'><strong>non</strong></span> <span class='ocrx_word' id='word_1_697' title='bbox 2269 3615 2467 3670; x_wconf 82' lang='lat' dir='ltr'><strong>invenit</strong></span> <span class='ocrx_word' id='word_1_698' title='bbox 2495 3618 2670 3672; x_wconf 88' lang='lat' dir='ltr'><strong>locum</strong></span> <span class='ocrx_word' id='word_1_699' title='bbox 2706 3623 3076 3688; x_wconf 68' lang='lat' dir='ltr'><strong>pcenitentiaz?</strong></span> <span class='ocrx_word' id='word_1_700' title='bbox 3103 3626 3369 3694; x_wconf 86' lang='lat' dir='ltr'><strong>Quoniam</strong></span> <span class='ocrx_word' id='word_1_701' title='bbox 3408 3647 3469 3686; x_wconf 87' lang='lat' dir='ltr'><strong>ea</strong></span> <span class='ocrx_word' id='word_1_702' title='bbox 3506 3651 3594 3689; x_wconf 87' lang='lat' dir='ltr'><strong>res</strong></span> <span class='ocrx_word' id='word_1_703' title='bbox 3622 3653 3726 3688; x_wconf 82' lang='lat' dir='ltr'><strong>non</strong></span> 
     </span>
    </p>
   </div>
   <div class='ocr_carea' id='block_1_94' title="bbox 2130 3709 3728 3787">
    <p class='ocr_par' dir='ltr' id='par_1_94' title="bbox 2130 3709 3728 3787">
     <span class='ocr_line' id='line_1_94' title="bbox 2130 3709 3728 3787; baseline 0.014 -29"><span class='ocrx_word' id='word_1_704' title='bbox 2130 3716 2246 3759; x_wconf 90' lang='lat' dir='ltr'><strong>erat</strong></span> <span class='ocrx_word' id='word_1_705' title='bbox 2299 3709 2644 3774; x_wconf 54' lang='lat' dir='ltr'><strong>parnitcntia&#39;.</strong></span> <span class='ocrx_word' id='word_1_706' title='bbox 2694 3710 2842 3765; x_wconf 81' lang='lat' dir='ltr'><strong>Sicut</strong></span> <span class='ocrx_word' id='word_1_707' title='bbox 2896 3715 3036 3768; x_wconf 84' lang='lat' dir='ltr'><strong>enim</strong></span> <span class='ocrx_word' id='word_1_708' title='bbox 3081 3733 3178 3771; x_wconf 89' lang='lat' dir='ltr'><strong>nec</strong></span> <span class='ocrx_word' id='word_1_709' title='bbox 3228 3722 3557 3787; x_wconf 72' lang='lat' dir='ltr'><strong>paenitentia:</strong></span> <span class='ocrx_word' id='word_1_710' title='bbox 3613 3739 3728 3780; x_wconf 85' lang='lat' dir='ltr'><strong>erat</strong></span> 
     </span>
    </p>
   </div>
   <div class='ocr_carea' id='block_1_95' title="bbox 2132 3798 3724 3885">
    <p class='ocr_par' dir='ltr' id='par_1_95' title="bbox 2132 3798 3724 3885">
     <span class='ocr_line' id='line_1_95' title="bbox 2132 3798 3724 3885; baseline 0.013 -36"><span class='ocrx_word' id='word_1_711' title='bbox 2132 3798 2340 3850; x_wconf 86' lang='lat' dir='ltr'><strong>tristitia</strong></span> <span class='ocrx_word' id='word_1_712' title='bbox 2387 3799 2555 3865; x_wconf 80' lang='lat' dir='ltr'><strong>Cnini,</strong></span> <span class='ocrx_word' id='word_1_713' title='bbox 2605 3810 2661 3854; x_wconf 90' lang='lat' dir='ltr'><strong>ut</strong></span> <span class='ocrx_word' id='word_1_714' title='bbox 2708 3805 2944 3857; x_wconf 89' lang='lat' dir='ltr'><strong>ostendit</strong></span> <span class='ocrx_word' id='word_1_715' title='bbox 2974 3805 3111 3860; x_wconf 77' lang='lat' dir='ltr'><strong>facta</strong></span> <span class='ocrx_word' id='word_1_716' title='bbox 3151 3811 3342 3876; x_wconf 81' lang='lat' dir='ltr'><strong>ca-des,</strong></span> <span class='ocrx_word' id='word_1_717' title='bbox 3373 3813 3442 3866; x_wconf 86' lang='lat' dir='ltr'><strong>ita</strong></span> <span class='ocrx_word' id='word_1_718' title='bbox 3471 3814 3557 3869; x_wconf 87' lang='lat' dir='ltr'><strong>hic</strong></span> <span class='ocrx_word' id='word_1_719' title='bbox 3588 3834 3724 3885; x_wconf 87' lang='lat' dir='ltr'><strong>quo-</strong></span> 
     </span>
    </p>
   </div>
   <div class='ocr_carea' id='block_1_96' title="bbox 2128 3889 3723 3971">
    <p class='ocr_par' dir='ltr' id='par_1_96' title="bbox 2128 3889 3723 3971">
     <span class='ocr_line' id='line_1_96' title="bbox 2128 3889 3723 3971; baseline 0.015 -33"><span class='ocrx_word' id='word_1_720' title='bbox 2128 3903 2230 3957; x_wconf 89' lang='lat' dir='ltr'><strong>que</strong></span> <span class='ocrx_word' id='word_1_721' title='bbox 2257 3889 2415 3943; x_wconf 83' lang='lat' dir='ltr'><strong>verba</strong></span> <span class='ocrx_word' id='word_1_722' title='bbox 2447 3906 2547 3943; x_wconf 88' lang='lat' dir='ltr'><strong>non</strong></span> <span class='ocrx_word' id='word_1_723' title='bbox 2573 3902 2726 3946; x_wconf 90' lang='lat' dir='ltr'><strong>erant</strong></span> <span class='ocrx_word' id='word_1_724' title='bbox 2751 3896 3115 3962; x_wconf 71' lang='lat' dir='ltr'><strong>pmnilentim;</strong></span> <span class='ocrx_word' id='word_1_725' title='bbox 3153 3899 3312 3968; x_wconf 89' lang='lat' dir='ltr'><strong>idque</strong></span> <span class='ocrx_word' id='word_1_726' title='bbox 3335 3912 3520 3971; x_wconf 87' lang='lat' dir='ltr'><strong>postea</strong></span> <span class='ocrx_word' id='word_1_727' title='bbox 3542 3917 3723 3963; x_wconf 85' lang='lat' dir='ltr'><strong>05ten-</strong></span> 
     </span>
    </p>
   </div>
   <div class='ocr_carea' id='block_1_97' title="bbox 2127 3981 3720 4060">
    <p class='ocr_par' dir='ltr' id='par_1_97' title="bbox 2127 3981 3720 4060">
     <span class='ocr_line' id='line_1_97' title="bbox 2127 3981 3720 4060; baseline 0.014 -28"><span class='ocrx_word' id='word_1_728' title='bbox 2127 3981 2203 4034; x_wconf 85' lang='lat' dir='ltr'><strong>dit</strong></span> <span class='ocrx_word' id='word_1_729' title='bbox 2247 3981 2420 4035; x_wconf 83' lang='lat' dir='ltr'><strong>ca-des</strong></span> <span class='ocrx_word' id='word_1_730' title='bbox 2452 4001 2463 4035; x_wconf 91' lang='lat'>:</span> <span class='ocrx_word' id='word_1_731' title='bbox 2499 3999 2620 4036; x_wconf 89' lang='lat' dir='ltr'><strong>nam</strong></span> <span class='ocrx_word' id='word_1_732' title='bbox 2670 3985 2782 4053; x_wconf 89' lang='lat' dir='ltr'><strong>ipse</strong></span> <span class='ocrx_word' id='word_1_733' title='bbox 2817 4003 3048 4058; x_wconf 90' lang='lat' dir='ltr'><strong>quoque,</strong></span> <span class='ocrx_word' id='word_1_734' title='bbox 3098 3992 3238 4060; x_wconf 86' lang='lat' dir='ltr'><strong>quod</strong></span> <span class='ocrx_word' id='word_1_735' title='bbox 3282 3993 3346 4047; x_wconf 86' lang='lat' dir='ltr'><strong>ad</strong></span> <span class='ocrx_word' id='word_1_736' title='bbox 3396 3998 3720 4054; x_wconf 67' lang='lat' dir='ltr'><strong>VOIIIDL&#39;III&#39;IH</strong></span> 
     </span>
    </p>
   </div>
   <div class='ocr_carea' id='block_1_98' title="bbox 2125 4073 3720 4156">
    <p class='ocr_par' dir='ltr' id='par_1_98' title="bbox 2125 4073 3720 4156">
     <span class='ocr_line' id='line_1_98' title="bbox 2125 4073 3720 4156; baseline 0.013 -32"><span class='ocrx_word' id='word_1_737' title='bbox 2125 4073 2337 4138; x_wconf 85' lang='lat' dir='ltr'><strong>attinet,</strong></span> <span class='ocrx_word' id='word_1_738' title='bbox 2382 4073 2548 4129; x_wconf 81' lang='lat' dir='ltr'><strong>JaCob</strong></span> <span class='ocrx_word' id='word_1_739' title='bbox 2589 4076 2880 4131; x_wconf 80' lang='lat' dir='ltr'><strong>interfecit.</strong></span> <span class='ocrx_word' id='word_1_740' title='bbox 2909 4081 3408 4153; x_wconf 77' lang='lat' dir='ltr'><strong>Appmpinqnabnnt</strong></span> <span class='ocrx_word' id='word_1_741' title='bbox 3439 4090 3602 4156; x_wconf 89' lang='lat' dir='ltr'><strong>enim,</strong></span> <span class='ocrx_word' id='word_1_742' title='bbox 3640 4093 3720 4145; x_wconf 85' lang='lat' dir='ltr'><strong>in-</strong></span> 
     </span>
    </p>
   </div>
   <div class='ocr_carea' id='block_1_99' title="bbox 2126 4165 3720 4254">
    <p class='ocr_par' dir='ltr' id='par_1_99' title="bbox 2126 4165 3720 4254">
     <span class='ocr_line' id='line_1_99' title="bbox 2126 4165 3720 4254; baseline 0.011 -36"><span class='ocrx_word' id='word_1_743' title='bbox 2126 4165 2262 4234; x_wconf 87' lang='lat' dir='ltr'><strong>quit,</strong></span> <span class='ocrx_word' id='word_1_744' title='bbox 2293 4166 2400 4217; x_wconf 85' lang='lat' dir='ltr'><strong>dies</strong></span> <span class='ocrx_word' id='word_1_745' title='bbox 2427 4167 2591 4220; x_wconf 82' lang='lat' dir='ltr'><strong>luctas</strong></span> <span class='ocrx_word' id='word_1_746' title='bbox 2621 4171 2785 4238; x_wconf 78' lang='lat' dir='ltr'><strong>patris</strong></span> <span class='ocrx_word' id='word_1_747' title='bbox 2823 4173 2938 4236; x_wconf 87' lang='lat' dir='ltr'><strong>mei,</strong></span> <span class='ocrx_word' id='word_1_748' title='bbox 2974 4184 3019 4225; x_wconf 86' lang='lat' dir='ltr'><strong>et</strong></span> <span class='ocrx_word' id='word_1_749' title='bbox 3060 4175 3367 4242; x_wconf 79' lang='lat' dir='ltr'><strong>interﬁciant</strong></span> <span class='ocrx_word' id='word_1_750' title='bbox 3405 4179 3566 4234; x_wconf 88' lang='lat' dir='ltr'><strong>Jacob</strong></span> <span class='ocrx_word' id='word_1_751' title='bbox 3607 4186 3720 4254; x_wconf 76' lang='lat' dir='ltr'><strong>fra-</strong></span> 
     </span>
    </p>
   </div>
   <div class='ocr_carea' id='block_1_100' title="bbox 2125 4255 3720 4344">
    <p class='ocr_par' dir='ltr' id='par_1_100' title="bbox 2125 4255 3720 4344">
     <span class='ocr_line' id='line_1_100' title="bbox 2125 4255 3720 4344; baseline 0.014 -39"><span class='ocrx_word' id='word_1_752' title='bbox 2125 4264 2248 4307; x_wconf 84' lang='lat' dir='ltr'><strong>trem</strong></span> <span class='ocrx_word' id='word_1_753' title='bbox 2282 4273 2444 4308; x_wconf 82' lang='lat' dir='ltr'><strong>meam</strong></span> <span class='ocrx_word' id='word_1_754' title='bbox 2477 4255 2629 4328; x_wconf 68' lang='lat' dir='ltr'><strong>(Cen.</strong></span> <span class='ocrx_word' id='word_1_755' title='bbox 2663 4260 2754 4326; x_wconf 69' lang='lat'><strong>‘27,</strong></span> <span class='ocrx_word' id='word_1_756' title='bbox 2784 4262 2896 4330; x_wconf 72' lang='grc'><strong>41).</strong></span> <span class='ocrx_word' id='word_1_757' title='bbox 2927 4262 3041 4317; x_wconf 84' lang='lat' dir='ltr'><strong>Non</strong></span> <span class='ocrx_word' id='word_1_758' title='bbox 3074 4265 3356 4322; x_wconf 88' lang='lat' dir='ltr'><strong>valuerunt</strong></span> <span class='ocrx_word' id='word_1_759' title='bbox 3385 4285 3514 4340; x_wconf 84' lang='lat' dir='ltr'><strong>ergo</strong></span> <span class='ocrx_word' id='word_1_760' title='bbox 3547 4273 3688 4344; x_wconf 72' lang='lat' dir='ltr'><strong>laCiy</strong></span> <span class='ocrx_word' id='word_1_761' title='bbox 3709 4307 3720 4314; x_wconf 87' lang='lat'><strong>-</strong></span> 
     </span>
    </p>
   </div>
   <div class='ocr_carea' id='block_1_101' title="bbox 2125 4346 3720 4430">
    <p class='ocr_par' dir='ltr' id='par_1_101' title="bbox 2125 4346 3720 4430">
     <span class='ocr_line' id='line_1_101' title="bbox 2125 4346 3720 4430; baseline 0.014 -33"><span class='ocrx_word' id='word_1_762' title='bbox 2125 4360 2226 4397; x_wconf 64' lang='lat' dir='ltr'><strong>mar</strong></span> <span class='ocrx_word' id='word_1_763' title='bbox 2253 4346 2298 4399; x_wconf 90' lang='lat' dir='ltr'><strong>ei</strong></span> <span class='ocrx_word' id='word_1_764' title='bbox 2329 4346 2455 4400; x_wconf 85' lang='lat' dir='ltr'><strong>(lare</strong></span> <span class='ocrx_word' id='word_1_765' title='bbox 2483 4350 2874 4418; x_wconf 82' lang='lat' dir='ltr'><strong>ptenitentiam.</strong></span> <span class='ocrx_word' id='word_1_766' title='bbox 2910 4354 2975 4408; x_wconf 86' lang='lat' dir='ltr'><strong>Et</strong></span> <span class='ocrx_word' id='word_1_767' title='bbox 3006 4372 3108 4409; x_wconf 89' lang='lat' dir='ltr'><strong>non</strong></span> <span class='ocrx_word' id='word_1_768' title='bbox 3136 4357 3289 4424; x_wconf 76' lang='lat' dir='ltr'><strong>dixit,</strong></span> <span class='ocrx_word' id='word_1_769' title='bbox 3325 4361 3424 4414; x_wconf 83' lang='lat' dir='ltr'><strong>I’er</strong></span> <span class='ocrx_word' id='word_1_770' title='bbox 3455 4365 3720 4430; x_wconf 62' lang='lat' dir='ltr'><strong>[tenuiten-</strong></span> 
     </span>
    </p>
   </div>
   <div class='ocr_carea' id='block_1_102' title="bbox 2126 4439 3715 4522">
    <p class='ocr_par' dir='ltr' id='par_1_102' title="bbox 2126 4439 3715 4522">
     <span class='ocr_line' id='line_1_102' title="bbox 2126 4439 3715 4522; baseline 0.014 -31"><span class='ocrx_word' id='word_1_771' title='bbox 2126 4439 2276 4502; x_wconf 86' lang='lat' dir='ltr'><strong>tiam,</strong></span> <span class='ocrx_word' id='word_1_772' title='bbox 2299 4441 2542 4496; x_wconf 84' lang='lat' dir='ltr'><strong>absolute</strong></span> <span class='ocrx_word' id='word_1_773' title='bbox 2567 4460 2581 4507; x_wconf 91' lang='lat'><strong>;</strong></span> <span class='ocrx_word' id='word_1_774' title='bbox 2611 4445 2725 4510; x_wconf 85' lang='lat' dir='ltr'><strong>sed,</strong></span> <span class='ocrx_word' id='word_1_775' title='bbox 2763 4447 2932 4502; x_wconf 78' lang='lat' dir='ltr'><strong>Etiam</strong></span> <span class='ocrx_word' id='word_1_776' title='bbox 2951 4464 3070 4504; x_wconf 89' lang='lat' dir='ltr'><strong>cum</strong></span> <span class='ocrx_word' id='word_1_777' title='bbox 3101 4453 3351 4522; x_wconf 82' lang='lat' dir='ltr'><strong>lacrymis</strong></span> <span class='ocrx_word' id='word_1_778' title='bbox 3379 4471 3482 4510; x_wconf 90' lang='lat' dir='ltr'><strong>non</strong></span> <span class='ocrx_word' id='word_1_779' title='bbox 3513 4459 3715 4513; x_wconf 78' lang='lat' dir='ltr'><strong>invenit</strong></span> 
     </span>
    </p>
   </div>
   <div class='ocr_carea' id='block_1_103' title="bbox 2125 4528 3715 4612">
    <p class='ocr_par' dir='ltr' id='par_1_103' title="bbox 2125 4528 3715 4612">
     <span class='ocr_line' id='line_1_103' title="bbox 2125 4528 3715 4612; baseline 0.014 -30"><span class='ocrx_word' id='word_1_780' title='bbox 2125 4528 2301 4584; x_wconf 90' lang='lat' dir='ltr'><strong>locum</strong></span> <span class='ocrx_word' id='word_1_781' title='bbox 2371 4534 2721 4600; x_wconf 63' lang='lat' dir='ltr'><strong>poenitentite.</strong></span> <span class='ocrx_word' id='word_1_782' title='bbox 2804 4536 3210 4604; x_wconf 84' lang='lat' dir='ltr'><strong>Quamobrem?</strong></span> <span class='ocrx_word' id='word_1_783' title='bbox 3282 4545 3549 4612; x_wconf 86' lang='lat' dir='ltr'><strong>Quoniam</strong></span> <span class='ocrx_word' id='word_1_784' title='bbox 3610 4568 3715 4604; x_wconf 86' lang='lat' dir='ltr'><strong>non</strong></span> 
     </span>
    </p>
   </div>
   <div class='ocr_carea' id='block_1_104' title="bbox 2124 4623 3720 4700">
    <p class='ocr_par' dir='ltr' id='par_1_104' title="bbox 2124 4623 3720 4700">
     <span class='ocr_line' id='line_1_104' title="bbox 2124 4623 3720 4700; baseline 0.016 -27"><span class='ocrx_word' id='word_1_785' title='bbox 2124 4623 2395 4692; x_wconf 87' lang='lat' dir='ltr'><strong>quomodo</strong></span> <span class='ocrx_word' id='word_1_786' title='bbox 2425 4628 2661 4695; x_wconf 89' lang='lat' dir='ltr'><strong>oportuit</strong></span> <span class='ocrx_word' id='word_1_787' title='bbox 2699 4629 2806 4698; x_wconf 83' lang='lat' dir='ltr'><strong>egit</strong></span> <span class='ocrx_word' id='word_1_788' title='bbox 2846 4633 3252 4700; x_wconf 68' lang='lat' dir='ltr'><strong>ptenitentiam;</strong></span> <span class='ocrx_word' id='word_1_789' title='bbox 3305 4638 3406 4695; x_wconf 88' lang='lat' dir='ltr'><strong>hoc</strong></span> <span class='ocrx_word' id='word_1_790' title='bbox 3445 4641 3586 4696; x_wconf 88' lang='lat' dir='ltr'><strong>enim</strong></span> <span class='ocrx_word' id='word_1_791' title='bbox 3636 4655 3720 4698; x_wconf 82' lang='lat' dir='ltr'><strong>est</strong></span> 
     </span>
    </p>
   </div>
   <div class='ocr_carea' id='block_1_105' title="bbox 2127 4718 3711 4804">
    <p class='ocr_par' dir='ltr' id='par_1_105' title="bbox 2127 4718 3711 4804">
     <span class='ocr_line' id='line_1_105' title="bbox 2127 4718 3711 4804; baseline 0.015 -38"><span class='ocrx_word' id='word_1_792' title='bbox 2127 4718 2473 4783; x_wconf 76' lang='lat' dir='ltr'><strong>pmnitentia;</strong></span> <span class='ocrx_word' id='word_1_793' title='bbox 2541 4736 2645 4773; x_wconf 88' lang='lat' dir='ltr'><strong>non</strong></span> <span class='ocrx_word' id='word_1_794' title='bbox 2716 4721 2824 4791; x_wconf 84' lang='lat' dir='ltr'><strong>egit</strong></span> <span class='ocrx_word' id='word_1_795' title='bbox 2888 4727 3256 4794; x_wconf 67' lang='lat' dir='ltr'><strong>paenitentiam</strong></span> <span class='ocrx_word' id='word_1_796' title='bbox 3329 4743 3385 4786; x_wconf 91' lang='lat' dir='ltr'><strong>ut</strong></span> <span class='ocrx_word' id='word_1_797' title='bbox 3457 4743 3711 4804; x_wconf 80' lang='lat' dir='ltr'><strong>opmtuit.</strong></span> 
     </span>
    </p>
   </div>
   <div class='ocr_carea' id='block_1_106' title="bbox 2127 4809 3710 4893">
    <p class='ocr_par' dir='ltr' id='par_1_106' title="bbox 2127 4809 3710 4893">
     <span class='ocr_line' id='line_1_106' title="bbox 2127 4809 3710 4893; baseline 0.015 -33"><span class='ocrx_word' id='word_1_798' title='bbox 2127 4809 2336 4877; x_wconf 73' lang='lat' dir='ltr'><strong>Alioqui</strong></span> <span class='ocrx_word' id='word_1_799' title='bbox 2409 4811 2680 4880; x_wconf 87' lang='lat' dir='ltr'><strong>quomodo</strong></span> <span class='ocrx_word' id='word_1_800' title='bbox 2737 4813 2852 4870; x_wconf 72' lang='lat' dir='ltr'><strong>inec</strong></span> <span class='ocrx_word' id='word_1_801' title='bbox 2905 4817 3149 4874; x_wconf 85' lang='lat' dir='ltr'><strong>diceret?</strong></span> <span class='ocrx_word' id='word_1_802' title='bbox 3217 4826 3528 4893; x_wconf 79' lang='lat' dir='ltr'><strong>quon&#39;todu,</strong></span> <span class='ocrx_word' id='word_1_803' title='bbox 3587 4845 3710 4884; x_wconf 87' lang='lat' dir='ltr'><strong>cum</strong></span> 
     </span>
    </p>
   </div>
   <div class='ocr_carea' id='block_1_107' title="bbox 2122 4904 3713 4981">
    <p class='ocr_par' dir='ltr' id='par_1_107' title="bbox 2122 4904 3713 4981">
     <span class='ocr_line' id='line_1_107' title="bbox 2122 4904 3713 4981; baseline 0.014 -30"><span class='ocrx_word' id='word_1_804' title='bbox 2122 4914 2314 4967; x_wconf 74' lang='lat' dir='ltr'><strong>segnes</strong></span> <span class='ocrx_word' id='word_1_805' title='bbox 2365 4912 2419 4954; x_wconf 89' lang='lat' dir='ltr'><strong>et</strong></span> <span class='ocrx_word' id='word_1_806' title='bbox 2479 4904 2612 4972; x_wconf 85' lang='lat' dir='ltr'><strong>pigri</strong></span> <span class='ocrx_word' id='word_1_807' title='bbox 2661 4907 3011 4974; x_wconf 79' lang='lat' dir='ltr'><strong>evasissent,</strong></span> <span class='ocrx_word' id='word_1_808' title='bbox 3067 4926 3160 4966; x_wconf 90' lang='lat' dir='ltr'><strong>eos</strong></span> <span class='ocrx_word' id='word_1_809' title='bbox 3218 4929 3405 4976; x_wconf 83' lang='lat' dir='ltr'><strong>rursus</strong></span> <span class='ocrx_word' id='word_1_810' title='bbox 3453 4919 3713 4981; x_wconf 80' lang='lat' dir='ltr'><strong>adhorta-</strong></span> 
     </span>
    </p>
   </div>
   <div class='ocr_carea' id='block_1_108' title="bbox 2115 5001 3727 5080">
    <p class='ocr_par' dir='ltr' id='par_1_108' title="bbox 2115 5001 3727 5080">
     <span class='ocr_line' id='line_1_108' title="bbox 2115 5001 3727 5080; baseline 0.005 -23"><span class='ocrx_word' id='word_1_811' title='bbox 2115 5001 2328 5064; x_wconf 63' lang='lat' dir='ltr'><strong>retur?</strong></span> <span class='ocrx_word' id='word_1_812' title='bbox 2365 5002 2638 5072; x_wconf 86' lang='lat' dir='ltr'><strong>quomodo</strong></span> <span class='ocrx_word' id='word_1_813' title='bbox 2683 5019 2804 5060; x_wconf 84' lang='lat' dir='ltr'><strong>cum</strong></span> <span class='ocrx_word' id='word_1_814' title='bbox 2833 5006 3020 5070; x_wconf 75' lang='lat' dir='ltr'><strong>claudi</strong></span> <span class='ocrx_word' id='word_1_815' title='bbox 3059 5006 3200 5071; x_wconf 71' lang='lat' dir='ltr'><strong>laeti</strong></span> <span class='ocrx_word' id='word_1_816' title='bbox 3251 5010 3473 5066; x_wconf 73' lang='lat' dir='ltr'><strong>essent?</strong></span> <span class='ocrx_word' id='word_1_817' title='bbox 3496 5025 3727 5080; x_wconf 85' lang='lat' dir='ltr'><strong>quomo-</strong></span> 
     </span>
    </p>
   </div>
   <div class='ocr_carea' id='block_1_109' title="bbox 2103 5093 3730 5164">
    <p class='ocr_par' dir='ltr' id='par_1_109' title="bbox 2103 5093 3730 5164">
     <span class='ocr_line' id='line_1_109' title="bbox 2103 5093 3730 5164; baseline 0.004 -14"><span class='ocrx_word' id='word_1_818' title='bbox 2103 5093 2196 5150; x_wconf 69' lang='lat' dir='ltr'><strong>,do</strong></span> <span class='ocrx_word' id='word_1_819' title='bbox 2223 5111 2343 5150; x_wconf 90' lang='lat' dir='ltr'><strong>cum</strong></span> <span class='ocrx_word' id='word_1_820' title='bbox 2371 5105 2555 5152; x_wconf 83' lang='lat' dir='ltr'><strong>essent</strong></span> <span class='ocrx_word' id='word_1_821' title='bbox 2589 5096 2812 5164; x_wconf 69' lang='lat' dir='ltr'><strong>remissi</strong></span> <span class='ocrx_word' id='word_1_822' title='bbox 2862 5108 2916 5162; x_wconf 81' lang='lat' dir='ltr'><strong>et</strong></span> <span class='ocrx_word' id='word_1_823' title='bbox 2954 5099 3152 5164; x_wconf 81' lang='lat' dir='ltr'><strong>soluti?</strong></span> <span class='ocrx_word' id='word_1_824' title='bbox 3207 5101 3306 5164; x_wconf 83' lang='lat' dir='ltr'><strong>hoc</strong></span> <span class='ocrx_word' id='word_1_825' title='bbox 3334 5103 3474 5157; x_wconf 88' lang='lat' dir='ltr'><strong>enim</strong></span> <span class='ocrx_word' id='word_1_826' title='bbox 3522 5110 3606 5156; x_wconf 84' lang='lat' dir='ltr'><strong>est</strong></span> <span class='ocrx_word' id='word_1_827' title='bbox 3633 5103 3730 5156; x_wconf 91' lang='lat' dir='ltr'><strong>ini-</strong></span> 
     </span>
    </p>
   </div>
   <div class='ocr_carea' id='block_1_110' title="bbox 2115 5188 3727 5266">
    <p class='ocr_par' dir='ltr' id='par_1_110' title="bbox 2115 5188 3727 5266">
     <span class='ocr_line' id='line_1_110' title="bbox 2115 5188 3727 5266; baseline 0.002 -22"><span class='ocrx_word' id='word_1_828' title='bbox 2115 5194 2254 5244; x_wconf 63' lang='lat' dir='ltr'><strong>tium</strong></span> <span class='ocrx_word' id='word_1_829' title='bbox 2301 5188 2504 5260; x_wconf 74' lang='lat' dir='ltr'><strong>lapsus.</strong></span> <span class='ocrx_word' id='word_1_830' title='bbox 2543 5190 2682 5252; x_wconf 66' lang='lat' dir='ltr'><strong>Mihi</strong></span> <span class='ocrx_word' id='word_1_831' title='bbox 2725 5190 2937 5257; x_wconf 77' lang='lat' dir='ltr'><strong>videtur</strong></span> <span class='ocrx_word' id='word_1_832' title='bbox 2981 5193 3323 5252; x_wconf 82' lang='lat' dir='ltr'><strong>Subintlicat:e</strong></span> <span class='ocrx_word' id='word_1_833' title='bbox 3360 5196 3621 5266; x_wconf 84' lang='lat' dir='ltr'><strong>quosdam</strong></span> <span class='ocrx_word' id='word_1_834' title='bbox 3675 5197 3727 5251; x_wconf 88' lang='lat' dir='ltr'><strong>in</strong></span> 
     </span>
    </p>
   </div>
   <div class='ocr_carea' id='block_1_111' title="bbox 2125 5283 3724 5361">
    <p class='ocr_par' dir='ltr' id='par_1_111' title="bbox 2125 5283 3724 5361">
     <span class='ocr_line' id='line_1_111' title="bbox 2125 5283 3724 5361; baseline 0.006 -26"><span class='ocrx_word' id='word_1_835' title='bbox 2125 5283 2202 5336; x_wconf 72' lang='lat' dir='ltr'><strong>eis</strong></span> <span class='ocrx_word' id='word_1_836' title='bbox 2259 5285 2643 5350; x_wconf 79' lang='lat' dir='ltr'><strong>fornicatores,</strong></span> <span class='ocrx_word' id='word_1_837' title='bbox 2713 5285 2854 5350; x_wconf 81' lang='lat' dir='ltr'><strong>nolle</strong></span> <span class='ocrx_word' id='word_1_838' title='bbox 2915 5298 3092 5343; x_wconf 87' lang='lat' dir='ltr'><strong>tamen</strong></span> <span class='ocrx_word' id='word_1_839' title='bbox 3150 5299 3276 5342; x_wconf 90' lang='lat' dir='ltr'><strong>tunc</strong></span> <span class='ocrx_word' id='word_1_840' title='bbox 3321 5307 3415 5344; x_wconf 84' lang='lat' dir='ltr'><strong>eos</strong></span> <span class='ocrx_word' id='word_1_841' title='bbox 3461 5307 3724 5361; x_wconf 77' lang='lat' dir='ltr'><strong>arguere;</strong></span> 
     </span>
    </p>
   </div>
   <div class='ocr_carea' id='block_1_112' title="bbox 2122 5375 3725 5452">
    <p class='ocr_par' dir='ltr' id='par_1_112' title="bbox 2122 5375 3725 5452">
     <span class='ocr_line' id='line_1_112' title="bbox 2122 5375 3725 5452; baseline 0.007 -25"><span class='ocrx_word' id='word_1_842' title='bbox 2122 5375 2213 5430; x_wconf 62' lang='lat' dir='ltr'><strong>Md</strong></span> <span class='ocrx_word' id='word_1_843' title='bbox 2247 5376 2396 5447; x_wconf 80' lang='lat' dir='ltr'><strong>lingit</strong></span> <span class='ocrx_word' id='word_1_844' title='bbox 2424 5394 2481 5430; x_wconf 91' lang='lat' dir='ltr'><strong>se</strong></span> <span class='ocrx_word' id='word_1_845' title='bbox 2515 5379 2785 5446; x_wconf 88' lang='lat' dir='ltr'><strong>ignorare,</strong></span> <span class='ocrx_word' id='word_1_846' title='bbox 2834 5389 2891 5432; x_wconf 90' lang='lat' dir='ltr'><strong>nt</strong></span> <span class='ocrx_word' id='word_1_847' title='bbox 2928 5381 3548 5452; x_wconf 61' lang='lat' dir='ltr'><strong>corrigantur..Oportet</strong></span> <span class='ocrx_word' id='word_1_848' title='bbox 3579 5385 3725 5450; x_wconf 82' lang='lat' dir='ltr'><strong>enim</strong></span> 
     </span>
    </p>
   </div>
   <div class='ocr_carea' id='block_1_113' title="bbox 2124 5467 3722 5546">
    <p class='ocr_par' dir='ltr' id='par_1_113' title="bbox 2124 5467 3722 5546">
     <span class='ocr_line' id='line_1_113' title="bbox 2124 5467 3722 5546; baseline 0.007 -27"><span class='ocrx_word' id='word_1_849' title='bbox 2124 5467 2352 5534; x_wconf 71' lang='lat' dir='ltr'><strong>lri&#39;nutn</strong></span> <span class='ocrx_word' id='word_1_850' title='bbox 2402 5468 2620 5536; x_wconf 85' lang='lat' dir='ltr'><strong>quidem</strong></span> <span class='ocrx_word' id='word_1_851' title='bbox 2668 5470 2924 5525; x_wconf 87' lang='lat' dir='ltr'><strong>simulare</strong></span> <span class='ocrx_word' id='word_1_852' title='bbox 2974 5472 3334 5545; x_wconf 78' lang='lat' dir='ltr'><strong>ignorantiam</strong></span> <span class='ocrx_word' id='word_1_853' title='bbox 3365 5493 3376 5528; x_wconf 77' lang='grc' dir='ltr'>ε</span> <span class='ocrx_word' id='word_1_854' title='bbox 3412 5488 3592 5546; x_wconf 83' lang='lat' dir='ltr'><strong>postea</strong></span> <span class='ocrx_word' id='word_1_855' title='bbox 3627 5494 3722 5531; x_wconf 83' lang='lat' dir='ltr'><strong>an—</strong></span> 
     </span>
    </p>
   </div>
   <div class='ocr_carea' id='block_1_114' title="bbox 2122 5563 3724 5638">
    <p class='ocr_par' dir='ltr' id='par_1_114' title="bbox 2122 5563 3724 5638">
     <span class='ocr_line' id='line_1_114' title="bbox 2122 5563 3724 5638; baseline 0.007 -30"><span class='ocrx_word' id='word_1_856' title='bbox 2122 5568 2226 5611; x_wconf 83' lang='lat' dir='ltr'><strong>tem</strong></span> <span class='ocrx_word' id='word_1_857' title='bbox 2257 5576 2377 5613; x_wconf 90' lang='lat' dir='ltr'><strong>eum</strong></span> <span class='ocrx_word' id='word_1_858' title='bbox 2411 5563 2902 5629; x_wconf 86' lang='lat' dir='ltr'><strong>perseveraverint,</strong></span> <span class='ocrx_word' id='word_1_859' title='bbox 2937 5577 3061 5619; x_wconf 87' lang='lat' dir='ltr'><strong>tunc</strong></span> <span class='ocrx_word' id='word_1_860' title='bbox 3087 5567 3247 5620; x_wconf 88' lang='lat' dir='ltr'><strong>etiam</strong></span> <span class='ocrx_word' id='word_1_861' title='bbox 3289 5567 3486 5622; x_wconf 78' lang='lat' dir='ltr'><strong>inferre</strong></span> <span class='ocrx_word' id='word_1_862' title='bbox 3534 5587 3724 5638; x_wconf 68' lang='lat' dir='ltr'><strong>repro.</strong></span> 
     </span>
    </p>
   </div>
   <div class='ocr_carea' id='block_1_115' title="bbox 2121 5646 3722 5732">
    <p class='ocr_par' dir='ltr' id='par_1_115' title="bbox 2121 5646 3722 5732">
     <span class='ocr_line' id='line_1_115' title="bbox 2121 5646 3722 5732; baseline 0.011 -33"><span class='ocrx_word' id='word_1_863' title='bbox 2121 5646 2476 5716; x_wconf 80' lang='lat' dir='ltr'><strong>hcnsionem,</strong></span> <span class='ocrx_word' id='word_1_864' title='bbox 2547 5668 2613 5707; x_wconf 91' lang='lat' dir='ltr'><strong>ne</strong></span> <span class='ocrx_word' id='word_1_865' title='bbox 2679 5652 2940 5722; x_wconf 83' lang='lat' dir='ltr'><strong>pudorem</strong></span> <span class='ocrx_word' id='word_1_866' title='bbox 3008 5667 3232 5710; x_wconf 76' lang='lat' dir='ltr'><strong>exuam.</strong></span> <span class='ocrx_word' id='word_1_867' title='bbox 3289 5657 3441 5724; x_wconf 76' lang='lat' dir='ltr'><strong>Quod</strong></span> <span class='ocrx_word' id='word_1_868' title='bbox 3511 5662 3722 5732; x_wconf 60' lang='lat' dir='ltr'><strong>Moysis</strong></span> 
     </span>
    </p>
   </div>
   <div class='ocr_carea' id='block_1_116' title="bbox 2117 5742 3719 5815">
    <p class='ocr_par' dir='ltr' id='par_1_116' title="bbox 2117 5742 3719 5815">
     <span class='ocr_line' id='line_1_116' title="bbox 2117 5742 3719 5815; baseline 0.004 -17"><span class='ocrx_word' id='word_1_869' title='bbox 2117 5760 2330 5815; x_wconf 86' lang='lat' dir='ltr'><strong>quoque</strong></span> <span class='ocrx_word' id='word_1_870' title='bbox 2359 5742 2485 5798; x_wconf 83' lang='lat' dir='ltr'><strong>fecit</strong></span> <span class='ocrx_word' id='word_1_871' title='bbox 2511 5743 2564 5797; x_wconf 90' lang='lat' dir='ltr'><strong>in</strong></span> <span class='ocrx_word' id='word_1_872' title='bbox 2594 5743 2810 5800; x_wconf 75' lang='lat' dir='ltr'><strong>Zatuliri</strong></span> <span class='ocrx_word' id='word_1_873' title='bbox 2836 5756 2889 5801; x_wconf 90' lang='lat' dir='ltr'><strong>et</strong></span> <span class='ocrx_word' id='word_1_874' title='bbox 2919 5746 3279 5805; x_wconf 87' lang='lat' dir='ltr'><strong>Chasbitide&#39;.</strong></span> <span class='ocrx_word' id='word_1_875' title='bbox 3303 5747 3422 5804; x_wconf 85' lang='lat' dir='ltr'><strong>Non</strong></span> <span class='ocrx_word' id='word_1_876' title='bbox 3463 5753 3596 5806; x_wconf 82' lang='lat' dir='ltr'><strong>enim</strong></span> <span class='ocrx_word' id='word_1_877' title='bbox 3637 5754 3687 5805; x_wconf 81' lang='lat' dir='ltr'><strong>in</strong></span> <span class='ocrx_word' id='word_1_878' title='bbox 3707 5787 3719 5796; x_wconf 84' lang='lat'><strong>-</strong></span> 
     </span>
    </p>
   </div>
   <div class='ocr_carea' id='block_1_117' title="bbox 2117 5837 3715 5910">
    <p class='ocr_par' dir='ltr' id='par_1_117' title="bbox 2117 5837 3715 5910">
     <span class='ocr_line' id='line_1_117' title="bbox 2117 5837 3715 5910; baseline 0.004 -18"><span class='ocrx_word' id='word_1_879' title='bbox 2117 5839 2268 5906; x_wconf 69' lang='lat' dir='ltr'><strong>venit,</strong></span> <span class='ocrx_word' id='word_1_880' title='bbox 2321 5837 2512 5906; x_wconf 77' lang='lat' dir='ltr'><strong>inquit,</strong></span> <span class='ocrx_word' id='word_1_881' title='bbox 2565 5839 2875 5908; x_wconf 58' lang='lat' dir='ltr'><strong>paenitentia?</strong></span> <span class='ocrx_word' id='word_1_882' title='bbox 2921 5841 3085 5895; x_wconf 78' lang='lat' dir='ltr'><strong>locum</strong></span> <span class='ocrx_word' id='word_1_883' title='bbox 3125 5841 3715 5910; x_wconf 66' lang='lat' dir='ltr'><strong>(Nuni.c.9.5,l.Nonin~</strong></span> 
     </span>
    </p>
   </div>
   <div class='ocr_carea' id='block_1_118' title="bbox 3331 5951 3403 6014">
    <p class='ocr_par' dir='ltr' id='par_1_118' title="bbox 3331 5951 3403 6014">
     <span class='ocr_line' id='line_1_118' title="bbox 3331 5951 3403 6014; baseline -0.028 0"><span class='ocrx_word' id='word_1_884' title='bbox 3331 5951 3403 6014; x_wconf 73' lang='lat' dir='ltr'><strong>M-</strong></span> 
     </span>
    </p>
   </div>
  </div>
