4202 6442
579 352 684 409 215

564 448 712 500 venit
762 448 1148 517 pmttitentiam,
1175 459 1267 507 aut
1293 455 1436 524 quod
1468 462 1711 527 peccavit
1734 462 1960 534 majora,
1988 482 2147 538 quam

563 549 620 589 ut
647 554 833 593 eorum
876 542 958 610 agi
1009 544 1177 611 possit
1218 547 1567 617 poenitentia;
1613 564 1705 608 aut
1747 558 1886 626 quod
1933 561 2146 632 dignam

566 633 930 699 paenitentiam
977 651 1080 687 non
1130 635 1334 692 fecerit.
1370 639 1506 697 Sunt
1556 660 1685 714 ergo
1717 660 1931 717 peccata
1968 654 2144 724 aliqua

563 722 784 790 majora,
805 738 962 792 quam
993 733 1049 776 ut
1069 740 1253 781 eorum
1272 730 1354 799 agi
1383 733 1549 800 possit
1577 739 1915 804 pmnitcntia.
1934 743 2045 799 Hoc
2060 722 2147 800 est

557 827 685 881 ergo
710 812 849 881 quod
874 813 1003 868 dicit
1028 832 1041 869 :
1066 815 1143 870 Ne
1169 818 1425 875 cudamus
1456 839 1581 879 casu
1614 826 1894 885 incurabili
1922 852 1935 887 :
1969 835 2144 891 donec

559 901 717 957 fuerit
764 905 935 959 solum
969 908 1308 976 claudicatio,
1344 912 1495 969 facile
1538 927 1621 972 est
1643 930 1843 975 rectmn
1878 924 1992 980 ﬁeri
2018 944 2032 992 ;
2058 929 2138 982 sin

552 1007 729 1048 autem
758 994 1016 1052 fuerimus
1036 1002 1251 1069 penitus
1278 1007 1471 1071 eversi,
1490 1010 1617 1077 quid
1645 1013 1905 1070 restabit?
1923 1018 2053 1073 Cum
2075 1022 2139 1074 iis

552 1086 695 1140 enim
728 1087 819 1155 qui
852 1090 1087 1144 nondum
1128 1093 1440 1151 ceciderunt
1480 1101 1558 1155 sic
1597 1102 1848 1172 loquitur,
1878 1118 2019 1164 metu
2043 1128 2136 1166 eos

549 1178 900 1247 concutiens,
932 1189 987 1235 et
1015 1182 1147 1238 dicit
1177 1184 1294 1240 ﬁeri
1328 1204 1433 1243 non
1466 1206 1624 1260 posse
1665 1206 1720 1248 ut
1762 1198 1850 1267 qui
1880 1201 2134 1258 ceciderit

547 1283 801 1340 umquam
861 1286 1181 1345 assequatur
1219 1281 1683 1342 consolationem:
1721 1287 1792 1345 lis
1821 1301 1998 1349 autem
2046 1300 2132 1366 qui

547 1362 893 1431 ceciderunt,
924 1383 988 1421 ne
1034 1369 1272 1427 incidant
1301 1373 1353 1427 in
1384 1375 1834 1452 desperationem,
1862 1362 2131 1445 contraria

461 1462 475 1474 '
543 1455 621 1508 sic
662 1455 791 1511 dicit
822 1476 833 1510 :
861 1459 1037 1514 Filioli
1064 1464 1180 1529 mei,
1202 1481 1329 1535 quos
1351 1468 1533 1524 iterum
1559 1478 1809 1544 parturio,
1838 1482 1997 1537 donec
2020 1490 2132 1556 for-

545 1556 710 1598 utetur
729 1547 782 1600 in
809 1549 946 1603 vobis
983 1549 1215 1607 Christus
1243 1555 1385 1625 (Gal.
1408 1559 1461 1614 4.
1490 1562 1610 1632 :9);
1640 1575 1693 1619 et
1720 1584 1926 1639 rursus,
1957 1547 2053 1641 at.
2075 1578 2129 1633 in

544 1637 655 1707 lege
673 1639 1053 1711 justi/Scantini,
1082 1662 1114 1698 a
1136 1649 1302 1716 gratia
1321 1651 1571 1709 cecidistis
1598 1655 1751 1727 (Gal.
1791 1663 1845 1718 5.
1878 1637 2128 1738 4-).VvEcce

549 1738 774 1783 testatur
798 1746 893 1786 eos
918 1735 1203 1793 excidisse.
1229 1739 1360 1795 Nam
1389 1744 1480 1812 qui
1503 1754 1611 1801 stat
1637 1751 1875 1822 quidem,
1905 1735 2127 1818 audiens

545 1822 658 1875 ﬁeri
688 1838 791 1877 non
819 1839 976 1894 posse
1003 1836 1064 1882 ut
1088 1832 1177 1900 qui
1209 1833 1403 1889 cecidit
1426 1838 1636 1894 veniam
1658 1856 1996 1917 assequatur,
2023 1856 2127 1910 erit

547 1921 945 1993 vehementior,
974 1937 1024 1981 et
1051 1928 1116 1982 ad
1139 1930 1387 1987 standum
1420 1934 1627 1992 ﬁrmior
1652 1948 1707 1994 et
1732 1943 1975 2002 stabilior
2002 1967 2017 2004 :
2048 1951 2128 2007 sin

542 2024 718 2068 autem
745 2017 794 2069 in
817 2032 938 2071 eum
962 2019 1050 2088 qui
1077 2022 1333 2079 ceciderit
1361 2026 1547 2082 eadem
1580 2031 1746 2087 utaris
1770 2035 2124 2110 vehementia,

541 2119 830 2175 numquam
862 2120 1141 2180 resurget;
1170 2129 1292 2169 nam
1322 2131 1425 2186 qua
1452 2133 1549 2189 spe
1577 2124 1826 2180 ostendet
1874 2132 2128 2187 mutatio-

542 2199 702 2249 nem?
726 2197 844 2253 Non
872 2201 1041 2257 solum
1073 2213 1252 2261 autem
1280 2207 1432 2277 dicit,
1464 2211 1655 2280 Flevit,
1703 2219 1797 2273 sed
1832 2220 2017 2293 etiam,
2045 2225 2131 2282 lu-

539 2288 776 2387 qnisivit.
810 2291 925 2346 Non
955 2310 1083 2366 ergo
1106 2299 1327 2368 expellit
1365 2306 1759 2373 paenitentiam,
1810 2326 1933 2369 cum
1976 2288 2125 2387 dicit,

542 2376 663 2431 Non
707 2381 892 2435 invenit
941 2387 1248 2454 paenitentia:
1297 2391 1501 2454 locum:
1530 2397 1624 2451 sed
1668 2400 1782 2455 vult
1822 2406 1995 2473 potius
2032 2376 2129 2466 eos

541 2471 769 2537 munire,
803 2474 1090 2547 lirmosque
1114 2480 1342 2537 reddere
1362 2499 1426 2538 ac
1452 2488 1672 2548 stabiles
1700 2507 1766 2548 ne
1793 2471 1969 2552 ruant.
1995 2500 2127 2570 Qui-

539 2576 931 2636 cumque‘ergo
975 2569 1234 2638 gehennae
1260 2589 1365 2628 non
1392 2578 1640 2646 credunt,
1667 2581 1857 2640 horum
1901 2569 2128 2647 remini-

537 2662 805 2708 scantur:
853 2657 1176 2731 quicumque
1229 2666 1539 2724 existimant
1588 2684 1807 2741 peccata
1852 2694 1957 2735 non
2006 2698 2128 2741 esse

536 2744 822 2827 punienda,
857 2747 971 2803 hmc
997 2753 1254 2822 cogitent.
1278 2757 1385 2812 Cur
1412 2758 1554 2816 Esau
1578 2780 1681 2820 non
1705 2777 1787 2823 est
1807 2785 2126 2845 assequutus

536 2835 791 2891 veniam?
816 2837 1079 2906 Quoniam
1114 2859 1219 2899 non
1250 2857 1307 2902 ut
1333 2855 1569 2919 oportuit
1596 2858 1706 2927 egit
1733 2835 2121 2929 paenitentiam.

604 2926 657 2980 5.
695 2926 790 2983 Vis
810 2929 1001 2986 videre
1030 2944 1271 2991 exactam
1299 2950 1354 2994 et
1384 2926 1686 3003 absolutam
1720 2926 2127 3020 pmnitentiami

531 3016 672 3072 Audi
689 3021 1057 3089 paenitentiam
1084 3026 1226 3083 Petri
1249 3039 1369 3099 post
1396 3016 1753 3106 negationem.
1773 3043 1902 3100 Nam
1921 3064 2041 3120 qua:
2056 3056 2124 3110 ab

534 3125 601 3213 eo
624 3122 772 3213 gesta
796 3124 922 3212 sunt
951 3131 1173 3213 narrans
1202 3126 1544 3195 evangelista,
1564 3129 1634 3184 Et
1661 3148 1911 3205 egressus,
1928 3140 2122 3213 inquit,

531 3200 674 3266 foras
718 3199 856 3268 ﬂeuit
882 3217 1072 3257 amare.
1103 3204 1393 3277 Propterea
1423 3214 1470 3267 ci
1501 3215 1661 3270 etiam
1688 3199 2128 3287 vremiss'umduit

533 3288 815 3393 ejusmodi
846 3305 1141 3364 peccatum,
1175 3303 1424 3370 quoniam
1462 3310 1730 3375 quomodo
1757 3320 1992 3384 Oportuit
2019 3325 2127 3393 egit

532 3382 929 3449 pmnitentiam.
959 3388 1116 3460 Atqui
1171 3394 1407 3450 nondum
1454 3398 1693 3456 oblatum
1720 3382 1891 3463 fuerat
1918 3382 2125 3469 sacriﬁ-

530 3472 696 3537 cium,
733 3476 965 3532 nondum
995 3477 1131 3536 facta
1160 3482 1354 3555 hostia,
1383 3490 1615 3545 nondum
1643 3495 1907 3554 Sublatum
1934 3516 2125 3572 pecca-

532 3575 664 3631 tum,
692 3568 866 3625 adhuc
880 3570 1207 3631 dominatum
1232 3580 1583 3639 obtinebatet
1610 3568 2124 3658 tyrannidem—excr-

531 3657 706 3712 cebat.
752 3660 818 3715 Et
860 3673 916 3717 ut
957 3665 1095 3720 scias
1121 3670 1262 3738 quod
1295 3674 1505 3743 negatio
1531 3657 1642 3733 non
1669 3690 1772 3736 tam
1804 3697 2122 3746 cratsocor-

529 3747 632 3803 dia:
660 3765 723 3805 ac
762 3753 1121 3825 negl'gentia‘,
1150 3775 1308 3829 quam
1351 3778 1416 3818 ex
1460 3781 1524 3820 eo
1548 3771 1689 3839 quod
1714 3772 1852 3831 Deus
1880 3792 2001 3835 eum
2032 3782 2122 3838 de-

529 3856 790 3910 serucrat,
823 3846 1073 3903 erudiens
1107 3851 1394 3910 humanam
1416 3858 1554 3914 scire
1583 3878 1909 3937 mensuram,
1938 3882 2121 3931 etnon

527 3951 825 4042 repugnare
846 3941 910 3996 iis
927 3958 1047 4012 qua:
1067 3944 1386 4004 dicebantur
1409 3966 1438 4005 a
1454 3952 1725 4026 Magistro,
1754 3977 1929 4035 neque
1955 3972 2124 4042 magis

456 4094 459 4095 ν
528 4043 688 4098 quam
731 4030 821 4085 alii
869 4046 1097 4103 sapere,
1133 4038 1227 4092 sed
1269 4040 1407 4096 scire
1442 4047 1584 4114 quod
1626 4030 1965 4123 absquebeo
1992 4030 2123 4118 nihil

526 4130 704 4189 potest
731 4125 864 4192 ﬁeri,
888 4128 1101 4197 etquod
1130 4128 1246 4184 Nisi
1274 4131 1520 4193 Dominus
1538 4142 1860 4210 mdi/icaverit
1880 4150 2086 4207 domum
2103 4197 2120 4223 ,

527 4215 719 4281 frustra
743 4214 975 4271 laborant
997 4222 1082 4289 qui
1103 4223 1358 4290 tcdi/icaut
1378 4244 1487 4283 eam
1521 4231 1690 4303 (Psal.
1717 4237 1838 4294 ηδ.
1874 4242 1928 4312 1)
1954 4259 1968 4308 ;
1998 4214 2122 4301 audi

528 4307 796 4371 quomodo
828 4324 1051 4365 monens
1082 4316 1383 4372 modestum
1411 4337 1547 4391 esse,
1568 4326 1664 4396 ipsi
1694 4331 1791 4383 soli
1816 4307 2126 4393 dixitChri-

528 4403 644 4450 stus
670 4414 684 4451 :
713 4396 916 4467 Simon,
948 4400 1148 4469 Simon,
1180 4412 1379 4479 expetiit
1405 4424 1454 4469 te
1478 4429 1704 4489 satanas,
1729 4434 1783 4476 ut
1810 4435 1857 4477 te
1884 4428 2125 4486 cribraret

527 4487 657 4541 sicut
687 4489 944 4586 triticum;
970 4503 1017 4546 et
1041 4510 1130 4567 ego
1157 4515 1248 4567 pro
1275 4510 1323 4555 te
1345 4509 1540 4575 rogavi,
1566 4519 1618 4562 ut
1641 4487 1740 4565 non
1765 4515 1970 4583 deﬁciat
1995 4521 2125 4586 ﬁdes

529 4578 658 4649 tua(
690 4577 815 4633 Luc.
844 4580 937 4635 22.
960 4583 1046 4639 31.
1081 4586 1151 4641 52
1181 4589 1218 4660 ).
1250 4589 1381 4647 Nam
1413 4599 1662 4665 quoniam
1694 4613 1805 4655 erat
1829 4577 2125 4668 'vcrisiiuile

535 4699 656 4737 eum
676 4679 775 4736 sibi
800 4680 1013 4748 placere
1031 4691 1084 4738 et
1108 4681 1246 4735 elato
1265 4694 1381 4735 esse
1396 4681 1595 4745 animo,
1609 4678 1697 4747 qui
1717 4680 1818 4731 sibi
1841 4687 1983 4732 esset
1999 4694 2125 4733 con-

534 4775 677 4828 scius
702 4773 840 4843 quod
866 4772 989 4843 plus
1014 4787 1172 4843 quam
1197 4785 1385 4826 omnes
1407 4768 1676 4823 Christum
1703 4767 1967 4837 diligeret,
1996 4767 2117 4822 ideo

533 4880 758 4935 peccare
801 4874 856 4920 et
902 4865 1207 4935 Magistrum
1250 4862 1513 4930 abnegare
1557 4857 1750 4912 sinitur
1785 4875 1799 4913 :
1836 4868 2123 4928 promeret:

530 4957 692 5011 etiam
714 4956 859 5011 ﬂevit
881 4970 1084 5019 amare,
1100 4965 1153 5008 et
1169 4953 1273 5006 alia
1299 4964 1419 5020 quae
1437 4947 1617 5002 ﬂetum
1645 4957 1765 5003 sunt
1784 4960 2118 5021 consequuta

530 5049 655 5104 fecit
678 5048 888 5103 similia.
928 5046 1065 5112 Quid
1093 5044 1236 5098 enim
1267 5057 1371 5097 non
1405 5039 1565 5095 fecit?
1591 5054 1649 5095 se
1677 5050 1858 5110 postea
1886 5041 2122 5109 coniecit

530 5142 581 5196 in
614 5140 845 5211 pericula
864 5118 1165 5199 innumera,
1197 5144 1250 5188 ct
1269 5149 1366 5204 per
1391 5132 1568 5187 omnia
1592 5132 1824 5188 ostendit
1863 5149 2115 5205 magnam

526 5234 691 5288 animi
722 5231 804 5289 sui
826 5228 1079 5285 virtutem
1101 5237 1154 5282 et
1186 5225 1558 5281 constantiam.
1582 5225 1953 5281 Paenitentiam
1976 5243 2114 5298 quo-

526 5324 752 5394 queegit
771 5320 958 5385 Judas,
977 5320 1114 5373 sicut
1137 5317 1266 5383 dixi,
1294 5316 1389 5372 sed
1419 5317 1559 5373 male
1588 5334 1602 5368 :
1630 5333 1689 5373 se
1713 5318 1906 5391 quippe
1932 5330 2112 5375 stram

525 5417 747 5487 gnlavit.
758 5410 1127 5470 Ponitentiam
1146 5425 1360 5482 quoque
1374 5411 1501 5482 egit,
1516 5410 1654 5467 sicut
1666 5411 1793 5481 disi,
1810 5412 1982 5482 Esau;
2003 5416 2112 5471 imo

594 5561 610 5590 ι
634 5558 889 5619 Interpres
907 5555 1109 5619 Latinus
1128 5559 1366 5619 uosterin
1380 5558 1578 5610 Zambri
1598 5567 1643 5611 et
1665 5562 1996 5618 uadianitide.
2016 5570 2118 5619 Sed

529 5617 1220 5689 Mutianus’circagzambriet
1241 5618 1587 5689 (fltasbitidam.
1614 5624 1722 5689 Quo
1740 5617 1970 5689 probatur
1990 5617 2118 5682 hanc

530 5693 696 5750 \eram
723 5692 835 5750 esse
852 5679 1143 5750 lectionem.
1164 5681 1283 5750 Haec
1306 5681 1569 5750 vocabatur:
1578 5679 1723 5750 posui
1742 5679 1850 5750 ﬁlia
1869 5700 1961 5740 sur
1984 5679 2118 5750 prin;

526 5743 649 5805 cipis
666 5740 944 5791 inclutissimi
968 5742 1358 5805 Madianitarum,
1380 5746 1537 5808 inquit
1550 5740 1774 5811 Vulgata,
1788 5740 2114 5817 Νυηιέἒξίέ.

1301 351 1360 407 S.
1399 349 1676 408 JOANNIS
1709 347 2179 407 CHRYSOSTOMI
2217 344 2532 405 ARCIIIEP.
2572 348 3097 408 CONSTANTINOP.

3735 354 3845 416 213

2258 490 2385 527 vero
2407 487 2507 528 nec
2530 474 2635 541 egit
2656 472 2868 539 quidem
2884 468 3402 539 ptenitentiam,ejus
3424 469 3566 524 enim
3592 470 3842 544 lacryma:

2257 579 2363 620 non
2384 572 2534 618 erant
2560 559 3013 633 pmnitentim,sed
3036 559 3209 629 potius
3231 558 3590 616 insultationis
3616 571 3673 617 et
3699 563 3794 618 irae
3820 580 3837 617 :

2254 652 2415 722 idque
2451 651 2739 706 ostendunt
2761 665 2824 705 ea
2850 664 2970 720 quae
2995 663 3307 720 sequuntur.
3335 649 3706 705 Pmnitentiam
3732 653 3842 722 egit

2252 744 2438 800 beatus
2470 743 2632 798 David
2654 785 2669 809 ,
2701 742 2778 797 sic
2803 741 2989 797 dicens
3019 758 3032 794 :
3059 740 3261 795 Lavabo
3291 758 3382 813 per
3410 742 3640 813 singulas
3668 755 3840 798 noctes

2252 837 2433 889 lectum
2453 850 2639 900 meum,
2659 832 2895 903 lacrymis
2915 832 3038 885 meis
3058 840 3271 886 stratum
3289 848 3453 885 meum
3468 833 3643 903 rigabo
3664 833 3836 904 (Psal.

2250 925 2306 982 6.
2350 926 2381 978 7
2408 926 2425 995 )
2452 942 2464 978 :
2489 936 2540 979 et
2570 923 2712 994 quod
2742 923 3029 994 aliquando
3057 921 3349 977 admiserat
3377 933 3685 993 peccatum,
3718 936 3837 994 post

2249 1025 2327 1070 tot
2346 1029 2534 1080 annos,
2553 1023 2672 1083 post
2689 1023 2762 1068 tot
2782 1014 3172 1084 generationes,
3199 1021 3468 1084 tamquam
3483 1014 3624 1085 quod
3646 1031 3838 1071 recens

2247 1107 2545 1163 accedisset
2567 1105 2817 1162 deﬂebat.
2857 1104 2993 1160 Eum
3017 1107 3159 1159 enim
3203 1105 3294 1175 qui
3327 1105 3435 1175 agit
3463 1106 3831 1175 paenitentiam

2248 1214 2351 1252 non
2382 1206 2593 1267 oportet
2620 1196 2776 1252 irasci
2804 1211 2977 1266 neque
3004 1195 3214 1252 eﬂ‘erari
3239 1238 3253 1260 ,
3285 1197 3378 1251 sed
3410 1206 3675 1266 tamquam
3704 1202 3835 1254 con-

2245 1289 2550 1343 demnatum
2582 1289 2815 1355 conteri,
2838 1295 2898 1342 ut
2919 1288 3010 1358 qui
3038 1304 3141 1345 non
3163 1288 3358 1343 habeat
3380 1288 3625 1344 ﬁduciam
3646 1332 3662 1358 ,
3691 1301 3750 1346 ut
3776 1293 3829 1347 in

2243 1379 2531 1448 quentlata
2552 1379 2621 1433 sit
2638 1379 2924 1443 sententia,
2940 1387 2994 1432 ut
3011 1380 3097 1448 qui
3116 1378 3303 1435 debeat
3326 1394 3354 1432 a
3372 1379 3485 1435 sola
3502 1381 3682 1437 salvus
3708 1397 3831 1438 esse

2244 1470 2628 1537 misericordia,
2655 1471 2744 1541 qui
2793 1471 2846 1525 in
2882 1468 3278 1525 benefactorem
3307 1473 3611 1540 apparuerit
3638 1474 3829 1530 imme—

2241 1577 2363 1617 mor
2375 1573 2430 1618 et
2444 1563 2699 1633 ingratus,
2714 1570 2985 1633 tamquam
2999 1561 3285 1629 reprobum
3310 1570 3365 1616 et
3386 1560 3604 1631 dignum
3623 1564 3826 1634 suppli-

2241 1656 2341 1710 ciis
2366 1654 2859 1711 innumerabilibus.
2877 1652 2933 1709 Si
2949 1654 3064 1708 haec
3087 1655 3303 1724 cogitet,
3323 1669 3428 1708 non
3454 1654 3711 1711 irascetur
3734 1673 3827 1712 ne-

2241 1760 2343 1816 que
2370 1745 2748 1816 indignabitur,
2763 1745 2857 1799 sed
2886 1744 3108 1815 lugebit,
3127 1742 3295 1811 ﬂebit,
3314 1744 3647 1815 ingemiscet,
3662 1746 3828 1817 ejula.

2241 1837 2318 1893 bit
2347 1847 2501 1892 nocte
2526 1847 2579 1892 et
2598 1837 2705 1891 die.
2729 1836 2865 1890 Eum
2896 1837 2985 1906 qui
3015 1836 3125 1906 agit
3144 1838 3512 1907 pmnitentiam
3536 1853 3820 1910 numquam

2232 1938 2448 1998 oportet
2476 1942 2629 1981 sumn
2680 1926 2919 1981 oblivisci
2959 1936 3258 1997 peccatum,
3289 1926 3384 1982 sed
3414 1927 3580 1983 Deum
3609 1929 3820 1999 quidem

2237 2038 2426 2093 rogare
2443 2030 2502 2075 ut
2531 2037 2597 2076 ne
2622 2021 2736 2091 ejus
2763 2019 3230 2086 meminerit,dum
3256 2019 3371 2090 ipse
3397 2035 3609 2092 semper
3628 2022 3821 2078 memi-

2236 2116 2316 2170 nit
2344 2130 2357 2166 :
2387 2114 2431 2167 si
2460 2128 2557 2167 nos
2582 2112 2698 2182 ejus
2722 2110 3141 2175 meminerimus,
3156 2110 3298 2166 Deus
3319 2111 3435 2180 ejus
3454 2112 3817 2169 obliviscetur.

2236 2207 2315 2263 De
2332 2206 2486 2261 nobis
2507 2206 2635 2276 ipsis
2654 2219 2838 2274 pinnas
2854 2218 3147 2269 sumamus,
3170 2218 3267 2257 nos
3297 2204 3441 2273 ipsos
3464 2218 3773 2261 accusemus
3799 2222 3815 2259 :

2234 2300 2308 2355 ita
2324 2299 2563 2354 Iudicem
2595 2297 2940 2361 placabimus.
2961 2295 3244 2351 Peccatum
3269 2296 3411 2350 enim
3434 2295 3574 2365 quod
3595 2294 3809 2352 confes-

2238 2396 2332 2434 sus
2367 2382 2551 2442 fueris.
2586 2387 2642 2437 lit
2680 2386 2888 2448 minus;
2920 2385 3062 2456 quod
3089 2389 3370 2446 confessus
3393 2404 3498 2445 non
3524 2390 3690 2447 feris
3710 2431 3730 2458 ,
3758 2392 3817 2449 ﬁt

2239 2472 2490 2527 deterius.
2539 2471 2668 2528 Nam
2698 2474 2742 2529 si
2773 2485 3046 2545 peccatum
3075 2477 3177 2534 sibi
3205 2477 3509 2549 adiunxerit
3535 2481 3814 2551 impuden-

2242 2562 2367 2616 tiam
2392 2563 2731 2635 animumque
2757 2566 3041 2637 ingratum,
3063 2582 3349 2639 numquam
3370 2571 3628 2629 consistet
3649 2589 3663 2626 :
3684 2589 3802 2645 quo

2240 2653 2401 2709 modo
2430 2654 2547 2708 talis
2565 2655 2782 2711 omnino
2808 2657 3000 2727 poterit
3028 2671 3216 2714 cavere
3244 2674 3312 2716 ne
3340 2659 3394 2715 in
3419 2662 3606 2718 eadem
3631 2678 3818 2720 rursus

2235 2742 2436 2798 incidat
2462 2744 2552 2815 qui
2584 2745 2730 2815 prius
2759 2746 2983 2803 nescivit
3009 2763 3068 2804 se
3096 2749 3354 2819 peccare?

2307 2834 2507 2891 Bonum
2545 2845 2618 2892 est
2659 2846 2862 2909 peccata
2902 2844 2997 2894 sua
3035 2856 3308 2912 agnoscere
3346 2852 3394 2897 et
3429 2843 3485 2898 in
3524 2844 3816 2901 memoriane

2228 2944 2571 2984 revocare.—-
2589 2929 2668 2986 Ne
2695 2931 2854 3001 igitur
2880 2946 3134 3003 negemus
3161 2942 3375 3003 peccata
3402 2944 3580 2992 nostra
3598 2978 3615 3003 ,
3641 2952 3771 3008 rogo
3795 2981 3811 3005 ,

2233 3033 2408 3089 neque
2436 3018 2603 3073 simus
2628 3020 2983 3090 impudentes,
3009 3037 3077 3077 ne
3105 3024 3186 3079 vel
3217 3023 3364 3078 inviti
3391 3024 3579 3082 demus
3606 3042 3811 3096 pennas.

2228 3108 2449 3164 Audivit
2462 3109 2592 3164 Cain
2615 3124 2643 3163 a
2670 3110 2782 3166 Deo
2810 3129 2824 3166 :
2852 3110 2898 3167 ι]
2903 3112 2951 3165 bi
2974 3121 3047 3166 est
3072 3113 3196 3169 Abel
3219 3117 3379 3186 frater
3402 3126 3516 3172 tuus
3531 3118 3557 3171 .’
3573 3127 3629 3174 et
3650 3118 3810 3175 dicit:

2234 3198 2420 3254 Nescio
2437 3216 2457 3254 :
2473 3201 2716 3271 numquid
2738 3217 2831 3272 ego
2848 3218 2962 3258 sum
2984 3214 3151 3260 custos
3171 3204 3347 3276 fratris
3367 3209 3463 3262 mei
3481 3207 3634 3277 (Gen.
3659 3210 3711 3266 ι.
3730 3208 3815 3281 9)?

2229 3290 2393 3347 Vides
2435 3292 2702 3362 quomodo
2745 3292 2848 3348 hoc
2885 3294 3098 3365 gravius
3139 3307 3412 3366 peccatum
3450 3298 3674 3356 fecerit?
3708 3300 3813 3358 Sed

2229 3398 2339 3437 non
2367 3382 2445 3438 sic
2462 3383 2585 3453 ejus
2612 3391 2798 3454 pater,
2828 3385 2918 3453 qui
2948 3401 3068 3440 cum
3095 3386 3351 3443 audiisset
3373 3429 3387 3452 ,
3418 3387 3583 3444 Adam
3611 3392 3695 3446 ubi
3720 3393 3814 3447 es.’

2227 3471 2421 3544 inquit,
2440 3473 2624 3528 Audivi
2638 3490 2806 3529 uocem
2827 3484 2985 3542 tuam,
3005 3486 3050 3529 et
3072 3477 3214 3531 timui
3232 3479 3468 3547 quoniam
3488 3497 3601 3535 sum
3620 3483 3809 3548 nudus,

2228 3572 2275 3616 et
2318 3580 2398 3618 me
2447 3564 2686 3618 abscondi
2729 3563 2900 3635 (Gen.
2930 3566 2980 3621 5.
3020 3566 3071 3622 9.
3117 3564 3245 3637 10).
3289 3567 3532 3639 Magnum
3579 3580 3663 3626 est
3714 3572 3811 3628 bo-

2228 3668 2355 3707 nmn
2399 3653 2611 3709 assidue
2658 3654 2968 3710 meminisse
3022 3665 3406 3725 peccatorum:
3438 3659 3633 3716 delicto
3680 3661 3809 3717 nihil

2226 3743 2298 3798 ita
2330 3743 2573 3799 medetur
2621 3753 2679 3798 ttt
2726 3744 2937 3799 assidua
2980 3745 3326 3801 recordatio:
3372 3748 3499 3803 nihil
3542 3749 3807 3806 hominem

2226 3834 2361 3890 adeo
2405 3834 2583 3890 reddit
2620 3835 2827 3890 tardum
2866 3835 2932 3891 ad
2973 3836 3181 3891 vitium.
3239 3837 3364 3913 Scio
3412 3841 3554 3911 quod
3608 3843 3810 3899 resiliat

2220 3927 2650 3993 eonscientia,et
2698 3943 2803 3982 non
2832 3928 3062 3997 patiatur
3109 3944 3168 3984 se
3221 3928 3474 4000 ﬂagellari
3525 3948 3554 3986 a
3607 3949 3810 3989 memo-

2227 4019 2304 4074 ria
2336 4018 2628 4084 malorum;
2661 4017 2754 4074 sed
2785 4017 2996 4073 fortiter
3022 4019 3223 4090 stringe
3249 4022 3503 4085 animam,
3525 4030 3580 4078 et
3598 4038 3807 4079 camum

2225 4112 2274 4167 ei
2303 4112 2515 4180 impone
2545 4127 2559 4163 :
2589 4111 2727 4165 sicut
2751 4110 2893 4165 enim
2933 4125 3100 4181 equus
3121 4111 3430 4179 eﬂ‘renatus,
3462 4114 3532 4169 ita
3562 4115 3810 4171 intolera-

2226 4204 2347 4258 bilis
2371 4212 2471 4269 est,
2491 4217 2591 4257 nec
2605 4203 2719 4257 vult
2733 4201 2835 4257 sibi
2854 4202 3174 4272 persuadere
3197 4203 3335 4273 quod
3356 4207 3675 4274 peccaverit.
3697 4207 3810 4263 Hoc

2228 4303 2394 4347 totum
2416 4294 2571 4363 plane
2593 4303 2676 4349 est
2703 4294 3020 4348 satanicum.
3047 4293 3153 4349 Sed
3189 4310 3286 4350 nos
3317 4296 3366 4350 ei
3398 4298 3809 4367 persuadeamus

2224 4385 2367 4454 quod
2400 4387 2718 4453 peccaverit,
2751 4392 2808 4439 ut
2834 4391 2888 4439 et
2915 4393 3034 4453 agat
3055 4384 3441 4454 paenitentiam,
3470 4397 3661 4445 etcum
3692 4404 3807 4460 pm-

2225 4475 2500 4530 nitcntiam
2526 4475 2715 4544 egerit,
2749 4475 3006 4530 liberetur
3036 4489 3062 4528 a
3087 4476 3376 4545 suppliciis.
3405 4478 3685 4546 Quomodo
3706 4482 3807 4549 vis,

2224 4566 2310 4621 die
2330 4578 2529 4635 quaeso,
2559 4564 2625 4620 de
2652 4566 2884 4633 peccatis
2911 4567 3119 4636 assequi
3148 4567 3377 4633 veniam,
3403 4570 3447 4623 si
3476 4586 3538 4625 ea
3573 4573 3807 4628 nondum

2225 4657 2300 4711 sis
2336 4655 2646 4710 confessus?
2671 4655 2762 4711 ille
2799 4656 2890 4726 qui
2936 4656 3176 4725 peccavit
3200 4657 3356 4727 plane
3396 4668 3479 4714 est
3507 4660 3811 4717 miscricoro

2225 4746 2310 4804 dia
2331 4746 2520 4818 dignus
2543 4755 2597 4803 et
2623 4746 2940 4803 clementia:
2966 4756 3019 4801 tu
3049 4756 3227 4802 autem
3248 4763 3371 4803 eum
3389 4749 3621 4805 nondum
3641 4751 3695 4806 id
3716 4752 3808 4807 tibi

2224 4842 2577 4913 persuaseris,
2598 4839 2868 4911 quomodo
2892 4854 3101 4910 :equum
3131 4854 3321 4897 censes
3352 4849 3411 4896 ut
3457 4844 3808 4915 consequaris

2225 4932 2666 4999 misericordiam,
2685 4931 2737 4985 in
2760 4931 2991 5000 peccatis
3009 4929 3144 4986 adeo
3165 4930 3500 5000 impudenter
3516 4942 3569 4989 te
3582 4934 3807 5004 gerens!

2225 5024 2648 5082 Persuadeamus
2673 5022 2827 5077 nobis
2853 5021 2982 5092 ipsis
3006 5020 3147 5091 quod
3174 5023 3510 5093 peccavimus
3534 5042 3548 5079 :
3572 5040 3679 5079 non
3704 5025 3805 5080 lin-

2229 5127 2324 5183 gua
2350 5119 2522 5167 solum
2550 5113 2788 5168 dicamus
2804 5154 2820 5177 ,
2843 5114 2937 5168 sed
2964 5116 3126 5170 etiam
3152 5122 3333 5170 mente
3357 5127 3421 5169 ac
3442 5112 3805 5183 cogitatione:

2221 5221 2290 5261 ne
2314 5220 2411 5262 nos
2437 5206 2675 5262 dicamus
2701 5215 2903 5261 tantum
2929 5217 3261 5276 peceatores,
3283 5206 3379 5261 sed
3403 5206 3564 5262 etiam
3591 5213 3805 5276 peccata

2222 5309 2594 5351 recenseamus
2614 5335 2631 5362 ,
2657 5295 2932 5366 speciatim
2961 5293 3381 5366 unumquodque
3404 5304 3802 5350 enumerantes.

2218 5387 2332 5442 Non
2366 5386 2459 5441 tibi
2508 5385 2630 5441 dico
2658 5395 2717 5441 ut
2749 5401 2809 5442 ea
2844 5397 3116 5456 tamquam
3144 5400 3392 5457 pompam
3442 5385 3495 5440 in
3536 5384 3803 5455 publicum

2218 5478 2477 5547 proferas,
2499 5491 2671 5547 neque
2688 5486 2746 5530 ut
2764 5477 2900 5547 apud
2920 5478 3054 5533 alios
3075 5485 3128 5531 te
3146 5491 3386 5541 accuses,
3412 5475 3506 5532 sed
3531 5484 3590 5531 ut
3613 5490 3804 5546 pareas

2208 5564 2491 5638 Propheta:
2510 5567 2704 5622 dicenti
2724 5585 2737 5621 :
2762 5566 2946 5622 Revela
2962 5566 3182 5622 Domino
3204 5567 3338 5621 viam
3355 5575 3494 5621 tuam
3515 5565 3683 5637 (Psal.
3707 5565 3799 5621 36.

2213 5657 2294 5728 5).
2322 5656 2476 5727 Apud
2504 5657 2667 5712 Deum
2697 5670 2762 5713 ea
2790 5655 3066 5724 conﬁtere,
3094 5657 3235 5727 apud
3274 5655 3517 5714 Iudicem
3542 5655 3801 5713 conﬁtere

2212 5758 2427 5820 peccata
2450 5756 2557 5819 tua,
2577 5762 2759 5817 orsus,
2785 5749 2831 5805 si
2857 5763 2961 5806 non
2987 5748 3184 5820 lingua,
3206 5748 3395 5805 saltem
3426 5749 3717 5814 memoria;
3743 5757 3800 5802 et
