4202 6454
397 371 510 428 215

390 491 627 553 ταινοίας
660 487 905 560 μείζονα.
956 488 1019 542 "O
1047 488 1104 541 ὀέ
1125 488 1297 558 λέγει,
1321 493 1479 546 τοῦτό
1505 495 1656 546 ἐστι’
1684 493 1776 566 Μὴ
1819 497 1996 549 πέσω-

397 600 506 656 μεν
536 581 744 652 πτῶμα
775 579 1027 634 ἀνίατον·
1064 580 1171 644 ἕως
1199 581 1265 635 ἂν
1395 585 1596 654 χωλεία
1635 586 1697 639 τὸ
1738 587 1987 657 πρᾶγμα.

391 673 626 728 εὔκολον
647 672 903 741 γενέσθαι
924 671 1086 743 ὀρθόν
1107 689 1120 702 ·
1151 675 1322 736 ἐὰνδὲ
1345 676 1736 747 ἐκτραπῶμεν,
1763 678 1815 731 τί
1845 677 1998 732 ἔσται

391 768 626 830 λοιπόν;
659 766 786 828 Τοῖς
818 764 917 835 μὲν
950 765 1060 836 γὰρ
1088 766 1315 835 μηδέπω
1355 750 1620 822 πεσοῦσιν
1658 771 1802 824 οῦτω
1818 770 1998 823 διαλέ-

391 876 581 929 γεται,
618 857 697 927 τῷ
750 857 904 927 φόϐῳ
937 857 1261 929 συγκροτῶν
1299 860 1520 926 αὐτοὺς,
1575 861 1670 915 καί
1721 880 1887 933 φησιν
1914 863 1996 916 ὅτι

387 951 501 1005 οὔκ
521 951 636 1004 ἔστι
669 949 908 1003 πεσόντα
941 950 1298 1018 παραμυθίας
1319 955 1502 1021 τυχεῖν
1526 968 1539 981 ·
1570 956 1683 1016 τοῖς
1713 953 1771 1006 δὲ
1797 952 1999 1006 πεσοῦ-

395 1062 506 1110 σιν,
534 1043 678 1097 ὥστε
717 1043 791 1113 μὴ
817 1045 900 1106 είς
917 1044 1229 1113 ἀπόγνωσιν
1256 1045 1544 1114 ἐμπεσεῖν,
1563 1048 1823 1100 τάναντία
1852 1065 1998 1119 παρ-

363 1133 566 1200 ἀινεῖ,
597 1134 743 1188 οὔτω
795 1135 974 1204 λέγων
993 1153 1007 1167 ο
1044 1137 1253 1190 Τεκνία
1276 1155 1416 1207 μου,
1446 1138 1553 1205 οὓς
1571 1137 1759 1193 πάλιν
1783 1139 1996 1204 ὠδίνω,

386 1210 577 1297 ἄχρις
617 1223 691 1284 οὗ
746 1227 1036 1298 μορφωθῇ
1074 1231 1332 1299 Χριστὸς
1370 1232 1439 1284 ἐν
1464 1231 1606 1301 ὑμῖν
1634 1248 1648 1262 °
1682 1233 1778 1285 καὶ
1809 1233 1994 1297 πάλιν,

394 1322 640 1388 Οῒτινες
667 1321 738 1375 ὲν
764 1323 930 1391 νόμῳ
964 1320 1335 1388 δικαιοῦσθε,
1374 1323 1486 1393 τῆς
1513 1324 1762 1395 χάριτος
1789 1325 2000 1391 ἐξεπέ-

385 1431 561 1472 σετε.
606 1414 742 1468 Ἰδοὺ
794 1416 1071 1486 μαρτυρεῖ
1124 1415 1207 1469 ότι
1256 1416 1536 1483 ἐξέπεσον.
1605 1418 1666 1470 '0
1729 1418 1830 1489 μὲν
1883 1419 1993 1490 γὰρ

389 1507 597 1572 ἑστὼς,
629 1506 848 1561 ἀκούων
879 1508 962 1560 ὅτι
991 1508 1228 1563 πεσόντα
1251 1509 1351 1562 οὐκ
1382 1508 1500 1562 ἐστι
1539 1509 1872 1580 συγγνώμης
1901 1528 1998 1564 τυ-

392 1602 537 1672 χεῖν,
564 1600 934 1671 σφοδρότερος
969 1598 1144 1664 ἔσται,
1175 1601 1271 1654 καὶ
1301 1602 1711 1672 ἀσφαλέστερος
1738 1603 1870 1672 περὶ
1899 1603 2000 1672 τὴν

393 1694 594 1748 στάσιν
615 1711 627 1724 ·
674 1692 742 1747 ἂν
775 1694 963 1764 μέντοι
988 1695 1083 1749 καὶ
1119 1694 1250 1766 περὶ
1275 1693 1368 1747 τὸν
1397 1696 1732 1749 πεπτωκότα
1756 1698 1822 1767 τῇ
1860 1694 1997 1767 αὐτῇ

389 1789 582 1858 χρήσῃ
619 1786 973 1859 σφοδρότητι,
1006 1787 1264 1842 οὐδέποτε
1291 1789 1663 1860 ἀναστήσεται
1687 1805 1697 1817 ·
1726 1789 1861 1860 ποίᾳ
1891 1789 2000 1862 γὰρ

389 1878 576 1932 ἐλπίδι
600 1879 702 1950 τὴν
723 1879 1037 1951 μεταϐολὴν
1065 1879 1417 1948 ἐπιδείξεται;
1442 1881 1518 1934 Ού
1543 1884 1706 1952 μόνον
1722 1881 1780 1936 δέ
1810 1898 1997 1953 φησιν,

402 1970 769 2042 Ἐδάκρυσεν,
783 1971 925 2027 ἀλλά
939 1972 1053 2038 καὶ,
1070 1973 1452 2046 Ἐξεζήτησεν·
1466 1975 1526 2028 ού
1545 1975 1725 2029 τοίνυν
1747 1975 2000 2030 ἐκϐάλλει

392 2063 723 2130 μετάνοιαν,
755 2063 934 2132 λέγων
960 2106 976 2129 ,
1030 2065 1366 2132 Μετανοιάς
1410 2066 1603 2121 τόπον
1633 2069 1749 2137 οὐχ
1779 2062 1961 2136 εὗρεν
1981 2083 1994 2097 ·

393 2153 517 2207 ἀλλ’
555 2154 918 2226 ἀσφαλίζεται
949 2156 1149 2222 αὐτοὺς
1191 2156 1393 2228 μᾶλλον
1425 2158 1513 2212 διά
1552 2157 1744 2212 τούτου
1771 2159 1908 2230 πρὸς
1939 2158 2001 2212 τὸ

404 2245 492 2315 μὴ
527 2247 734 2305 πεσεῖν.
763 2249 917 2304 Ὅσοι
946 2250 1128 2305 τοίνυν
1156 2251 1448 2306 ἀπιποῦσι
1469 2253 1534 2322 τῇ
1563 2251 1783 2323 γεέννῃ,
1812 2249 1992 2306 ταῦτα

403 2337 1020 2411 ἀναμιμνησκέσθωσαν
1052 2357 1068 2373 ·
1124 2341 1241 2396 ὅσοι
1292 2340 1610 2412 νομίζουσιν
1667 2341 2000 2414 ἀτιμώρητα

405 2426 769 2499 ἁμαρτάνειν,
797 2429 968 2484 ταῦτα
1019 2430 1448 2502 λογιζέσθωσαν.
1481 2432 1583 2487 Διά
1603 2432 1656 2487 τί
1696 2432 1868 2488 Ἡσαῦ
1899 2433 1999 2487 οὐκ

393 2520 566 2591 ἔτυχε
601 2522 964 2596 συγγνώμηςς
995 2525 1121 2580 Ὅτι
1152 2526 1214 2580 οὐ
1248 2526 1576 2598 μετενόησεν
1601 2525 1676 2589 ώς
1699 2526 1890 2599 ἐχρῆν.

471 2611 699 2687 [288]γ¹
721 2615 932 2681 ,Θέλεις
964 2617 1096 2672 ἰδεῖν
1126 2618 1418 2689 μετάνοιαν
1451 2619 1689 2691 ἀκριϐἧ;
1730 2620 1997 2675 Ἄκουσον

393 2709 496 2782 τὴν
523 2709 622 2764 τοῦ
651 2710 862 2782 Πέτρου
894 2713 1190 2784 μετάνοιαν
1221 2714 1360 2785 μετά
1379 2713 1480 2783 τὴν
1498 2714 1749 2786 ἄρνησιν.
1766 2713 1997 2785 Διηγού-

393 2821 560 2875 μενος
586 2804 700 2876 γὰρ
727 2806 861 2877 ἡμῖν
892 2805 963 2859 τά
989 2806 1115 2859 κατ’
1146 2805 1312 2859 αὑτὸν
1334 2807 1363 2860 6
1385 2788 1800 2877 εὐαγγελιστὴς,
1838 2805 1993 2876 φησὶ,

387 2898 501 2951 Καὶ
535 2895 807 2961 ἐξελθὼν
833 2898 973 2963 ἔξω,
1017 2896 1286 2952 ἔκλαυσε
1312 2896 1558 2966 πικρῶς.
1588 2894 1688 2950 Διά
1711 2897 1872 2950 τοῦτο
1905 2899 1997 2952 καὶ

385 2989 592 3061 ἀφείθη
617 2989 769 3061 αὐτῷ
808 2989 871 3043 τὸ
903 2988 1148 3043 τοιοῦτον
1179 2989 1510 3061 ἁμάρτημα,
1548 2987 1631 3042 ὃτι
1668 2988 1994 3061 μετενόησεν

383 3081 447 3135 ὃν
474 3082 588 3136 ἔδει
620 3083 851 3156 τρόπον.
881 3083 1080 3139 Καίτοι
1105 3082 1262 3138 οὔπω
1287 3083 1349 3136 τὸ
1381 3082 1532 3155 θῦμα
1568 3084 1992 3154 προσενήνεκτο,

382 3173 547 3228 οὔπω
575 3178 607 3247 ή
633 3176 799 3230 θυσία
835 3175 1154 3247 ἐγεγένητο,
1186 3174 1339 3230 οὔπω
1387 3170 1525 3248 ἦρτο
1550 3174 1582 3248 ή
1610 3173 1882 3247 ἁμαρτία,
1916 3173 1995 3228 ἔτι

385 3270 622 3339 ἐκράτει
673 3272 771 3325 καὶ
810 3271 1122 3342 ἐτυράννει.
1179 3270 1293 3324 Καὶ
1347 3271 1435 3324 ἵνα
1479 3271 1683 3343 μάθῃς,
1748 3272 1830 3324 ὅτι
1897 3269 1996 3340 οὐχ

381 3358 537 3413 οὕτω
577 3359 861 3432 ῥᾳθυμίας
892 3357 960 3433 ἦν
995 3363 1027 3431 ἡ
1068 3360 1322 3432 ἄρνησις,
1379 3361 1502 3414 ὅσον
1554 3361 1997 3430 ἐγκαταλείψεως

382 3452 486 3506 τοῦ
523 3451 665 3506 Θεοῦ
697 3452 1049 3519 παιδεύοντος
1113 3455 1277 3509 αὑτὸν
1327 3455 1528 3509 εἰδέναι
1558 3455 1628 3508 τὰ
1673 3453 1996 3524 ἀνθρώπινα

379 3545 598 3618 μέτρα,
634 3547 728 3599 καὶ
763 3547 838 3618 μὴ
868 3547 1174 3617 ἀντιλέγειν
1197 3551 1310 3612 τοῖς
1346 3548 1501 3620 παρά
1547 3547 1641 3601 τοῦ
1673 3548 1996 3602 διδασκάλου

383 3638 740 3708 λεγομένοις,
778 3639 915 3710 μηδὲ
969 3640 1194 3711 μείζονα
1237 3639 1346 3693 τῶν
1388 3641 1566 3696 ἄλλων
1619 3643 1857 3711 φρονεῖν,
1882 3639 1997 3693 ἀλλ’

384 3732 600 3785 εἰδέναι
626 3734 709 3786 ὅτι
739 3733 912 3805 χωρὶς
943 3735 1079 3788 Θεοῦ
1130 3735 1284 3788 οὐδὲν
1326 3734 1586 3804 γενέσθαι
1621 3734 1866 3797 δυνατὸν,
1903 3732 1998 3787 καὶ

386 3823 497 3889 ὅτι,
537 3826 684 3879 Ἐὰν
703 3826 792 3895 μὴ
823 3829 855 3881 ὀ
889 3827 1108 3895 Κύριος
1141 3823 1310 3881 οἷκον
1347 3825 1742 3896 οἱκοδομήσῃ,
1774 3827 1861 3891 εἰς
1881 3825 1996 3894 μά-

309 3951 317 3960 -
383 3933 511 3986 την
551 3919 896 3974 ἐκοπίασαν
944 3924 1000 3974 οι
1056 3919 1517 3990 οἰκοδομοῦντες
1552 3920 1778 3973 αὐτόν·
1833 3918 1999 3972 ἄκουε

386 4013 517 4076 πῶς
559 4013 1027 4085 ἀσφαλιζόμενος,
1069 4015 1163 4068 καὶ
1213 4013 1421 4067 πείθων
1489 4012 1824 4084 μετριάζειν,
1877 4007 1998 4064 εἷπε

388 4103 539 4174 πρὸς
566 4103 732 4156 αὐτὸν
787 4104 953 4174 μόνον
996 4107 1024 4158 6
1053 4104 1291 4176 Χριστός
1312 4119 1326 4133 ·
1361 4104 1584 4173 Σίμων,
1617 4103 1840 4171 Σίμων,
1867 4101 1998 4156 ἰδοὺ

387 4197 426 4248 ό
473 4193 750 4262 Σατανᾶς
775 4195 1123 4266 ἐξῃτήσατο
1155 4195 1431 4251 σινιάσαι
1460 4211 1534 4250 σε
1559 4195 1642 4261 ὡς
1674 4194 1784 4248 τὸν
1802 4194 1995 4261 σῖτον,

385 4286 564 4356 κάγὼ
591 4288 852 4357 ἐδεήθην
880 4290 1015 4358 περὶ
1044 4289 1184 4353 σοῦ,
1215 4289 1319 4343 ἵνα
1339 4288 1426 4358 μὴ
1463 4288 1685 4357 ἐκλίπῃ
1720 4289 1759 4357 ἡ
1791 4289 2000 4355 πίστις

385 4397 537 4438 σου.
575 4382 796 4454 Ἐπειδὴ
825 4383 935 4455 γὰρ
957 4383 1104 4447 εἰκὸς
1137 4379 1206 4455 ἦν
1238 4383 1402 4436 αὐτὸν
1435 4382 1579 4453 μέγα
1609 4385 1847 4454 φρονεῖν,
1877 4399 2000 4436 συν-

388 4476 581 4530 ειδότα
625 4475 807 4546 ἑαυτῷ
844 4476 928 4530 ὅτι
969 4475 1170 4548 μᾶλλον
1217 4476 1477 4532 ἁπάντων
1520 4477 1718 4547 ἀγαπᾷ
1743 4476 1833 4529 τὸν
1860 4477 1998 4545 Χρι-

390 4567 551 4635 στὸν,
573 4567 666 4622 διὰ
710 4567 870 4622 τοῦτο
927 4569 1296 4640 συγχωρεῖται
1327 4571 1536 4634 πεσεῖν,
1562 4568 1998 4641 ἀπαρνήσασθαι

385 4661 488 4714 τὸν
509 4657 854 4726 διδάσκαλον,
893 4659 984 4713 διὰ
1011 4657 1171 4713 τοῦτο
1201 4659 1296 4713 καὶ
1317 4658 1494 4713 κλαίει
1530 4659 1766 4731 πικρῶς,
1806 4658 1901 4712 καὶ
1931 4659 2001 4712 τὰ

387 4754 535 4810 ἄλλα
573 4753 642 4807 τὰ
670 4753 798 4824 ἑξῆς
823 4752 919 4806 τοῦ
943 4751 1226 4824 κλαυθμοῦ
1257 4752 1460 4822 ὁμοίως
1493 4754 1658 4805 ποιεῖ.
1690 4752 1753 4804 Τί
1773 4752 2000 4822 γὰρούκ

389 4844 666 4915 ὲποίησε;
701 4843 922 4914 μυρίοις
971 4842 1244 4908 κινδύνοις
1274 4844 1467 4898 ἑαυτὸν
1513 4843 1809 4914 περιέϐαλε
1860 4846 2001 4916 μετά

386 4937 594 5004 ταῦτα,
621 4938 712 4993 διὰ
741 4937 962 4993 πάντων
991 4937 1208 5000 δεικνὺς
1263 4935 1432 4990 αὑτοῦ
1474 4922 1574 5007 τὴν
1625 4935 1879 5007 ἀνδρείαν
1905 4937 2001 4992 καὶ

387 5034 455 5089 τδ
483 5033 827 5104 παράστημα
852 5032 952 5103 τῆς
978 5030 1180 5102 ψυχῆς.
1208 5029 1523 5098 Μετενόησε
1567 5029 1663 5083 καὶ
1709 5030 1738 5082 6
1777 5030 1997 5096 Ἰούδας,

387 5127 537 5181 ἀλλά
579 5125 786 5190 κακῶς·
816 5109 1107 5196 ἀπήγξατο
1128 5125 1258 5195 γάρ.
1285 5123 1656 5196 Μετενόησεν,
1683 5123 1822 5194 ὅπερ
1839 5123 1998 5194 έφην,

393 5218 499 5272 καὶ
538 5215 735 5271 Ἡσαῦ·
769 5216 972 5288 μᾶλλον
1000 5216 1058 5270 δέ
1082 5211 1240 5282 οὗτος
1266 5217 1390 5272 οὐδὲ
1415 5220 1712 5290 μετενόησε
1735 5236 1747 5247 ·
1784 5219 1854 5273 τὰ
1892 5220 2000 5294 γὰρ

390 5311 610 5382 δάκρυα
635 5310 737 5364 οὐκ
756 5305 824 5384 ἦν
847 5309 1160 5380 μετανοίας,
1192 5310 1331 5364 ἀλλὰ
1376 5311 1641 5383 ἐπηρείας
1682 5313 1778 5366 καὶ⁵
1821 5311 1999 5382 θυμοῦ

396 5404 606 5474 μᾶλλον
625 5421 640 5437 ο
664 5404 760 5457 καὶ
790 5403 1032 5457 δείκνυσι
1061 5403 1130 5456 τὰ
1158 5403 1308 5474 ἑξῆς.
1357 5405 1705 5476 Μετενόησεν
1738 5407 1768 5459 6
1816 5406 2000 5477 μακά-

396 5512 515 5565 ριος
547 5493 714 5548 Δαυῖδ
746 5493 892 5548 οὔτω
908 5494 1082 5561 λέγων
1102 5510 1116 5524 ⁸
1139 5494 1496 5550 Λοὺσωκαθ’
1514 5494 1784 5565 ἑκάστην
1808 5497 2000 5552 νύκτα

391 5588 512 5655 τὴν
541 5589 766 5655 κλίνην
788 5605 932 5658 μου,
967 5588 1038 5642 ἐν
1069 5587 1338 5656 δάκρυσί
1376 5606 1499 5658 μου
1539 5588 1655 5657 τὴν
1675 5589 2002 5660 στρωμνήν

386 5698 511 5751 μου
524 5680 733 5748 ,ϐρέξω
752 5699 767 5712 ·
797 5681 891 5734 καὶ
914 5682 1011 5752 τὴν
1061 5681 1232 5736 πάλαι
1285 5682 1667 5755 γεγενημένην
1699 5683 1996 5755 ἁμαρτίαν,

397 5775 537 5845 μετά
576 5772 820 5828 τοσαῦτα
850 5773 968 5844 ἔτη,
1015 5773 1154 5844 μετὰ
1178 5774 1449 5840 τοσαύτας
1469 5776 1684 5844 γενεὰς,
1703 5776 1779 5840 ὡς
1805 5777 2002 5830 νεωστὶ

395 5869 690 5941 συμϐᾶσαν
718 5867 960 5922 ἐπένθει.
993 5868 1097 5920 Τὸν
1115 5868 1222 5940 γὰρ
1254 5869 1619 5939 μετανοοῦντα
1653 5870 1754 5923 ούκ
1785 5869 1999 5940 ὀργίζε-

1256 373 1319 430 IN
1351 377 1563 434 EPIST.
1606 378 1698 434 AD
1730 376 2090 437 HEBRIEOS.
2131 379 2284 437 CAP.
2318 379 2435 436 XII.
2474 380 2708 437 HOMIL.
2743 379 2935 434 XXXI.

3595 376 3701 430 216

2111 495 2234 550 σθαι
2285 498 2392 570 χρὴ
2450 497 2571 550 οὐδὲ
2625 495 2954 566 ἀγριαίνειν,
3018 493 3156 548 ἀλλά
3198 493 3580 563 συντρίϐεσθαι
3631 493 3709 553 ὡς

2111 589 2582 660 κατεγνωσμένον,
2608 589 2682 653 ὡς
2703 591 2806 643 ούκ
2838 587 3033 658 ἔχοντα
3068 586 3406 659 παρρησίαν,
3439 586 3514 649 ὡς
3539 603 3710 642 κατα-

2107 678 2515 750 δεδικασμένον,
2534 679 2609 743 ὡς
2619 679 2728 733 ἀπὸ
2748 679 2932 743 ἐλέους
2951 678 3195 748 σωθῆναι
3209 677 3496 747 ὀφείλοντα
3519 677 3708 748 μόνου,

2107 769 2182 832 ώς
2210 769 2501 840 ἀγνώμονα
2531 770 2662 840 περὶ
2693 770 2785 822 τὸν
2813 770 3113 841 εὐεργέτην
3162 769 3418 839 φανέντα,
3454 768 3531 833 ὡς
3567 769 3710 840 ἀχά-

2111 879 2314 932 ριστον,
2344 863 2418 926 ὠς
2441 863 2721 933 ἀδόκιμον,
2749 864 2825 926 ὡς
2847 863 3062 934 μυρίων
3088 863 3365 917 κολάσεων
3391 861 3562 928 ἄξιον.
3582 861 3710 916 Ἐὰν

2106 951 2280 1004 ταῦτα
2310 951 2616 1022 λογίζηται,
2633 953 2732 1005 οὐκ
2753 953 3170 1024 όργισθήσεται,
3189 953 3290 1006 οῦκ
3306 953 3706 1023 ἀγανακτήσει,

2108 1043 2245 1097 ἀλλά
2271 1044 2556 1116 πενθήσει,
2601 1045 2850 1112 κλαύσει,
2888 1046 3135 1112 στενάξει
3175 1047 3271 1100 καὶ
3302 1045 3579 1118 ὀδυρεῖται
3615 1045 3732 1099 νύη

2109 1152 2212 1188 κτα
2244 1134 2396 1208 [289]
2461 1137 2554 1190 καὶ
2612 1135 2847 1207 ἡμέραν.
2879 1137 2985 1189 Τὸν
3033 1135 3402 1207 μετανοοῦντα
3447 1135 3707 1188 οὐδέποτε

2108 1228 2214 1300 χρὴ
2243 1228 2382 1300 λήθῃ
2436 1228 2777 1300 παραδοῦναι
2807 1231 2906 1300 τὴν
2939 1230 3240 1302 ἁμαρτίαν,
3296 1229 3435 1284 ἀλλά
3481 1228 3573 1282 τὸν
3608 1228 3708 1299 μὲν

2108 1320 2240 1373 Θεὸν
2272 1321 2611 1392 παρακαλεῖν
2641 1321 2716 1393 μὴ
2741 1322 3047 1393 μνησθῆναι
3062 1323 3256 1392 αὐτῆς,
3275 1322 3442 1376 αὑτὸν
3458 1321 3516 1374 δέ
3540 1321 3706 1392 μηδέ-

2109 1429 2241 1465 ποτε
2264 1413 2617 1466 ἐπιλαθέσθαι
2643 1413 2837 1484 αὐτῆς
2865 1413 3138 1484 ἐὰνήμεῖς
3159 1413 3328 1483 αὐτῆς
3353 1411 3709 1484 μνημονεύω-

2112 1523 2232 1576 μεν,
2267 1507 2294 1559 ὀ
2325 1505 2456 1570 Θεὸς
2479 1507 2652 1577 αὐτῆς
2687 1506 3034 1577 ἐπιλήσεται.
3064 1504 3204 1576 Παρ⁷
3228 1507 3260 1574 ή
3272 1504 3389 1575 μῶν
3416 1505 3598 1560 αὐτῶν
3629 1505 3710 1558 δί-

2110 1614 2214 1667 κην
2242 1597 2520 1668 λάϐωμεν,
2550 1599 2706 1669 ἡμῶν
2747 1598 2928 1652 αὐτῶν
2971 1597 3481 1668 κατηγορήσωμεν·
3535 1595 3710 1661 οὔτως

2111 1694 2515 1766 ἐξιλεωσόμεθα
2541 1695 2632 1748 τὸν
2668 1697 2885 1769 κριτήν.
2926 1695 3204 1767 Ἀμαρτία
3256 1694 3367 1762 γὰρ
3407 1693 3708 1764 ὁμολογουο

2114 1786 2250 1857 μένη
2280 1785 2520 1840 ἐλάττων
2546 1787 2779 1855 γίνεται,
2823 1786 2900 1857 μὴ
2946 1785 3358 1857 ὁμολογουμένη
3402 1785 3459 1839 δὲ
3485 1786 3705 1858 χείρων.

2114 1879 2213 1934 Ἂν
2240 1881 2350 1951 γὰρ
2409 1880 2693 1953 προσλάϐῃ
2743 1880 2992 1951 ἁμαρτία
3040 1879 3143 1950 τὴν
3192 1879 3585 1950 ἀναισχυντίαν
3616 1881 3710 1932 καὶ

2107 1972 2209 2044 τὴν
2243 1971 2660 2046 ἀγνωμοσύνην,
2692 1973 2948 2027 οὐδέποτε
2983 1971 3244 2042 στήσεται
3269 1987 3281 1998 ·
3313 1972 3431 2035 πῶς
3454 1971 3543 2024 δαὶ
3572 1972 3711 2036 ὅλως

2108 2065 2138 2117 6
2163 2064 2401 2128 τοιοῦτος
2429 2065 2725 2137 δυνήσεται
2778 2062 3128 2133 φυλάξασθαι
3165 2063 3328 2116 πάλιν
3355 2062 3430 2133 μὴ
3468 2065 3583 2127 τοῖς
3609 2064 3710 2118 αὐ-

2108 2159 2223 2221 τοῖς
2285 2159 2641 2230 περιπεσεῖν,
2693 2160 2722 2212 6
2779 2157 2840 2210 τὸ
2897 2157 3168 2228 πρότερον
3222 2155 3322 2208 οὐκ
3396 2154 3555 2218 εἰδὼς
3625 2156 3709 2210 ὅτι

2107 2250 2358 2322 ἥμαρτεν
2385 2267 2401 2317 ;

2179 2340 2271 2410 Μὴ
2299 2340 2481 2394 τοίνυν
2509 2340 2829 2413 ἀρνώμεθα,
2857 2340 3186 2414 παρακαλῶ,
3234 2341 3370 2412 μηδέ
3414 2341 3709 2412 ἀναισχυν-

2106 2433 2312 2505 τῶμεν,
2338 2435 2424 2488 ἵνα
2453 2435 2528 2506 μὴ
2563 2435 2656 2488 καὶ
2687 2435 2911 2500 ἄκοντες
2931 2435 3113 2506 δῶμεν
3135 2434 3432 2506 τιμωρίαν.
3468 2436 3710 2489 Ἤκουσε

2107 2526 2250 2581 Κάῖν
2280 2527 2432 2599 παρὰ
2466 2527 2562 2580 τοῦ
2615 2526 2772 2590 Θεοῦ,
2805 2527 2928 2582 Ποῦ
2954 2528 3128 2582 ἐστιν
3157 2529 3330 2581 Ἅϐελ
3362 2528 3393 2580 ὁ
3442 2527 3712 2598 ἁδελφός

2107 2634 2225 2675 σου
2241 2638 2262 2686 ;
2289 2621 2382 2676 καί
2414 2637 2600 2693 φησιν,
2641 2622 2761 2674 Οὐκ
2779 2620 2914 2674 οῖδα
2937 2637 2950 2652 ·
2978 2620 3066 2690 μὴ
3095 2620 3302 2690 φύλαξ
3326 2620 3442 2691 ἐγώ
3457 2623 3576 2690 εἰμι
3603 2619 3711 2674 τοῦ

2106 2713 2378 2784 ἀδελφοῦ
2406 2729 2564 2785 μους
2613 2711 2770 2778 Εἶδες
2824 2713 2942 2778 πῶς
3001 2713 3162 2768 τοῦτο
3190 2714 3587 2785 χαλεπωτέραν
3611 2714 3712 2784 τὴν

2107 2807 2382 2879 ἁμαρτίαν
2441 2808 2773 2879 εἰργάσατο;
2818 2808 2959 2861 Ἀλλ’
2988 2809 3088 2879 οὐχ
3131 2809 3160 2860 6
3199 2808 3385 2880 πατὴρ
3409 2808 3575 2863 αὐτοῦ
3611 2807 3708 2863 οὔ-

2105 2915 2233 2962 τως,
2272 2898 2411 2952 ἀλλά
2459 2899 2547 2966 τί;
2584 2900 2874 2966 Ἀκούσας,
2912 2898 3118 2968 Ἀδὰμ,
3198 2900 3317 2955 ποῦ
3371 2901 3466 2966 εἷς
3519 2901 3710 2973 φησὶν,

2110 2990 2379 3046 Ἤκουσα
2406 2989 2517 3060 τῆς
2547 2991 2758 3060 φωνῆς
2783 3005 2921 3056 σου,
2955 2992 3052 3044 καὶ
3087 2991 3418 3061 ἐφοϐήθην,
3482 2991 3573 3046 ὅτι
3604 3010 3712 3062 γυ-

2101 3081 2261 3150 μνός
2287 3084 2426 3150 ειμι,
2445 3082 2543 3136 καὶ
2561 3083 2848 3150 ἐκρύὸην.
2879 3082 3040 3152 Μέγα
3059 3083 3290 3152 ἀγαθὸν,
3314 3083 3712 3154 ἐπιγινώσκειν

2105 3174 2174 3229 τὰ
2212 3177 2612 3248 ἁμαρτήματα,
2662 3177 2758 3230 καὶ
2811 3178 3226 3248 μιμνήσκεσθαι
3266 3178 3452 3232 αὐτῶν
3516 3179 3711 3248 διηνε-

2107 3265 2251 3329 κῶςο
2278 3266 2433 3320 οὐδὲν
2461 3267 2604 3321 οὔτω
2621 3267 2922 3338 θεραπεύει
2958 3269 3360 3340 πλημμέλειαν,
3398 3270 3475 3334 ὡς
3517 3271 3710 3344 μνήμη

2106 3359 2557 3430 διηνεκής·ούδέν
2598 3359 2772 3424 οὔτως
2812 3362 3044 3433 ὀκνηρὸν
3079 3362 3367 3433 ἄνθρωπον
3392 3365 3538 3417 ποιεῖ
3572 3365 3712 3432 πρὸς

2107 3452 2326 3507 κακίαν.
2354 3449 2483 3506 Οἶδα
2506 3454 2589 3506 ὅτι
2618 3455 2897 3525 ἀποπηδᾷ,
2929 3455 3022 3508 καὶ
3067 3457 3166 3509 οὐκ
3198 3455 3454 3526 ἀνέχεται
3483 3456 3544 3509 τὸ
3587 3475 3712 3511 συν-

2107 3544 2248 3607 ειδὸς
2266 3545 2371 3597 ὑπὸ
2393 3545 2492 3614 τῆς
2523 3550 2746 3618 μνήμης
2782 3547 3146 3618 μαστίζεσθαι
3198 3548 3306 3601 τῶν
3334 3549 3522 3602 κακῶν
3548 3565 3562 3579 ·
3591 3551 3710 3602 ἀλλ’

2108 3637 2273 3707 ἀγξον
2295 3637 2393 3710 τὴν
2429 3637 2630 3709 ψυχὴν,
2660 3640 2754 3693 καὶ
2793 3641 2980 3704 ἐπίθες
3021 3642 3158 3712 αὐτῇ
3199 3645 3380 3713 κημόν
3404 3659 3418 3674 ο
3453 3642 3709 3716 καθάπερ

2107 3733 2218 3803 γὰρ
2251 3731 2414 3797 ἵππος
2434 3733 2705 3804 δυσήνιος,
2735 3733 2880 3788 οὔτω
2918 3735 3334 3806 δυσανασχετεῖ,
3369 3739 3464 3790 καὶ
3490 3739 3552 3791 ού
3583 3737 3710 3808 βού-

2109 3824 2258 3878 λεται
2289 3829 2475 3880 πεῖσαι
2515 3825 2716 3898 ἑαυτὴν
2743 3828 2825 3881 ὅτι
2853 3829 3096 3898 ἥμαρτε.
3134 3828 3308 3882 Τοῦτο
3345 3829 3402 3882 δέ
3431 3829 3552 3882 ὅλον
3579 3830 3699 3882 ἐστὶ

2080 3918 2084 3921 ’
2111 3920 2421 3973 σατανικόν.
2462 3919 2602 3972 Ἀλλ’
2625 3921 2788 3991 ἡμεῖς
2819 3919 2989 3990 αὐτὴν
3030 3918 3309 3991 πείθωμεν
3323 3921 3404 3973 ὅτι
3437 3921 3706 3991 ἥμαρτεν,

2110 4009 2198 4063 ἵνα
2223 4011 2315 4063 καὶ
2357 4013 2694 4084 μετανοήσῃ,
2729 4012 2823 4064 καὶ
2854 4010 2942 4064 ἵνα
2975 4011 3364 4081 μετανοήσασα
3411 4010 3706 4081 ἀπαλλαγῇ

2108 4101 2223 4156 τῶν
2241 4103 2535 4158 κολάσεων.
2572 4102 2696 4168 Πῶς
2741 4105 2916 4171 ἀξιοῖς
2959 4103 3298 4175 συγγνώμης
3335 4105 3539 4174 τυχεῖν,
3582 4104 3708 4156 εἰπέ

2113 4210 2224 4264 μοι,
2257 4193 2348 4246 ἐπὶ
2400 4195 2513 4258 τοῖς
2537 4194 2932 4265 ἁμαρτήμασι,
2969 4195 3199 4266 μηδέπω
3237 4194 3414 4247 ταῦτα
3449 4193 3710 4264 ὁμολογή·

2112 4299 2248 4349 σας;
2280 4283 2504 4346 Πάντως
2535 4284 2745 4346 ἐκεῖνός
2771 4286 2920 4337 ἐστιν
2945 4284 3130 4346 ἐλέους
3159 4284 3257 4337 καὶ
3291 4284 3708 4354 φιλανθρωπίας

2109 4373 2305 4440 ἄξιοςό
2336 4375 2713 4446 ήμαρτηκώς’
2757 4376 2823 4428 σὺ
2885 4375 2944 4428 δέ
2985 4376 3214 4447 μηδέπω
3262 4376 3460 4438 πείσας
3510 4374 3708 4428 σαυτὸν

2110 4469 2516 4540 ἡμαρτηκέναι,
2549 4469 2668 4533 πῶς
2699 4469 2870 4536 ἀξιοῖς
2893 4468 3207 4538 ἐλεηθῆναι,
3247 4468 3344 4520 ἐπὶ
3385 4469 3494 4530 τοῖς
3521 4466 3708 4537 πλημ-

2113 4561 2425 4634 μελήμασιν
2475 4560 2650 4625 οὔτως
2702 4561 3121 4633 ἀναισχυντῶν;
3155 4561 3441 4633 Πείθωμεν
3477 4562 3709 4624 ἑαυτοὺς

2109 4656 2192 4709 ὅτι
2256 4654 2614 4725 ἡμάρτομεν·
2691 4655 2767 4727 μὴ
2817 4657 2883 4726 τῇ
2937 4653 3156 4726 γλώττῃ
3208 4653 3462 4724 λέγωμεν
3523 4653 3706 4723 μόνον,

2109 4745 2247 4804 ἀλλά
2295 4745 2393 4798 καὶ
2448 4748 2515 4817 τῇ
2572 4745 2822 4816 διανοίᾳο
2878 4745 2954 4816 μὴ
3014 4745 3380 4816 ἁμαρτωλοὺς
3447 4743 3708 4815 καλῶμεν

2109 4841 2334 4904 ἑαυτοὺς
2373 4840 2554 4911 μόνον,
2607 4839 2746 4892 ἀλλά
2773 4840 2870 4892 καὶ
2911 4839 2981 4892 τὰ
3013 4840 3394 4910 ἁμαρτήματα
3447 4839 3707 4906 ἀναλογι-

2109 4933 2354 5005 ζώμεθα,
2402 4930 2524 4985 κατ’
2572 4926 2714 4994 εἶδος
2751 4930 2983 4984 ἕκαστον
3035 4929 3420 4999 ἀναλέγοντες.
3450 4929 3527 4982 Οὐ
3558 4927 3706 4996 λέγω

2112 5044 2215 5093 σοι,
2258 5025 2680 5097 Ἐκπόμπευσον
2717 5023 2935 5089 σαυτὸν,
2979 5021 3100 5075 οὐδὲ
3142 5021 3295 5093 παρά
3351 5023 3465 5084 τοῖς
3521 5019 3706 5083 ἄλλοις

2109 5120 2516 5193 κατηγόρησον,
2547 5117 2682 5172 ἀλλά
2717 5115 3006 5171 πείθεσθαι
3066 5113 3426 5187 συμϐουλεύω
3447 5115 3527 5186 τῷ
3563 5132 3704 5186 προ-

2109 5217 2259 5290 φήτῃ
2307 5215 2560 5284 λέγοντι·
2623 5212 3059 5280 Ἀποκάλυψον
3123 5212 3278 5280 πρὸς
3313 5210 3538 5280 Κύριον
3588 5209 3706 5278 τὴν

2110 5308 2257 5364 ὀδόν
2271 5325 2409 5364 σου.
2424 5308 2550 5363 Ἐπὶ
2581 5305 2734 5380 [290]
2761 5306 2857 5360 τοῦ
2873 5305 3011 5359 Θεοῦ
3032 5305 3208 5361 ταῦτα
3227 5304 3584 5376 ὁμολόγησον,
3609 5305 3704 5358 ἐπὶ

2107 5395 2205 5452 τοῦ
2232 5395 2490 5451 δικαστοῦ
2545 5395 2801 5466 ὁμολόγει
2829 5395 2901 5450 τὰ
2935 5394 3342 5466 ἁμαρτήματα,
3377 5394 3703 5466 εὐχόμενος,

2109 5493 2157 5545 εί
2194 5493 2288 5544 καὶ
2309 5489 2386 5561 μὴ
2410 5493 2476 5560 τῇ
2533 5487 2775 5562 γλώττῃ,
2830 5486 2968 5542 ἀλλά
3019 5489 3087 5560 τῇ
3149 5488 3366 5561 μνήμῃ,
3399 5487 3495 5541 καὶ
3527 5486 3704 5553 οὔτως

2110 5583 2264 5650 ἀξίου
2287 5581 2602 5652 ἐλεηθῆναι.
2630 5582 2732 5634 “Av
2759 5580 2892 5654 ἔχῃς
2919 5579 2989 5634 τὰ
3020 5581 3402 5653 ἁμαρτήματα
3433 5578 3704 5650 διηνεκῶς

2109 5680 2168 5733 ἐν
2190 5678 2258 5748 τῇ
2291 5676 2504 5748 μνήμῃ,
2539 5674 2801 5750 οὐδέποτε
2830 5674 2911 5747 τῷ
2945 5674 3178 5746 πλησίον
3241 5675 3700 5746 μνησικακήσεις.

2110 5771 2185 5824 Οὔ
2208 5768 2369 5823 τοῦτο
2391 5769 2448 5821 δὲ
2468 5767 2633 5837 λέγω,
2665 5768 2760 5822 ἐὰν
2796 5764 2864 5841 ᾗς
2894 5768 3259 5839 πεπεισμένος
3297 5769 3496 5821 σαυτὸν
3520 5766 3704 5836 ἁμαρ-

2111 5867 2281 5922 τωλὺν
2320 5861 2458 5920 εἶναι
2486 5884 2499 5897 ·
2547 5864 2646 5936 οὐχ
2691 5863 2836 5918 οὔτω
2881 5865 3040 5918 τοῦτο
3097 5863 3324 5919 δύναται
3356 5860 3701 5916 ταπεινῶσαι
