4202 6464
303 366 423 425 (ΣΠ

316 504 394 558 ita
431 511 566 566 roga
600 500 653 545 ut
685 489 758 544 tui
793 484 1124 540 misereatur.
1151 476 1206 529 Si
1238 479 1449 543 peccata
1481 478 1569 566 tua
1594 461 1808 519 assidue
1832 463 1930 513 ha-

317 596 461 649 beas
494 560 544 643 in
579 579 856 641 memoria,
877 583 1164 640 numquam
1189 565 1367 619 oderis
1383 560 1707 632 proximum,
1730 567 1831 608 nec
1847 567 1935 607 ac—

314 695 506 754 ccpun
535 674 744 746 injuria:
772 664 1102 724 memineris.
1125 659 1240 751 Non
1267 657 1421 720 dico,
1453 653 1497 709 si
1531 649 1622 704 tibi
1655 659 1935 754 persuase-

314 740 405 835 ris.
430 789 495 831 te
525 740 646 828 esse
677 772 1011 836 peccaturem
1041 775 1055 810 :
1080 741 1200 810 non.
1217 755 1286 806 ita
1316 750 1420 803 hoc
1459 751 1634 816 potest
1681 740 1932 796 humilem

317 833 360 926 ri
383 869 569 924 ddere
591 833 846 920 animum,
862 855 999 908 sicut
1014 866 1076 905 ea
1099 862 1216 917 quae
1231 859 1324 915 per
1343 858 1402 897 se
1427 850 1478 896 et
1498 837 1638 908 apud
1661 852 1718 890 se
1737 833 1938 903 specia-

318 969 421 1020 tim
477 957 863 1015 examinantur
917 952 1152 1016 peccata.
1181 941 1304 994 Non.
1328 936 1452 990 odio
1485 931 1704 986 habebis
1730 945 1829 984 nec
1856 927 1939 981 in.

312 1057 488 1127 jurize
541 1055 776 1116 accepta:
820 1035 1126 1094 memineris
1150 1073 1170 1100 ,
1209 1031 1325 1086 haec
1366 1035 1621 1096 perpetuo
1651 1023 1852 1076 habens
1883 1020 1936 1074 in

316 1115 621 1205 memoria,
654 1115 764 1192 non
792 1129 1061 1192 irasceris,
1089 1141 1194 1180 non
1225 1131 1446 1192 appetes
1475 1115 1807 1176 maledictis,
1830 1126 1937 1205 non

317 1241 433 1293 eris
461 1203 733 1302 superbus
753 1237 804 1279 ct
833 1224 1026 1284 elatus,
1052 1233 1158 1270 non
1189 1216 1240 1269 in
1278 1211 1466 1267 eadem
1495 1223 1678 1264 rursus
1711 1203 1936 1267 incides,

319 1335 387 1389 ad
426 1332 578 1384 bona
614 1319 854 1379 facienda
884 1313 991 1370 eris
1017 1307 1402 1365 vehementior.

395 1426 460 1479 4.
500 1418 843 1482 \‘idcsquam
891 1407 1054 1462 multa
1107 1404 1244 1455 bona
1290 1397 1535 1453 oriuntur
1566 1408 1630 1447 ex
1680 1391 1939 1444 memoria

324 1507 732 1589 peccatorum?
766 1504 886 1558 l'lzec
934 1513 1064 1567 ergo
1093 1493 1298 1550 nostris
1331 1488 1528 1543 animis
1560 1482 1937 1539 inscribmnus.

327 1578 461 1664 iicio
488 1602 634 1674 quod
659 1592 976 1652 memoriam
995 1598 1101 1643 tam
1125 1583 1372 1638 acerbam
1395 1593 1500 1632 non
1525 1578 1722 1645 patitur
1738 1578 1942 1636 anima;

331 1700 424 1756 sed
456 1665 580 1752 eam
614 1700 894 1759 cogamus,
935 1688 990 1735 et
1015 1679 1121 1732 vim
1148 1676 1197 1729 ei
1224 1672 1532 1726 aﬂ‘eramus.
1563 1665 1750 1720 Melius
1771 1673 1853 1759 est
1884 1670 1944 1716 ut

334 1755 483 1847 nunc
513 1755 860 1854 peccaiiirum
880 1772 1187 1827 mordeatur
1207 1763 1486 1825 memoria,
1521 1773 1678 1828 quam
1705 1755 1941 1856 cruciatu

334 1883 427 1956 qui
459 1853 676 1935 futurus
698 1881 782 1926 est
809 1869 902 1922 illo
934 1874 1198 1932 tempore.
1232 1855 1405 1919 Nunc,
1447 1853 1490 1906 si
1517 1865 1704 1906 eorum
1750 1853 1942 1902 memi-

337 1942 509 2040 neris,
544 1980 598 2026 et
628 1983 692 2023 ea
723 1961 941 2019 assidue
973 1957 1084 2011 Deo
1114 1951 1347 2012 oll‘eras,
1378 1953 1437 2000 et
1479 1959 1574 2012 pro
1621 1942 1700 2040 eis
1740 1954 1940 2040 roges,

338 2073 446 2126 cito
475 2033 537 2122 ea
585 2058 794 2116 delebis
823 2074 835 2109 :
869 2053 952 2106 sin
983 2057 1163 2103 autem
1195 2056 1337 2097 nunc
1382 2052 1574 2094 eorum
1603 2035 1680 2089 sis
1703 2033 1900 2088 oblitus
1925 2070 1946 2097 ,

503 2155 589 2210 vel
619 2152 815 2207 invitus
842 2139 1239 2200 recordaberis,
1266 2149 1386 2188 cum
1417 2132 1470 2184 in
1497 2127 1730 2184 medium
1761 2122 1943 2196 profe‘

355 2262 565 2314 rentur,
594 2256 645 2300 et
674 2253 944 2310 tamquam
991 2236 1041 2287 in
1094 2241 1340 2301 pompam
1377 2222 1944 2314 producentur-coram

361 2307 696 2398 enmibus,et
710 2307 893 2386 amicis
912 2335 966 2382 et
984 2321 1213 2378 inimicis
1232 2327 1287 2372 et
1305 2313 1531 2384 angelis.
1546 2311 1661 2366 Non
1681 2309 1823 2364 enim
1843 2307 1948 2362 soli

362 2434 575 2494 diecbat
604 2426 800 2492 Davidi,
835 2422 968 2489 Qua:
987 2428 1040 2472 tu
1068 2415 1231 2487 fecisti
1256 2413 1311 2465 in
1335 2409 1532 2464 occulto
1554 2448 1568 2474 ,
1597 2421 1689 2476 ego
1712 2403 1944 2456 euntibus

354 2533 542 2604 faciam
561 2528 822 2598 tttanifcsla
845 2525 924 2594 (Ξ.
938 2516 1280 2591 Reg.12.l'2),
1302 2515 1395 2568 sed
1414 2514 1574 2566 etiam
1595 2510 1747 2563 notus
1763 2504 1936 2604 muni-

349 2597 464 2680 bus.
485 2597 758 2683 Homines,
792 2617 986 2685 inquit,
1019 2611 1263 2674 timuisti,
1288 2616 1342 2663 et
1364 2619 1459 2661 eos
1490 2604 1660 2670 magis
1679 2597 1948 2654 reveritus

345 2734 398 2773 es
422 2732 583 2788 quam
638 2714 804 2768 Deum
831 2727 847 2775 ;
877 2719 931 2763 et
966 2708 1074 2761 Deo
1100 2705 1316 2760 vidente
1344 2714 1450 2754 non
1480 2695 1702 2760 curasti,
1735 2693 1828 2746 sed
1859 2691 1942 2744 vi-

343 2786 594 2867 den—tibus
637 2804 948 2862 hominibus
980 2800 1183 2871 pudore
1213 2811 1272 2850 es
1297 2793 1522 2848 affectus
1554 2806 1572 2844 :
1603 2787 1754 2843 Oculi
1773 2786 1941 2849 enim,

341 2904 536 2974 tnquit,
557 2901 844 2961 hominum,
861 2905 932 2950 est
961 2909 1133 2948 eorum
1157 2891 1326 2942 timor.
1342 2886 1630 2952 Propterea
1654 2893 1834 2934 coram
1858 2874 1946 2974 bis

336 2967 470 3068 ipsis
493 2995 650 3049 dabis
673 3006 890 3062 poenas;
916 2999 967 3041 te
987 3001 1127 3039 ennn
1158 2993 1399 3050 arguam,
1417 2987 1502 3030 tua
1531 2982 1746 3043 peccata
1774 2967 1942 3068 oculis

333 3059 583 3143 omnium
616 3059 932 3153 subjicicns.
964 3077 1096 3132 Nam
1120 3073 1260 3138 quod
1307 3070 1408 3124 hoc
1445 3069 1512 3122 sit
1541 3079 1746 3123 verum,
1775 3070 1828 3114 et
1857 3059 1944 3112 illc

331 3180 426 3236 die
456 3177 700 3230 omnium
732 3181 973 3228 nostrum
1024 3174 1240 3237 peccata
1293 3171 1568 3227 tamquam
1598 3157 1648 3208 in
1695 3164 1947 3225 pompam

334 3271 750 3341 producentur,
786 3263 889 3318 nisi
926 3273 1069 3316 nunc
1094 3273 1156 3312 ea
1186 3253 1395 3308 assidua
1425 3246 1799 3304 recordatione
1849 3242 1945 3341 dce

338 3335 578 3426 leamus,
603 3353 730 3412 audi
751 3353 1023 3427 quomodo
1056 3352 1106 3405 in
1135 3361 1384 3419 pompam
1419 3340 1728 3414 producitur
1757 3335 1951 3392 crude-

336 3457 468 3510 litas
489 3464 543 3508 et
572 3448 943 3506 inhumanitas
969 3459 1156 3500 eorum
1187 3440 1276 3510 qui
1310 3439 1396 3492 hic
1425 3451 1530 3490 non
1555 3431 1759 3487 miserli
1785 3436 1909 3484 sunt
1933 3443 1949 3480 :

338 3549 578 3612 Esnrivi,
613 3546 808 3616 inquit,
837 3554 884 3598 et
914 3558 1014 3595 non
1059 3538 1269 3592 dedistis
1307 3533 1429 3587 mihi
1473 3529 1610 3600 quod
1636 3523 1948 3580 comederem

339 3641 566 3714 (Matth.
589 3638 678 3693 9.5.
705 3637 800 3706 42)
846 3634 1198 3702 Quandonam
1228 3630 1342 3682 haec
1367 3626 1622 3680 dicuntur
1639 3621 1666 3676 ?
1691 3617 1948 3714 numquid

338 3708 394 3789 in
430 3733 681 3802 angulo?
731 3725 990 3797 numquid
1039 3725 1092 3778 in
1141 3718 1394 3776 occulto?
1433 3716 1821 3786 Nequaquam;
1854 3708 1951 3766 sed

337 3823 605 3895 quando?
633 3819 860 3885 Quando
881 3813 1088 3871 venerit
1109 3811 1278 3866 Filius
1302 3807 1534 3864 hominis
1555 3806 1606 3858 in
1633 3803 1800 3874 gioria
1828 3813 1949 3866 sua,

339 3926 397 3970 et
426 3911 838 3983 eongregaverit
886 3919 1074 3960 omnes
1120 3912 1327 3974 gentes,
1360 3898 1572 3971 quando
1606 3895 1706 3950 bos
1745 3903 1800 3949 et
1829 3895 1951 3948 illos

339 4007 706 4078 separaverit,
739 4013 863 4056 tunc
887 4001 1137 4054 omnibus
1154 3993 1494 4049 audientibus
1520 3990 1682 4053 dicet,
1714 3999 1954 4043 statuens

340 4119 375 4155 τι
416 4097 626 4153 dextris
678 4104 730 4148 ct
758 4093 992 4147 sinistris
1027 4107 1041 4145 :
1077 4086 1302 4152 Esurivi,
1329 4095 1376 4139 et
1427 4100 1527 4137 non
1573 4082 1782 4135 dedistis
1829 4080 1956 4132 mihi

339 4192 637 4250 comedere.
675 4186 806 4240 V‘idc
835 4195 1022 4238 rursus
1056 4181 1170 4234 illas
1217 4177 1453 4249 quinque
1498 4174 1728 4244 virgines
1771 4186 1954 4226 coram

339 4283 607 4340 omnibus
647 4279 925 4334 audientes
973 4293 987 4327 :
1033 4272 1220 4327 Nescio
1259 4287 1365 4324 vos.
1420 4268 1667 4336 Quinque
1717 4265 1858 4320 enim
1903 4273 1956 4318 et

341 4381 596 4449 quinque
641 4389 748 4427 non
797 4368 1102 4439 significant
1148 4369 1354 4417 tantum
1410 4375 1689 4414 numerum
1744 4357 1952 4439 illarum

341 4448 618 4540 quinque,
651 4464 743 4518 sed
771 4475 963 4515 omnes
993 4457 1158 4510 malas
1187 4464 1240 4509 et
1266 4453 1511 4506 crudeles
1542 4460 1595 4504 et
1637 4448 1957 4501 inhumanas

345 4539 614 4631 virgines,
639 4565 693 4610 et
721 4570 812 4610 eas
838 4567 956 4623 qum
985 4565 1091 4603 non
1120 4559 1238 4601 sunt
1268 4541 1592 4611 huiusmodi.
1614 4539 1701 4594 Sic
1729 4540 1887 4593 etiam
1913 4539 1957 4591 is

347 4668 573 4724 quoque
604 4649 692 4717 qui
717 4661 880 4700 unum
902 4641 1384 4700 inl‘odittaleutum,
1413 4633 1612 4686 audivit
1634 4647 1812 4686 coram
1835 4645 1956 4684 om-

351 4745 540 4804 nibus,
571 4751 620 4795 el
651 4739 896 4792 iisetiam
918 4734 1006 4802 qui
1032 4733 1264 4801 quinque
1289 4738 1343 4782 ct
1367 4728 1454 4794 qui
1477 4725 1584 4778 duo
1615 4725 1908 4777 attulerunt
1939 4738 1956 4777 :

351 4837 517 4892 Serve
559 4847 776 4893 nequam
812 4837 860 4881 et
901 4829 1082 4897 ignave
1111 4822 1331 4893 (.‘b'atth.
1364 4817 1455 4874 25.
1487 4818 1604 4887 26).
1637 4816 1751 4870 Non
1779 4814 1957 4871 verbis

346 4930 551 4984 solum,
581 4924 673 4977 sed
703 4921 865 4975 etiam
895 4905 1136 4972 rebus—et
1163 4912 1313 4968 factis
1331 4927 1426 4966 eos
1453 4920 1578 4964 tunc
1607 4910 1818 4977 arguit:
1852 4909 1960 4963 sic-

348 5033 414 5076 ut
441 5022 606 5076 etiam
640 5017 767 5072 dicit
795 5011 1148 5080 evangelista,
1189 5005 1437 5061 Videbunt
1469 5005 1528 5058 in.
1559 5020 1707 5070 quem
1736 5002 1959 5069 conﬁxe-

1131 361 1194 416 m
1238 361 1450 417 liPlST.
1493 360 1583 416 AD
1625 357 1962 421 ueniam;

2039 361 2192 420 CAP.
2237 362 2351 417 XII.
2401 365 2630 420 HOfdiL.
2680 366 2868 420 XXXI.
3511 375 3614 429 218

2047 479 2163 524 runt
2193 471 2369 540 (Joan.
2403 475 2489 529 19.
2525 476 2637 546 37).
2673 476 2843 531 Simul
2886 477 3029 532 enim
3060 479 3162 534 erit
3189 483 3426 537 omnium
3460 502 3630 540 resur-

2044 564 2242 632 rectio,
2267 575 2608 636 peccatorum
2639 577 2689 623 et
2716 569 2980 639 iustorum
3007 589 3021 636 ;
3055 571 3212 627 simul
3240 574 3414 631 aderit
3450 598 3634 636 Ulltlirt'u

2051 674 2310 745 indicans.
2342 670 2525 740 Cogita
2569 687 2695 739 ergo
2726 670 2912 738 quales
2944 679 3068 723 tunc
3097 679 3252 723 erunt
3280 671 3371 740 qui
3403 681 3560 726 erunt
3586 675 3633 726 ir

2052 765 2214 827 luctu,
2250 765 2302 816 in
2335 775 2601 825 mcerore,
2631 761 2721 830 qui
2750 760 3032 813 trahentur
3067 761 3118 812 in
3149 762 3347 830 ignem,
3381 761 3509 814 dum
3544 775 3632 817 so-

2049 865 2308 909 runontur
2332 855 2440 908 alii.
2481 851 2669 914 Venite,
2699 853 2888 922 inquit,
2914 852 3164 905 benedicti
3190 851 3363 906 Patris
3381 853 3496 921 mei,
3522 871 3614 921 pos

2048 949 2205 1000 sidr-te
2245 957 2476 1014 paratum
2523 945 2659 996 vobis
2703 960 2912 1014 regnum
2954 961 2984 996 α
3027 944 3384 998 constitutione
3426 945 3636 1010 mundi,

2048 1049 2104 1094 et
2127 1054 2332 1101 rursus,
2366 1037 2621 1091 Discedite
2648 1053 2678 1089 a
2709 1053 2786 1089 me
2827 1037 2878 1089 in
2907 1037 3075 1107 ignem
3105 1047 3340 1106 paratum
3371 1038 3573 1092 diabolo
3594 1051 3637 1093 et

2047 1129 2366 1202 angelisejus
2401 1128 2610 1200 (Matth.
2638 1125 2729 1182 25.
2762 1128 2852 1182 34.
2882 1128 2993 1198 ﬂ).

2122 1222 2298 1274 Aliena
2336 1221 2468 1274 bona
2511 1221 2815 1289 rapientium
2865 1220 3188 1291 suppﬁcinm.
3217 1251 3291 1261 ——
3318 1220 3432 1277 Non
3465 1224 3637 1278 solum

2050 1317 2213 1367 verba
2246 1315 2543 1377 audiamus,
2565 1313 2658 1368 sed
2689 1313 2860 1368 oculis
2901 1318 3060 1368 etiam
3089 1315 3351 1382 descripta
3391 1317 3640 1382 subjicia-

2048 1423 2167 1462 mus
2193 1416 2245 1460 et
2267 1407 2633 1462 existimemus
2661 1423 2781 1460 cum
2813 1421 2952 1460 nunc
2977 1405 3186 1462 adesse.
3217 1414 3271 1458 et
3302 1404 3416 1459 lucc
3439 1406 3637 1474 dicere,

2047 1511 2097 1554 et
2126 1515 2222 1553 nos
2251 1499 2305 1552 in
2332 1498 2478 1552 illum
2512 1499 2686 1567 ignem
2717 1497 3008 1552 abducere.
3042 1497 3265 1565 Qualem
3315 1507 3440 1553 tunc
3479 1499 3642 1555 babe-
3710 1555 3712 1558 ,

2046 1591 2224 1645 bimus
2272 1592 2548 1644 animam?
2599 1591 2808 1660 qualem
2859 1590 3496 1657 consolationemiQnid
3551 1605 3644 1647 ve—

2047 1699 2126 1750 ro,
2175 1685 2388 1754 quando
2445 1683 2495 1736 in
2547 1683 2680 1737 duas
2731 1693 2913 1755 partes
2958 1683 3294 1738 dividemur?
3341 1685 3465 1754 quid
3513 1699 3642 1739 vero

2045 1778 2260 1845 quando
2312 1778 2378 1832 de
2417 1778 2600 1846 rapina
2659 1777 3387 1846 accusabimur?quanmam
3437 1779 3643 1846 poteri—

2047 1885 2164 1923 mus
2213 1868 2408 1923 afferre
2451 1869 2890 1923 cxcttsatiunem?
2929 1885 3214 1938 quamnam
3267 1870 3639 1938 probationem

2045 1975 2096 2016 et
2136 1963 2313 2032 specie
2351 1979 2454 2017 non
2493 1962 2829 2015 inhonestam
2883 1962 3180 2016 orationem
3203 1962 3228 2014 7
3256 1961 3467 2017 Nullam
3500 1981 3514 2018 :
3544 1965 3638 2016 sed

2047 2071 2267 2109 necesse
2299 2057 2401 2109 crit
2428 2067 2482 2108 ut
2516 2055 2675 2108 vincti
2705 2065 2759 2108 et
2785 2054 3039 2107 deorsum
3069 2054 3329 2108 incurvati
3365 2054 3641 2107 trahamur

2044 2149 2106 2200 ad
2139 2147 2273 2202 ostia
2305 2147 2665 2211 caminorum,
2694 2146 2758 2199 ad
2788 2145 3010 2199 ﬂuvium
3060 2147 3194 2216 ignis
3216 2191 3227 2205 ,
3265 2147 3314 2200 in
3350 2146 3598 2200 tenebras
3623 2189 3637 2209 ,

2045 2240 2108 2293 ad
2137 2238 2392 2309 suppiicia
2427 2237 2776 2300 immortalia,
2801 2247 2858 2292 et
2883 2238 3151 2292 neminem
3180 2238 3244 2291 ad
3278 2253 3374 2291 nos
3403 2237 3641 2291 liberan-

2043 2333 2170 2385 dmn
2204 2346 2393 2400 rogare
2427 2330 2740 2400 poterimus.
2769 2328 2883 2382 Non
2918 2337 3093 2398 potest
3122 2329 3286 2396 enim,
3317 2330 3510 2399 inquit,
3532 2345 3636 2384 non

2047 2436 2222 2496 potest
2250 2425 2374 2479 hinc
2418 2425 2541 2478 illuc
2573 2421 2825 2477 transiri:
2858 2431 2940 2476 est
2966 2424 3113 2476 enim
3147 2423 3287 2477 inter
3317 2437 3415 2476 nos
3454 2432 3509 2476 et
3545 2438 3641 2476 vos

2047 2536 2294 2591 magnum
2323 2519 2486 2574 chaos
2514 2516 2664 2590 (Luc.
2700 2515 2788 2570 16.
2814 2515 2904 2586 ‘36)
2936 2534 2948 2568 :
2983 2525 3036 2570 et
3065 2531 3162 2569 nec
3189 2516 3493 2569 volentibus
3516 2515 3642 2571 licet

2047 2615 2294 2676 transire,
2329 2620 2383 2666 et
2413 2627 2628 2664 manum
2657 2609 2920 2679 praebere,
2951 2607 3047 2664 sed
3080 2622 3302 2662 necesse
3329 2617 3412 2661 est
3443 2623 3639 2677 perpe.

2047 2720 2136 2762 tuo
2162 2705 2375 2769 ardere,
2420 2702 2634 2758 nemine
2663 2701 2817 2755 nobis
2847 2716 3002 2770 opem
3049 2700 3276 2763 ferente,
3305 2699 3419 2754 sive
3450 2700 3519 2753 sit
3551 2714 3641 2768 pa-

2046 2810 2146 2864 ter,
2178 2798 2292 2853 sive
2314 2807 2506 2861 mater,
2535 2795 2648 2849 sive
2674 2793 2921 2864 quilibet,
2950 2790 3157 2846 etiamsi
3195 2790 3392 2844 habeat
3418 2792 3639 2845 multam

2053 2897 2117 2950 ad
2151 2897 2315 2951 Deum
2349 2895 2594 2947 ﬁduciam
2631 2909 2644 2946 :
2681 2890 2859 2944 Frater
2882 2891 3048 2956 enim,
3081 2891 3394 2958 itiqt'it,non
3422 2891 3646 2950 redimit,

2051 2990 2260 3042 redimet
2299 2988 2449 3041 homo
2481 2984 2652 3055 (Psal.
2674 2985 2764 3038 48.
2795 2983 2896 3054 8)?
2921 2984 3052 3037 Cum
3083 2998 3210 3051 ergo
3257 2997 3362 3035 non
3404 2981 3561 3034 liceat
3591 2976 3642 3029 in

2052 3081 2156 3134 alio
2197 3078 2396 3133 habere
2429 3091 2577 3145 spem
2611 3075 2822 3140 salutis,
2852 3089 3011 3144 quam
3058 3074 3110 3126 in
3156 3073 3356 3140 seipse,
3405 3079 3525 3141 post
3558 3070 3648 3126 Dei

2055 3171 2436 3238 benignitatem
2485 3177 2539 3222 et
2568 3167 2932 3230 clementiam,
2966 3179 3098 3235 rogo
3141 3163 3320 3217 omnia
3350 3161 3608 3216 iaciamus
3634 3208 3648 3226 ,

2054 3273 2112 3318 ut
2144 3264 2248 3316 vita
2273 3263 2343 3316 sit
2370 3261 2522 3315 nobis
2565 3259 2762 3314 munda
2792 3268 3043 3328 recteque
3069 3256 3332 3322 instituta,
3363 3265 3416 3310 et
3457 3270 3555 3310 nec
3585 3257 3651 3310 ab

2056 3357 2208 3410 initio
2239 3355 2404 3428 ullam
2435 3353 2794 3422 suscipiamus
2838 3349 3101 3404 maculam
3130 3367 3144 3403 :
3178 3349 3258 3403 sin
3304 3349 3499 3413 minus,
3534 3357 3655 3417 post

2055 3455 2360 3515 susceptam
2389 3445 2603 3515 quidem
2638 3444 2897 3497 maculam
2930 3457 3000 3496 ne
3026 3441 3375 3505 dormiamus,
3401 3442 3497 3495 sed
3527 3457 3652 3508 per-

2055 3553 2368 3595 severemus
2397 3552 2612 3607 semper
2651 3535 2841 3589 sordes
2870 3534 3089 3588 abluere
3119 3550 3211 3602 per
3242 3534 3609 3603 paenitentiam
3638 3578 3653 3600 ,

2055 3649 2154 3705 per
2185 3634 2472 3704 lacrymas,
2505 3649 2597 3702 per
2621 3634 2913 3695 orationes,
2944 3645 3041 3702 per
3061 3631 3485 3703 eleemOsynam.
3516 3631 3655 3696 Quid

2057 3743 2208 3790 vero,
2241 3727 2430 3794 inquit,
2461 3726 2504 3781 si
2538 3740 2642 3779 non
2692 3725 2915 3779 habeam
2948 3724 3088 3778 unde
3134 3724 3324 3778 faciam
3356 3726 3657 3795 eleemosy-

2061 3821 2228 3875 nam?
2257 3819 2360 3874 Sed
2393 3819 2560 3874 habes
2604 3817 2854 3888 poculum
2907 3833 3058 3886 aqua:
3093 3815 3298 3886 frigidae
3322 3857 3335 3879 ,
3369 3824 3656 3886 quantum-

2059 3928 2288 3981 cumque
2308 3912 2381 3964 sis
2402 3924 2634 3980 pauper;
2654 3909 2746 3963 sed
2767 3909 2872 3962 duo
2887 3909 3090 3961 minuta
3109 3907 3298 3973 habes,
3317 3908 3478 3976 pedes
3494 3907 3658 3962 babes

2062 4014 2118 4056 ut
2136 4006 2316 4057 visites
2336 4011 2586 4070 aegrotos,
2606 4009 2662 4053 ut
2680 4000 2997 4069 ingrediaris
3015 4014 3285 4054 carcerem
3307 4015 3321 4064 ;
3344 4001 3435 4053 sed
3460 4010 3656 4054 tectum

2061 4095 2248 4156 babes,
2268 4106 2323 4148 ut
2352 4094 2589 4164 excipias
2618 4093 2876 4162 hospites.
2894 4091 3010 4146 Non
3038 4105 3120 4145 est
3146 4093 3311 4156 enim,
3333 4103 3538 4144 nonest
3570 4105 3660 4143 re-

2062 4187 2148 4239 nia
2174 4185 2238 4238 iis
2261 4185 2350 4252 qui
2382 4199 2488 4237 non
2509 4182 3150 4252 faciunteleemosynam,
3179 4197 3277 4236 nec
3307 4191 3531 4235 utuntur
3561 4185 3660 4235 mi-

2062 4275 2375 4332 sericordia.
2396 4275 2519 4329 Haec
2535 4289 2632 4328 uos
2645 4274 2796 4328 vobis
2817 4273 3032 4328 assidue
3047 4273 3296 4340 dicimus,
3320 4284 3374 4327 ut
3397 4275 3478 4328 vel
3493 4291 3553 4328 ex
3575 4291 3660 4330 ειε-

2061 4369 2314 4423 siduitate
2342 4383 2526 4436 parum
2546 4365 2671 4438 quid
2692 4367 3004 4422 elliciamus.
3023 4366 3147 4421 [hec
3164 4366 3413 4434 dicimus,
3432 4379 3659 4422 nontam

2061 4479 2248 4519 eorum
2278 4463 2472 4531 quibus
2495 4462 2631 4517 bene
2657 4464 2736 4527 lit,
2769 4477 2928 4531 quam
2949 4462 3112 4515 vestri
3153 4477 3336 4515 curam
3367 4473 3617 4531 get-entes
3648 4482 3661 4515 :

2065 4573 2185 4610 nam
2211 4556 2316 4611 illis
2337 4555 2554 4625 quidem
2573 4570 2633 4609 ea
2653 4570 2772 4624 quae
2798 4554 2881 4607 hic
2898 4563 3027 4608 sunt
3043 4554 3210 4619 datis;
3231 4552 3466 4608 caelestia
3485 4565 3664 4608 autem

2062 4649 2334 4718 accipitis:
2360 4664 2480 4716 quo:
2501 4647 2656 4702 nobis
2677 4647 2928 4701 omnibus
2948 4645 3104 4700 detur
3124 4647 3402 4716 consequi,
3421 4648 3586 4716 gratia
3612 4657 3668 4701 et

2064 4741 2395 4811 benignitate
2414 4740 2625 4794 Domini
2649 4741 2817 4794 nostri
2840 4737 2968 4793 Jesu
2996 4738 3354 4801 Christi,cum
3384 4753 3489 4806 quo
3521 4737 3664 4792 Patri

2067 4849 2170 4889 una
2193 4849 2313 4887 cum
2327 4842 2516 4888 sancto
2531 4833 2736 4902 Spiritu
2751 4832 2944 4902 gloria,
2961 4831 3152 4898 honor,
3173 4832 3453 4900 imperium
3467 4840 3520 4886 et
3536 4829 3668 4885 adeo

2069 4928 2226 4994 ratio,
2248 4940 2391 4982 nunc
2409 4935 2462 4981 et
2485 4933 2790 4997 semper,et
2819 4923 2870 4978 in
2893 4923 3086 4979 swcula
3110 4923 3452 4977 S'JJCIIIOI'llm.
3473 4927 3662 4976 Anien.
