4202 6454
523 394 626 450 219

1280 373 1654 450 samaras
1684 391 2155 450 cunrsosroau
2192 395 2512 454 ARCHIEP.
2553 398 3087 460 CONSTANTINOP.

3694 423 3805 477 220

540 523 3786 558 _.._______________—_________________________

1816 589 2164 653 HOMILIA
2203 591 2477 654 XXXII.

531 737 661 794 Car.
700 737 785 792 l2.
836 751 887 788 ν.
934 736 1022 790 18.
1051 735 1175 789 Non
1212 736 1346 788 enim
1383 736 1660 790 accessistis
1694 736 1763 790 ad
1798 736 2109 790 tractabilem

603 835 838 888 montem,
859 833 905 879 et
924 825 1277 878 accensibilem
1299 825 1487 894 ignem,
1512 835 1558 878 et
1585 826 1835 880 turbinem
1857 836 1903 880 et
1923 827 2108 897 caligi-

602 932 713 970 nem
729 925 777 969 et
797 915 1093 984 procellam,
1121 914 1205 969 l9.
1233 925 1278 968 et
1300 915 1432 968 tubae
1451 932 1654 981 sonum,
1677 926 1722 969 et
1746 933 1913 970 vocem
1933 916 2110 970 verbo-

600 1025 735 1073 rum,
750 1025 900 1078 quam
923 1009 1008 1077 qui
1028 1007 1319 1074 audierunt,
1339 1018 1698 1062 accusaverunt
1719 1026 1771 1062 se
1792 1025 1854 1062 ne
1877 1009 1948 1063 eis
1967 1009 2108 1078 fieret

597 1102 820 1153 verbum.
844 1099 935 1154 20.
953 1098 1067 1153 Non
1086 1099 1214 1152 enim
1233 1097 1499 1168 portabant
1520 1099 1654 1169 quod
1671 1099 1962 1154 dicebatur:
1985 1099 2108 1154 Etsi

601 1190 753 1244 bestia
771 1189 982 1259 tetigerit
999 1198 1236 1254 montem,
1265 1189 1595 1257 lapidabitur.
1643 1189 1734 1243 2|.
1756 1190 1822 1243 Et
1845 1192 1941 1257 (ita
1961 1192 2106 1244 terri-

596 1280 694 1335 bile
709 1290 813 1333 erat
825 1279 962 1347 quod
971 1277 1251 1348 videbatur)
1268 1279 1470 1349 Moyses
1482 1281 1607 1333 dixit
1616 1322 1629 1345 ,
1639 1280 1922 1335 Exterritus
1937 1298 2047 1336 sum
2061 1291 2106 1336 et

600 1369 950 1424 tremebundus
984 1368 1108 1424 :22.
1127 1374 1218 1423 sed
1235 1371 1511 1424 accessistis
1543 1371 1610 1423 ad
1644 1371 1772 1425 Sion
1804 1383 2023 1425 montem
2057 1383 2104 1426 et

596 1465 844 1517 civitatem
856 1462 950 1516 Dei
969 1461 1482 1528 viventisJerusalem
1495 1462 1759 1527 cazlestem,
1773 1473 1819 1518 et
1835 1464 2104 1517 multorum

597 1555 816 1608 millium
833 1554 1124 1623 angelorum
1142 1552 1638 1620 frequentiam,25.et
1653 1551 1938 1606 Ecclesium
1949 1558 2105 1623 primi

597 1650 633 1700 ti
639 1663 810 1702 eorum
822 1647 906 1716 qui
920 1645 1189 1713 conscripti
1205 1654 1319 1698 sunt
1337 1645 1388 1696 in
1403 1645 1556 1707 ctelis,
1575 1654 1619 1698 et
1631 1645 1856 1713 judicent
1877 1647 2102 1700 omniunt

600 1740 780 1803 Deum,
800 1747 845 1790 et
865 1737 1071 1804 spiritus
1086 1737 1347 1806 justorum
1373 1740 1728 1804 perfectorum,
1755 1729 1845 1791 24.
1863 1746 1911 1790 et
1929 1737 2098 1791 Testa-

596 1831 747 1884 menti
776 1829 890 1882 novi
918 1828 1240 1881 ntediatorem
1259 1826 1290 1879 .l
1299 1843 1462 1890 esum,
1490 1833 1534 1879 et
1563 1827 1831 1896 sanguinis
1849 1829 2100 1896 aspersio-

595 1940 707 1977 nem
731 1922 908 1976 melius
936 1922 1215 1990 loquentem
1243 1935 1394 1990 quant
1420 1918 1561 1971 Abel.

603 2087 654 2138 1.
697 2089 859 2137 erant
900 2081 1113 2151 quidem
1157 2079 1208 2133 in
1257 2079 1457 2147 templo
1506 2078 1872 2143 admirabilia,
1925 2087 2107 2136 sancta

530 2181 876 2235 sanctorum;
907 2179 1063 2224 erant
1109 2184 1294 2223 rursus
1341 2168 1596 2223 terribilia
1628 2170 1788 2223 etiam
1831 2171 1945 2225 haec
1989 2188 2109 2241 qua:

533 2269 667 2319 facta
713 2273 838 2318 sunt
884 2262 935 2315 in
982 2269 1161 2314 monte
1205 2259 1372 2322 Sinai,
1421 2259 1576 2328 ignis,
1624 2261 1876 2327 tenebrae,
1913 2263 2104 2334 caligo,

532 2356 760 2426 procella
815 2370 829 2406 :
859 2351 1019 2407 Visus
1049 2361 1134 2406 est
1157 2351 1322 2414 enim,
1354 2350 1541 2420 inquit,
1572 2351 1708 2406 Deus
1741 2351 1793 2404 in
1824 2351 1967 2406 Sinai
2011 2359 2105 2420 per

531 2453 724 2520 ignem,
772 2445 1059 2517 procellam
1104 2454 1158 2498 et
1195 2443 1473 2511 caliginem
1514 2440 2103 2512 (Exod.c.19;etDeut.

527 2543 579 2597 5.
609 2541 724 2610 22).
754 2537 959 2593 Novum
992 2545 1168 2590 autem
1200 2534 1601 2589 Testamentum
1647 2549 1768 2588 cum
1813 2535 1959 2590 nullo
2006 2534 2105 2590 ho-

528 2649 645 2689 rum
675 2631 856 2686 datum
885 2636 988 2694 est,
1031 2625 1126 2682 sed
1153 2625 1334 2680 datum
1370 2624 1468 2678 fuit
1503 2640 1532 2676 a
1561 2621 1773 2679 Christo
1800 2624 1851 2678 iu
1879 2626 2106 2694 simplici

526 2737 797 2780 sermone.
827 2717 963 2774 Vide
1003 2731 1131 2787 ergo
1169 2714 1440 2785 quomodo
1471 2713 1661 2769 borum
1707 2730 1918 2786 quoque
1949 2715 2107 2770 faciat

525 2811 984 2884 comparationem
1030 2823 1046 2872 ;
1097 2815 1153 2861 et
1203 2820 1264 2860 ea
1317 2807 1508 2860 merito
1557 2806 1735 2876 posuit
1785 2807 2102 2875 posteriora.

525 2907 658 2965 Nam
685 2900 900 2975 quando
927 2898 1004 2953 eis
1027 2896 1292 2968 persuasit
1317 2911 1411 2965 per
1435 2895 1869 2961 innumerabilia,
1892 2897 2106 2966 quando

526 3001 685 3056 etiam
736 2992 972 3050 ostendit
1019 2990 1144 3061 quid
1190 2989 1400 3044 intersit
1427 2989 1564 3043 inter
1595 2999 1881 3059 utrumque
1915 2991 2106 3045 Testa.

525 3073 764 3145 mentum
790 3101 802 3137 :
830 3096 953 3138 tunc
983 3096 1048 3136 eo
1078 3081 1226 3151 prius
1255 3078 1564 3149 reprobate,
1591 3079 1784 3134 deinde
1815 3080 1964 3135 facile
1992 3080 2106 3136 haec

524 3194 737 3251 quoque
765 3174 1068 3247 aggreditur
1097 3191 1108 3226 :
1141 3180 1195 3226 et
1234 3170 1360 3240 quid
1385 3170 1555 3224 dicit?
1585 3168 1705 3223 Non
1731 3171 1860 3224 enim
1886 3173 2102 3226 accessi-

523 3274 614 3326 stis
640 3271 708 3323 ad
734 3263 1041 3322 tractabilem
1069 3271 1286 3316 montem
1329 3270 1376 3314 et
1405 3277 1668 3314 accensum
1698 3261 1885 3328 ignem,
1915 3271 1961 3314 et
1994 3272 2105 3315 tur-

523 3363 716 3426 binem,
760 3367 806 3411 et
843 3355 1143 3426 caliginem,
1167 3361 1213 3406 et
1243 3351 1553 3420 procellam,
1585 3359 1632 3403 et
1661 3349 1792 3404 tuba:
1815 3367 2024 3417 sonum,
2057 3362 2104 3405 et

523 3466 690 3506 uocem
712 3447 969 3503 verborum
995 3485 1009 3511 ,
1037 3459 1189 3515 quant
1214 3442 1301 3512 qui
1327 3440 1630 3504 audierunt,
1660 3452 2012 3495 recusaverunt
2039 3459 2100 3496 ne

524 3547 598 3583 eis
629 3537 902 3585 adderetur
928 3533 1148 3586 verbum.
1181 3530 1302 3585 Non
1331 3534 1464 3585 enim
1499 3537 1769 3602 portabant
1795 3537 1932 3603 quod
1976 3533 2110 3587 dice-

527 3623 673 3673 batur
701 3637 721 3674 :
754 3626 820 3673 ιιι
849 3621 894 3674 si
918 3621 1076 3675 bestia
1104 3622 1319 3692 tetigerit
1347 3631 1584 3682 montem,
1622 3623 1953 3692 lapidabitur.
1987 3623 2111 3677 ιιωο

527 3720 670 3776 sunt,
703 3712 890 3781 inquit,
925 3712 1202 3779 terribilia,
1223 3722 1276 3766 et
1297 3712 1430 3766 adeo
1456 3713 1712 3767 terribilia
1734 3723 1978 3782 utneque
2007 3711 2110 3767 ler-

527 3811 648 3856 rent
666 3802 1019 3868 auditionem,
1043 3818 1215 3871 neque
1242 3803 1408 3857 bestia
1430 3804 1650 3858 auderet
1671 3805 1979 3859 ascendere.
2003 3804 2108 3860 Sed

530 3908 635 3945 non
657 3901 807 3946 erant
821 3894 933 3948 hmo
948 3895 1092 3960 talia,
1109 3895 1280 3963 qualia
1301 3911 1418 3964 quae
1436 3905 1614 3964 postea
1628 3907 2105 3968 suntconsequuta:

528 3984 653 4053 quid
675 3987 814 4039 enim
835 3985 982 4040 Sinai
1004 3985 1069 4040 ad
1087 3988 1273 4040 czelum
1295 3988 1318 4037 ‘t
1338 3987 1461 4057 quid
1485 3989 1618 4058 ignis
1636 3991 2028 4046 contrectabilis
2043 3992 2109 4044 ad

530 4076 697 4130 Deum
743 4078 830 4146 qui
863 4092 966 4131 non
994 4086 1168 4146 potest
1195 4081 1513 4134 contrectari
1537 4080 1564 4132 ?-
1586 4079 1724 4134 Deus
1747 4083 1887 4136 enim
1919 4091 2107 4148 noster,

530 4170 718 4238 inquit,
743 4180 813 4223 est
842 4171 972 4240 ignis
993 4187 1290 4224 consumens
1311 4171 1494 4240 (llebr.
1523 4172 1608 4226 l2.
1636 4174 1747 4243 M).
1773 4174 2001 4228 Terrore
2017 4190 2112 4228 au-

529 4273 636 4316 tem
669 4263 825 4318 fuisse
854 4264 1005 4332 plena
1025 4280 1140 4334 qum
1172 4264 1223 4318 in
1256 4276 1435 4319 monte
1451 4275 1598 4336 gesta
1617 4276 1759 4326 sunt,
1786 4281 1850 4319 ex
1877 4267 1941 4319 iis
1969 4275 2110 4334 patet

528 4367 648 4421 qua:
666 4351 914 4406 dicebant
935 4372 945 4406 :
967 4353 1047 4406 Ne
1071 4355 1305 4424 loquatur
1332 4358 1473 4409 nobis
1494 4355 1648 4414 Deus,
1665 4355 1751 4408 sed
1775 4356 2007 4425 loquatur
2024 4372 2111 4408 no-

530 4444 606 4497 bis
644 4443 844 4514 Moyses
875 4443 1066 4514 (Exod.
1097 4447 1187 4501 20.
1219 4448 1327 4515 l9).
1394 4447 1515 4501 Non
1546 4449 1813 4518 portabant
1838 4449 1967 4500 enim
1988 4490 2000 4511 ,
2035 4449 2112 4500 in-

530 4535 662 4601 quit,
711 4535 843 4604 quod
889 4537 1149 4590 dicebatur
1193 4553 1209 4590 :
1255 4538 1318 4591 Et
1357 4541 1401 4590 si
1441 4539 1596 4591 bestia
1629 4539 1842 4608 tetigerit
1873 4549 2109 4606 montem,

533 4624 860 4694 lapidabitur.
914 4627 979 4679 Et
1030 4628 1048 4694 (
1075 4628 1145 4680 ita
1195 4630 1413 4681 terribile
1466 4639 1573 4681 erat
1615 4629 1752 4698 quod
1799 4629 2106 4701 dicebatur)

533 4713 733 4784 Moyses
779 4718 926 4783 dixit,
977 4717 1262 4772 Exterritus
1307 4737 1415 4773 sum
1467 4730 1516 4773 et
1560 4713 1928 4777 tremebundus.
1978 4724 2112 4791 Quid

533 4806 721 4859 mll‘lllll
781 4823 876 4877 pro
930 4811 1129 4879 popqu
1185 4810 1308 4863 talia
1361 4825 1482 4864 eum
1541 4825 1754 4878 passum
1811 4829 1931 4869 esse
1975 4815 2110 4882 dici,

532 4898 745 4964 quando
793 4900 906 4970 ipse
950 4902 1038 4970 qui
1089 4902 1360 4970 ingressus
1392 4913 1502 4955 erat
1533 4903 1810 4972 caliginem
1833 4950 1846 4972 ,
1882 4909 1966 4964 ubi
1997 4925 2112 4964 erat

539 4990 696 5054 Deus,
743 4990 936 5058 inquit,
990 4990 1274 5045 Exterritus
1319 5009 1433 5045 sum
1481 5005 1526 5047 et
1568 4998 1967 5054 tremebundus?
2010 5002 2115 5055 Sed

532 5080 809 5134 accessistis
836 5081 902 5133 ad
930 5091 1148 5133 montem
1178 5082 1327 5148 Sion,
1367 5093 1411 5136 et
1451 5085 1698 5140 civitatem
1732 5087 1830 5142 Dei
1873 5092 2078 5146 viventis
2098 5136 2112 5161 ,

532 5168 816 5222 Jerusalem
859 5169 1126 5234 cmlestem,
1169 5181 1215 5224 et
1261 5173 1539 5227 multorum
1578 5176 1794 5231 millium
1820 5183 2117 5251 angelorum

535 5263 890 5332 frequentiam,
937 5274 985 5316 et
1012 5259 1287 5318 Ecclesium
1317 5269 1683 5334 primitivorum
1726 5274 1812 5341 qui
1845 5277 2116 5345 conscripti

543 5356 731 5407 suntin
754 5353 909 5417 cwlis,
943 5364 986 5407 et
1006 5356 1234 5425 judicem
1261 5361 1483 5415 omnium
1511 5362 1692 5430 Deunt,
1723 5376 1768 5417 et
1797 5368 2006 5435 spiritus
2023 5371 2113 5438 ju-

537 5456 732 5497 storum
758 5443 1180 5513 perfectorum,et
1203 5447 1500 5505 Testamenti
1528 5456 1642 5508 novi
1669 5457 1998 5512 mediatorem
2029 5459 2120 5515 ,ιε-

538 5550 680 5599 sum,
711 5543 756 5587 et
783 5537 1046 5605 sanguinis
1074 5543 1418 5608 aspersionem
1449 5545 1628 5601 melius
1659 5547 1940 5615 loquentem
1968 5566 2118 5619 quam

538 5625 682 5679 Abel.
716 5625 922 5681 Videsis
955 5643 1053 5698 per
1077 5643 1300 5700 quantas
1340 5650 1427 5689 res
1453 5638 1824 5692 excellentiam
1861 5641 1983 5693 novi
2019 5640 2120 5694 Te-

540 5719 787 5772 stamenti
814 5735 971 5790 supra
996 5733 1145 5778 vetus
1168 5727 1420 5780 ostendit.
1441 5728 1681 5798 Namque
1705 5746 1799 5799 pro
1822 5732 2118 5786 Jeru~alcm

543 5817 800 5880 terrestri,
842 5820 995 5873 datur
1034 5821 1330 5879 Jerusalem
1359 5826 1591 5880 caelestis
1619 5843 1632 5890 ;
1662 5827 1948 5882 Aceessistis
1979 5831 2120 5882 enim

543 5904 606 5959 tul
653 5907 902 5966 civitatem
954 5911 1049 5970 Dei
1100 5915 1325 5984 virentis,
1375 5915 1660 5975 Jerusalem
1705 5919 1950 5976 ca'lcstem
1981 5937 1998 5974 :
2027 5939 2121 5994 pro

1667 6046 1756 6057 ’5"

2208 735 2391 807 Moyse
2418 745 2501 792 est
2521 737 2710 802 Jesus;
2734 735 2800 790 Et
2822 736 3137 803 Testamenn’,
3167 735 3370 805 inquit,
3400 731 3514 788 novi
3539 729 3786 786 mediato-

2212 843 2320 881 rem
2345 827 2524 883 Iesum
2549 844 2567 882 :
2593 843 2689 898 pro
2729 829 2924 898 populo
2948 828 3120 898 angeli
3149 841 3375 894 omnes;
3408 825 3475 878 Et
3509 824 3791 878 multorum

2213 918 2507 988 angelorum
2532 919 2893 990 frequentiam,
2939 919 3130 990 inquit.
3175 918 3445 986 Quasnam
3493 914 3792 985 primitivos

2210 1019 2474 1088 intelligit,
2502 1033 2624 1073 cum
2656 1020 2805 1085 dicit,
2827 1023 2892 1075 Et
2913 1021 3186 1073 Ecclesium
3217 1020 3624 1088 primitivorum?
3659 1019 3786 1074 Om-

2209 1124 2302 1163 nes
2333 1109 2562 1164 ﬁdelium
2595 1110 2810 1164 choros.
2841 1110 3068 1164 Eosdem
3091 1110 3251 1170 etiam
3280 1111 3497 1178 spiritus
3517 1110 3782 1178 justurum

2210 1201 2568 1270 perfectorum
2601 1211 2776 1256 vocat.
2807 1201 2882 1255 Ne
2909 1202 3085 1270 itaque
3113 1215 3255 1269 aegre
3284 1202 3466 1256 feratis
3498 1220 3511 1256 :
3544 1200 3677 1253 Cum
3701 1200 3785 1254 his

2208 1292 2377 1357 eritis,
2410 1292 2597 1361 inquit.
2621 1291 2757 1357 Quid
2780 1300 2861 1346 est
2887 1290 3028 1360 quod
3047 1290 3177 1344 dicit
3201 1308 3215 1345 :
3244 1289 3308 1343 Et
3323 1291 3584 1360 sanguinis
3605 1307 3783 1360 asper-

2208 1382 2399 1436 situem
2446 1382 2628 1435 melius
2674 1381 2959 1451 loquentem
3003 1397 3152 1448 quam
3192 1379 3362 1433 Abel?
3403 1380 3616 1449 sanguis
3656 1395 3784 1450 ergo

2208 1474 2389 1529 Abelis
2419 1474 2668 1544 loquutus
2709 1472 2830 1527 est?
2857 1471 3050 1535 Certe;
3081 1479 3132 1526 et
3159 1469 3448 1540 quomodo,
3480 1470 3602 1524 audi
3642 1470 3782 1524 Pau-

2208 1564 2316 1619 lum
2360 1563 2624 1618 dicentem
2659 1580 2673 1615 :
2710 1561 2841 1616 Fide
2879 1563 3152 1631 plurimam
3200 1561 3415 1614 hostiam
3461 1559 3585 1614 Abel
3633 1577 3784 1630 quam

2209 1655 2334 1710 Cain
2360 1653 2558 1720 obtulit,
2590 1671 2680 1724 per
2698 1669 2849 1722 quam
2875 1641 3211 1706 testimonium
3235 1661 3566 1720 consequutus
3587 1660 3660 1704 est
3683 1667 3785 1706 esse

2197 1746 2413 1816 justus;
2448 1754 2496 1797 et
2542 1760 2631 1813 per
2667 1744 2809 1796 illam
2846 1743 3116 1813 defunctus
3145 1743 3313 1795 adhuc
3339 1743 3558 1811 loquitur
3595 1741 3780 1811 (Hebr.

2208 1835 2295 1890 H.
2324 1833 2384 1907 ι)
2408 1850 2422 1899 ;
2447 1843 2501 1890 el.
2528 1848 2715 1889 rursus
2733 1833 2862 1888 dicit
2889 1833 3026 1887 Deus
3052 1849 3065 1883 :
3103 1831 3210 1885 νοω
3233 1833 3491 1901 sanguinis
3513 1832 3686 1900 fratris
3711 1835 3785 1886 tui

2206 1931 2395 1982 clamat
2434 1927 2504 1981 ad
2528 1944 2607 1982 me
2634 1927 2785 1998 (Gen.
2813 1927 2868 1981 4.
2909 1924 3020 1997 10).
3049 1925 3158 1980 Aut
3183 1924 3285 1978 hoc
3311 1939 3437 1994 ergo
3464 1923 3782 1989 dicendum;

2206 2027 2300 2072 aut
2325 2016 2476 2086 illud,
2503 2018 2643 2088 quod
2672 2017 2846 2072 adhuc
2875 2032 3014 2072 nunc
3041 2015 3390 2082 decantatur;
3431 2015 3524 2070 sed
3569 2030 3673 2069 non
3713 2016 3783 2070 ita

2209 2117 2271 2165 ut
2311 2110 2526 2180 sanguis
2571 2109 2809 2165 Christi:
2856 2109 2946 2163 hic
2989 2110 3132 2164 enim
3162 2122 3352 2162 omnes
3392 2107 3688 2170 mundavit,
3731 2117 3784 2162 ct.

2206 2200 2628 2271 splendidiorem
2652 2200 3046 2254 emittitvocem
3063 2205 3118 2250 et
3135 2199 3604 2269 signiﬁcantiorem
3631 2241 3645 2263 ,
3679 2214 3784 2268 quo

2202 2291 2382 2360 majus
2406 2290 2568 2346 habet
2586 2289 2727 2360 quod
2753 2305 2847 2358 per
2870 2304 2956 2343 res
2982 2289 3150 2343 fertur
3173 2288 3556 2343 testimonium.
3583 2289 3672 2342 25.
3708 2288 3787 2342 Vi-

2208 2391 2319 2437 dete
2347 2400 2409 2437 ne
2435 2383 2672 2438 recusetis
2691 2381 2993 2452 loquentem.
3017 2380 3078 2435 Si
3099 2380 3230 2434 enim
3255 2381 3333 2434 illi
3357 2396 3457 2433 non
3479 2379 3784 2451 eﬂugerunt,

2207 2483 2493 2528 recusantes
2518 2490 2630 2527 eum
2659 2474 2742 2543 qui
2772 2489 2929 2542 supra
2969 2481 3152 2525 terram
3194 2471 3400 2524 oracula
3448 2470 3784 2539 loquebatur:

2208 2564 2366 2618 multo
2393 2563 2551 2633 magis
2581 2579 2691 2626 nos,
2732 2563 2817 2632 qui
2857 2561 2920 2616 de
2959 2562 3095 2616 caalis
3126 2560 3408 2630 loquentem
3436 2561 3576 2614 nobis
3603 2561 3784 2614 averti-

2207 2671 2338 2709 mus.
2385 2654 2477 2708 26.
2525 2652 2683 2722 Cujus
2724 2669 2820 2707 vox
2854 2653 3006 2706 movit
3033 2663 3220 2706 terram
3248 2661 3366 2705 tunc
3397 2667 3417 2706 :
3451 2669 3586 2706 nunc
3622 2662 3791 2707 autem

2207 2745 2510 2814 repromittit
2535 2786 2550 2810 ,
2579 2745 2750 2798 dicens
2773 2761 2792 2798 :
2836 2745 3019 2797 Adhuc
3061 2746 3230 2809 semel,
3265 2755 3310 2798 et
3335 2761 3426 2815 ego
3456 2745 3657 2799 movebo
3687 2762 3791 2800 non

2206 2837 2372 2892 solum
2413 2846 2620 2902 terram,
2647 2837 2734 2890 sed
2774 2846 2820 2889 et
2847 2835 3047 2890 etclam.
3077 2836 3165 2889 27.
3200 2835 3348 2904 Quod
3389 2847 3578 2903 autem,
3606 2837 3786 2892 Adhuc

2207 2927 2380 2992 semel,
2409 2929 2550 2991 dicit,
2571 2928 2794 2982 declarat
2829 2929 3088 2982 mobilium
3116 2928 3499 2982 translationem
3529 2938 3785 2997 tamquam

2207 3019 2478 3089 factorum,
2506 3030 2562 3072 ut
2588 3030 2824 3074 maneant
2863 3036 2920 3074 ea
2943 3036 3056 3087 qua:
3082 3029 3200 3073 sunt
3227 3021 3524 3074 immobilia.
3557 3021 3648 3075 28.
3677 3020 3789 3074 Ita-

2206 3127 2306 3182 que
2345 3128 2558 3182 regnum
2584 3111 2836 3166 immobile
2859 3112 3182 3181 suscipientes
3201 3154 3215 3178 ,
3247 3112 3519 3166 habeamus
3547 3113 3792 3183 gratiam,

2194 3189 2300 3274 ’ρετ
2322 3219 2473 3273 quam
2503 3203 2781 3257 serviamus
2809 3204 3060 3272 placentes
3102 3201 3209 3258 Deo
3239 3219 3355 3256 cum
3394 3213 3528 3256 metu
3567 3214 3615 3258 et
3652 3219 3790 3258 reve-

2207 3293 2393 3347 rentia.
2421 3292 2516 3348 29.
2552 3290 2753 3346 Etenim
2790 3290 2921 3347 Deus
2967 3303 3137 3347 noster
3181 3294 3315 3364 ignis
3345 3309 3646 3348 consumens
3689 3303 3784 3348 est.

2207 3382 2492 3439 Terribilia
2518 3392 2642 3437 sunt
2673 3384 2797 3449 illa;
2845 3383 2939 3438 sed
2970 3385 3137 3438 multo
3168 3382 3282 3438 hazc
3311 3383 3707 3438 admirabiliora
3735 3392 3790 3438 et

2210 3477 2550 3548 prseclariora
2584 3495 2597 3530 :
2629 3491 2734 3530 non
2761 3485 2886 3530 sunt
2914 3477 3057 3531 enim
3092 3475 3328 3531 tenebra:
3359 3476 3466 3542 hic,
3501 3492 3673 3546 neque
3699 3491 3790 3531 ca-

2211 3570 2336 3641 ligo,
2360 3585 2536 3639 neque
2577 3569 2834 3640 procella,
2869 3579 2925 3623 ut
2955 3569 3084 3624 illic.
3119 3569 3184 3623 Et
3214 3585 3312 3624 cur
3343 3579 3469 3624 tunc
3517 3571 3655 3625 Deus
3692 3585 3790 3639 per

2209 3662 2385 3732 ignem
2414 3661 2562 3716 visus
2591 3661 2711 3715 est?
2738 3661 2839 3715 Per
2869 3660 2955 3715 illa
2989 3660 3121 3715 mihi
3161 3661 3372 3715 videtur
3398 3661 3554 3716 tacite
3582 3661 3790 3731 signiﬁ-

2209 3767 2334 3808 care
2353 3751 2549 3807 veteris
2575 3751 2900 3806 Testamenti
2930 3751 3331 3817 obscuritatem,
3359 3751 3638 3820 legemque
3669 3766 3791 3806 esse

2211 3844 2577 3899 adumbratam
2601 3851 2655 3897 et
2681 3853 2958 3913 opertam:
2991 3850 3247 3912 prieterea
3275 3842 3437 3897 etiam
3465 3852 3522 3896 ut
3543 3843 3790 3899 OSIendat

2209 3934 2353 4006 quod
2378 3934 2657 4005 legislator
2682 3948 2803 3989 esse
2831 3933 3026 3989 debeat
3052 3933 3329 4000 terribilis,
3360 3942 3414 3988 et
3438 3949 3563 3989 acer
3594 3936 3644 3988 in
3689 3950 3786 4003 pu-

2219 4027 2428 4082 niendis
2460 4027 2524 4080 iis
2553 4027 2640 4095 qui
2669 4024 3005 4095 delinquunt.

2283 4119 2336 4172 2.
2354 4121 2488 4184 Quid
2510 4137 2636 4175 vero
2662 4123 2800 4176 tuba).
2818 4124 3063 4179 sonitus?
3085 4125 3293 4190 Merito,
3315 4135 3495 4194 utpote
3521 4143 3641 4180 cum
3670 4127 3787 4197 qui-

2215 4209 2333 4263 dam
2358 4226 2447 4265 rex
2469 4212 2626 4265 adsit.
2649 4214 2759 4267 lloc
2774 4214 2986 4284 quidem
3006 4224 3153 4270 certe
3175 4217 3278 4270 erit
3304 4217 3463 4270 etiam
3484 4217 3536 4270 iu
3555 4217 3790 4274 secundo

2214 4299 2446 4355 adventu
2478 4320 2490 4355 :
2531 4301 2674 4355 Tuba
2701 4313 2864 4367 canet,
2895 4305 3098 4374 inquit,
3147 4316 3196 4359 et
3231 4290 3415 4360 omnes
3459 4306 3787 4360 excitabimur

2217 4387 2292 4459 (ί.
2322 4390 2438 4444 Cor.
2468 4393 2554 4447 15.
2585 4393 2700 4463 52).
2731 4394 2911 4464 Itaque
2940 4412 3005 4450 ex
3032 4397 3229 4451 virtute
3274 4396 3366 4452 Dei
3407 4398 3509 4452 erit
3547 4400 3785 4452 omnium

2214 4483 2559 4538 resurrectio.
2606 4485 2719 4539 Vox
2765 4495 2942 4540 autem
2978 4487 3117 4542 tubae
3160 4488 3293 4543 nihil
3323 4489 3465 4544 aliud
3505 4490 3788 4560 signiﬁcat,

2214 4585 2371 4640 quam
2400 4573 2540 4641 quod
2563 4589 2754 4629 omnes
2784 4585 3030 4645 Oporteat
3061 4592 3361 4647 resurgere.
3386 4579 3489 4634 Sed
3523 4589 3649 4633 tunc
3675 4594 3793 4632 om-

2216 4661 2302 4715 nia
2331 4663 2418 4714 illa
2445 4674 2597 4717 erant
2623 4665 2865 4728 sensilia,
2889 4676 2944 4721 et
2973 4668 3300 4736 spectacula,
3333 4679 3389 4724 et
3413 4685 3570 4725 voces
3596 4670 3790 4741 (Exod.

2208 4751 2356 4821 c.19)
2383 4769 2676 4823 :quzevero
2696 4765 2906 4825 postea,
2939 4759 3118 4812 omnia
3148 4760 3502 4830 intelligibilia
3531 4772 3584 4815 et
3613 4762 3793 4816 invisi-

2213 4847 2356 4904 bilia.
2384 4851 2556 4916 Atque
2582 4849 2848 4918 signiﬁcat
2875 4851 3012 4919 ignis
3041 4852 3160 4920 quia
3186 4853 3325 4907 Deus
3349 4854 3481 4923 ignis
3508 4866 3621 4907 est:
3651 4853 3791 4908 Deus

2212 4939 2344 4997 enim
2372 4949 2564 5006 uoster,
2586 4941 2776 5009 inquit,
2803 4941 2936 5012 ignis
2961 4958 3259 4997 consumens
3280 4953 3350 4998 est
3374 4959 3392 4997 :
3417 4945 3587 5013 caligo
3616 4955 3796 5002 autem

2212 5037 2266 5083 et
2297 5030 2534 5084 tenebrae
2577 5040 2632 5085 et
2661 5029 2838 5084 fumus
2864 5047 3050 5087 rursus
3079 5033 3369 5088 ostendunt
3394 5049 3508 5089 rem
3541 5049 3660 5090 esse
3686 5043 3794 5089 ter-

2212 5121 2444 5175 ribilem.
2475 5121 2564 5176 Sic
2584 5123 2745 5177 etiam
2777 5122 2906 5178 dicit
2935 5124 3098 5178 Isaias
3131 5143 3143 5177 :
3177 5124 3246 5179 Et
3271 5127 3450 5180 domus
3484 5126 3691 5197 impleta
3721 5137 3794 5180 est

2213 5214 2352 5284 fumo
2369 5211 2417 5281 (l
2425 5211 2518 5264 sai.
2539 5211 2592 5265 6.
2612 5213 2689 5282 4).
2706 5212 2770 5265 Ει
2790 5212 2917 5282 quid
2941 5214 3039 5268 sibi
3081 5214 3189 5268 vult
3211 5215 3485 5284 procella?
3507 5215 3716 5286 Pigrum
3742 5227 3796 5270 et

2213 5307 2458 5374 ignavum
2483 5318 2601 5356 esse
2624 5319 2792 5372 genus
2821 5306 3107 5359 humanum
3130 5307 3442 5375 :oportebat
3463 5322 3590 5377 ergo
3619 5308 3790 5376 ipsum

2213 5394 2297 5447 his
2325 5392 2567 5447 excitari.
2589 5393 2776 5448 Nullus
2800 5397 2943 5450 etiim
2967 5404 3084 5449 erat
3126 5395 3263 5452 adeo.
3297 5397 3462 5452 hebes
3487 5407 3542 5453 et
3581 5397 3786 5460 tardus,

2223 5485 2299 5553 qui
2333 5499 2437 5538 non
2464 5493 2698 5538 mentem
2727 5499 2939 5539 sursum
2981 5485 3251 5541 attolleret
3279 5501 3399 5540 eum
3432 5487 3549 5542 hrec
3581 5489 3790 5550 fierent,

2212 5589 2330 5628 cum
2358 5573 2502 5643 leges
2525 5573 2811 5629 ferrentur.
2827 5575 3037 5646 Moyses
3065 5576 3416 5645 loquebatur;
3443 5578 3586 5632 Deus
3601 5577 3651 5633 ei
3667 5592 3796 5631 voce

2213 5666 2567 5734 reSpoudebat
2586 5685 2598 5719 :
2615 5668 2895 5736 Oportebat
2911 5669 3052 5723 enim
3075 5670 3166 5722 Dei
3187 5669 3409 5738 proferri
3427 5685 3634 5725 vocem.
3651 5670 3800 5737 Quo-

2214 5757 2352 5808 niam
2379 5771 2472 5824 per
2497 5755 2733 5827 Moysem
2762 5767 2879 5810 erat
2904 5757 3075 5827 legem
3102 5758 3326 5823 laturus,
3357 5769 3640 5828 propterea
3671 5775 3791 5812 cum

2214 5846 2339 5900 facit
2393 5845 2497 5899 [ide
2550 5847 2792 5916 dignum.
2855 5847 2968 5901 Non
3025 5848 3276 5903 videbant
3333 5851 3503 5919 ipsum
3577 5859 3796 5918 propter

2213 5937 2533 6006 caliginem,
2584 5955 2688 5994 non
2749 5938 3034 5996 audiebant
3091 5941 3261 6011 ipsum
3325 5952 3542 6012 propter
3607 5958 3791 5998 vocent
