4202 6464
389 408 511 461 ἓὲί

374 510 683 577 gracilem.
729 510 868 575 Quid
915 512 1079 580 ergo?
1128 513 1268 568 Deus
1320 517 1618 585 respondit,
1666 535 1795 574 voce
1846 524 1996 590 quasi

378 602 661 670 pupulum
690 603 973 672 alloquens
1005 614 1060 659 et
1103 604 1345 661 alliciens
1373 618 1427 662 ut
1459 610 1604 679 leges
1636 613 1865 667 audiret.
1894 616 1995 670 Sed

379 694 583 760 priora
628 705 981 764 repetamus:
1014 697 1135 750 Non
1183 700 1316 752 enim
1359 705 1639 758 accessistis
1685 707 1753 758 ad
1780 719 1998 762 montem

375 787 737 851 tractabilem,
753 797 799 840 et
821 804 1087 841 accensum
1106 792 1293 859 ignem,
1312 768 1355 844 et
1375 795 1505 848 tuba?
1517 799 1752 863 sonitum,
1771 810 1816 851 et
1835 816 2000 853 vocem

376 880 686 937 uerborum.
718 897 871 950 quam
894 882 980 949 qui
1019 884 1292 937 audierunt
1318 899 1678 941 excusavcrunt
1702 907 1772 952 se,
1806 892 1997 960 inquit,

373 986 449 1022 ne
480 972 562 1037 eis
592 973 733 1038 fieret
765 973 988 1025 verbum.
1020 973 1123 1041 lpsi
1154 990 1283 1043 ergo
1310 992 1486 1030 eausm
1516 980 1744 1043 fuerunt,
1771 990 1827 1034 ut
1862 983 1999 1036 Deus

376 1079 488 1128 per
522 1078 748 1117 mit-nem
780 1065 1110 1132 apparuerit.
1147 1067 1281 1133 Quid
1309 1083 1435 1121 vero
1473 1070 1762 1125 dicebant?
1792 1072 2001 1143 Loqua—
2028 1087 2033 1096 '

373 1165 494 1219 tur,
528 1155 727 1224 inquit,
762 1158 905 1209 nobis
936 1156 1159 1228 Moyses,
1189 1169 1235 1211 et
1260 1176 1361 1213 non
1389 1162 1623 1231 loquatur
1650 1164 1793 1218 nobis
1830 1164 1993 1222 Deus.

458 1246 709 1300 Ecclesia
737 1264 959 1316 praesens
978 1253 1131 1303 veteri
1155 1255 1596 1321 prlecellit.—Qui
1621 1255 1818 1312 faciunt
1839 1274 1991 1314 com-

371 1354 447 1406 pa
464 1338 732 1401 rationes,
752 1339 839 1392 illa
865 1342 1035 1409 magis
1050 1341 1283 1406 elevant,
1304 1355 1358 1397 ιιι
1378 1345 1494 1399 hare
1511 1348 1795 1401 ostendant
1824 1351 1997 1405 multo

373 1446 518 1485 esse
546 1430 750 1498 majora
779 1449 791 1481 :
826 1446 927 1499 ego
954 1441 1136 1486 autem
1172 1436 1433 1490 mirabilia
1466 1446 1516 1490 et
1559 1439 1647 1491 illa
1697 1454 1817 1494 esse
1846 1452 1993 1509 puto,

379 1535 587 1593 utpote
630 1524 726 1577 Dei
757 1539 943 1593 opera,
979 1540 1098 1593 qua:
1144 1536 1463 1595 potestatem
1511 1533 1627 1600 ejus
1673 1532 1993 1599 ostendant;

382 1628 581 1669 tamen
637 1614 719 1668 vel
770 1616 848 1669 sic
911 1626 1093 1670 nostra
1145 1620 1515 1686 praestantiora
1556 1630 1613 1676 et
1666 1621 1993 1678 mirabiliora

385 1717 654 1774 emendo.
692 1716 833 1770 Sunt
880 1716 1026 1771 enim
1075 1716 1366 1783 dupliciter
1417 1730 1606 1787 magna
1643 1736 1656 1773 :
1692 1720 1833 1788 quod
1881 1734 2001 1775 eum

382 1813 502 1867 sint
556 1818 612 1864 et
645 1809 907 1879 praeclara
961 1818 1014 1863 et
1068 1810 1294 1879 majora.
1327 1810 1391 1863 ad
1440 1826 1503 1864 ea
1536 1827 1749 1881 quoque
1798 1813 2006 1868 facilior

388 1912 578 1974 pateat
609 1901 812 1955 aditus.
850 1902 965 1956 lloc
1008 1902 1169 1955 etiam
1218 1901 1347 1956 dicit
1378 1903 1620 1957 scribens
1670 1905 1721 1957 in
1765 1904 2003 1974 Epistula

392 1997 461 2051 ad
514 1994 854 2058 Corinthios,
907 1992 1020 2047 Nos
1067 1994 1291 2047 revelata
1333 1994 1464 2062 facie
1519 1993 1739 2066 gloriam
1795 1996 2006 2049 Domini

394 2090 726 2160 speculamur
758 2087 834 2158 (2.
865 2085 986 2142 σοι.
1019 2088 1072 2141 5.
1112 2089 1237 2157 l8);
1272 2096 1326 2141 et
1354 2104 1460 2141 non
1492 2087 1633 2142 sicut
1676 2090 1885 2162 Moyses
1910 2104 2005 2159 po-

405 2186 567 2237 nebat
591 2184 831 2238 velamen
859 2196 1026 2250 super
1055 2181 1244 2236 faciem
1279 2197 1453 2235 suam.
1486 2181 1600 2236 Non
1632 2183 1830 2253 dignati
1856 2194 2000 2250 sunt,

411 2276 608 2344 inquit,
629 2275 704 2327 illi
728 2276 787 2329 iis
809 2275 1005 2344 quibus
1031 2290 1129 2327 nos
1152 2274 1350 2343 dignati
1372 2289 1578 2328 sunms.
1600 2275 1842 2340 Quanam
1860 2276 2002 2329 enim

412 2385 470 2422 re
483 2367 844 2438 suntdignati?
860 2368 1111 2423 tenebras
1125 2368 1705 2437 viderunt,caligincm,
1722 2369 2006 2425 audierunt

408 2478 617 2515 vocem.
632 2460 733 2515 Sed
748 2472 796 2514 tu
813 2476 1027 2529 quoque
1042 2476 1227 2515 vocem
1242 2460 1573 2526 audisti,non
1593 2476 1686 2530 per
1698 2462 2001 2532 caliginem,

403 2554 495 2609 sed
521 2570 615 2621 per
634 2568 845 2608 carnem
867 2570 880 2605 τ
902 2569 1011 2607 non
1037 2554 1181 2608 fuisti
1209 2553 1548 2622 perturbatus
1575 2571 1748 2623 neque
1777 2556 2003 2609 tumultu

399 2647 654 2716 agitatus,
687 2646 780 2700 sed
809 2654 865 2700 et
893 2646 1091 2699 stetisti
1124 2654 1176 2699 et
1215 2645 1468 2714 loquutus
1496 2661 1554 2700 es
1581 2661 1701 2700 cum
1738 2648 2002 2701 interces-

394 2755 541 2794 sore.
592 2740 806 2808 Alioqui
857 2747 912 2792 et
956 2738 1006 2791 id
1057 2738 1200 2807 quod
1248 2754 1354 2792 non
1399 2740 1543 2793 cadit
1588 2742 1688 2795 sub
1727 2753 2001 2810 aspectum

392 2833 633 2888 ostendit
665 2848 761 2901 per
794 2832 1089 2887 tenebras:
1126 2831 1193 2885 Et
1223 2833 1413 2903 caligo,
1450 2833 1641 2902 inquit,
1669 2834 1760 2886 sub
1794 2834 2002 2902 pedibus

388 2926 503 2994 ejus
540 2923 716 2994 (Psal.
757 2924 844 2977 l7.
881 2922 995 2994 10).
1028 2922 1181 2978 Tunc
1210 2925 1371 2976 etiam
1403 2924 1576 2977 timuit
1607 2924 1835 2995 Moyses,
1864 2941 2004 2979 nunc

385 3025 573 3070 autem
607 3015 788 3069 nullus
818 3032 831 3069 :
879 3025 1007 3069 tunc
1038 3015 1266 3085 populus
1297 3015 1448 3068 stetit
1494 3014 1628 3068 infra
1656 3032 1669 3079 ;
1699 3031 1797 3070 nos
1823 3032 2001 3070 autem

385 3123 499 3161 non
532 3106 693 3167 infra,
720 3108 817 3161 sed
847 3106 980 3159 cado
1028 3106 1359 3172 superiores,
1394 3120 1561 3174 prope
1586 3106 1753 3160 Deum
1789 3117 1841 3159 ut
1872 3105 1999 3171 ﬁlii;

385 3201 485 3253 sed
514 3215 621 3252 non
651 3198 789 3252 sicut
818 3198 1052 3268 Moyses.
1083 3196 1196 3251 lllic
1219 3206 1336 3251 erat
1360 3198 1653 3260 desertum,
1679 3198 1765 3251 hic
1790 3200 1998 3263 civitas,

385 3303 438 3347 et
474 3292 770 3345 multorum
804 3290 1033 3343 millium
1064 3290 1379 3359 angelorum
1409 3300 1621 3345 cattus:
1661 3291 1744 3344 hic
1768 3290 2003 3345 ostendit

383 3386 644 3455 gaudium
672 3395 727 3438 et
757 3384 999 3437 laetitiam
1032 3398 1130 3453 pro
1157 3383 1385 3453 caligine
1417 3393 1470 3438 ct
1516 3384 1751 3439 tenebris
1777 3395 1831 3440 et
1877 3400 2003 3454 pro-

384 3478 552 3532 cella.
578 3472 947 3531 litEcrlesiam
980 3478 1441 3545 primogenitorum
1464 3476 1550 3546 qui
1590 3478 1866 3545 conscripti
1886 3485 2002 3531 sunt

386 3572 445 3624 in
472 3569 634 3633 ca'lis,
663 3579 715 3622 et
725 3569 964 3638 judicent
991 3569 1218 3621 omnium
1265 3566 1454 3622 Deum.
1490 3569 1569 3622 llli
1609 3585 1714 3624 non
1752 3585 1997 3625 accesse-

384 3673 553 3729 runt,
599 3663 693 3717 sed
730 3664 917 3733 procul
966 3670 1254 3729 steterunt,
1288 3671 1342 3717 et
1388 3662 1601 3733 Moyses
1634 3681 1645 3715 :
1696 3678 1791 3718 vos
1821 3673 1998 3718 autem

382 3756 721 3812 accessistis.
755 3756 852 3810 llic
880 3770 975 3811 eos
1008 3764 1193 3821 terret,
1218 3756 1437 3811 dicens:
1462 3755 1529 3808 Et
1552 3756 1620 3808 ad
1636 3756 1867 3826 judicem
1890 3773 1999 3809 om-

380 3854 532 3905 nium
570 3852 737 3906 Deum
762 3869 780 3897 ρ·
824 3869 929 3906 non
959 3854 1267 3907 Judteorum
1316 3853 1491 3906 Solum
1520 3863 1573 3907 et
1613 3854 1873 3917 lidclium,
1903 3856 1994 3911 sed

379 3958 439 3998 ct
471 3946 636 3998 totius
671 3946 816 3998 orbis
850 3954 1007 3999 terra:
1039 3946 1247 4001 sedebit
1272 3945 1464 4001 .ludcx.
1498 3945 1566 3999 Ει
1608 3948 1868 4018 spiritibus
1904 3954 1995 4020 fu-

380 4048 586 4090 storum
634 4038 997 4107 perfectorem.
1036 4042 1259 4093 Animas
1292 4038 1420 4093 dicit
1454 4041 1769 4109 probounn.
1815 4039 1875 4092 Et
1902 4039 1995 4094 Te—

382 4131 629 4184 stamenti
670 4130 788 4183 novi
820 4131 1150 4183 mediatorem
1198 4129 1411 4198 Iesum,
1444 4142 1486 4185 et
1516 4133 1780 4201 sanguinis
1820 4149 1996 4200 asper-

370 4224 626 4286 sionem;
662 4222 765 4276 hoc
786 4234 869 4278 est
904 4225 1300 4293 purgationem.
1329 4224 1517 4279 Melius
1544 4225 1827 4296 loquentem
1847 4242 1997 4294 quam

384 4315 538 4370 Abel.
568 4315 625 4370 Si
664 4317 889 4387 sanguis
937 4316 1192 4387 loquitur,
1220 4317 1391 4372 multo
1434 4320 1603 4389 magis
1647 4319 1775 4372 vivit
1819 4320 1862 4373 is
1907 4320 1997 4387 qui

386 4411 490 4463 fuit
515 4410 747 4464 occisus.
773 4411 911 4476 Quid
937 4419 1115 4465 autem
1140 4411 1420 4480 loquitur?
1451 4409 1521 4464 Et
1542 4411 1775 4481 spiritus,
1802 4410 1997 4482 inquit,

386 4504 621 4573 l‘oqttitur
652 4504 921 4572 gemitibus
960 4503 1386 4558 iuenarrabilibus
1416 4502 1595 4575 (Rom.
1623 4504 1675 4558 8.
1707 4502 1825 4574 26).
1859 4506 1999 4572 Quo-

386 4596 559 4651 modo
593 4597 869 4667 loquitur?
922 4596 1053 4650 Nam
1088 4597 1177 4652 ubi
1208 4596 1457 4651 inciderit
1486 4599 1537 4652 in
1565 4608 1799 4652 mentem
1826 4598 2000 4652 since-

388 4706 534 4749 ram,
564 4705 681 4743 eam
712 4691 935 4755 CXt'ilﬂl,
968 4700 1019 4744 et
1058 4689 1186 4743 facit
1233 4700 1289 4743 ut
1319 4690 1590 4759 loquatur.
1635 4688 1809 4742 Videte
1834 4707 1897 4742 ne
1925 4705 1994 4744 re-

388 4782 583 4834 cusetis
630 4783 915 4850 loquentem
935 4797 953 4845 ;
984 4783 1083 4834 hoc
1109 4790 1215 4844 est,
1249 4796 1316 4836 ne
1360 4780 1634 4850 rejiciatis.
1671 4780 1731 4836 Si
1762 4783 1893 4835 enim
1926 4778 2009 4834 illi

387 4890 495 4926 non
526 4872 835 4942 e/fngrrunt,
870 4882 1164 4925 recusantes
1213 4888 1325 4925 eum
1358 4873 1443 4935 qui
1489 4886 1641 4938 super
1686 4881 1873 4924 terram
1917 4877 1999 4927 lo-

386 4966 660 5034 quebatur.
696 4965 996 5029 Quemnam
1031 4963 1200 5018 dicit?
1247 4963 1375 5016 Mihi
1405 4964 1615 5019 videtur
1644 4963 1825 5018 dicere
1848 4965 2000 5034 Moy-

390 5072 536 5111 seni.
596 5057 706 5110 lloc
736 5067 818 5109 est
864 5067 1043 5109 autem
1092 5057 1230 5126 quod
1265 5057 1395 5111 dicit
1424 5075 1437 5109 :
1471 5057 1527 5111 Si
1569 5072 1673 5110 non
1702 5057 2003 5126 effugerunt

386 5148 483 5217 qui
518 5158 839 5201 recusarunt
868 5165 987 5201 enni
1033 5150 1120 5215 qui
1154 5148 1329 5217 legem
1364 5147 1569 5201 ferebat
1599 5149 1652 5201 in
1687 5158 1850 5209 terra,
1878 5162 1999 5201 eum

388 5243 483 5310 qui
514 5257 546 5295 c
588 5241 723 5294 cado
772 5240 876 5294 fert
908 5240 1081 5310 legem
1134 5240 1407 5309 quomodo
1451 5240 1861 5294 recusabitnns?
1904 5240 2002 5298 llic

392 5345 578 5387 autem
616 5332 854 5387 ostendit
898 5347 1004 5385 non
1048 5332 1190 5401 quod
1225 5333 1315 5385 ille
1364 5333 1435 5385 sit
1470 5332 1651 5397 alios;
1682 5332 1861 5386 absit:
1894 5346 2000 5384 non

391 5427 562 5481 alium
614 5436 665 5478 et
693 5425 856 5477 alium
889 5424 1144 5485 ostendit,
1166 5424 1259 5477 scd
1289 5423 1430 5492 quod
1459 5422 1703 5477 videatur
1729 5425 2001 5483 terribilis,

392 5536 585 5575 vocem
639 5519 895 5572 emittens
940 5534 970 5570 e
1006 5518 1160 5572 caelo.
1213 5517 1356 5571 ldetn
1385 5516 1599 5586 quidem
1628 5526 1710 5571 est
1739 5526 1794 5571 et
1841 5515 1925 5570 hic
1952 5525 2006 5571 et

392 5616 524 5676 ille;
587 5613 674 5667 hic
721 5621 899 5666 autem
933 5621 1016 5664 est
1050 5611 1304 5665 terribilis
1339 5629 1351 5664 :
1387 5627 1491 5663 non
1517 5612 1659 5664 enim
1694 5609 1827 5665 dicit
1855 5610 2010 5665 diffe-

392 5705 631 5760 rentiam
684 5719 1064 5773 personarum,
1096 5704 1189 5756 sed
1221 5702 1509 5754 donorum.
1560 5699 1715 5755 Unde
1748 5699 1849 5754 hoc
1877 5718 2008 5757 con-

390 5796 546 5851 stat?
597 5795 676 5848 Ex
722 5796 786 5849 iis
817 5810 937 5863 qua:
978 5793 1258 5863 subjungit
1288 5810 1299 5845 :
1338 5792 1397 5847 Si
1421 5795 1554 5845 enim
1580 5792 1658 5845 illi
1689 5808 1791 5845 non
1818 5790 2007 5859 elfnge-

396 5902 542 5958 runt,
600 5897 895 5942 rcrusantcs
947 5902 1060 5941 eum
1093 5887 1180 5957 qui
1236 5902 1387 5955 super
1433 5894 1619 5938 terram
1675 5884 2009 5954 loquebatur;

1204 407 1268 461 ΙΝ
1310 407 1528 462 EPlS'l‘.
1572 408 1662 461 AD
1703 407 2067 461 llEBllASOS.
2112 409 2263 463 CAP.
2307 411 2419 464 ΧΗ.
2467 410 2696 465 llOMlL.
2741 412 2937 467 XXXII

3595 415 3699 473 932

2103 513 2264 567 multo
2291 511 2453 580 magis
2494 526 2583 563 nos
2620 510 2705 578 qui
2748 510 2889 562 nobis
2916 510 2979 561 de
3004 509 3141 562 cretis
3171 510 3451 577 loquentem
3494 527 3695 563 aversa-

2104 618 2240 657 mur.
2279 601 2415 666 Quid
2457 602 2625 670 ergo?
2671 612 2825 654 estne
2856 600 2939 652 liie
2965 600 3103 653 alius
3146 600 3211 653 ab
3244 600 3375 655 illo?
3426 611 3698 669 quotttnau

2102 709 2232 763 ergo
2259 692 2419 755 dicit,
2453 691 2611 762 Cujus
2636 708 2734 745 vox
2778 694 2929 745 movit
2981 702 3167 744 terram
3197 693 3358 745 tunc?
3407 709 3506 746 \‘nX
3552 695 3696 746 enim

2113 788 2222 850 aius
2249 786 2336 853 qui
2368 784 2516 838 dedit
2549 785 2744 854 legem,
2777 794 2978 837 terram
3018 785 3203 837 movit.
3242 782 3397 836 Nunc
3427 794 3592 837 autem
3618 801 3698 837 re-

2102 879 2372 949 promittit,
2419 879 2591 931 dicens
2620 895 2637 931 :
2671 877 2849 943 Adhuc
2894 878 3069 941 semel,
3113 887 3159 931 et
3206 893 3297 945 ego
3342 877 3545 930 movebo
3597 894 3699 931 non

2103 974 2273 1025 solum
2310 982 2515 1031 (errant,
2549 971 2637 1023 sed
2683 971 2833 1023 etiam
2869 970 3072 1023 etclam.
3118 969 3476 1036 Quodautcm,
3522 969 3700 1021 Adhuc

2102 1066 2275 1129 semel,
2307 1066 2451 1123 dicit,
2488 1066 2714 1117 declarat
2739 1063 3005 1116 mobilium
3036 1063 3418 1115 translationem
3443 1072 3699 1130 tamquam

2103 1162 2377 1226 factorum.
2395 1156 2677 1211 Tolientur
2700 1171 2828 1223 ergo
2846 1155 3023 1208 omnia
3050 1154 3115 1207 de
3135 1153 3333 1217 medio,
3355 1156 3700 1222 compingen-

2104 1261 2299 1319 torque
2346 1250 2524 1302 otnnia
2553 1264 2622 1302 ex
2653 1248 2762 1300 alto
2791 1248 2842 1300 in
2891 1247 2941 1299 id
2987 1245 3127 1314 quod
3160 1255 3241 1298 est
3269 1246 3526 1313 optimum
3556 1263 3567 1297 :
3595 1243 3697 1296 hoc

2102 1342 2242 1392 enim
2274 1336 2356 1391 his
2381 1341 2538 1393 tacite
2560 1338 2996 1408 significat.Quid
3021 1354 3148 1408 ergo
3171 1338 3476 1401 doles,cum
3505 1340 3700 1403 pateris

2104 1432 2152 1483 in
2200 1437 2400 1485 mundo
2432 1447 2537 1484 non
2586 1431 2843 1495 manenti,
2873 1447 2996 1484 cum
3019 1430 3275 1498 allligeris
3306 1429 3357 1481 in
3390 1427 3588 1481 mundo
3611 1428 3699 1496 qui

2104 1524 2260 1592 paulo
2286 1533 2403 1593 post
2433 1522 2733 1576 ινξιπιδὶιῖδί
2763 1524 2813 1575 in
2836 1522 3117 1591 posteriori
3140 1533 3383 1589 tempore
3404 1521 3586 1573 mundi
3617 1519 3700 1572 ία-

2105 1626 2221 1671 tnra
2242 1626 2382 1671 esset
2402 1617 2613 1687 requies
2627 1626 2681 1671 et
2703 1616 2973 1679 remissio,
3006 1625 3131 1668 tunc
3153 1615 3314 1683 afﬂigi
3343 1622 3617 1682 npOt‘lt't‘Cl
3635 1608 3702 1666 ad

2102 1710 2263 1765 linem
2302 1709 2675 1778 aspicientem.
2714 1707 2780 1764 Ut
2816 1717 3075 1772 maneant,
3109 1708 3301 1776 inquit,
3326 1722 3438 1777 qua:
3464 1715 3580 1759 sunt
3608 1706 3701 1758 im-

2100 1802 2331 1857 mobilia.
2364 1805 2620 1868 Quacnam
2649 1813 2827 1856 autem
2855 1811 2981 1855 sunt.
3011 1801 3345 1854 immobilia?
3380 1800 3601 1854 Futura.

2173 1898 2225 1951 5.
2258 1895 2452 1949 Omnia
2483 1910 2612 1964 ergo
2632 1910 2728 1963 pro
2752 1898 2852 1948 hoc
2879 1904 3193 1963 agautns,ut
3218 1893 3303 1945 illa
3328 1907 3696 1961 assequamur,

2102 1988 2207 2041 illis
2238 1996 2294 2041 ut
2321 1986 2563 2040 fruamur
2592 1987 2765 2039 bonis.
2802 1986 2982 2051 Certe,
3010 2001 3142 2054 rogo
3173 1995 3226 2037 et
3252 1984 3497 2047 ubsccm,
3526 1985 3577 2037 in
3602 1984 3701 2040 hoc

2103 2084 2339 2137 studium
2388 2095 2668 2152 ponamus.
2700 2081 2755 2135 In
2780 2082 2995 2134 civitate
3022 2096 3140 2147 qum
3182 2090 3265 2133 est
3311 2079 3511 2131 ruitura
3547 2094 3701 2131 nemo

2103 2174 2354 2229 trdifieat.
2387 2174 2479 2227 Dic
2508 2173 2661 2237 mihi,
2690 2188 2839 2242 rogo,
2872 2173 2913 2226 si
2962 2173 3077 2240 quis
3108 2171 3309 2224 diceret
3340 2171 3453 2224 fore
3502 2179 3557 2222 ut
3590 2169 3707 2221 Ιιςιεο

2101 2270 2289 2324 civitas
2313 2278 2429 2337 post
2448 2284 2645 2321 annum
2670 2276 2920 2329 corruat;
2948 2266 3031 2319 illa
3060 2281 3185 2319 vero
3207 2281 3518 2333 numquam,
3538 2264 3700 2317 :edili-

2102 2378 2327 2418 caresne
2352 2363 2402 2415 in
2429 2377 2489 2417 ea
2517 2377 2633 2431 quae
2656 2369 2739 2415 est
2755 2362 2957 2413 ruitura
2975 2360 2997 2399 ?
3019 2358 3379 2426 Quamobrem
3402 2374 3542 2411 nunc
3565 2374 3700 2428 quo-

2104 2472 2208 2527 que
2225 2456 2381 2510 dico:
2411 2455 2488 2510 Ne
2510 2454 2837 2508 :cdilicemus
2865 2453 2916 2506 in
2943 2453 3043 2504 hoc
3066 2452 3265 2506 mundo
3291 2470 3301 2502 :
3334 2451 3528 2505 cadent
3548 2451 3701 2515 paulo

2104 2562 2227 2621 post
2248 2560 2299 2605 et
2333 2551 2582 2619 peribunt
2603 2549 2802 2602 omnia.
2823 2547 2961 2614 Quid
2988 2562 3117 2600 vero
3144 2546 3285 2606 dico,
3319 2547 3548 2600 casura?
3579 2556 3706 2598 ante

2108 2645 2225 2712 ejus
2270 2643 2479 2695 ruinam
2514 2657 2611 2694 nos
2650 2641 2944 2711 peribimus
2997 2648 3051 2693 et
3074 2639 3253 2709 gravia
3288 2640 3574 2708 patiemur,
3606 2652 3705 2693 nos

2104 2751 2167 2790 ex
2218 2735 2347 2805 ipsis
2378 2733 2724 2788 excedemus.
2756 2732 2862 2786 Cur
2889 2731 3217 2785 :cdilicamus
3249 2745 3408 2798 super
3439 2731 3700 2783 arenam?

2180 2830 2349 2883 Terrw
2367 2840 2534 2882 motus
2581 2826 3029 2896 con'lagrationes,
3050 2824 3272 2877 hostium
3302 2823 3694 2885 irruptiones.—

2107 2921 2462 2978 IEditicemus
2490 2937 2652 2988 supra
2686 2935 2890 2991 petram
2919 2923 3132 2995 (Matth.
3152 2926 3207 2978 '7.
3242 2922 3370 2992 27):
3400 2940 3520 2979 nam
3550 2923 3707 2993 quid-

2105 3014 2230 3083 quid
2262 3014 2499 3080 irruerit,
2526 3014 2665 3068 dirui
2709 3030 2812 3068 non
2845 3016 3040 3084 poterit
3068 3015 3198 3069 illud
3229 3015 3535 3083 tcditieium,
3571 3016 3701 3071 nihil

2104 3106 2156 3162 id
2188 3116 2363 3177 potest
2388 3123 2729 3178 expugnare;
2779 3118 2834 3163 et
2856 3108 3050 3163 merito
3085 3127 3097 3163 :
3132 3126 3255 3163 nam
3304 3110 3368 3165 ad
3425 3111 3573 3166 illum
3629 3113 3699 3166 lo-

2103 3215 2223 3254 cum
2276 3201 2437 3255 nullis
2488 3200 2698 3255 insidiis
2748 3210 2894 3270 patet
2943 3201 3139 3269 aditus,
3190 3203 3329 3257 sicut
3373 3213 3557 3257 contra
3619 3204 3702 3257 hic

2104 3302 2250 3362 patet
2278 3293 2549 3347 invadenti
2584 3311 2596 3347 :
2644 3309 2766 3347 nam
2808 3302 2863 3349 et
2904 3303 3062 3349 terra:
3106 3306 3285 3349 motus
3313 3305 3366 3350 et
3404 3295 3698 3367 conflagrav

2102 3385 2280 3440 tiones
2304 3394 2357 3439 et
2387 3385 2621 3441 hostium
2667 3387 3016 3454 irruptiones,
3063 3386 3178 3440 hate
3216 3389 3375 3441 etiam
3419 3404 3516 3443 nos
3546 3388 3700 3442 vivos

2103 3479 2317 3549 privant
2342 3479 2444 3534 isto
2473 3480 2727 3545 mdilicio,
2758 3495 2901 3549 saepe
2930 3494 3111 3535 autem
3145 3482 3306 3535 etiam
3354 3498 3475 3534 cum
3504 3498 3568 3535 eo
3600 3499 3699 3536 nos

2100 3571 2353 3641 perdunt.
2403 3572 2628 3639 Quando
2670 3584 2847 3626 autem
2893 3573 3067 3641 ipsum
3103 3576 3263 3627 etiam
3311 3574 3540 3637 steterit,
3574 3585 3700 3628 tunc

2100 3681 2201 3722 nos
2226 3678 2319 3721 aut
2349 3670 2569 3722 morbus
2592 3669 2700 3723 cito
2730 3669 2967 3731 abducit,
3002 3681 3091 3724 aut
3121 3680 3405 3725 manentes
3437 3688 3541 3724 non
3572 3670 3700 3725 sinit

2100 3776 2166 3815 eo
2194 3770 2342 3815 recte
2371 3760 2473 3815 frui
2504 3780 2517 3815 :
2551 3778 2797 3832 quaenam
2829 3764 2972 3817 enim
3002 3775 3087 3817 est
3124 3764 3395 3831 volttpfas,
3437 3764 3527 3817 ubi
3574 3776 3695 3817 sunt
3730 3800 3733 3803 λ

2098 3852 2295 3917 morbi,
2326 3860 2380 3906 et
2408 3852 2715 3916 calumniae,
2750 3862 2804 3907 et
2848 3854 3071 3919 invidia,
3121 3865 3174 3907 et
3226 3854 3475 3907 insidize?
3520 3855 3623 3908 Aut
3654 3856 3697 3908 si

2100 3945 2203 4000 hoc
2244 3961 2350 3999 non
2392 3945 2501 4011 sit,
2535 3960 2679 4014 smpe
2720 3946 2965 4001 dolemus
3012 3959 3067 4002 et
3112 3963 3255 4017 :rgrc
3287 3947 3505 4002 ferimus
3555 3950 3696 4018 quod

2100 4037 2302 4092 liberos
2347 4052 2455 4091 non
2502 4038 2904 4106 susceperimus
2933 4080 2947 4102 ,
3004 4056 3108 4093 non
3163 4040 3427 4094 habentes
3477 4042 3560 4094 cui
3602 4057 3697 4095 no-

2098 4141 2240 4183 stras
2268 4129 2461 4183 domos
2491 4139 2795 4198 etctcraque
2824 4130 3129 4193 tradamus;
3172 4141 3224 4183 et
3262 4129 3459 4184 deinde
3490 4131 3703 4185 crueia-

2098 4239 2219 4276 mur
2242 4221 2383 4291 quod
2419 4222 2726 4276 laboremus
2754 4223 2895 4277 aliis.
2916 4223 3069 4291 Smpc
3091 4230 3271 4277 autem
3304 4224 3465 4278 etiam
3497 4225 3563 4277 ad
3597 4240 3695 4279 no-

2098 4325 2240 4370 stros
2274 4316 2520 4370 inimicos
2548 4328 2729 4370 nostra
2762 4318 3005 4385 pervenit
3057 4316 3350 4380 hereditas,
3386 4332 3490 4370 non
3522 4318 3697 4371 solum

2098 4422 2219 4462 cum
2254 4422 2352 4460 nos
2378 4408 2797 4474 excesserimus,
2818 4408 2912 4463 sed
2935 4408 3094 4462 etiam
3122 4409 3278 4463 nobis
3305 4408 3481 4463 adhuc
3512 4410 3698 4464 viven-

2100 4504 2260 4557 tibus.
2284 4502 2421 4569 Quid
2451 4518 2580 4573 ergo
2598 4513 2681 4557 est
2705 4504 2953 4557 miserius
2971 4520 3130 4573 quam
3160 4504 3408 4559 laborare
3438 4504 3693 4567 inimicis,

2093 4605 2145 4651 et
2189 4604 2246 4649 ιιι
2278 4596 2353 4649 illi
2386 4595 2437 4649 in
2467 4597 2647 4665 quiete
2674 4595 2904 4665 degant,
2936 4597 3040 4651 sibi
3092 4607 3311 4666 peccata
3366 4600 3697 4668 congerere?

2096 4690 2267 4759 llujns
2294 4691 2369 4744 rei
2400 4691 2563 4743 multa
2597 4691 2838 4759 exempla
2869 4701 3162 4745 cernuntur
3194 4692 3245 4745 in
3272 4693 3620 4758 civitatibus;
3645 4701 3697 4745 et

2097 4792 2272 4845 taceo,
2329 4798 2397 4837 ne
2457 4782 2702 4836 molestia
2749 4785 2979 4837 alliciam
3021 4799 3114 4837 eos
3142 4788 3230 4853 qui
3282 4797 3409 4840 sunt
3464 4784 3696 4852 privati;

2095 4874 2357 4944 quosdam
2388 4889 2452 4928 ex
2487 4876 2565 4928 eis
2598 4875 3187 4938 nominatimdicerem,
3213 4886 3267 4931 et
3297 4878 3459 4930 multa
3485 4892 3695 4946 possem

2098 4982 2337 5029 narrare,
2362 4977 2413 5020 et
2444 4966 2639 5019 multas
2665 4966 2814 5019 Vobis
2842 4966 3032 5020 domos
3059 4968 3369 5027 ostendere.
3394 4983 3512 5037 qua:
3533 4983 3663 5022 acce
3680 4999 3693 5008 -

2097 5068 2291 5130 perunt
2322 5060 2567 5114 dominos
2606 5060 2853 5114 inimicos
2879 5076 3067 5113 eorum
3096 5060 3185 5129 qui
3228 5060 3359 5114 iniis
3378 5059 3701 5115 fabricandis

2094 5162 2147 5206 et
2178 5153 2436 5205 ornandis
2463 5152 2867 5206 laboraverant:
2888 5166 2992 5204 non
3015 5152 3187 5204 solum
3219 5162 3396 5206 autem
3416 5153 3579 5216 mdes,
3599 5159 3691 5207 sed

2093 5252 2149 5296 ct
2178 5244 2443 5310 mancipia
2471 5253 2525 5297 et
2556 5253 2666 5297 tota
2691 5260 2835 5313 srepe
2864 5242 3133 5297 hereditas
3162 5245 3489 5312 pervenitad
3520 5246 3694 5297 inimi-

2098 5360 2213 5401 cos.
2244 5344 2401 5398 Tales
2424 5354 2549 5396 sunt
2571 5354 2659 5396 res
2684 5346 2951 5396 humanm.
2982 5341 3037 5394 lu
3063 5340 3210 5394 caelis
3245 5347 3423 5392 autem
3456 5338 3587 5391 nihil
3612 5350 3695 5392 est

2094 5438 2286 5493 horum
2321 5437 2464 5506 quod
2495 5436 2767 5499 verearis;
2811 5450 3005 5502 nempe
3055 5449 3123 5487 ne
3151 5448 3274 5487 cum
3317 5433 3417 5485 iste
3444 5431 3692 5486 decesse-

2094 5530 2193 5594 rit,
2240 5527 2381 5582 alius
2431 5527 2611 5580 veniat
2658 5526 2928 5590 inimicus,
2978 5538 3030 5579 et
3081 5522 3336 5578 succedat
3386 5522 3690 5577 hereditati.

2092 5618 2226 5675 Nam
2260 5633 2434 5687 neque
2462 5634 2609 5671 mors
2639 5626 2721 5671 est
2754 5617 2883 5682 illic,
2916 5633 3014 5671 nec
3047 5616 3378 5678 inimicitiae;
3413 5616 3527 5669 Sola
3570 5626 3699 5669 sunt

2095 5719 2410 5766 sanctorum
2459 5708 2851 5763 tabernacula:
2888 5709 2938 5762 in
2988 5708 3093 5761 illis
3143 5716 3324 5760 autem
3372 5706 3571 5759 sanctis
3614 5714 3689 5759 est

2092 5804 2402 5870 exsultatio,
2435 5802 2716 5873 gaudium,
2751 5801 2935 5855 lmtitia
2966 5817 2981 5856 :
3025 5799 3137 5852 Vox
3180 5800 3348 5864 enim,
3384 5798 3556 5865 inquit
3606 5812 3691 5849 ra;-

2087 5895 2383 5953 sultationis
2437 5904 2508 5949 est
2556 5895 2607 5949 ii:
2651 5892 2989 5947 tabernaculis
3038 5892 3289 5954 iustorum
3340 5890 3509 5960 (Μαι.
3570 5890 3689 5944 ll7.
