4202 6448
545 392 657 457 293

566 498 680 572 15).
723 499 860 556 Sunt
887 507 1110 567 mterna,
1139 498 1302 554 finem
1331 513 1441 554 non
1490 499 1741 556 habentia
1766 518 1779 555 :
1814 516 1876 558 ea
1905 509 2150 574 tempore

567 605 676 645 non
705 600 983 655 corruunt,
1020 605 1127 644 non
1154 598 1365 644 mutant
1404 604 1768 660 possessores,
1797 593 1893 649 sed
1921 602 2066 651 stant
2091 595 2147 652 in

563 690 823 751 perpetuo
853 681 985 737 flore
1010 694 1075 736 ac
1100 681 1319 752 vigore;
1366 691 1421 737 et
1454 683 1669 738 merito.
1714 684 1832 740 Non
1875 694 1959 741 est
2000 688 2148 743 enim

562 773 668 829 illic
692 772 888 844 aliquid
907 774 1237 843 eorrnptioni
1256 773 1548 829 obnoxium
1570 775 1694 831 etin
1717 777 1858 848 quod
1885 778 2043 835 cadat
2066 780 2149 836 in-

563 865 772 927 teritus,
798 864 893 919 sed
924 873 1051 918 sunt
1077 865 1255 919 omnia
1287 866 1611 922 immortalia
1639 876 1694 922 et
1722 869 1774 923 in
1818 885 1936 940 qua:
1962 871 2149 927 interi-

560 968 646 1012 tus
669 956 800 1011 nihil
830 966 1025 1027 poteSt.
1059 957 1114 1012 in
1144 958 1246 1013 hoc
1285 958 1571 1015 aedificium
1602 961 1936 1018 eli'undamus
1984 979 2147 1034 pecu-

560 1050 676 1105 nias
707 1068 721 1103 :
754 1064 861 1104 non
889 1057 972 1104 est
996 1049 1151 1106 nobis
1176 1065 1311 1121 opus
1339 1050 1526 1119 fabris,
1564 1068 1669 1108 non
1694 1055 1987 1123 operariis:
2012 1072 2145 1127 pau-

556 1155 747 1212 perum
775 1156 967 1197 manus
997 1143 1095 1197 has
1122 1142 1277 1197 nobis
1307 1144 1452 1200 ardes
1473 1145 1758 1214 aedificant,
1778 1147 2139 1217 claudi,ea:-ei,

554 1244 611 1290 et
642 1234 673 1288 ii
708 1235 797 1304 qui
821 1244 947 1290 sunt
969 1236 1143 1291 manci
1174 1252 1237 1291 ac
1269 1237 1441 1291 mutili
1468 1256 1482 1292 :
1511 1237 1564 1292 hi
1597 1239 1715 1293 illas
1737 1239 2145 1298 tedilieant.Nec

556 1328 788 1391 mireris,
819 1342 940 1381 eum
971 1329 1131 1383 etiam
1161 1345 1384 1399 regnum
1414 1330 1514 1401 ipsi
1563 1332 1717 1386 nobis
1746 1334 2032 1389 concilient
2051 1380 2065 1401 ,
2090 1349 2145 1392 et

553 1418 620 1472 ad
655 1420 819 1472 Deum
848 1419 973 1474 dent
1003 1420 1157 1475 nobis
1183 1420 1453 1477 fiduciam.

627 1509 964 1582 Eleemosyna
1004 1530 1068 1568 ea:
1105 1514 1289 1584 rapina
1327 1517 1664 1587 improbatur.
1698 1519 1900 1576 Laudes
1929 1522 2143 1578 elcema-

553 1605 1144 1677 synw.——Eleemosyna
1158 1606 1301 1662 enim
1326 1610 1616 1679 estoptima
1634 1621 1685 1666 et
1701 1619 2139 1684 praestantissima

553 1694 796 1763 quaedam
813 1710 918 1759 ars,
935 1705 1117 1766 etquae
1134 1700 1498 1766 patrocinatur
1513 1702 1591 1757 eis
1611 1706 1698 1774 qni
1718 1718 1969 1764 exercent
1984 1727 2098 1765 eam
2121 1729 2135 1766 :

551 1794 635 1839 est
650 1785 789 1839 enim
811 1786 920 1841 Deo
936 1788 1127 1856 amica,
1147 1798 1251 1843 stat
1271 1805 1484 1860 semper
1499 1793 1547 1847 ei
1566 1796 1882 1867 propinqua,
1906 1816 2003 1868 pro
2023 1803 2143 1870 qni-

550 1873 653 1928 bus
708 1875 835 1928 velit
862 1875 1014 1930 facile
1052 1885 1239 1946 petens
1275 1882 1525 1949 gratiam,
1565 1885 1608 1937 si
1641 1885 1803 1940 modo
1838 1904 1865 1940 a
1903 1891 2057 1945 nobis
2088 1894 2138 1947 ei

550 1979 656 2019 non
688 1964 779 2019 ﬁat
820 1965 1048 2036 injuria;
1082 1967 1141 2022 fit
1165 1979 1366 2038 autem,
1404 1972 1616 2040 quando
1642 1990 1758 2030 eam
1797 1978 2021 2037 facimus
2069 2001 2136 2039 ex

548 2057 768 2126 rapina:
797 2058 936 2128 quod
965 2059 1011 2113 si
1038 2059 1109 2114 sit
1135 2074 1266 2130 pura
1294 2077 1355 2117 ac
1376 2063 1608 2132 sincera,
1628 2070 1848 2123 multum
1875 2073 1967 2128 dat
1995 2074 2134 2131 fidu-

545 2152 683 2207 ciam
712 2152 777 2207 iis
803 2154 893 2223 qui
929 2169 1048 2210 eam
1082 2171 1293 2211 sursum
1340 2161 1609 2218 emittunt.
1644 2164 1829 2222 Tanta:
1864 2181 1987 2226 sunt
2017 2176 2132 2242 ejus

545 2242 709 2307 vires,
741 2253 798 2297 nt
823 2244 981 2299 etiam
1007 2260 1103 2315 pro
1130 2246 1194 2301 iis
1224 2260 1477 2317 precetur
1504 2255 1593 2323 qni
1620 2254 1753 2327 lapsi
1782 2271 1907 2316 sunt
1931 2266 2129 2336 quique

545 2344 857 2403 peeearunt.
893 2336 1008 2406 Ipsa
1052 2338 1323 2411 perfringit
1372 2344 1602 2413 vincula,
1648 2349 1808 2405 solvit
1855 2356 2125 2425 tenebras,

546 2426 723 2496 ignem
769 2430 1089 2500 exstinguit,
1130 2447 1366 2488 vermem
1419 2437 1708 2507 interimit,
1740 2445 1959 2514 expellit
1998 2452 2128 2505 stri-

543 2517 728 2574 dorem
776 2521 1013 2577 dentium
1047 2543 1061 2579 :
1092 2526 1139 2579 ei
1184 2541 1303 2581 eum
1338 2545 1526 2600 magna
1555 2535 1844 2592 securitate
1871 2543 2126 2609 aperiun-

531 2625 620 2669 tur
670 2624 838 2684 porta:
889 2616 1162 2673 cmlorum.
1214 2618 1282 2673 Et
1337 2621 1474 2677 sicut
1521 2623 1855 2696 ingrediente
1916 2632 2120 2701 regina,

531 2705 709 2760 nullus
735 2721 799 2762 ex
843 2706 929 2773 iis,
963 2708 1047 2763 cui
1090 2719 1174 2765 est
1214 2713 1504 2769 commissa
1549 2725 1824 2785 portarum
1852 2722 2118 2792 custodia,

530 2796 748 2851 audebit
776 2798 1086 2856 examinare
1114 2817 1360 2872 quaenam
1405 2807 1476 2859 sit
1512 2817 1565 2861 et
1595 2808 1769 2875 unde,
1800 2811 1895 2867 sed
1933 2830 2121 2871 omnes

530 2888 710 2943 statim
738 2903 858 2944 eam
899 2891 1172 2961 excipiunt
1200 2912 1213 2948 :
1246 2893 1316 2950 ita
1356 2897 1518 2952 etiam
1560 2900 1958 2974 eleemosyuam
1992 2923 2005 2960 :
2035 2918 2119 2963 est

531 2980 676 3035 enim
708 2994 770 3037 re
797 2996 924 3037 vera
953 2985 1160 3055 regina,
1194 2985 1440 3044 homines
1485 2991 1595 3046 Deo
1642 2992 1843 3051 faciens
1888 2997 2117 3055 similes.

530 3068 709 3126 Estote
751 3073 916 3141 enim,
960 3074 1152 3145 inquit,
1200 3078 1570 3148 misericordes,
1608 3084 1735 3138 sicut
1774 3084 1935 3141 Pater
1966 3102 2122 3145 rester

530 3162 748 3217 ctelestis
775 3173 850 3218 est
876 3166 1165 3223 misericors
1193 3167 1342 3239 (Luc.
1370 3169 1422 3225 6.
1448 3171 1560 3244 '56).
1591 3172 1687 3228 Est
1711 3176 1847 3231 alata
1878 3188 1933 3233 et
1964 3179 2118 3248 levis,

531 3253 646 3308 alas
675 3253 835 3309 habet
862 3269 1076 3323 aureas,
1106 3258 1268 3314 habet
1297 3260 1527 3315 volatum
1570 3265 1660 3334 qui
1699 3267 1853 3323 valde
1883 3270 2121 3329 oblectat

530 3345 773 3414 angelos.
807 3346 938 3412 Illic,
986 3347 1175 3418 inquit,
1208 3348 1400 3406 Penme
1445 3352 1696 3410 columba:
1755 3359 2117 3432 deargentatte,

531 3445 580 3491 et
609 3435 818 3491 dorsum
864 3439 976 3509 ejus
1018 3439 1073 3492 in
1101 3438 1306 3511 fulgore
1350 3443 1465 3497 auri
1496 3443 1667 3515 (Psal.
1697 3447 1786 3503 67.
1819 3452 1930 3523 M).
1964 3452 2123 3511 Volat

530 3528 675 3582 enim
717 3538 987 3597 tamquam
1023 3531 1270 3601 quaedam
1302 3548 1461 3590 aurea
1507 3546 1563 3591 et
1612 3539 1801 3597 vivens
1845 3543 2116 3615 columba,

532 3619 800 3690 placidum
829 3620 1033 3678 habens
1061 3635 1339 3694 aspectum
1379 3639 1433 3684 et
1472 3631 1657 3688 mitem
1694 3636 1930 3697 oculum.
1974 3638 2120 3695 Nihil

531 3722 616 3768 est
643 3714 739 3768 illo
767 3715 924 3771 oculo
955 3717 1170 3773 melius.
1200 3719 1428 3779 Pulcher
1456 3734 1540 3780 est
1567 3735 1622 3781 et
1649 3742 1805 3797 pavo,
1836 3729 1933 3785 sed
1962 3733 2027 3787 ad
2058 3734 2122 3788 il-

532 3804 637 3860 lam
663 3806 910 3870 collatns.
939 3818 1021 3864 est
1046 3812 1296 3880 graculus
1315 3833 1329 3869 :
1347 3813 1482 3869 adeo
1508 3826 1590 3870 est
1619 3815 1735 3873 haec
1760 3820 1874 3874 avis
1899 3822 2145 3890 pulchra'

531 3906 587 3949 et
620 3896 972 3954 admirabilis.
1002 3900 1268 3972 Perpetuo
1294 3920 1505 3959 sursum
1550 3919 1776 3976 Spectat,
1822 3913 1988 3967 multa
2027 3915 2122 3971 Dei

531 3986 896 4042 circumdatur
917 3989 1085 4060 gloria
1109 4009 1122 4058 ;
1153 4002 1235 4048 est
1262 3995 1412 4065 virgo
1445 4011 1647 4065 pennas
1675 3997 1877 4057 habens
1902 4019 2117 4073 aureas,

531 4078 853 4148 composita,
887 4080 1022 4136 faeie
1062 4083 1289 4139 candida
1330 4096 1383 4139 et
1423 4099 1703 4143 mansueta
1737 4110 1748 4145 :
1779 4103 1865 4148 est
1896 4095 2035 4151 alata
2066 4107 2123 4153 et

532 4171 688 4238 levis,
721 4181 870 4228 stans
900 4187 1068 4245 prOpe
1100 4175 1353 4230 thronum
1383 4175 1633 4249 Regium.
1663 4182 1889 4250 Quando
1911 4186 2120 4257 judica-

533 4278 688 4329 mar,
733 4263 888 4319 adest
936 4277 1160 4336 repente
1202 4275 1258 4322 et
1302 4281 1546 4340 apparet,
1577 4282 1633 4328 et
1659 4290 1757 4330 nos
1800 4292 1830 4331 a
1858 4279 2121 4349 supplicio

530 4356 691 4427 eripit
737 4357 847 4413 suis
896 4360 1087 4428 pennis
1137 4359 1492 4431 amplectens.
1540 4364 1671 4424 Eam
1718 4368 1859 4424 Deus
1921 4374 2124 4428 mavult

531 4464 691 4518 quam
722 4450 982 4506 sacrificia
1005 4453 1202 4509 :multa
1219 4468 1363 4524 szepe
1390 4455 1457 4511 de
1487 4473 1547 4512 ea
1567 4457 1802 4529 loquitur
1832 4479 1846 4515 :
1878 4466 1946 4518 ita
1976 4466 2120 4521 illam

532 4540 724 4611 diligit.
744 4540 963 4597 Viduam
999 4552 1045 4598 et
1072 4546 1327 4615 pupillum
1351 4556 1398 4600 et
1428 4565 1720 4620 pauperem,
1739 4554 1930 4623 inquit,
1959 4559 2121 4611 susci-

531 4635 653 4703 piet.
672 4635 746 4690 Ex
767 4651 830 4691 ea
844 4637 955 4692 vult
985 4637 1129 4692 Deus
1154 4640 1448 4710 appellari:
1472 4642 1741 4699 Miscrator
1766 4659 1812 4700 et
1842 4650 2123 4710 misericors

534 4725 803 4793 Dominus,
832 4727 905 4782 ait
929 4727 1114 4794 David,
1142 4729 1451 4801 longanimis
1473 4745 1521 4787 et
1547 4736 1718 4790 multa:
1742 4740 2116 4813 misericordim,

531 4829 579 4872 et
613 4835 765 4874 verax
792 4819 967 4892 (Psal.
1011 4823 1135 4879 M5.
1162 4824 1217 4879 9.
1245 4834 1292 4878 et
1316 4824 1439 4893 l02,
1458 4826 1513 4880 8.
1533 4836 1579 4881 et
1611 4829 1732 4885 1M.
1750 4831 1839 4903 8);
1864 4844 1917 4889 et
1934 4852 2120 4896 rursus

532 4912 688 4977 alius,
729 4912 1083 4967 Misericordia
1114 4913 1212 4968 Dei
1237 4931 1389 4985 super
1405 4933 1602 4972 onmem
1617 4930 1801 4976 terram
1826 4923 1995 4997 (Psal.
2026 4930 2116 4986 56.

535 5008 648 5081 12).
677 5008 790 5078 Ipsa
818 5011 1027 5064 salvum
1058 5009 1185 5065 fecit
1213 5025 1382 5081 genus
1407 5011 1719 5081 hominum;
1748 5034 1870 5074 nam
1888 5024 1990 5079 nisi
2019 5041 2122 5083 no-

532 5103 627 5158 stri
658 5112 803 5158 esset
830 5102 1103 5169 misertus,
1121 5105 1303 5181 omnia
1325 5106 1643 5174 periissent:
1674 5111 1784 5181 ipsa
1811 5115 2121 5175 misericor-

534 5195 620 5249 dia
649 5207 767 5258 nos,
791 5208 913 5248 cum
936 5206 1178 5249 essemus
1214 5180 1439 5263 hostes,
1473 5201 1773 5259 conciliavit
1800 5223 1813 5259 :
1841 5206 1954 5276 ipsa
1981 5208 2121 5266 bona

1271 399 1328 455 S.
1366 397 1642 457 JOANNIS
1676 399 2150 457 CllliYSOSTOMl
2186 399 2504 459 ARCIIIEP.
2543 403 3072 468 CONSTANTINOP.

3466 346 3513 364 Ν-

3709 411 3841 476 296³

2232 499 2477 566 pecuniis
2524 503 2907 575 praeferamus;
2945 520 3003 566 et
3047 515 3250 586 absque
3295 522 3539 589 pecuniis
3582 525 3839 585 animam.

2233 587 2527 650 habeamus
2553 596 2982 660 misericordem.
3016 604 3160 662 Nihil
3183 618 3265 665 est
3293 587 3436 682 quod
3464 616 3536 671 ita
3561 616 3813 677 Christia-

2232 696 2359 737 num
2391 687 2676 756 exprimat,
2708 699 2767 745 ut
2791 691 3136 768 eleemosyna
3176 717 3190 754 :
3222 700 3356 758 nihil
3379 706 3520 774 quod
3552 709 3818 768 increduli

2231 781 2287 828 et
2308 789 2497 832 omnes
2524 779 2595 833 ita
2618 776 2973 852 admirentur,
2999 797 3057 842 nt
3081 791 3294 859 quando
3319 796 3655 855 miseremur.
3685 800 3818 858 Nam

2234 880 2337 919 nos
2360 882 2575 938 quoque
2600 886 2746 943 stepe
2797 874 2897 931 hac
2925 889 3148 950 egemus
3187 884 3577 956 misericordia,
3618 902 3672 947 et
3709 894 3818 949 Deo

2231 958 2472 1026 quotidie
2501 959 2730 1019 dicimus
2763 982 2775 1017 :
2810 965 3105 1025 Secundum
3141 990 3380 1046 magnam
3419 981 3818 1050 misericordiam

2232 1056 2373 1102 tuam
2422 1051 2660 1108 miserere
2703 1059 2866 1111 nostri
2894 1058 3068 1130 (Psal.
3113 1065 3203 1120 24.
3254 1066 3330 1138 7).
3366 1069 3520 1127 Prius
3550 1074 3652 1145 ipsi
3681 1076 3816 1132 inei-

2231 1141 2470 1210 piamus;
2505 1143 2615 1200 imo
2655 1162 2787 1203 vero
2825 1166 2933 1205 non
2963 1155 3110 1223 prius
3159 1159 3481 1230 incipimus;
3524 1168 3637 1236 ipse
3675 1171 3817 1225 enim

2226 1231 2334 1301 jam
2365 1236 2765 1296 ostenditsuam
2789 1242 2841 1298 in
2864 1244 2971 1300 nos
2986 1248 3409 1309 misericordiam
3444 1274 3459 1323 ;
3490 1260 3584 1315 sed
3614 1261 3815 1333 dilecti,

2230 1328 2557 1395 posteriores
2584 1346 2893 1403 sequamur.
2920 1337 3053 1392 Nam
3103 1342 3148 1396 si
3195 1344 3439 1403 homines
3494 1351 3817 1408 miserentur

2231 1417 2634 1490 misericordis,
2694 1426 2905 1482 etiamsi
2962 1408 3179 1499 peccata
3220 1433 3447 1492 fecerint
3506 1440 3812 1509 innumera,

2230 1509 2403 1564 multo
2455 1515 2626 1583 magis
2651 1514 2813 1571 Deus.
2848 1521 3321 1593 AudiProphetam
3365 1528 3629 1587 dicentem
3662 1553 3677 1589 :
3708 1535 3817 1607 Ego

2230 1608 2415 1664 autem,
2448 1601 2637 1672 inquit,
2667 1607 2796 1661 sicut
2821 1610 2955 1663 oliva
2980 1615 3244 1685 fructifera
3269 1618 3322 1672 in
3355 1620 3503 1676 domo
3526 1623 3622 1678 Dei
3643 1601 3813 1697 (Psal.

2230 1690 2320 1745 51.
2340 1691 2454 1762 10).
2474 1692 2692 1751 Fiamus
2710 1699 2842 1754 tales
2872 1704 3044 1772 qualis
3066 1706 3234 1775 ‘olea;
3276 1713 3423 1767 omni
3448 1729 3513 1769 ex
3540 1690 3693 1788 parte
3724 1738 3813 1776 ur-

2228 1796 2418 1853 gemur
2447 1789 2729 1858 prmceptis
2747 1829 2763 1857 ,
2785 1806 2888 1846 non
2921 1796 3062 1850 enim
3081 1799 3278 1856 sufficit
3295 1819 3414 1860 esse
3432 1819 3488 1861 ut
3504 1809 3703 1878 oleam,
3719 1815 3831 1869 sed-

2230 1884 2444 1941 oportet
2473 1878 2633 1931 etiam
2660 1894 2785 1935 esse
2816 1881 3169 1945 frnctiferam.
3202 1891 3338 1947 Sunt
3367 1898 3509 1953 enim
3538 1902 3625 1970 qui
3655 1906 3815 1959 mise-

2230 1973 2412 2021 rentes
2439 1983 2534 2036 per
2563 1977 2729 2024 totum
2759 1988 2955 2029 annum
3000 1993 3168 2047 pauca
3200 1983 3421 2053 dantes,
3455 1991 3538 2045 vel
3590 1994 3822 2064 singulis

2231 2052 2601 2125 hebdomadis,
2622 2069 2714 2114 aut
2741 2064 3003 2119 tantillum
3028 2081 3345 2142 erogantes;
3374 2052 3461 2132 ieti
3494 2052 3810 2154 suntoliva’,

2231 2143 2325 2199 sed
2347 2160 2452 2200 non
2474 2146 2784 2217 fructiferae,
2814 2169 2998 2210 verum
3022 2159 3207 2216 aridae.
3234 2164 3363 2220 Nam
3388 2170 3527 2238 quod
3554 2174 3812 2232 miseren-

2234 2244 2318 2291 tur
2336 2237 2573 2307 quidem,
2603 2250 2729 2298 sunt
2748 2245 2904 2302 olivae
2928 2266 2942 2313 ;
2967 2251 3059 2306 sed
3091 2257 3342 2323 quoniam
3376 2237 3480 2317 non
3514 2263 3658 2336 large
3679 2280 3731 2324 et
3753 2272 3815 2326 li-

2232 2326 2505 2395 beraliter,
2551 2347 2658 2387 non
2700 2346 2823 2391 sunt
2849 2338 3002 2395 oliva:
3034 2341 3340 2403 fruetiferm.
3373 2350 3477 2407 Sed
3508 2357 3676 2413 simus
3714 2379 3813 2418 nos

2233 2420 2514 2474 fructiferi.
2541 2422 2695 2493 Smpe
2724 2425 2857 2495 dixi,
2879 2438 2933 2484 et
2960 2448 3101 2488 nunc
3141 2435 3262 2492 dico
3293 2455 3308 2504 ;
3340 2457 3444 2497 non
3486 2460 3672 2502 eorum
3694 2469 3813 2521 quae

2233 2512 2355 2567 data
2374 2522 2499 2569 sunt
2514 2531 2763 2573 mensura
2781 2529 2837 2575 et
2863 2526 3160 2593 quantitate
3180 2533 3485 2604 ostenditur;
3505 2512 3812 2610 magnitudo

2237 2603 2618 2678 cleemosynze,
2643 2612 2738 2668 sed
2766 2616 2884 2685 ejus
2909 2620 2999 2689 qui
3039 2621 3134 2678 dat
3179 2629 3450 2688 voluntate
3470 2603 3533 2689 et
3558 2603 3828 2694 instituto.

2237 2691 2399 2752 Scitis
2427 2701 2553 2770 quid
2585 2702 2771 2760 fecerit
2810 2709 2966 2766 vidua
2998 2730 3013 2779 ;
3042 2721 3264 2788 expedit
3292 2725 3436 2779 enim
3465 2740 3677 2799 semper
3717 2730 3822 2784 hoc

2235 2784 2430 2843 offerre
2455 2793 2783 2862 exemplum,
2813 2807 2871 2853 ut
2895 2817 2964 2857 ne
2987 2784 3198 2878 pauper,
3211 2813 3428 2882 quidem
3458 2816 3526 2872 de
3630 2818 3815 2889 despe-

2234 2884 2337 2943 ret,
2365 2878 2554 2936 videns
2580 2898 2698 2940 eam
2743 2903 2864 2958 qua:
2898 2892 3006 2950 duo
3052 2878 3277 2958 contulit
3306 2905 3531 2963 minuta.
3564 2878 3816 2965 Tulernnt

2233 2971 2450 3040 quidam
2487 2978 2649 3031 etiam
2675 2980 2813 3049 pilos
2851 2998 2973 3041 cum
3004 2992 3261 3062 templum
3307 3010 3731 3067 construeretur,
3765 3014 3816 3061 et

2235 3077 2309 3117 ne
2335 3064 2420 3119 isti
2451 3067 2669 3136 quidem
2708 3083 2835 3129 sunt
2879 3079 3087 3148 rejecti.
3138 3084 3246 3142 Sed
3287 3093 3333 3145 sl
3372 3107 3560 3148 aurum
3605 3064 3819 3166 quidem

2235 3151 2516 3222 habentes,
2551 3160 2686 3228 pilos
2726 3165 3071 3238 obtulissent,
3111 3174 3339 3234 fuissent
3381 3151 3733 3253 exsecrandi;
3774 3204 3816 3244 ε’

2231 3253 2412 3301 autem
2441 3263 2562 3303 cum
2593 3251 2694 3307 hoc
2736 3255 2909 3311 solum
2942 3260 3225 3335 haberent,
3259 3269 3309 3324 id
3346 3272 3674 3344 obtulerunt,
3704 3276 3817 3335 fue-

2232 3346 2358 3390 runt
2393 3342 2622 3411 accepti.
2655 3343 2945 3416 Propterea
2972 3354 3102 3409 Cain
3132 3374 3348 3431 quoque
3392 3362 3490 3419 fuit
3521 3342 3817 3438 reprehen-

2231 3439 2343 3493 sus,
2373 3443 2478 3483 non
2508 3433 2648 3502 quod
2679 3436 2799 3490 vilia
2824 3440 3103 3512 obtulerit,
3131 3449 3225 3504 sed
3251 3453 3393 3522 quod
3421 3433 3678 3514 vilissima
3704 3475 3817 3516 om-

2233 3518 2380 3575 nium
2431 3538 2553 3592 quae
2608 3526 2837 3586 habuit:
2895 3533 3236 3609 Maledictus,
3269 3518 3495 3617 inquit,
3540 3553 3626 3620 qui
3672 3553 3818 3609 habet

2232 3614 2534 3683 masculum,
2577 3628 2623 3673 et
2661 3619 2771 3676 Deo
2796 3624 2945 3692 offert
2973 3644 3269 3704 corruptum
3306 3614 3563 3708 (Illalaclt:
3608 3645 3660 3701 I.
3700 3645 3817 3717 i—l).

2230 3701 2345 3757 Non
2374 3705 2621 3764 absolute
2648 3711 2818 3781 dixit;
2857 3720 2951 3773 sed
2986 3722 3076 3791 qui
3113 3701 3519 3802 habetiinquit.
3547 3745 3600 3791 et
3626 3701 3817 3807 parcit.

2231 3792 2285 3848 Si
2312 3797 2576 3865 quispiam
2604 3815 2732 3873 ergo
2774 3821 2879 3861 non
2911 3809 3102 3881 habet,
3131 3792 3290 3887 culpa
3326 3792 3498 3891 vacat,
3541 3792 3650 3883 imo
3690 3846 3818 3886 vero

2231 3883 2392 3939 habet
2417 3891 2741 3948 mercedem.
2764 3896 2899 3963 Quid
2929 3904 3070 3957 enim
3098 3916 3180 3961 est
3207 3883 3364 3966 vilius
3388 3883 3597 3972 duobus
3617 3918 3814 3984 obolis,

2230 3986 2283 4029 et
2309 3979 2478 4048 magis
2506 3981 2655 4037 nihili
2686 4002 2843 4055 quam
2876 3993 3005 4061 pili?
3038 3997 3164 4066 quid
3200 4004 3593 4073 eotyla-similas
3626 4011 3818 4067 vilius?

2229 4065 2322 4119 sed
2353 4075 2528 4123 tamen
2572 4072 2689 4128 haec
2714 4091 2821 4131 non
2858 4078 3075 4159 fuerunt
3106 4090 3366 4147 :estimata
3400 4096 3620 4154 minoris
3654 4117 3813 4170 quam

2229 4157 2379 4213 vituli
2426 4169 2480 4215 et
2523 4179 2734 4222 aurum.
2786 4156 2920 4226 Nam
2960 4175 3218 4242 Quatenus
3264 4185 3464 4254 quidem
3500 4189 3644 4244 habet
3677 4194 3816 4262 quis-

2228 4251 2364 4322 piam
2394 4265 2467 4308 est
2496 4269 2752 4329 acceptus,
2785 4280 2887 4318 non
2914 4280 3163 4337 quatenus
3189 4251 3290 4329 non
3320 4278 3467 4334 habet
3499 4282 3571 4352 (.2.
3608 4251 3725 4340 Cor.
3754 4286 3813 4341 8.

2230 4347 2317 4419 12)
2340 4367 2354 4413 ;
2378 4360 2466 4417 et,
2506 4353 2766 4421 Quatenus
2790 4361 2971 4428 habet,
3011 4366 3205 4438 inquit,
3235 4389 3416 4430 "ianus
3444 4347 3552 4446 tua,
3583 4380 3811 4453 bene/ae.

2229 4437 2374 4507 Ideo,
2419 4459 2571 4514 rogo,
2618 4447 2781 4505 alacri
2824 4455 3008 4511 animo
3049 4459 3387 4521 ell'undamus
3433 4466 3712 4528 facultates
3757 4474 3813 4531 in

2228 4546 2489 4603 pauperes
2514 4555 2527 4592 :
2552 4541 2652 4594 etsi
2683 4558 2861 4611 parva:
2890 4548 3024 4616 sint,
3044 4554 3288 4611 eamdem
3316 4560 3645 4629 accipiemus
3672 4581 3817 4623 mer-

2225 4625 2413 4681 cedem
2443 4644 2600 4699 quam
2628 4635 2717 4703 qui
2744 4637 2897 4705 plura
2926 4646 3294 4715 contulerunt,
3330 4650 3436 4705 imo
3475 4655 3622 4722 plura
3651 4674 3814 4727 quam

2227 4717 2316 4785 qui
2347 4719 2543 4775 talenta
2572 4728 2918 4785 contulerunt
2946 4732 3375 4794 innumerabilia.
3404 4742 3459 4798 Si
3476 4717 3603 4801 haec
3644 4717 3815 4804 facia—

2231 4823 2371 4874 mus,
2412 4825 2764 4883 assequemur
2792 4820 2886 4875 Dei
2929 4822 3209 4883 thesauros
3252 4831 3550 4892 ineil‘ahiles
3578 4855 3592 4894 :
3620 4840 3663 4893 si
3704 4855 3814 4898 non

2218 4909 2391 4965 solum
2417 4912 2715 4981 audiamus,
2742 4917 2836 4972 sed
2864 4921 3022 4976 etiam
3046 4939 3299 4997 agamus;
3327 4931 3371 4985 si
3395 4948 3502 4989 non
3529 4935 3808 4993 laudemus

2221 5008 2449 5067 tantum,
2479 5003 2572 5059 sed
2599 5006 2761 5061 etiam
2789 5008 2942 5066 factis
2967 5018 3337 5078 ostendamus.
3366 5024 3497 5092 Quae
3524 5027 3684 5083 detur
3710 5046 3806 5083 no-

2215 5092 2296 5157 bis
2325 5095 2573 5150 omnibus
2602 5103 2861 5172 consequi
2882 5144 2898 5171 ,
2928 5110 3097 5176 gratia
3136 5120 3193 5166 ot
3221 5113 3549 5187 benignitate
3592 5121 3799 5177 Domini

2211 5197 2379 5250 nostri
2408 5195 2536 5251 Jesu
2564 5197 2787 5266 Christi,
2816 5216 2936 5256 cum
2976 5219 3082 5272 quo
3112 5204 3257 5258 Patri
3298 5221 3399 5261 una
3443 5221 3563 5264 eum
3610 5218 3796 5263 sancto

535 5285 664 5341 feeit
684 5283 1106 5351 innumerabilia,
1142 5286 1254 5357 ipsa
1279 5292 1548 5359 persuasit
1592 5293 1689 5350 Dei
1725 5273 1944 5354 Filio—ut
1969 5300 2120 5359 ﬁeret
2200 5273 2407 5356 ‘SPil‘ilu
2436 5289 2624 5359 ειονῖθ,
2658 5292 2961 5363 imperium,
2992 5295 3183 5364 honor»
3212 5314 3358 5355 ηυηε
3385 5312 3439 5357 ει
3467 5317 3697 5372 semper:
3739 5309 3795 5357 ⁸⁸

537 5394 726 5438 servus
751 5390 807 5435 et
835 5380 1071 5450 seipsum
1102 5386 1421 5445 exinaniret.
1451 5391 1582 5447 Eam
1610 5396 1950 5465 aemulemur,
1979 5398 2117 5455 dile-

537 5471 629 5537 cti,
660 5486 925 5541 perquam
951 5474 1081 5530 salvi
1110 5476 1229 5533 facti
1260 5495 1445 5537 sumus
1470 5500 1487 5549 ;
1513 5499 1631 5539 eam
1660 5485 1964 5557 diligamus,
1998 5507 2115 5545 eam

2212 5378 2263 5431 in
2294 5378 2492 5434 saacula
2517 5380 2861 5439 smeulorum.
2893 5385 3087 5442 Amen.
