4202 6446
407 394 526 451 9.9.5

408 506 479 561 οὐ
506 502 618 573 γὰρ
656 501 775 556 ἐστι
807 520 861 561 τι
904 503 1146 576 φθαρτὸν
1178 504 1301 558 οὐδέ
1359 504 1629 577 ἐπίκηρον
1680 506 1815 569 ἐκεῖ,
1876 502 2014 557 ἀλλὰ

404 588 599 643 πάντα
622 586 869 642 ἀθάνατα
896 589 991 641 καὶ
1011 588 1289 659 ἀκήρατα.
1327 587 1540 641 Οὐκοῦν
1573 587 1906 658 κενώσωμεν
1931 588 2013 650 είς

397 670 619 742 ταύτην
650 670 749 741 τὴν
781 671 1077 742 οἰκοδομὴν
1106 671 1175 723 τὰ
1214 671 1478 742 χρήματα
1503 684 1516 699 ⁸
1555 672 1617 725 οὐ
1674 671 1756 723 δεῖ
1816 671 2012 725 τεκτό-

396 772 521 808 νων
579 755 738 823 ἡμῖν,
795 753 917 806 οὐδὲ
974 754 1225 824 ἐργατῶν
1259 771 1272 785 ο
1313 754 1369 806 αἱ
1394 753 1500 807 τῶν
1550 756 1801 819 πενήτων
1832 756 2014 826 χεῖρες

394 837 513 900 τὰς
565 835 826 898 τοιαύτας
868 835 1250 906 οἰκοδομοῦσιν
1306 835 1508 899 οἰκίας,
1537 838 1586 887 οί
1616 836 1803 906 χωλοὶ,
1835 838 1885 888 οί
1914 853 2012 887 τυ-

397 920 564 988 φλοὶ,
600 920 650 972 οἰ
683 919 962 989 ἀνάπηροι
989 934 1003 948 ‘
1036 914 1183 973 οῦτοι
1241 920 1459 982 ἐκείνας
1492 920 1591 981 τὰς
1647 920 1827 983 οἰκίας
1858 920 2007 972 01x0-

393 1003 665 1075 δομοῦσι.
701 1002 815 1058 Καί
847 1003 923 1073 μὴ
958 1001 1274 1073 θαυμάσῃς,
1329 1002 1467 1054 ὅπου
1495 1019 1558 1069 γε
1583 1003 1677 1056 καὶ
1730 1002 2011 1072 βασιλείαν

391 1089 548 1158 ἡμῖν
576 1081 727 1140 οῦτοι
757 1084 1109 1154 προξενοῦσι,
1136 1086 1234 1139 καὶ
1262 1086 1580 1156 παρρησίαν
1634 1087 1767 1157 ἡμῖν
1802 1085 2010 1139 διδόασι

394 1172 553 1243 πρὸς
576 1171 669 1223 τὸν
700 1168 859 1224 Θεόν.

493 1255 562 1307 Ἦ
588 1254 699 1325 γὰρ
743 1251 1089 1323 ἐλεημοσύνη
1125 1252 1289 1323 τέχνη
1323 1251 1406 1315 τίς
1435 1253 1584 1307 ἐστιν
1639 1253 1861 1325 ἀρίστη,
1914 1252 2011 1306 καὶ

397 1339 717 1411 προστάτις
746 1337 856 1391 τῶν
889 1337 1278 1407 ἐργαζομένων
1301 1338 1474 1407 αὐτήν
1494 1355 1506 1366 ·
1539 1336 1669 1407 φίλη
1682 1336 2010 1408 γάρτῷΘεῷ

401 1420 568 1496 [9.99]
583 1423 725 1485 ἐστι,
743 1421 841 1474 καὶ
863 1420 1090 1490 πλησίον
1113 1421 1344 1487 ἐστηκεν
1360 1420 1547 1486 αὐτοῦ,
1567 1421 1707 1489 ὑπὲρ
1721 1416 1795 1473 ὧν
1811 1421 1876 1475 ἂν
1894 1420 2012 1490 βού-

397 1506 593 1572 ληται,
626 1504 870 1566 εὐκόλως
897 1503 1122 1555 αίτοῦσα
1148 1504 1330 1573 χάριν,
1355 1503 1519 1574 μόνον
1547 1504 1614 1557 ἂν
1648 1504 1722 1574 μὴ
1750 1504 2008 1573 ἀδικῆται

399 1591 541 1660 παρ’
568 1588 728 1658 ἡμῶν
754 1604 768 1616 ’
793 1587 1064 1641 ἀδικεῖται
1086 1587 1165 1653 δὲ,
1189 1588 1317 1640 ὅταν
1340 1585 1400 1651 ἐξ
1426 1588 1688 1656 ἁρπαγῆς
1714 1587 1883 1656 αὐτὴν
1911 1590 2009 1659 ἐρ-

400 1670 716 1741 γαζώμεθα
742 1686 755 1698 ·
781 1669 858 1732 ὠς
905 1669 1001 1722 ἐὰν
1100 1669 1340 1740 καθαρὰ,
1377 1669 1579 1740 πολλὴν
1610 1672 1724 1733 τοῖς
1755 1670 2009 1740 ἀναπέμ-

402 1773 609 1809 πουσιν
640 1753 814 1822 αὐτὴν
848 1752 1035 1805 δίδωσι
1062 1751 1160 1822 τὴν
1192 1754 1535 1825 παρρησίαν.
1561 1753 1812 1822 Τοσαύτη
1836 1754 2006 1823 αὐτῆς

401 1840 437 1910 ἡ
471 1840 656 1908 ἰσχῦς,
682 1838 768 1890 ὅτι
796 1835 894 1888 καὶ
936 1836 1077 1905 ὐπέρ
1115 1836 1646 1906 προσκεκρουκότων
1683 1834 1877 1900 δεῖται,
1915 1838 2006 1889 καὶ

404 1922 551 1993 ὑπὲρ
602 1919 1039 1992 ἡμαρτηκότων.
1097 1919 1249 1989 Αὐτη
1299 1919 1665 1993 διαρρηγνυσι
1694 1919 1762 1972 τὰ
1792 1919 2003 1990 δεσμὰ,

400 2005 522 2058 λύει
545 2005 607 2058 τὸ
645 2004 865 2069 σκότος,
909 2002 1165 2057 σϐέννυσι
1188 2003 1251 2056 τὸ
1286 2002 1421 2074 πῦρ,
1456 2003 1683 2057 θανατοῖ
1713 2003 1803 2057 τὸν
1860 2006 2005 2057 σκώ-

403 2089 575 2159 ληκα,
631 2087 937 2141 ἀπελαύνει
970 2088 1062 2139 τὸν
1092 2087 1202 2141 τῶν
1255 2087 1485 2142 ὀδόντων
1521 2087 1768 2158 βρυγμόν
1794 2105 1805 2117 ·
1834 2087 2006 2159 ταύτῃ

413 2174 553 2240 μετά
582 2171 787 2240 πολλῆς
828 2171 1012 2234 ἀδείας
1046 2169 1355 2239 ἀνοίγονται
1393 2171 1501 2223 τῶν
1538 2170 1783 2241 οὐρανῶν
1814 2172 1870 2225 αἰ
1899 2172 2005 2223 πύ-⁸

414 2254 529 2308 λαι.
552 2256 664 2309 Καὶ
686 2254 875 2325 ὥσπερ
912 2253 1182 2325 βασιλίδος
1209 2253 1487 2324 εἰσιούσης
1531 2254 1705 2319 οὐδεὶς
1742 2253 2006 2325 τολμήσει

419 2339 533 2392 τῶν
562 2338 804 2407 φυλάκων
833 2338 945 2392 τῶν
966 2341 1060 2391 ἐπὶ
1088 2342 1208 2402 ταῖς
1232 2339 1424 2409 θύραις
1440 2340 1797 2409 τεταγμένων
1814 2339 2004 2403 ἐξετά-

423 2440 516 2475 σαι
545 2424 629 2486 τίς
645 2424 725 2492 εἴη
750 2425 839 2476 καὶ
874 2424 1062 2486 πόθεν,
1097 2422 1236 2476 ἀλλὰ
1262 2423 1463 2485 πάντες
1493 2422 1698 2488 εὐθέως
1717 2424 2007 2494 ὑποδέχον-

416 2522 505 2557 ται
525 2522 539 2535 ·
572 2504 711 2557 οὕτω
726 2505 788 2576 δὴ
814 2506 912 2557 καὶ
926 2505 1023 2575 τὴν
1042 2505 1417 2577 ἐλεημοσύνην
1435 2521 1447 2534 ·
1470 2506 1683 2576 βασιλὶς
1723 2507 1832 2577 γάρ
1856 2507 2004 2560 ἐστιν

413 2590 606 2652 ὄντως,
647 2590 869 2659 ὁμοίους
917 2588 1241 2659 ἀνθρώπους
1305 2589 1537 2643 ποιοῦσα
1581 2589 1720 2660 Θεῷ.
1745 2592 2005 2645 Ἕσεσθε

411 2674 542 2744 γὰρ,
579 2676 765 2743 φησὶν,
790 2674 1184 2742 οἰκτίρμονες,
1224 2675 1307 2741 ὠς
1336 2676 1369 2727 ὀ
1401 2673 1605 2742 Πατὴρ
1633 2673 1803 2743 ὑμῶν
1832 2678 1864 2728 ὀ
1900 2676 2004 2729 οὐ·-

400 2756 622 2825 ράνιος
685 2759 1005 2824 οἰκτίρμων
1059 2759 1256 2812 ἐστίν.
1315 2759 1655 2831 ’Υπόπτερός
1720 2762 1838 2815 ἐστι
1911 2761 2005 2814 καὶ

408 2840 615 2911 κούφη,
674 2842 961 2911 πτέρυγας
1009 2841 1209 2912 ἔχουσα
1265 2844 1496 2914 χρυσᾶς,
1547 2844 1749 2913 πτῆσιν
1806 2844 2004 2915 ἔχουσα

406 2926 552 2979 πάνυ
609 2926 929 2999 τέρπουσαν
961 2928 1083 2989 τοὺς
1116 2927 1405 2996 ἀγγέλους.
1446 2929 1615 2993 Ἐκεῖ,
1664 2930 1834 2999 φησὶ,
1860 2929 2004 2983 Πτέ-

392 3026 589 3078 ρυγες
618 3008 979 3078 περιστερᾶς
1046 3012 1617 3082 περιηργυρωμέναι,
1670 3013 1769 3066 καί
1804 3012 1876 3066 τὰ
1899 3031 2003 3083 με-

400 3092 679 3162 τάφρενα
715 3094 909 3161 αὐτῆς
936 3096 1007 3148 ἐν
1034 3098 1365 3165 χλωρότητι
1411 3100 1693 3166 χρυσίου.
1731 3099 2003 3173 Καθάπερ

402 3180 521 3247 γὰρ
581 3179 894 3250 περιστερά
943 3197 1028 3243 τις
1095 3181 1272 3251 χρυσῆ
1334 3182 1428 3234 καὶ
1489 3180 1681 3245 ζῶσα,
1739 3183 2002 3249 πέταται,

398 3263 567 3332 ὃμμα
627 3262 906 3333 προσηνὲς
966 3263 1199 3334 ἔχουσα,
1250 3265 1532 3336 ὀφθαλμὸν
1597 3267 1824 3337 ἥμερον.
1900 3268 2007 3319 Οὐ-

396 3347 498 3399 δέν
557 3344 655 3398 τοῦ
707 3345 993 3415 ὀφθαλμοῦ
1055 3347 1268 3400 ἐκείνου
1337 3348 1564 3419 βέλτιον.
1641 3349 1823 3413 Καλός
1888 3351 2005 3405 ἐστι

406 3430 509 3482 καὶ
548 3429 579 3481 ὀ
630 3428 822 3492 ταὼς,
884 3429 1025 3483 ἀλλά
1080 3431 1217 3503 πρὸς
1281 3432 1499 3503 ἐκείνην
1560 3433 1771 3498 κολοιός
1823 3436 2002 3487 ἐστιν·

403 3514 591 3576 οὕτως
635 3514 668 3582 ἡ
725 3513 876 3584 ὄρνις
937 3513 1079 3585 αῦτη
1135 3514 1275 3586 καλή
1337 3516 1422 3577 τίς
1470 3518 1587 3568 ἐστι
1625 3517 1738 3577 ⁸καὶ
1794 3517 2007 3586 θαυμα-

402 3598 536 3668 στή.
578 3597 727 3650 ’Ᾱνω
759 3598 848 3651 διὰ
885 3599 1085 3663 παντὸς
1111 3601 1238 3670 όρᾷ,
1263 3598 1431 3669 πολλῇ
1478 3599 1574 3652 τοῦ
1608 3598 1742 3652 Θεοῦ
1779 3604 1847 3671 τῇ
1877 3601 2002 3673 δόξῃ

403 3682 903 3752 περιστοιχίζεταιο
920 3683 1193 3753 παρθένος
1215 3685 1333 3737 ἐστὶ
1350 3685 1631 3754 πτέρυγας
1648 3682 1848 3753 ἔχουσα
1874 3703 2004 3754 χρυ-

406 3768 538 3828 σᾶς,
568 3766 1034 3837 περιεσταλμένη,
1062 3768 1256 3821 λευκὸν
1286 3769 1580 3840 πρόσωπον
1646 3768 1847 3839 ἔχουσα
1906 3769 2003 3822 καὶ

401 3850 656 3919 ἥμερον·
688 3849 997 3921 ύπὸπτερός
1021 3854 1138 3905 ἐστι
1166 3852 1258 3905 καὶ
1294 3850 1495 3922 κούφη,
1524 3852 1675 3922 παρά
1700 3852 1794 3906 τὸν
1812 3852 2003 3924 θρόνον

400 3934 631 3987 ἑστῶσα
655 3933 745 3987 τὸν
780 3933 1084 4003 βασιλικόν.
1124 3936 1292 3988 Ὅταν
1346 3935 1684 4006 κρινώμεθα,
1714 3938 1868 4005 ἄφνω
1907 3938 2003 4006 ἐφ-

409 4019 645 4070 ίπταται
678 4018 773 4070 καὶ
814 4018 1088 4087 φαίνεται,
1122 4020 1217 4074 καὶ
1254 4018 1555 4090 ἐξαιρεῖται
1579 4019 1678 4088 τῆς
1727 4020 2002 4083 κολάσεως

399 4103 583 4170 ἡμᾶς,
612 4104 735 4164 ταῖς
790 4102 961 4171 αὐτῆς
1014 4102 1244 4174 πτέρυξι
1291 4102 1718 4173 περιϐάλλουσα.
1781 4104 1999 4173 Ταύτην

398 4185 557 4236 θέλει
586 4185 615 4236 ό
644 4184 779 4249 Θεὸς
813 4185 1048 4255 μᾶλλον,
1086 4186 1119 4256 ἢ
1157 4185 1354 4249 θυσίας
1384 4204 1398 4217 ·
1426 4186 1600 4240 πολλὰ
1650 4190 1782 4257 περὶ
1828 4187 2001 4257 αὐτῆς

395 4268 756 4337 διαλέγεται·
781 4267 957 4332 οὕτως
982 4269 1154 4338 αὐτὴν
1174 4269 1339 4338 φιλεῖ.
1373 4269 1579 4337 Χήραν
1604 4270 1702 4324 καί
1731 4270 2001 4338 ὀρφανὸν

400 4350 512 4404 καί
562 4351 816 4417 πένητα,
850 4353 1036 4421 φησὶν,
1074 4351 1479 4421 ἀναλήψεται.
1515 4354 1637 4404 Ἀπ’
1673 4353 1847 4423 αὐτῆς
1906 4370 1997 4421 φι-

402 4435 496 4487 λεῖ
514 4433 797 4487 καλεῖσθαι
816 4436 843 4487 ὁ
860 4434 993 4497 Θεός
1014 4452 1027 4465 ⁸
1065 4436 1394 4505 Οῑκτίρμων
1413 4436 1513 4490 καί
1539 4436 1813 4503 ἐλεήμων
1834 4439 1867 4490 ὁ
1883 4437 1998 4489 Κύ-

392 4534 559 4586 ριος,
608 4518 827 4585 φησὶνὸ
860 4518 1043 4579 Δαυῒδ,
1087 4521 1472 4590 μακρόθυμος
1518 4520 1616 4573 καί
1656 4519 1998 4587 πολυέλεος

399 4601 507 4655 καὶ
528 4600 850 4667 ἀληθινός’
874 4602 967 4655 καὶ
996 4602 1156 4656 πάλιν
1189 4603 1394 4673 ἕτερος,
1419 4605 1634 4670 Ἔλεος
1682 4604 1789 4658 τοῦ
1847 4604 1997 4659 Θεοῦ

396 4685 507 4738 ἐπὶ
536 4681 749 4740 πᾶσαν
784 4683 904 4752 τὴν
943 4684 1080 4755 γῆν.
1132 4686 1282 4757 Αὕτη
1325 4688 1387 4741 τὸ
1418 4688 1529 4741 τῶν
1576 4687 1878 4758 ἀνθρώπων
1906 4690 1998 4757 γέ-

395 4785 495 4829 νος
551 4767 856 4820 διέσωσενο
891 4770 941 4821 εί
998 4769 1106 4840 γὰρ
1162 4770 1237 4840 μὴ
1291 4771 1526 4841 ἠλέησεν
1584 4774 1789 4841 ἡμᾶςὸ
1825 4774 1995 4837 Θεὸς,

398 4854 592 4907 πάντα
607 4851 674 4905 ἂν
701 4851 982 4905 ἀπόλωλεν
1014 4869 1028 4883 ο
1064 4852 1204 4922 αὕτη
1238 4854 1466 4923 ἐχθροὺς
1490 4856 1639 4924 ἡμᾶς
1664 4855 1825 4918 ὄντας
1866 4874 2000 4909 κατ-

395 4933 662 5007 ήλλαξεν,
715 4934 855 5003 αῦτη
881 4936 948 4988 τά
976 4937 1144 5006 μυρία
1184 4937 1367 5004 ἀγαθά
1400 4939 1716 5006 εἰργάσατο,
1744 4939 1882 5008 αὐτη
1905 4940 1997 4993 τὸν

396 5012 539 5078 Υίὺν
573 5017 668 5072 τοῦ
694 5018 831 5072 Θεοῦ
869 5019 1053 5073 ἔπεισε
1098 5019 1284 5073 δοῦλον
1334 5021 1596 5089 γενέσθαι
1627 5024 1721 5075 καὶ
1756 5024 1995 5081 κενῶσαι

1130 389 1200 447 IN
1238 390 1463 448 EPIST.
1508 391 1601 447 AD
1638 390 1999 448 HEBREOS.
2042 391 2196 447 CAP.
2238 392 2358 448 ΧΙΙ.
2399 391 2640 453 HOMIL;
2684 396 2905 455 XXXII.

3601 405 3712 464 224

2118 504 2333 591 ἑαυτόν.
2361 507 2581 591 Ταύτην
2599 509 2961 582 ζηλώσωμεν,
2985 513 3283 585 ἀγαπητοὶ,
3306 517 3374 571 δι’
3406 511 3711 591 ἦς’ἐσὼθηο

2130 604 2231 657 μεν
2252 605 2265 619 ·
2289 588 2440 663 [500]
2474 592 2681 663 ταύτην
2727 595 3129 667 ἀγαπήσωμεν,
3169 598 3375 671 ταύτην
3409 588 3714 673 χρημάτων

2128 674 2689 755 προτιμήσωμεν,καὶ
2719 678 2889 748 γωρὶς
2904 681 3207 750 χρημάτων
3238 681 3418 753 ψυχὴν
3439 684 3713 755 ἐλεήμονα

2119 752 2356 824 ἔχωμεν.
2394 757 2563 810 Οὐδὲν
2592 758 2739 812 οῦτω
2791 764 3299 834 χαρακτηριστικὸν
3351 752 3707 835 Χριστιανοῦ,

2116 838 2193 900 ὼς
2236 839 2611 912 ἐλεημοσύνη·
2646 843 2799 898 οὐδὲν
2829 844 2973 897 οῦτω
2998 848 3092 899 καὶ
3126 847 3350 901 ἄπιστοι
3373 851 3467 902 καὶ
3501 854 3712 917 πάντες

2117 922 2511 992 θαυμάζουσιν,
2532 927 2607 991 ὡς
2628 927 2755 979 ὅταν
2786 927 3048 998 ἐλεῶμεν.
3108 931 3387 1003 Πολλαχοῦ
3456 935 3566 1005 γὰρ
3614 938 3712 990 καὶ

2116 1008 2277 1076 ἡμεῖς
2310 1008 2545 1077 δεόμεθα
2579 1010 2674 1062 τοῦ
2705 1010 2891 1075 ἐλέους
2921 1013 3138 1078 τούτου,
3164 1017 3260 1068 καὶ
3290 1018 3428 1087 πρὸς
3456 1020 3549 1072 τὸν
3578 1020 3710 1073 Θεὸν

2115 1090 2239 1144 καθ’
2281 1092 2520 1162 ἑκάστην
2558 1094 2794 1164 λέγομεν
2816 1112 2829 1127 ·
2878 1097 3045 1150 Κατὰ
3079 1099 3147 1152 τὸ
3190 1099 3345 1168 μέγα
3382 1119 3499 1156 σου
3536 1103 3712 1170 ἔλεος

2115 1174 2378 1242 ἐλέησον
2395 1175 2574 1244 ἡμᾶς.
2600 1178 2873 1249 Πρότερον
2905 1181 3061 1233 αὐτοὶ
3082 1182 3381 1253 ἀρχώμεθα
3398 1204 3410 1215 ·
3438 1187 3635 1256 μᾶλλον
3652 1189 3709 1242 δὲ

2114 1260 2215 1313 οὐκ
2231 1260 2516 1331 ἀρχόμεθα
2531 1263 2817 1333 πρότερον·
2842 1264 2938 1316 καὶ
2958 1265 3067 1336 γὰρ
3090 1266 3249 1330 αὐτὸς
3265 1268 3364 1338 ἡδη
3398 1270 3709 1337 ἐπεδείξατο

2113 1344 2203 1396 τὸν
2220 1344 2368 1396 ἔλεον
2400 1344 2562 1397 αὐτοῦ
2583 1346 2673 1397 τὸν
2704 1347 2836 1417 περὶ
2871 1348 3044 1418 ἡμᾶς.
3085 1348 3249 1415 Ἀλλ’,
3277 1353 3574 1421 ἀγαπητοὶ,
3604 1355 3709 1407 κᾶν

2114 1426 2359 1499 δεύτεροι
2402 1427 2684 1498 ὲπὼμεθα.
2720 1430 2783 1482 Εἰ
2820 1430 2928 1499 γὰρ
2961 1430 3241 1503 ἄνθρωποι
3275 1435 3366 1487 τὸν
3400 1436 3668 1506 ἐλεήμονα
3690 1482 3703 1498 ,

2114 1511 2219 1563 κᾶν
2246 1513 2415 1583 μυρία
2444 1513 2747 1584 ἐργάσηται
2779 1515 3175 1587 ἁμαρτήματα,
3242 1518 3487 1572 ἐλεοῦσι·
3524 1522 3708 1591 πολλῷ

2123 1592 2325 1663 μᾶλλον
2343 1596 2371 1647 ό
2398 1595 2552 1657 Θεός.
2578 1596 2777 1649 Ἀκουε
2804 1598 2896 1650 τοῦ
2930 1600 3212 1670 προφήτου
3241 1601 3491 1669 λέγοντος
3513 1618 3527 1633 ·
3570 1604 3710 1673 Ἐγὼ

2114 1676 2183 1729 δὲ
2212 1678 2358 1732 ὡσεὶ
2381 1679 2576 1745 ἐλαία,
2613 1684 2769 1749 φησὶ,
2808 1681 3195 1751 κατάκαρπος
3224 1684 3294 1736 ἐν
3322 1685 3404 1749 τῷ
3420 1686 3569 1751 οἴκῳ
3602 1688 3708 1741 τοῦ

2118 1760 2287 1814 Θεοῦ.
2309 1760 2555 1814 Τοιοῦτοι
2582 1762 2892 1833 γενώμεθα,
2917 1765 2992 1829 ὡς
3016 1766 3173 1821 ἐλαία
3210 1768 3502 1837 γενώμεθα
3524 1787 3536 1799 ·
3572 1770 3709 1822 πάν-

2113 1842 2271 1896 τοθεν
2334 1843 2651 1915 βριθώμεθα
2703 1850 2824 1910 ταῖς
2881 1849 3123 1912 ἐντολαῖς
3152 1867 3167 1880 ’
3204 1853 3264 1903 οὐ
3295 1852 3403 1921 γὰρ
3449 1854 3610 1923 ἀρκεῖ
3632 1853 3708 1916 ὡς

2115 1927 2305 1980 ἐλαίαν
2331 1925 2495 1991 εἶναι,
2520 1928 2656 1980 ἀλλά
2678 1930 2772 1982 καὶ
2806 1932 3185 2002 κατάκαρπον.
3221 1933 3344 1985 Εἰσὶ
3380 1935 3489 2004 γὰρ
3518 1935 3566 1987 οἳ
3596 1935 3710 1989 ἐλε-

2115 2009 2302 2073 οῦντες
2366 2010 2523 2077 ὁλίγα
2566 2011 2825 2077 διδόασιν,
2858 2013 3008 2082 ἢδιά
3059 2014 3260 2077 παντὸς
3308 2016 3404 2068 τοῦ
3459 2019 3708 2071 ἐνιαυτοῦ

2117 2092 2287 2158 ἅπαξ,
2317 2093 2349 2163 ἢ
2380 2094 2503 2146 καθ’
2551 2095 2790 2166 ἑκάστην
2825 2097 3096 2168 ἑϐδομάδα
3116 2139 3129 2163 ,
3164 2098 3195 2168 ἢ
3226 2099 3287 2151 τὸ
3312 2100 3478 2170 τυχὸν
3520 2102 3709 2171 προϊέ-

2118 2191 2269 2244 μενοι
2299 2193 2312 2207 ·
2340 2171 2487 2230 οὗτοι
2520 2177 2694 2231 ἐλαῖαι
2723 2179 2823 2248 μέν
2846 2181 3003 2243 εἰσιν,
3021 2181 3083 2233 οὐ
3108 2181 3454 2253 κατάκαρποι
3475 2184 3550 2250 δὲ,
3572 2184 3708 2237 ἀλλά

2115 2258 2209 2311 καὶ
2240 2258 2424 2329 ξηραί.
2454 2259 2579 2313 ’Ὀτι
2600 2261 2699 2330 μὲν
2729 2261 2838 2332 γὰρ
2868 2262 3133 2327 ἐλεοῦσιν,
3176 2263 3356 2316 ἐλαῖαι
3381 2283 3393 2295 ’
3444 2267 3525 2318 ὃτι
3555 2266 3611 2319 δὲ
3644 2267 3706 2319 οὐ

2116 2342 2439 2413 φιλοτίμως,
2466 2344 2526 2397 οὐ
2558 2344 2906 2418 κατάκαρποι
2939 2346 3140 2401 ἐλαῖαι.
3186 2347 3328 2401 Ἀλλ’
3354 2350 3518 2419 ἡμεῖς
3542 2351 3710 2404 κατά-

2115 2443 2325 2497 καρποι
2349 2426 2660 2497 γενώμεθα.
2707 2430 2770 2481 Ὃ
2800 2429 3064 2493 πολλάκις
3089 2428 3261 2499 εἷπον,
3296 2432 3389 2485 καὶ
3419 2431 3562 2499 λέγω
3588 2432 3703 2485 νῦν’

2113 2511 2172 2563 οὐ
2190 2510 2268 2581 τῷ
2296 2510 2481 2581 μέτρῳ
2503 2511 2612 2564 τῶν
2639 2512 2933 2582 διδομένων
2959 2514 3019 2567 τὸ
3044 2514 3273 2585 μέγεθος
3303 2516 3582 2570 δείκνυται
3605 2516 3707 2585 τῆς

2113 2593 2513 2666 ἐλεημοσύνης,
2544 2594 2686 2648 ἀλλὰ
2709 2599 2775 2666 τῇ
2807 2598 3127 2668 προαιρέσει
3154 2597 3248 2649 τοῦ
3276 2598 3531 2662 διδόντος.
3555 2600 3706 2652 Ἴστε

2111 2678 2181 2731 τὰ
2216 2678 2483 2749 κατὰ-τὴν
2512 2680 2689 2751 χήραν
2719 2697 2732 2711 ·
2766 2681 2931 2735 καλὸν
2962 2680 3051 2733 ἀεὶ
3072 2680 3263 2751 φέρειν
3293 2683 3449 2736 τοῦτο
3478 2683 3537 2736 τὸ
3573 2683 3706 2736 ὑπό-

2111 2763 2338 2832 δειγμα,
2371 2763 2459 2815 ἵνα
2497 2763 2633 2833 μηδέ
2658 2764 2686 2815 ὁ
2716 2763 2885 2835 πένης
2909 2764 3264 2835 ἁπογινώσκῃ
3315 2765 3531 2829 ἑαυτοῦ,
3562 2765 3707 2834 ὀρῶν

2112 2847 2193 2908 είς
2218 2845 2318 2916 τὴν
2349 2845 2418 2899 τά
2439 2845 2534 2898 δύο
2579 2846 2755 2899 λεπτὰ
2781 2845 3221 2901 καταϐαλοῦσαν.
3260 2848 3538 2916 ’Ἡνεγκάν
3561 2864 3707 2912 τινες

2112 2931 2207 2983 καὶ
2241 2931 2437 3001 τρίχας
2466 2931 2525 2984 ἐν
2556 2934 2623 3002 τῇ
2643 2930 2738 2985 τοῦ
2761 2932 2891 2986 ναοῦ
2922 2936 3261 3001 κατασκευῇ,
3290 2933 3385 2985 καὶ
3408 2933 3527 2986 οὐδὲ
3559 2926 3705 2986 οὗτοι

2112 3014 2537 3087 ἀπεϐλήθησανξ
2576 3016 2718 3070 Ἀλλ’
2753 3019 2801 3070 εί
2843 3018 2941 3088 μὲν
2967 3018 3189 3088 χρυσίον
3224 3018 3460 3088 ἔχοντες,
3508 3020 3703 3088 τρίχας

2105 3098 2323 3170 ἔφερον,
2382 3100 2812 3172 ἐπικατάρατοι·
2851 3102 2979 3154 εἰδὲ
3021 3102 3183 3155 τοῦτο
3234 3102 3449 3171 ἔχοντες
3504 3102 3702 3171 μόνον,

2104 3183 2265 3236 τοῦτο
2317 3184 2588 3254 ἡνεγκαν,
2654 3186 2962 3240 ἀπόδεκτοι.
3011 3186 3110 3238 Διά
3163 3185 3322 3238 τοῦτο
3378 3186 3529 3240 καὶὸ
3560 3186 3704 3239 Κάῖν

2107 3266 2394 3337 ἐμέμφθη,
2421 3267 2522 3321 οὐκ
2540 3268 2731 3340 ἐπειδὴ
2750 3268 2927 3338 φαῦλα
2950 3270 3351 3341 προσήνεγκεν,
3375 3268 3487 3322 ἀλλ’
3513 3268 3705 3338 ἐπειδὴ

2105 3343 2180 3403 ὧν
2200 3348 2314 3421 εἶχε
2326 3351 2395 3404 τὰ
2416 3352 2726 3425 φαυλότερα
2744 3372 2756 3383 ·
2779 3353 3265 3422 Ἐπικατάρατος,
3290 3353 3476 3424 φησὶν,
3495 3351 3562 3418 ὃς
3578 3351 3705 3419 ἔχει

2105 3433 2318 3502 ἄρσεν,
2339 3435 2437 3489 καί
2458 3437 2587 3491 θύει
2597 3436 3033 3507 διεφθαρμένον
3047 3434 3127 3506 τῷ
3146 3436 3288 3503 Θεῷ,
3308 3438 3420 3507 Οὐχ
3433 3436 3617 3501 ἁπλῶς
3633 3432 3704 3489 εί-

2107 3536 2231 3583 πεν,
2266 3519 2606 3590 ἀλλ’ὁέχων,
2639 3521 2795 3591 φησὶ,
2829 3523 2925 3575 καὶ
2957 3522 3296 3593 φειδόμενος.
3328 3521 3392 3573 Εί
3419 3521 3600 3573 τοίνυν
3617 3537 3703 3585 τις

2106 3601 2208 3656 οὐκ
2242 3602 2378 3673 ἔχει,
2413 3602 2763 3673 ἀπήλλακται
2801 3604 2898 3658 καὶ
2954 3604 3340 3676 ἐγκλημάτων,
3405 3603 3606 3674 μᾶλλον
3643 3604 3701 3657 δέ

2102 3684 2219 3756 ἔχει
2270 3686 2483 3755 μισθόν.
2517 3686 2584 3739 Τί
2612 3687 2719 3757 γὰρ
2754 3688 2848 3741 δύο
2906 3687 3112 3743 ὀϐολῶν
3168 3688 3572 3758 εὐτελέστερον,
3603 3689 3700 3743 καὶ

2100 3769 2308 3839 τριχῶν
2343 3770 2803 3842 οὐδαμινέστερον
2828 3791 2841 3838 ;
2877 3774 2930 3826 τί
2961 3772 3018 3823 δέ
3048 3771 3382 3838 σεμιδάλεως
3412 3770 3646 3840 κοτύλης
3676 3788 3692 3836 ;

2104 3852 2219 3905 ἀλλ’
2231 3853 2380 3923 ὅμως
2391 3853 2568 3907 ταῦτα
2582 3854 2769 3925 ηὐδοκί
2776 3873 2849 3926 μη
2857 3856 2992 3925 σενξό
2999 3856 3164 3925 μοίως
3177 3856 3287 3918 τοῖς
3304 3852 3454 3924 [501]
3474 3854 3698 3923 μόσχοις

2102 3937 2199 3990 καὶ
2216 3935 2293 4006 τῷ
2311 3938 2542 4009 χρυσίῳ.
2579 3938 2718 3993 Καθ’
2736 3938 2767 3991 ὃ
2786 3940 2897 4007 γὰρ
2923 3939 3047 4007 ἔχει
3076 3956 3187 4003 τις,
3222 3938 3693 4005 εὐπρόσδεκτος,

2102 4020 2174 4074 οὐ
2224 4020 2532 4075 καθ’ὃοὺκ
2566 4022 2691 4089 ἕχει
2712 4039 2725 4052 ’
2769 4022 2999 4087 καὶ,Ὡς
3020 4022 3097 4075 ἂν
3116 4022 3252 4090 ἔχῃ,
3286 4022 3471 4093 φησὶν,
3492 4024 3529 4089 ἡ
3560 4022 3693 4090 χείρ

2102 4118 2241 4170 σου,
2268 4099 2337 4158 εὖ
2357 4106 2518 4158 ποίει
2541 4122 2553 4135 ο
2570 4105 2672 4169 διὸ,
2702 4105 3031 4176 παρακαλῶ,
3047 4104 3376 4175 κενώσωμεν
3394 4105 3692 4177 προθύμως

2100 4186 2172 4240 τὰ
2187 4187 2316 4240 ὄντα
2332 4189 2413 4250 είς
2428 4189 2556 4250 τοὺς
2574 4188 2836 4257 πένητας·
2857 4187 2959 4242 κᾶν
2981 4188 3139 4256 ὀλίγα
3155 4184 3210 4261 ᾖ,
3229 4188 3319 4242 τὸν
3337 4188 3499 4241 αὐτὸν
3520 4188 3691 4257 ληψό-

2107 4272 2247 4341 μεθα
2275 4271 2467 4339 μισθὸν
2502 4275 2616 4336 τοῖς
2655 4273 2723 4325 τά
2752 4272 2975 4325 πλείονα
3008 4271 3430 4333 καταϐάλλουσι,
3489 4272 3690 4342 μᾶλλον

2105 4355 2163 4408 δέ
2192 4354 2415 4408 πλείονα
2453 4354 2563 4408 τῶν
2596 4356 2768 4425 μυρία
2813 4356 3055 4410 τάλαντα
3088 4356 3559 4409 καταϐαλλόντων.
3592 4356 3691 4408 “Av

2099 4438 2275 4493 ταῦτα
2302 4438 2571 4509 ποιῶμεν,
2596 4438 2994 4509 ἐπιτευξόμεθα
3014 4439 3121 4493 τῶν
3148 4439 3372 4508 ἀφάτων
3398 4440 3690 4510 θησαυρῶν

2100 4523 2193 4576 τοῦ
2229 4522 2389 4585 Θεοῦ,
2422 4522 2489 4576 ἂν
2510 4522 2586 4593 μὴ
2617 4524 2909 4593 ἀκούωμεν
2936 4522 3121 4592 μόνον,
3146 4524 3285 4577 ἀλλά
3308 4525 3401 4577 καὶ
3430 4525 3687 4595 πράττω-

2105 4624 2226 4676 μεν,
2265 4606 2331 4659 ἂν
2356 4606 2431 4677 μὴ
2464 4606 2799 4676 ἐπαινῶμεν,
2831 4606 2966 4659 ἀλλὰ
2988 4607 3083 4660 καὶ
3114 4607 3200 4660 διὰ
3233 4609 3342 4661 τῶν
3365 4607 3543 4678 ἔργων
3573 4610 3692 4661 ἐπι-

2100 4692 2461 4759 δεικνύωμεν.
2511 4684 2609 4743 Ὧν
2664 4690 2874 4758 γένοιτο
2923 4691 3131 4754 πάντας
3178 4693 3326 4761 ἡμᾶς
3388 4693 3686 4759 ἐπιτυχεῖν,

2102 4775 2287 4845 χάριτι
2318 4774 2407 4825 καὶ
2440 4773 2821 4843 φιλανθρωπίᾳ
2835 4772 2927 4826 τοῦ
2947 4775 3153 4845 Κυρίου
3179 4774 3339 4844 ἡμῶν
3366 4773 3540 4843 Ἰησοῦ
3563 4775 3690 4843 Χρι-

2102 4856 2251 4921 στοῦ,
2321 4856 2438 4925 μεθ’
2465 4850 2525 4910 οῦ
2557 4856 2635 4927 τῷ
2667 4858 2876 4927 Πατρὶ,
2922 4857 3039 4928 ἆμα
3071 4856 3148 4927 τῷ
3183 4857 3322 4927 ἁγίῳ
3380 4856 3683 4925 Πνεύματι,

2099 4940 2225 5003 δόξα
2255 4981 2269 5005 ,
2294 4940 2515 5009 κράτος,
2538 4939 2694 5011 τιμὴ,
2724 4941 2819 4995 νῦν
2846 4942 2937 4995 καὶ
2966 4940 3073 5006 ἀεὶ,
3102 4942 3196 4994 καὶ
3216 4943 3296 5005 εἰς
3316 4942 3443 5003 τοὺς
3480 4937 3685 5003 αἰῶνας

2099 5025 2209 5079 τῶν
2242 5023 2476 5077 αἰώνων.
2510 5025 2562 5076 Ἀ
2578 5026 2705 5095 μήν.
