4202 6442
913 497 1022 507 α--ι-

1187 371 1253 427 l.\'
1291 344 1643 428 ιειηετζιςιι
1687 365 2044 425 "Enni-EOS.
2089 363 2238 419 C.\P.
2283 363 2422 419 x-tn.
2486 366 2716 426 llmflL.
2758 371 3000 428 xxx'n.

3653 393 3756 448 226

3673 522 3768 539 -η

1775 559 2115 621 HOMILIA
2164 561 2465 626 XXXIIII.

445 677 590 732 Cap.
628 675 711 737 12.
743 692 798 728 .v.
831 675 924 731 23.
955 675 1140 749 Itaque
1167 693 1376 745 regnum
1406 679 1662 734 immobile
1691 683 2019 751 suscipientes
2043 725 2058 747 ,

530 770 807 823 habeamus
825 769 1064 840 gratiam,
1091 787 1179 836 per
1203 787 1354 837 quam
1377 772 1653 824 serviamus
1675 771 1928 842 placentes
1952 773 2060 828 Deo

529 878 646 916 cum
667 871 803 913 metu
835 871 881 913 et
907 862 1202 915 reverentia.
1226 861 1317 916 9.9.
1344 861 1543 915 Etenim
1572 862 1709 916 Deus
1735 876 1904 918 noster
1928 867 2061 937 ignis

527 969 829 1007 consumens
854 961 945 1006 est.

531 1047 580 1100 1.
611 1045 764 1112 Quod
797 1045 922 1098 alibi
955 1044 1103 1109 dicit,
1133 1045 1260 1111 Qua:
1279 1049 1412 1100 enim
1442 1047 1692 1115 videntur,
1718 1061 1836 1103 sunt
1864 1060 2058 1120 tempo-

445 1141 588 1194 ralia
611 1157 630 1203 ;
654 1155 769 1209 qua:
794 1151 960 1192 autem
982 1156 1081 1193 non
1109 1141 1359 1206 videntur,
1383 1153 1569 1196 (eterna
1599 1143 1671 1213 (ΕΞ.
1699 1143 1815 1198 Cor.
1841 1145 1893 1200 4.
1928 1147 2052 1216 18);

443 1245 501 1288 et
533 1249 600 1288 ex
634 1247 700 1286 eo
727 1231 946 1286 adhibet
975 1233 1400 1288 consolationem
1429 1236 1477 1288 in
1509 1236 1659 1290 inalis
1686 1252 1804 1305 qtne
1833 1237 2053 1293 ferimus

443 1327 498 1380 in
535 1327 639 1379 vita
675 1325 962 1393 pra-scuti;
998 1326 1100 1380 lioc
1129 1327 1213 1381 hic
1244 1345 1457 1396 quoque
1489 1327 1612 1383 facit
1640 1342 1690 1384 et
1723 1331 1848 1384 dicit
1883 1350 1895 1385 :
1932 1330 2047 1385 Ha-

435 1421 656 1476 beamus
699 1421 959 1491 gratiam;
991 1420 1093 1475 hoc
1127 1432 1230 1481 est,
1258 1422 1366 1476 Deo
1405 1437 1626 1493 agamus
1661 1425 1860 1494 gratias
1883 1467 1897 1489 ,
1932 1442 2047 1481 ma.

437 1532 670 1571 neamns
702 1516 864 1570 firmi.
899 1515 1014 1570 Non
1051 1516 1226 1570 solum
1269 1517 1413 1572 enim
1456 1533 1561 1572 non
1603 1519 1864 1576 debemus
1905 1537 2049 1590 aigre

433 1609 582 1660 fcrre
629 1607 917 1678 praesentia
938 1648 954 1672 ,
987 1607 1080 1660 sed
1109 1607 1269 1662 etiam
1302 1617 1520 1676 propter
1552 1608 1725 1663 futura
1758 1613 2044 1667 maximam

432 1698 644 1754 habere
685 1700 934 1768 gratiam.
981 1697 1087 1753 Per
1125 1717 1276 1768 quam
1319 1702 1594 1756 serviamus
1630 1702 1753 1756 bene
1795 1706 2044 1774 placentes

429 1792 584 1854 Deo;
619 1793 668 1846 id
697 1802 818 1855 est,
847 1793 926 1844 sic
953 1793 1097 1847 enim
1130 1794 1251 1847 licet
1279 1795 1484 1848 servire
1519 1795 1626 1851 Deo
1659 1797 1793 1852 bene
1827 1800 2040 1867 placen-

422 1894 566 1949 tem,
596 1885 643 1939 si
676 1885 728 1937 in
756 1884 1013 1938 omnibus
1041 1887 1148 1953 agit
1176 1888 1396 1954 gratias.
1429 1886 1636 1954 Omnia,
1669 1889 1860 1960 inquit,
1891 1894 2042 1961 facile

423 1977 623 2044 absque
668 1978 1160 2031 murmurationibus
1198 1987 1246 2031 et
1287 1979 1732 2048 disceptationibus
1750 1979 2041 2050 (Philipﬁ.

425 2073 542 2140 14).
574 2070 730 2139 Quod
761 2073 904 2125 enim
940 2071 1128 2126 fecerit
1155 2071 1418 2142 quispiam
1451 2090 1813 2139 murmurans,
1841 2075 1898 2132 id
1923 2095 2037 2134 am-

429 2173 584 2232 putat
608 2175 661 2218 et
685 2164 858 2233 perdit
887 2163 1215 2229 mercedem,
1241 2164 1378 2219 sicut
1409 2164 1695 2221 lsraelitm:
1721 2169 1871 2224 scitis
1890 2172 2036 2227 enim

434 2272 576 2326 quas
618 2272 795 2322 pinnas
825 2256 1095 2311 dederunt
1125 2255 1194 2309 ob
1238 2261 1708 2313 murmurationes.
1744 2260 2031 2331 Propterea

437 2349 602 2402 dicit:
636 2347 804 2420 Neque
832 2350 1178 2403 numnuretis.
1200 2348 1315 2402 Non
1347 2362 1520 2419 potest
1539 2367 1667 2422 ergo
1694 2352 1806 2407 fieri
1841 2366 1897 2409 ut
1924 2357 2032 2410 Deo

435 2441 510 2494 ita
537 2443 742 2494 servias
767 2451 820 2495 ut
846 2442 896 2495 ei
933 2441 1148 2510 placeas
1171 2483 1186 2506 ,
1214 2442 1256 2494 si
1288 2457 1392 2495 non
1434 2443 1481 2496 ei
1515 2442 1714 2497 habeas
1739 2447 1936 2514 gratias
1963 2448 2031 2503 de

429 2534 680 2586 omnibus
699 2543 749 2588 et
779 2535 846 2588 de
876 2534 1258 2588 tentationibus
1279 2545 1332 2588 et
1360 2534 1428 2588 de
1455 2535 1798 2603 quiete.vCum
1824 2550 1955 2592 metu
1983 2551 2030 2594 et

422 2627 735 2690 rcverentia;
761 2627 863 2681 hoc
889 2638 992 2690 est,
1019 2626 1148 2679 nihil
1176 2625 1457 2696 loquamur
1487 2627 1769 2696 impudens
1796 2640 1850 2684 et
1877 2648 2030 2686 arro-

420 2734 574 2788 gans,
598 2719 692 2772 sed
727 2734 826 2773 nos
853 2730 1338 2786 conmonamus,ut
1363 2721 1531 2774 simus
1557 2725 1843 2778 reverendi
1881 2744 1892 2778 :
1927 2725 2029 2782 hoc

417 2811 560 2863 enim
586 2822 666 2863 est
695 2812 838 2879 quod
868 2811 997 2863 dicit
1019 2810 1172 2865 :Cum
1203 2821 1333 2863 metu
1362 2822 1408 2864 et
1438 2816 1733 2867 reverentia.
1762 2815 1915 2882 (Cap.
1934 2821 2023 2883 15)

413 2905 688 2959 LCaritas
719 2908 1057 2978 fraternitatis
1086 2921 1289 2963 maneat
1315 2910 1369 2964 in
1391 2915 1548 2968 vobis.
1576 2914 1634 2965 ει.
1659 2911 1730 2966 Et
1757 2915 2023 2986 hospitali-

408 3007 562 3052 tatem
583 3000 740 3053 nolite
753 3001 1010 3055 oblivisci:
1026 3019 1116 3072 per
1131 3007 1262 3057 hanc
1273 3005 1406 3058 enim
1418 3006 1675 3059 latuerunt
1693 3007 1920 3077 quidam,
1939 3025 2032 3061 au-

407 3092 537 3159 getis
564 3092 788 3160 hospitio
812 3094 1195 3164 exceptisJ'ide
1217 3097 1488 3166 quomodo
1508 3097 1663 3167 jubet
1687 3113 1780 3153 eos
1804 3115 2018 3152 servare

407 3183 700 3250 pra-scotia
738 3203 750 3237 :
783 3201 882 3238 nec
920 3185 1070 3240 addit
1115 3187 1256 3250 alia;
1300 3203 1406 3242 non
1447 3191 1589 3244 enim
1621 3191 1790 3245 dixit:
1834 3192 2020 3247 Estote

403 3285 684 3330 amatores
727 3277 986 3345 fratrum,
1022 3277 1151 3333 sed:
1190 3277 1400 3333 Maneat
1436 3281 1623 3334 caritas
1662 3283 2016 3352 fraternitatis.

409 3368 479 3421 Et
503 3385 690 3423 rursus
721 3385 826 3423 non
856 3370 1008 3435 dicit,
1043 3371 1229 3427 Estotc
1255 3373 1568 3442 bespitales,
1598 3391 1659 3430 ac
1683 3377 1726 3430 si
1757 3378 1890 3432 tales
1913 3394 2017 3432 non

405 3459 554 3522 sint;
584 3459 678 3514 sed
701 3500 718 3525 ,
753 3459 1136 3531 Hospitalitatis
1177 3465 1334 3517 nolite
1372 3464 1598 3520 oblivisci
1627 3482 1646 3520 :
1675 3477 1848 3536 potest
1875 3470 2016 3524 enim

407 3554 517 3608 hoc
564 3555 810 3610 accidere
856 3572 920 3609 ex
967 3556 1368 3613 afflictionibus.
1424 3559 1628 3616 Deinde
1677 3561 1728 3615 id
1779 3562 2004 3627 addidit,

404 3647 556 3714 quod
598 3648 770 3717 magis
803 3657 1005 3715 poterat
1037 3651 1303 3713 excitare,
1337 3650 1522 3706 dicens
1553 3669 1566 3707 :
1595 3650 1874 3708 Inscientes
1903 3656 2017 3725 qni-

401 3740 532 3792 dam
553 3740 764 3809 angelos
785 3741 1006 3809 ltospitio
1032 3753 1362 3808 exceperunt.
1389 3741 1552 3799 Vides
1571 3756 1800 3813 quantus
1824 3746 2013 3810 honor,

403 3845 667 3904 quantum
712 3834 916 3888 lucrmn
964 3833 1160 3890 fuerit?
1202 3836 1341 3902 Quid
1381 3845 1496 3904 est,
1530 3836 1859 3894 Inscientes?
1901 3839 2016 3895 Non

399 3935 803 3995 cognoscentes
854 3925 1086 3994 hospitio
1137 3935 1488 3996 exceperunt.
1534 3928 1658 3983 ldeo
1705 3945 1894 4000 magna
1935 3941 2018 3986 est

403 4016 722 4071 Abrahamo
751 4033 960 4071 merces
983 4060 997 4084 ,
1027 4019 1169 4087 quod
1206 4020 1452 4074 nesciens
1479 4036 1574 4075 eos
1603 4037 1722 4076 esse
1750 4023 1969 4093 angelos
1995 4065 2009 4087 ,

403 4109 648 4181 hospitio
676 4110 953 4180 exceperit
984 4128 998 4164 :
1032 4127 1152 4166 nam
1181 4113 1224 4166 si
1257 4113 1524 4173 scivisset.
1561 4128 1666 4167 non
1700 4114 1888 4170 fuisset
1915 4117 2016 4170 mi-

404 4203 661 4258 randum.
696 4203 925 4271 Quidam
956 4202 1142 4257 dicunt
1184 4219 1307 4258 eum
1349 4203 1436 4259 hic
1470 4206 1633 4259 etiam
1672 4205 2015 4262 subindicare

404 4299 624 4353 Letum.
657 4299 710 4352 5.
748 4296 1056 4352 Mementote
1077 4297 1359 4351 vinctorum
1382 4307 1638 4368 tamquam
1657 4299 1809 4353 simul
1835 4299 2010 4363 vincti,

401 4401 452 4445 et
485 4391 830 4444 laborantium
852 4401 1110 4462 tamquam
1139 4400 1185 4444 et
1210 4391 1310 4463 ipsi
1335 4392 1388 4444 in
1412 4407 1625 4460 corpore
1652 4402 1927 4447 morantes.
1956 4393 2010 4448 4.

404 4483 729 4538 Honorabile
756 4483 1061 4542 connubium
1095 4483 1150 4537 in
1176 4484 1439 4551 omnibus,
1464 4492 1510 4538 et
1540 4493 1680 4538 torus
1709 4485 2013 4540 immacula-

399 4591 489 4631 [ιω
523 4593 540 4630 :
569 4575 903 4646 fornicatores
931 4584 1100 4628 autem
1125 4584 1171 4628 ct
1198 4574 1458 4630 adulteros
1481 4575 1734 4645 jndicabit
1763 4575 1924 4632 Deus.
1956 4578 2010 4633 5.

404 4670 530 4725 Sint
576 4685 740 4723 mores
778 4670 889 4722 sine
932 4668 1198 4731 avaritia;
1224 4669 1443 4722 contenti
1487 4670 1836 4739 pra’sentibus.
1883 4669 2013 4724 Vide

400 4777 566 4833 quam
597 4762 762 4815 multa
790 4760 950 4816 verba
982 4759 1143 4815 faciat
1169 4760 1236 4816 de
1277 4763 1649 4831 temperantia.
1690 4761 1898 4828 Pacem,
1930 4763 2009 4817 in-

398 4857 542 4926 quit,
576 4854 835 4908 sectemini
859 4862 904 4907 et
931 4853 1424 4921 sanctiﬁcationem;
1456 4863 1533 4919 et,
1567 4854 1731 4910 Nemo
1757 4857 1822 4910 sit
1851 4861 2013 4927 forni-

399 4959 549 5004 cator
577 4957 683 5000 aut
728 4947 1020 5017 profanus;
1057 4955 1109 4999 et
1150 4961 1290 5001 nunc
1330 4961 1550 5013 rursus,
1585 4945 1941 5002 Fornicatorcs
1969 4971 1992 5001 ε

395 5041 668 5096 adulteros
684 5039 940 5112 judicabit
965 5036 1128 5093 Deus.
1155 5037 1361 5110 Ubique
1379 5053 1502 5092 cum
1535 5055 1693 5108 pinna
1724 5050 1804 5095 est
1826 5039 2011 5110 probi-

395 5135 558 5190 bitio.
581 5134 650 5188 Et
676 5134 968 5205 quomodo,
989 5135 1115 5189 hinc
1145 5137 1417 5205 perpende
1448 5151 1461 5188 :
1491 5148 1612 5188 cum
1641 5132 1886 5194 dixisset.
1908 5130 2016 5185 Pa-

395 5242 510 5280 ccm
637 5223 911 5286 sectamini
994 5241 1110 5280 cum
1206 5225 1508 5280 omnibuset
1537 5225 2010 5294 sanctiﬁcationem,

393 5317 713 5387 subiunxit:
743 5315 872 5372 Sine
895 5334 994 5386 qua
1011 5334 1164 5371 nemo
1191 5317 1374 5371 videbit
1400 5316 1677 5372 Dominum
1706 5315 1893 5386 (Hebr.
1922 5317 2009 5372 i2.

397 5410 494 5478 14)
518 5425 533 5463 :
569 5408 830 5476 hic-vero,
864 5407 1228 5464 Fornicatores
1252 5419 1420 5464 autent
1452 5418 1496 5462 et
1523 5408 1782 5463 adulteros
1806 5408 2010 5474 indica-

394 5503 466 5556 bit
503 5501 642 5557 l)eus
667 5518 685 5566 ;
709 5513 764 5558 et
792 5517 914 5558 cum
943 5504 1094 5572 ptius
1126 5503 1392 5572 posuisset
1419 5524 1431 5559 :
1467 5501 1782 5557 llonorabile
1809 5520 2008 5556 comm--

393 5596 535 5649 bium
563 5598 616 5650 in
643 5598 914 5662 omnibus,
939 5605 995 5650 .et
1025 5607 1165 5651 torus
1204 5597 1562 5651 immuculatus
1594 5612 1612 5649 :
1646 5612 1802 5666 pinna
1831 5596 2007 5652 addita

394 5689 634 5742 ostendit
662 5703 721 5742 se
743 5689 865 5757 jure
885 5688 1317 5758 snbjtmxisseea
1345 5705 1464 5759 qum
1494 5688 1748 5758 deinceps
1777 5703 2011 5758 sequun-

394 5788 506 5830 tur.
554 5779 610 5832 Si
663 5779 807 5832 enim
854 5794 1173 5834 concessum
1215 5788 1298 5833 est
1340 5780 1774 5844 matrimonium,
1814 5780 2008 5834 merito

390 5874 617 5938 punitur
654 5880 950 5938 scortator,
985 5873 1176 5926 merito
1220 5888 1338 5942 sup;
1362 5873 1481 5927 licio
1515 5873 1748 5927 afficitur
1773 5871 2002 5927 adulter.

2173 679 2269 733 llic
2292 696 2349 734 se
2381 691 2529 749 parat
2555 684 2619 736 ad
2656 689 2997 751 pugnandum
3026 689 3284 742 adversus
3318 689 3624 746 b:ereticos.
3653 690 3769 748 Non

2167 773 2303 825 dixit
2348 790 2562 827 rursus:
2605 776 2792 830 Nullus
2835 778 2905 830 sit
2947 777 3279 845 fornicator;
3312 780 3406 834 sed
3439 798 3560 838 cum
3602 785 3768 841 semel

2166 863 2409 930 dixisset,
2443 877 2566 919 tunc
2594 876 2860 936 tamquam
2887 884 3226 924 cooununem
3260 873 3488 941 subjecit
3518 875 3767 928 admoni-

2168 955 2386 1017 tionem,
2420 971 2525 1009 non
2558 966 2826 1026 tamquam
2871 958 2936 1012 ad
2983 961 3126 1029 ipsos
3170 963 3328 1015 vcrba
3361 964 3617 1032 dirigens.
3651 966 3767 1020 Sint

2165 1062 2328 1099 inores
2370 1049 2479 1100 sine
2522 1051 2778 1113 avaritia;
2810 1055 3028 1104 contenti
3071 1055 3418 1115 prtcscntibus.
3448 1056 3562 1110 Non
3591 1057 3763 1123 dixit,

2163 1137 2303 1191 Nihil
2334 1141 2671 1208 possidentis,
2698 1144 2812 1205 sed,
2843 1144 2960 1197 Sint
2982 1163 3145 1199 mores
3171 1148 3280 1200 sine
3305 1151 3558 1215 avaritia;
3586 1152 3634 1206 id
3659 1162 3762 1216 est,

2160 1231 2225 1282 sit
2267 1247 2418 1284 mens
2476 1233 2663 1298 libera,
2711 1236 2960 1289 ostendat
3007 1247 3240 1292 mentem
3297 1239 3759 1310 philosophicani;

2159 1323 2407 1378 ostendet
2437 1335 2641 1389 autem,
2675 1327 2717 1380 si
2745 1328 2964 1382 minime
2989 1345 3292 1396 qua-ramus
3320 1349 3439 1400 qua:
3489 1335 3760 1403 superflua

2158 1425 2301 1481 sunt,
2321 1418 2361 1467 si
2383 1417 2542 1470 rebus
2562 1420 2776 1472 utilibus
2797 1430 3001 1475 tantum
3021 1431 3073 1476 et
3088 1425 3405 1478 necessariis
3427 1425 3762 1481 adliairt-sca-

2157 1522 2294 1562 Inus.
2320 1507 2450 1562 Nam
2480 1512 2726 1578 superius
2755 1515 2915 1567 etiam
2944 1514 3078 1568 dixit
3103 1534 3114 1567 :
3145 1515 3207 1569 Et
3237 1520 3473 1585 rapinam
3508 1520 3754 1574 bonorum

2156 1613 2433 1655 vestrorum
2472 1621 2586 1656 cttm
2613 1606 2802 1674 gaudio
2822 1608 3112 1675 suscepistis
3137 1606 3157 1681 (
3185 1609 3343 1664 llcbr.
3379 1612 3463 1666 10.
3489 1613 3601 1683 51).
3632 1613 3756 1667 lla-0

2153 1693 2549 1758 admonent,ne
2580 1697 2682 1748 sint
2709 1699 2876 1752 avari.
2901 1697 3154 1762 Contenti,
3183 1702 3374 1768 inquit,
3403 1704 3752 1772 prarsentibns.

2154 1785 2355 1839 Deinde
2378 1797 2458 1840 est
2480 1790 2638 1841 etiam
2675 1790 2760 1843 hic
2789 1791 3112 1853 consolatio,
3136 1803 3192 1845 ut
3222 1809 3288 1848 ne
3310 1794 3618 1862 desperent.
3641 1795 3757 1862 Ipse

2151 1879 2282 1930 enim
2302 1879 2427 1931 dixit
2445 1877 2598 1933 :Non
2625 1890 2671 1934 te
2692 1882 2939 1946 deseram,
2958 1899 3114 1953 neque
3135 1883 3501 1954 derelinquam.
3518 1885 3570 1940 6.
3589 1885 3613 1938 Ι
3623 1897 3673 1939 ta
3702 1897 3754 1940 nt

2147 1971 2462 2037 conﬁdenter
2484 1973 2736 2036 dicamus,
2767 1973 3017 2029 Dominus
3044 1977 3167 2030 mihi
3188 1979 3395 2046 adjutor
3424 1989 3496 2032 est
3522 1995 3658 2033 :-non
3683 1984 3750 2051 ti-

2148 2062 2286 2115 mebo
2308 2064 2429 2133 quid
2459 2065 2613 2125 faciat
2632 2067 2752 2117 mihi
2781 2067 2954 2120 homo.
2974 2067 3110 2122 Ecce
3136 2084 3325 2123 rursus
3342 2077 3424 2122 est
3453 2071 3751 2125 consolatio

2149 2153 2198 2206 in
2220 2155 2683 2210 tentationibns.7.
2707 2157 3010 2211 Mementote
3031 2160 3422 2230 prtepositorum
3445 2171 3746 2218 vestrorum.

2149 2244 2260 2299 lloc
2283 2247 2398 2313 jam
2426 2249 2678 2317 snperius
2702 2249 2881 2304 dicere
2909 2251 3122 2305 volebat
3154 2270 3166 2304 :
3199 2263 3482 2320 propterea
3514 2255 3744 2322 dicebat,

2144 2338 2334 2392 Pacem
2362 2341 2624 2394 sectemini
2654 2357 2772 2394 cum
2799 2342 3053 2395 omnibus.
3086 2343 3257 2413 Hujus
3287 2347 3448 2399 etiam
3490 2347 3750 2401 admosse-

2143 2430 2232 2485 bat
2261 2431 2774 2489 Tlicssalonicenses
2797 2475 2811 2499 ,
2843 2443 2900 2489 ut
2925 2451 3019 2489 eos
3049 2435 3309 2492 haberent
3340 2439 3389 2492 in
3421 2455 3634 2494 summo
3659 2443 3747 2494 bo-

2145 2540 2296 2578 nore.
2327 2523 2650 2592 Mementote,
2686 2528 2875 2596 inquit,
2901 2531 3294 2598 prtepositorum
3323 2543 3621 2601 vestrorum,
3655 2537 3745 2606 qui

2141 2615 2277 2667 vobis
2305 2616 2499 2684 loquuti
2538 2628 2654 2671 sunt
2683 2619 2886 2672 verbum
2925 2618 3022 2672 Dei
3049 2636 3069 2674 :
3106 2638 3321 2690 quarunt
3365 2625 3606 2681 intuente:
3642 2629 3742 2680 cxi-

2133 2721 2239 2764 ttun
2269 2713 2665 2767 conversationis
2686 2755 2700 2779 ,
2726 2715 3001 2768 imitamini
3028 2717 3182 2785 [idem
3211 2719 3288 2786 (1.
3321 2719 3497 2774 Thess.
3527 2722 3581 2776 5.
3618 2723 3730 2792 i5).

2130 2801 2388 2870 Quaenam
2443 2815 2523 2858 est
2572 2807 2688 2860 haec
2729 2809 3158 2876 consequentia?
3202 2809 3414 2878 Optima
3465 2812 3728 2882 quidem:

2131 2894 2551 2954 Cousidcrantes
2579 2898 2749 2964 enim,
2784 2899 2974 2968 inquit,
3007 2915 3196 2955 eorum
3223 2905 3730 2972 conversationem,

2129 3001 2323 3055 nempe
2367 2988 2568 3054 vitam,
2602 2990 2884 3044 imitamini
2927 2993 3086 3047 fidem
3120 3010 3133 3046 :
3165 3009 3194 3048 a
3227 2995 3423 3050 munda
3456 2998 3598 3053 enim
3622 3000 3732 3054 vita

2127 3087 2211 3132 est
2243 3076 2397 3132 fides.
2431 3080 2534 3132 Aut
2563 3079 2723 3135 fidem
2755 3082 2885 3136 dicit
2926 3084 3278 3140 stabilitatem
3311 3096 3366 3142 et
3397 3089 3727 3145 firmitatem.

2126 3170 2455 3238 Quomodo?
2483 3173 2735 3229 Ostendit
2763 3177 2906 3230 enim
2931 3178 3072 3247 quod
3101 3180 3326 3235 firmiter
3348 3184 3508 3238 rebus
3536 3183 3728 3240 futuris

2124 3263 2440 3330 credentes,
2489 3277 2694 3321 rectum
2739 3269 2861 3322 vita:
2907 3270 3208 3327 institutum
3255 3283 3560 3331 tenuerunt.
3613 3277 3729 3334 Non

2125 3356 2266 3409 enim
2302 3357 2458 3410 vitam
2484 3359 2844 3414 ostendiSsent
2872 3364 3123 3417 mundam
3155 3381 3216 3418 ac
3240 3383 3446 3436 puram.
3482 3371 3524 3422 si
3557 3369 3624 3425 de
3649 3371 3732 3426 fu-

2126 3449 2259 3500 turis
2312 3449 2680 3516 dnbitasscnt,
2712 3453 2757 3506 si
2807 3454 3187 3524 ambcgissent.
3227 3458 3583 3525 Quamobrem
3629 3462 3731 3519 hoc

2124 3537 2298 3606 ipsum
2334 3538 2419 3594 bic
2441 3557 2654 3611 quoque
2669 3555 2840 3597 curat.
2863 3547 2914 3600 8.
2942 3545 3093 3601 Jesus
3123 3547 3353 3604 Christus
3383 3552 3492 3605 hcri
3517 3565 3560 3607 et
3579 3555 3731 3609 hodie
3809 3570 3814 3574 '

2122 3629 2254 3682 idem
2285 3632 2412 3700 ipse,
2444 3644 2489 3686 et
2517 3634 2568 3687 in
2594 3635 2801 3691 stecula.
2829 3636 2878 3691 9.
2910 3637 3166 3693 Ductrinis
3194 3644 3345 3697 variis
3370 3654 3416 3697 et
3452 3649 3730 3717 peregrinis

2121 3725 2277 3778 nolite
2291 3725 2472 3779 abduci
2495 3744 2515 3781 :
2537 3729 2784 3797 optimum
2807 3740 2876 3784 est
2899 3733 3031 3786 enim
3056 3736 3224 3804 gratia
3249 3738 3466 3792 stabiliri
3490 3757 3596 3806 cor,
3625 3759 3728 3796 non

2121 3818 2266 3884 cscis,
2292 3834 2406 3887 qua:
2431 3836 2532 3873 non
2561 3825 2863 3893 profuerunt
2889 3825 3267 3881 ambulantibus
3297 3829 3347 3882 in
3376 3831 3468 3886 eis.

2191 3909 2245 3962 2.
2284 3909 2378 3964 llic
2410 3911 2560 3975 illud,
2599 3911 2744 3975 llcri,
2777 3913 2906 3968 dicit
2935 3931 3094 3971 omne
3127 3927 3338 3988 tempus
3371 3922 3724 3990 praeteritum,

2121 4013 2194 4068 ct,
2233 4001 2417 4068 Hodie,
2437 4021 2675 4074 praisens
2704 4019 2915 4076 tempus
2942 4026 2955 4073 ;
2981 4009 3244 4075 saxulum,
3267 4014 3497 4070 futurum
3527 4025 3581 4070 et
3611 4016 3729 4072 infi-

2120 4094 2313 4147 nitttm.
2333 4094 2445 4149 Hoc
2474 4106 2579 4160 est,
2618 4098 2916 4153 Audivistis
2946 4102 3273 4170 pontificem,
3299 4105 3390 4158 sed
3419 4122 3523 4160 non
3553 4109 3728 4175 ponti-

2122 4186 2274 4240 ficem
2302 4189 2389 4257 qui
2414 4187 2624 4243 desinat
2649 4208 2662 4245 :
2685 4207 2896 4262 semper
2917 4194 3061 4247 enim
3091 4195 3229 4249 idem
3255 4207 3358 4251 est.
3387 4198 3619 4254 Perinde
3645 4211 3724 4256 at-

2118 4293 2224 4348 que
2253 4280 2295 4333 si
2321 4291 2500 4335 essent
2529 4282 2620 4351 qui
2647 4281 2890 4338 dicerent
2933 4301 3054 4340 eum
3106 4303 3212 4341 non
3261 4303 3383 4344 esse
3409 4291 3720 4347 crucifixum

2117 4374 2207 4444 qui
2231 4385 2597 4445 exspectatur,
2628 4378 2724 4434 sed
2755 4388 3035 4435 venturum
3069 4398 3191 4438 esse
3220 4385 3416 4440 alium:
3443 4386 3546 4442 hoc
3571 4390 3720 4456 dicit,

2117 4469 2260 4538 quod
2292 4470 2382 4540 qui
2411 4480 2493 4524 est
2525 4470 2655 4526 Heri
2667 4483 2712 4527 et
2746 4473 2919 4537 hodie,
2941 4473 2965 4526 l
2976 4476 3087 4529 dem
3117 4487 3186 4531 est
3207 4480 3258 4531 in
3275 4481 3482 4534 sa’cnla.
3504 4481 3604 4536 Per
3622 4482 3724 4537 hoc

2117 4560 2312 4633 quippe
2338 4562 2624 4620 manifeste
2647 4566 2724 4620 ait
2749 4567 2890 4637 quod
2922 4570 3012 4638 qui
3041 4571 3209 4638 venit,
3252 4588 3438 4628 rursus
3464 4587 3721 4630 venturus

2115 4655 2217 4720 sit,
2251 4655 2501 4728 idemque
2533 4658 2648 4728 ipse
2678 4669 2733 4714 et
2761 4669 2885 4715 ante
2911 4670 3024 4716 erat
3049 4704 3062 4726 ,
3093 4672 3145 4718 et
3175 4673 3289 4730 est,
3325 4675 3377 4720 et
3406 4666 3508 4721 erit
3537 4668 3588 4721 in
3615 4684 3722 4722 sae-

2113 4745 2254 4800 cula.
2297 4747 2430 4801 Nam
2471 4765 2613 4805 nunc
2656 4766 2870 4822 quoque
2911 4753 3096 4808 dicunt
3135 4755 3304 4810 Jndzei
3335 4739 3496 4812 alium
3530 4769 3720 4815 ventu-

2113 4853 2269 4905 rum;
2300 4848 2355 4894 et
2379 4855 2500 4894 cum
2529 4857 2594 4898 eo
2622 4843 2709 4912 qui
2750 4853 2834 4899 est
2867 4845 3076 4915 seipsos
3107 4848 3452 4916 privaverint,
3487 4853 3723 4908 incident

2115 4934 2167 4988 in
2218 4934 2629 4990 Antichristnm.
2674 4937 2932 4993 Doctrinis
2964 4941 3116 4994 variis
3159 4952 3206 4995 ct
3247 4945 3524 5014 peregrinis
3566 4949 3720 5000 nolite

2112 5025 2314 5081 abduci.
2347 5027 2463 5084 Non
2496 5029 2670 5088 solum
2715 5033 3014 5102 peregrinis
3037 5075 3052 5099 ,
3085 5034 3178 5088 sed
3227 5035 3387 5088 etiam
3417 5038 3577 5090 rariis
3609 5040 3720 5093 vult

2113 5133 2207 5172 cos
2236 5117 2427 5172 abduci
2459 5136 2471 5172 :
2506 5131 2726 5174 noverat
2757 5120 2900 5176 enim
2929 5137 2992 5176 ex
3021 5132 3246 5194 utraque
3287 5135 3434 5194 parte
3478 5129 3717 5183 nascitu-

2113 5225 2225 5264 ram
2255 5212 2544 5282 perniciem
2577 5213 2834 5268 seductis.
2859 5213 3130 5284 Optimum
3161 5227 3231 5271 est
3261 5219 3390 5272 enim
3423 5222 3587 5289 gratia
3614 5235 3717 5276 sta-

2113 5304 2250 5358 biliri
2277 5322 2382 5370 cor,
2415 5323 2515 5360 non
2547 5308 2670 5360 escis
2693 5349 2704 5368 ,
2734 5322 2848 5378 qua?
2877 5325 2976 5362 non
3014 5311 3315 5381 profuerunt
3344 5315 3717 5372 ambulantibus

2112 5398 2164 5451 in
2195 5398 2283 5451 eis.
2319 5397 2414 5452 llic
2449 5400 2699 5466 paulatim
2730 5399 3036 5455 subindicat
3065 5418 3159 5457 eos
3188 5406 3274 5473 qui
3307 5406 3715 5464 introducebant

2112 5490 2544 5545 οὶιὸςτνίιιὶοιιεηι
2574 5492 2816 5547 ciborum
2856 5511 2868 5548 :
2911 5494 3015 5549 fide
3045 5498 3186 5551 enim
3217 5501 3414 5555 munda
3443 5513 3565 5555 sunt
3596 5521 3714 5556 om-

2113 5591 2196 5645 nia
2226 5608 2238 5644 :
2269 5593 2368 5648 fide
2400 5608 2526 5664 ergo
2553 5609 2685 5662 opus
2711 5603 2811 5658 est.
2843 5611 2948 5650 non
2977 5598 3130 5653 cibis.
3160 5600 3249 5655 l0.
3287 5601 3540 5659 Ilabcmus
3571 5609 3702 5662 enim

2108 5682 2293 5750 altare,
2318 5683 2380 5737 de
2399 5701 2497 5753 quo
2525 5687 2671 5740 edere
2694 5703 2794 5740 non
2821 5687 3001 5742 habent
3031 5700 3321 5757 potestatem
3351 5695 3438 5763 qui
3463 5698 3669 5750 labet-im
3691 5732 3697 5738 -

2109 5773 2226 5828 culo
2251 5773 2556 5832 deserviunt.
2587 5778 2715 5843 Qua:
2741 5786 2867 5834 sunt
2891 5781 3031 5850 apud
3065 5798 3181 5845 nos,
3218 5785 3405 5856 inquit,
3438 5803 3542 5842 non
3565 5801 3696 5842 sunt

2106 5865 2286 5932 qualia,
2313 5865 2529 5924 Judaiea
2553 5908 2568 5933 ,
2612 5868 2748 5924 adeo
2783 5879 2839 5924 ut
2881 5886 2979 5927 nec
3024 5875 3256 5944 pontifici
3293 5880 3504 5948 quidem
3537 5881 3692 5936 lii-eat
