4202 6446
595 324 697 380 227

1364 331 1419 384 S.
1459 326 1736 383 JOANNIS
1770 326 2244 384 CllRYSOSTOMl
2284 329 2600 388 ARCHIEP.
2640 326 3173 395 CONSTANTINQ‘P.

599 435 784 474 eorum
817 437 935 478 esse
962 424 1290 496 participem.
1320 427 1699 497 Quamobrem,
1732 439 1980 503 quoniam
2005 438 2171 494 dixit:

3758 343 3861 401 29.8

2259 441 2450 511 inquit,
2474 439 2776 493 connubium
2816 438 2868 491 in
2898 437 3148 500 omnibus,
3187 446 3230 488 ct
3261 445 3400 487 torus
3441 432 3836 486 intntaculatusi‘

597 510 674 565 Ne
701 512 1014 581 observetis,
1039 516 1320 572 videbatur
1340 528 1517 576 autem
1554 523 1654 579 hoc
1680 539 1799 581 esse
1824 528 1938 597 ejus
1963 530 2054 599 qui
2078 547 2172 588 sua
2255 510 2534 600 Quomodo
2564 530 2586 582 ?
2617 529 2878 597 Quoniam
2922 531 2972 581 in
3026 527 3290 590 castitate,
3345 526 3534 596 inquit,
3583 531 3638 579 et
3687 523 3843 593 pudi-

594 602 821 659 destruit
844 649 858 669 ,
900 607 999 662 hoc
1043 625 1228 664 rursus
1265 613 1498 668 invertit.
1531 615 1665 671 Num
1693 633 1790 673 nos
1819 637 2030 692 quoque
2065 641 2169 679 non
2252 626 2375 678 citia
2428 631 2707 677 conservat
2761 621 2992 674 iidelcm.
3023 619 3119 674 llic
3163 620 3324 674 etiam
3357 619 3514 672 tacite
3547 617 3713 686 tangit
3739 615 3835 672 Ju-

592 695 954 764 obscrvamus,
983 701 1185 770 inquit?
1212 701 1572 762 Observamus
1592 711 1753 764 etiam
1779 711 2165 779 vehementius,

592 799 656 838 ne
697 789 821 855 ipsis
860 790 1072 858 quidem
1108 794 1478 850 sacerdotibus
1507 797 1622 853 hrec
1658 801 2045 869 impertientes.
2078 807 2164 861 il.

591 878 815 941 Quorum
842 883 973 934 enim
1001 883 1299 953 animalium
1325 887 1548 954 infertur
1580 892 1788 961 sanguis
1831 910 1924 962 pro
1961 910 2165 966 peccato

584 967 635 1019 in
661 977 832 1021 sancta
862 988 950 1038 per
978 973 1282 1041 pontiﬁcem,
1313 977 1493 1030 horum
1523 996 1739 1048 corpora
1759 996 2048 1040 cremantur
2077 1005 2163 1041 ex-

583 1066 659 1108 tra
690 1069 874 1112 castra.
913 1061 994 1114 12.
1028 1062 1248 1131 Propter
1280 1067 1416 1131 quod
1453 1076 1503 1121 et
1542 1069 1693 1125 Jesus
1733 1083 1786 1125 ut
1826 1079 2162 1146 sancti/icaret

581 1163 668 1214 per
693 1165 838 1202 suum
862 1153 1159 1222 sanguinem
1181 1157 1446 1224 populum,
1472 1168 1613 1212 eastra
1635 1173 1834 1230 portam
1863 1184 2040 1234 passus
2063 1180 2155 1224 est.

580 1236 769 1328 Vidisti
799 1240 1021 1308 ﬁguram
1057 1245 1525 1312 resp-lendentem‘.’
1551 1249 1712 1304 Extra
1742 1265 1929 1321 castra,
1968 1259 2153 1328 inquit,

577 1335 650 1392 et,
680 1326 843 1382 Extra
865 1340 1083 1399 portam.
1109 1334 1369 1400 Quoniam
1391 1354 1518 1408 ergo
1539 1356 1656 1410 qua:
1681 1326 2156 1420 ollerebanturpro

577 1429 794 1485 peccato
836 1431 992 1491 typus
1032 1425 1243 1493 quidam
1287 1439 1474 1494 erant,
1506 1441 1558 1486 et
1592 1443 1738 1490 extra
1773 1446 1944 1493 castra
1973 1441 2025 1495 in
2053 1442 2152 1495 ho-

575 1513 868 1568 locaustum
902 1516 1354 1587 incendebantur,
1379 1523 1499 1592 jure
1535 1529 1726 1583 merito
1755 1541 1903 1587 extra
1943 1546 2149 1603 portam

573 1619 759 1672 passus
787 1617 866 1662 est
892 1607 1048 1664 Jesus
1075 1613 1162 1680 qui
1192 1629 1287 1681 pro
1311 1619 1542 1684 peccatis
1581 1624 1778 1677 nostris
1803 1625 2012 1682 oblatus
2043 1639 2146 1685 est.

570 1695 828 1760 Quocirca
855 1698 1016 1752 etiam
1046 1717 1144 1756 nos
1173 1714 1383 1770 Oportet
1411 1719 1531 1761 eum
1557 1710 1647 1779 qui
1679 1728 1776 1781 pro
1807 1715 1960 1771 nobis
1999 1735 2147 1775 mor-

571 1793 677 1838 tem
705 1787 824 1841 tulit
867 1789 1091 1858 imitari,
1119 1793 1384 1864 longeque
1413 1814 1442 1850 a
1473 1801 1617 1854 curis
1643 1801 1801 1875 hujus
1835 1810 2019 1863 mundi
2056 1827 2145 1866 re-

568 1875 781 1942 colere,
811 1877 912 1933 hoc
941 1892 1021 1934 est
1041 1921 1057 1947 ,
1090 1893 1239 1938 extra
1285 1889 1540 1944 mundum
1571 1893 1761 1963 simus,
1793 1907 1848 1952 et
1899 1915 2145 1962 seorsum

564 1979 594 2017 a
637 1965 797 2021 rebus
839 1971 1083 2025 terrenis.
1126 1971 1280 2030 Unde
1328 1976 1432 2034 hoc
1481 1981 1874 2051 signiﬁcaturus
1921 1993 2143 2064 subjun-

562 2057 638 2158 xit
671 2076 683 2110 :
715 2060 800 2158 id.
836 2060 1091 2118 Exeamus
1122 2082 1238 2158 ergo
1266 2069 1336 2122 ad
1362 2087 1474 2124 eum
1500 2084 1644 2129 extra
1672 2090 1860 2148 castra,
1887 2057 2143 2158 imprope-

559 2151 691 2248 riunt
735 2151 842 2220 ejus
883 2164 1137 2220 portantes
1163 2198 1176 2221 ,
1213 2157 1316 2224 hoe,
1354 2173 1465 2226 est,
1499 2166 1685 2222 eadem
1727 2151 2021 2243 patientes,
2049 2151 2141 2234 s0-

560 2246 805 2295 cictatcm
829 2259 949 2298 cum
979 2261 1044 2299 eo
1075 2246 1334 2306 habentes
1369 2253 1419 2306 in
1456 2257 1810 2324 passionibus.
1845 2264 2138 2339 Tamquam

559 2333 979 2398 condemnatus,
1012 2337 1155 2393 foras
1193 2350 1345 2396 actus
1372 2353 1455 2398 est
1480 2346 1532 2400 in
1558 2365 1768 2406 crucem
1801 2372 1813 2408 :
1843 2333 2016 2428 neque
2042 2378 2141 2419 nos

556 2424 1142 2522 ergo-pudeatloraset
1164 2441 1312 2486 extra
1332 2436 1585 2491 mundum
1608 2443 1773 2498 exire.
1792 2424 2138 2522 lllud'quippe

557 2513 732 2612 innuit
750 2517 927 2612 per—id
954 2519 1094 2588 quod
1120 2521 1282 2578 dicit:
1312 2525 1475 2580 Extra
1507 2541 1691 2597 castra,
1725 2544 1797 2603 et,
1830 2513 1992 2594 Extra

553 2613 674 2658 tam.
708 2605 797 2661 Ν.
836 2607 956 2662 Non
998 2613 1131 2665 enim
1173 2613 1412 2671 habemus
1451 2619 1567 2687 hic,
1605 2623 1808 2694 inquit,
1855 2605 2134 2691 manentem

555 2711 820 2798 civitatem,
853 2713 942 2765 sed
970 2716 1192 2781 futuram
1219 2715 1536 2784 inquirimus.
1570 2720 1651 2776 I5.
1691 2721 1791 2776 Per
1817 2725 1982 2795 ipsum
2012 2744 2130 2798 ergo

552 2797 826 2863 oﬂ'erannts
853 2801 1064 2855 hostiam
1100 2803 1264 2858 laudis
1293 2823 1489 2875 semper
1511 2807 1620 2865 Deo
1643 2853 1657 2876 ,
1690 2813 1744 2865 id
1768 2824 1840 2868 est
1863 2853 1882 2881 ,
1909 2797 2129 2884 fructum

552 2889 898 2957 conﬁtentium
925 2894 1116 2945 nomini
1136 2895 1260 2962 ejus.
1293 2895 1392 2951 Per
1411 2899 1598 2968 ipsum,
1628 2902 1720 2967 ait,
1745 2913 2015 2975 tamquam
2036 2923 2131 2977 per

552 2981 856 3048 pontiﬁcem
884 3025 898 3050 ,
940 2985 1079 3053 quod
1123 2987 1188 3041 ad
1230 3003 1444 3044 carnem
1483 2993 1691 3049 attinet.
1735 2995 2128 3069 Conﬁtendum,

551 3075 741 3144 inquit,
769 3079 959 3131 nomini
986 3081 1112 3148 ejus.
1149 3081 1259 3137 Hoc
1284 3093 1386 3150 est,
1415 3083 1556 3140 Nihil
1598 3087 1876 3158 loquamur
1904 3093 2128 3148 maledic

547 3177 701 3231 cum,
729 3166 858 3221 nihil
886 3178 1194 3238 protervum
1217 3213 1231 3236 ,
1263 3173 1390 3227 nihil
1423 3175 1625 3245 audax,
1653 3179 1784 3233 nihil
1810 3181 2090 3252 impudens
2110 3228 2124 3252 ,

550 3256 679 3308 nihil
712 3272 966 3327 armgans
992 3278 1005 3324 ;
1035 3262 1129 3316 sed
1158 3279 1277 3317 cum
1307 3266 1507 3332 pudore
1533 3277 1586 3322 et
1621 3274 1920 3326 reverentia
1952 3278 2126 3330 omnia

549 3345 805 3403 faciamus
829 3361 880 3404 ct
911 3351 1168 3406 dicamus.
1200 3355 1350 3421 Quod
1380 3357 1590 3426 quidem
1614 3375 1720 3414 non
1756 3371 1956 3420 temere
1977 3367 2124 3433 dicit,

548 3440 643 3493 sed
673 3450 728 3494 ut
751 3443 840 3509 qui
863 3454 1046 3498 nosset
1069 3461 1161 3500 eos
1183 3462 1300 3500 esse
1325 3449 1373 3500 in
1404 3448 1692 3506 afﬂictione
1717 3471 1731 3507 :
1761 3456 1933 3510 anima
1951 3467 2125 3512 autem

549 3544 696 3597 spem
717 3532 893 3601 abjicit
915 3535 963 3586 in
987 3536 1381 3604 afﬂictionibus,
1402 3548 1456 3592 et
1478 3540 1734 3610 pudorem
1759 3548 1920 3601 exuit.
1938 3549 2042 3604 Sed
2063 3567 2127 3606 ne

548 3636 666 3685 nos,
698 3622 886 3692 inquit.
916 3625 1052 3680 Ecce
1085 3643 1264 3683 rursus
1289 3630 1388 3683 hoc
1413 3631 1586 3699 ipsum
1607 3632 1733 3688 dicit
1753 3639 1891 3706 quod
1919 3641 2127 3696 dicebat

546 3716 789 3782 superius
816 3735 828 3768 :
860 3716 980 3771 Non
1007 3719 1288 3774 deserentes
1307 3764 1320 3787 ,
1351 3723 1549 3792 inquit,
1577 3729 2010 3798 congregationem
2037 3749 2125 3786 no-

545 3813 703 3858 stram
728 3806 746 3874 (
757 3806 910 3861 Ilebr.
930 3809 1147 3879 10.25).
1169 3811 1258 3866 Sic
1277 3814 1418 3868 enim
1441 3817 1731 3884 poterimus
1749 3822 1923 3875 omnia
1953 3823 2126 3879 facere

545 3911 666 3949 cum
691 3898 891 3966 pudore
905 3909 958 3954 et
977 3912 1312 3957 reverenter:
1332 3919 1400 3958 sa:
1411 3921 1476 3974 pe
1495 3908 1636 3961 enim
1661 3909 1890 3979 ipsorum
1915 3930 2126 3985 quoque

545 3987 819 4046 hominum
869 3994 1071 4062 pudore
1123 3995 1318 4064 affecti,
1349 3999 1512 4054 multa
1541 4017 1658 4072 qua:
1703 4013 1827 4059 sunt
1883 4008 2122 4077 improba

545 4095 650 4135 non
686 4082 926 4138 facimus.
962 4085 1048 4163 16'.
1075 4085 1428 4157 Beneficentite
1460 4102 1626 4148 autem
1675 4105 1721 4150 et
1758 4100 2124 4153 communionis

544 4173 698 4226 nolite
723 4175 968 4229 oblivisci.

615 4267 669 4321 5.
716 4267 1050 4334 Ilospitalitas
1070 4273 1462 4328 commendatur.
1494 4307 1563 4316 —
1595 4277 1719 4333 llmc
1751 4286 1877 4334 tunc
1907 4281 2124 4350 quidem

543 4356 740 4410 Paulus
762 4359 993 4425 dicebat,
1023 4377 1161 4416 nunc
1188 4379 1316 4418 vero
1342 4381 1440 4436 ego
1460 4366 1579 4422 dico
1607 4387 1619 4421 :
1655 4383 1760 4422 non
1788 4379 1963 4424 autem
1990 4387 2126 4441 prae-

543 4448 784 4502 sentibus
815 4459 1015 4504 tantum
1042 4452 1162 4508 dico
1189 4453 1570 4522 fratribus,sed
1601 4458 1759 4510 etiam
1793 4459 2120 4516 absentibus.

545 4540 712 4595 Nemo
740 4551 913 4596 vestra
948 4547 1122 4613 rapuit
1154 4563 1166 4598 :
1199 4547 1243 4600 si
1276 4559 1454 4602 autem
1487 4550 1574 4603 alii
1608 4558 1814 4603 vestras
1846 4550 2124 4607 facultates

543 4643 854 4701 rapuerunt,
889 4635 1025 4690 unde
1045 4637 1165 4692 licet
1187 4640 1452 4694 ostendite
1475 4640 1905 4707 hospitalitatem.
1925 4642 2122 4709 Quam-

543 4738 667 4778 nam
708 4739 833 4794 ergo
879 4743 1018 4782 nunc
1065 4729 1378 4784 habebimus
1412 4731 1831 4793 excusationem,
1877 4748 1996 4786 cum
2038 4733 2122 4786 isti

544 4815 703 4870 etiam
738 4827 855 4885 post
883 4834 1099 4874 suorum
1131 4821 1389 4874 bonorum
1439 4824 1676 4891 rapinam
1728 4824 1841 4879 ha‘c
1867 4824 2124 4880 audiant?

547 4909 605 4962 Et
638 4910 780 4975 vide,
815 4912 898 4966 hic
926 4913 1076 4976 dicit,
1122 4912 1470 4983 Beneﬁcentite
1514 4916 1670 4969 nolite
1712 4917 1953 4982 oblivisci,
2002 4936 2120 4977 cum

548 5000 692 5067 prius
718 5001 958 5066 dixisset,
993 5001 1374 5072 Hospitalitatis
1392 5043 1407 5068 ,
1441 5020 1545 5056 non
1573 5005 1715 5061 aliud
1742 5017 1798 5062 et
1825 5009 1965 5062 aliud
1996 5012 2122 5065 sub-

547 5092 671 5147 inde
698 5094 1004 5156 ostendens,
1029 5095 1122 5148 sed
1153 5110 1314 5148 utmm
1345 5104 1397 5150 et
1425 5096 1562 5151 idem
1592 5113 1684 5166 per
1712 5101 1907 5156 variam
1935 5103 2121 5158 dictio-

547 5197 693 5236 nem.
722 5182 787 5235 Et
814 5199 918 5235 non
941 5182 1476 5253 dixit,Susceptionis
1499 5187 1764 5256 hostiitum
1796 5192 1957 5245 nolite
1986 5194 2121 5247 obli-

544 5275 701 5339 xisci,
732 5274 847 5332 sed.
873 5272 1266 5344 liospitalitatis,
1297 5276 1396 5332 hoc
1424 5287 1523 5343 est,
1554 5279 1668 5335 Non
1695 5281 1865 5336 solum
1898 5285 2122 5352 excipite

542 5378 799 5445 hospites,
832 5377 927 5430 sed
958 5379 1118 5432 etiam
1148 5379 1387 5451 hospites
1414 5383 1638 5457 diligite.
1683 5387 1792 5444 Nec
1817 5388 1951 5445 dixit
1977 5391 2122 5445 futu-

538 5482 649 5519 ram
693 5476 746 5518 et
789 5467 1076 5533 repositam
1124 5468 1632 5544 remunerationem,
1686 5495 1754 5534 ne
1798 5495 1894 5535 eos
1937 5495 2122 5537 rursus

535 5556 722 5608 reddat
765 5557 1088 5630 supiniores,
1130 5564 1221 5619 sed
1249 5581 1364 5620 eam
1406 5585 1524 5638 qua:
1547 5571 1657 5639 jam
1689 5571 1787 5626 fuit
1815 5573 1938 5628 data
1970 5591 1982 5629 :
2014 5571 2121 5628 Per

533 5645 664 5695 hanc
691 5645 844 5710 enim,
877 5649 1072 5717 intulit,
1101 5655 1307 5724 quidam
1353 5660 1617 5715 inscientes
1655 5663 1872 5731 hospitio
1907 5680 2116 5736 excepe-

532 5745 650 5788 runt
689 5739 915 5809 angelos.
969 5743 1072 5801 Sed
1117 5751 1392 5818 superiora
1436 5753 1729 5826 videamus,
1773 5754 2107 5827 Honorabile,

2252 716 2417 780 daeos,
2473 714 2613 783 quod
2668 712 3085 767 abominandum
3151 710 3521 765 existimarent
3576 708 3834 763 concubi-

2249 818 2363 862 tum
2394 824 2408 858 ε
2443 805 2506 860 Et
2534 807 2619 876 qui
2648 821 2710 859 ea:
2753 807 2888 858 coitu
2914 805 3151 874 resurgit,
3187 804 3377 873 inquit,
3413 819 3512 856 non
3553 811 3624 856 est
3652 818 3834 870 purus.

2248 902 2362 955 Non
2395 909 2520 955 sunt
2550 897 2905 953 abominanda
2934 913 3053 968 quae
3081 909 3206 951 sunt
3235 911 3298 951 ex
3322 904 3534 959 natura,
3567 911 3600 949 ο
3628 894 3834 965 ingrate

2246 1004 2299 1049 et
2328 994 2472 1048 nullo
2501 1007 2663 1047 sensu
2702 989 2923 1060 prardite
2968 989 3155 1044 Iudaee
3179 1029 3193 1055 ,
3224 987 3316 1042 sed
3348 1003 3468 1058 qua
3498 997 3623 1041 sunt
3647 1002 3714 1041 ex
3741 1003 3832 1039 vo.

2245 1089 2449 1142 luntate
2477 1095 2532 1139 et
2572 1083 2739 1138 libero
2783 1082 2944 1135 animi
2975 1081 3234 1135 arbitrio:
3260 1095 3379 1133 nam
3427 1080 3472 1133 si
3522 1077 3832 1133 honorabiie

2243 1181 2298 1226 et
2324 1169 2579 1224 mundum
2606 1177 2690 1223 est
2715 1166 3136 1230 matrimonium,
3166 1179 3262 1219 cur
3288 1165 3450 1219 etiam
3481 1178 3548 1219 ex
3575 1179 3641 1218 eo
3667 1163 3828 1233 pollui

2241 1263 2555 1318 existimas?
2583 1260 2700 1315 Sint
2731 1274 2914 1322 mores,
2945 1256 3138 1326 inquit,
3169 1256 3280 1309 sine
3303 1256 3537 1309 avaritia.
3566 1255 3828 1321 Quoniam

2242 1356 2416 1420 multi,
2444 1363 2723 1424 postquam
2745 1367 2840 1406 sua
2868 1350 3007 1404 bona
3031 1347 3340 1412 effuderint,
3364 1347 3551 1402 volunt
3569 1356 3826 1417 praetextu

2218 1435 2599 1519 'eleemosyna:
2647 1461 2711 1500 ea
2757 1459 2940 1499 rursus
2988 1442 3288 1511 acquirere,
3346 1448 3628 1511 prepterea
3672 1440 3823 1507 dicit,

2241 1540 2358 1594 Sint
2388 1555 2547 1594 mores
2575 1537 2683 1591 sine
2717 1535 2966 1588 avaritia:
2998 1533 3099 1588 hoc
3129 1543 3231 1598 est,
3265 1532 3341 1586 Ea
3383 1539 3586 1585 tantum
3613 1546 3826 1602 quaera-

2239 1647 2357 1687 mus
2386 1630 2578 1702 quibus
2613 1637 2695 1684 est
2730 1642 2885 1698 opus,
2931 1635 2986 1681 et
3016 1641 3134 1697 qua:
3169 1635 3294 1680 sunt
3329 1625 3652 1680 necessaria.
3685 1623 3824 1692 Quid

2242 1739 2406 1790 vero,
2453 1723 2496 1776 si
2544 1737 2611 1775 ne
2651 1735 2713 1774 ea
2762 1717 2975 1788 quidem
3028 1717 3184 1772 nobis
3228 1715 3554 1786 suppetant?
3596 1715 3714 1770 Non
3750 1716 3819 1769 ita

2235 1823 2338 1881 est,
2379 1827 2485 1867 non
2531 1811 2601 1865 ita
2641 1819 2723 1866 est
2755 1828 2768 1864 :
2802 1811 2917 1880 ipse
2945 1807 3088 1864 enim
3119 1807 3272 1871 dixit,
3307 1817 3361 1861 et
3390 1820 3498 1860 non
3527 1806 3816 1862 mentitur:

2237 1905 2359 1960 Non
2406 1913 2453 1958 te
2486 1903 2733 1968 deseram,
2767 1916 2926 1970 neque
2969 1911 3016 1954 te
3059 1899 3427 1968 derelinquam.
3459 1899 3534 1954 Ita
3562 1906 3622 1953 ut
3661 1898 3821 1953 conﬂ-

2233 1998 2423 2053 denter
2459 1995 2731 2050 dicamus:
2762 1992 3010 2046 Dominus
3055 1991 3181 2044 mihi
3209 1990 3414 2055 adiutor
3443 2005 3464 2045 :
3491 2006 3594 2044 non
3637 1989 3820 2044 timebo

2232 2089 2354 2161 quid
2385 2089 2539 2160 faciat
2569 2086 2691 2139 mihi
2721 2085 2870 2138 homo
2904 2082 3073 2155 (Psal.
3105 2083 3229 2137 117.
3261 2081 3341 2150 6).
3373 2083 3449 2136 Ac
3493 2081 3538 2138 si
3569 2081 3770 2137 diceret
3799 2098 3814 2134 :

2232 2181 2409 2237 llabes
2449 2179 2517 2233 ah
2559 2178 2679 2246 ipso
2710 2175 3059 2246 promissum,
3113 2187 3180 2227 ne
3209 2172 3421 2228 dubites
3460 2171 3529 2228 de
3573 2182 3810 2229 cancro:

2231 2274 2344 2342 ipse
2372 2279 2456 2327 est
2480 2269 2765 2340 pollicitus,
2821 2281 2888 2321 ne
2932 2265 3192 2336 ambigas.
3225 2264 3358 2320 Illud
3385 2271 3584 2332 autem,
3618 2264 3741 2320 Non
3771 2276 3819 2320 te

2229 2365 2478 2426 deseram,
2511 2374 2618 2416 non
2659 2359 2786 2413 dicit
2815 2357 2990 2413 solum
3018 2355 3086 2412 de
3125 2357 3386 2427 pecuniis,
3425 2356 3520 2412 sed
3559 2357 3720 2412 etiam
3748 2357 3816 2414 dc

2229 2455 2343 2507 aliis
2373 2452 2643 2506 omnibus.
2669 2448 2922 2504 Dominus
2949 2449 3070 2502 milti
3087 2448 3295 2518 adjutor
3321 2463 3342 2502 :
3368 2462 3468 2502 non
3491 2446 3672 2501 timebo
3692 2449 3816 2518 quid

2229 2547 2384 2616 faciat
2413 2544 2538 2597 mihi
2560 2545 2729 2596 homo.
2755 2542 2821 2596 Et
2845 2539 3038 2594 merito
3061 2539 3342 2610 Prophetas
3365 2539 3564 2593 dictum
3587 2539 3806 2603 addidit,

2229 2638 2302 2690 sic
2329 2636 2617 2705 obsignans
2645 2646 2968 2696 sermonem,
3004 2639 3060 2686 et
3085 2631 3374 2686 alacriores
3416 2645 3515 2685 nos
3557 2630 3808 2692 reddens,

2229 2737 2284 2780 ut
2312 2742 2377 2781 ne
2405 2727 2772 2796 desperemus.
2806 2722 2915 2776 lloc
2953 2737 3082 2790 ergo
3114 2737 3210 2776 nos
3240 2736 3454 2791 quoque
3481 2720 3726 2776 dicamus
3757 2723 3808 2775 in

2235 2823 2488 2877 omnibus
2517 2821 2925 2885 tentationibus,
2975 2820 3205 2874 humana
3250 2818 3617 2874 irrideamus:
3647 2817 3822 2875 donec

2235 2916 2402 2971 Deum
2444 2915 2702 2971 habemus
2735 2915 3045 2986 propitium,
3089 2927 3248 2967 nemo
3285 2925 3385 2966 nos
3422 2912 3717 2984 superabit.
3754 2911 3818 2964 ω

2233 3007 2398 3073 enim,
2435 3007 2478 3061 si
2511 3006 2597 3060 ille
2628 3006 2696 3059 sit
2724 3006 2995 3071 inimicus,
3023 3004 3232 3058 etiamsi
3274 3017 3464 3058 omnes
3492 3001 3600 3057 sint
3639 3001 3816 3058 amici.

2231 3099 2364 3154 nihil
2392 3099 2612 3171 prodest
2646 3116 2659 3151 :
2694 3099 2764 3152 ita
2794 3098 2838 3153 si
2881 3099 2996 3167 ipse
3025 3097 3094 3151 sit
3131 3095 3356 3159 amicus,
3389 3093 3595 3150 etiamsi
3632 3109 3819 3146 Otl’iﬂt‘ﬂ

2231 3192 2627 3262 belligerentur,
2679 3191 2816 3245 nihil
2866 3204 2965 3244 nos
3005 3189 3170 3244 ltedit.
3210 3188 3333 3243 Ideo
3372 3187 3504 3241 dixit
3537 3205 3551 3241 :
3582 3185 3704 3240 Non
3750 3188 3816 3238 ti-

2229 3286 2370 3339 mebo
2405 3287 2527 3356 quid
2551 3285 2707 3355 faciat
2745 3283 2868 3337 mihi
2893 3283 3063 3337 homo.
3099 3281 3401 3336 Mementote
3431 3282 3816 3351 praepositorum

2229 3387 2525 3442 vestrorum,
2558 3378 2642 3447 qui
2667 3376 2804 3429 vobis
2830 3376 3027 3446 loquuti
3051 3384 3168 3428 sunt
3195 3374 3396 3428 verbum
3417 3373 3532 3427 Dei.
3567 3373 3661 3428 Hic
3684 3389 3810 3443 qua-

2227 3483 2332 3536 que
2361 3467 2608 3520 existimo
2640 3483 2759 3521 eum
2796 3467 2972 3521 dicere
3000 3465 3067 3519 de
3111 3466 3308 3520 auxilio
3339 3483 3352 3518 :
3383 3466 3484 3520 hoc
3529 3465 3668 3520 enim
3709 3477 3813 3529 est,

2230 3559 2329 3626 Qui
2354 3559 2489 3613 vobis
2531 3559 2724 3629 loqttuti
2763 3568 2880 3614 sunt
2915 3558 3117 3612 verbum
3155 3552 3272 3612 Dei.
3309 3557 3538 3622 Quorum
3567 3559 3814 3613 intuentes

2226 3654 2414 3706 exitum
2458 3653 2872 3718 conversationis,
2916 3651 3187 3704 imitamini
3217 3651 3390 3718 ﬁdem.
3423 3649 3558 3718 Quid
3588 3657 3690 3717 est,
3719 3648 3815 3703 In-

2225 3744 2458 3797 tuentes?
2488 3745 2716 3798 Assidue
2760 3753 3056 3811 versantes,
3100 3741 3240 3812 apud
3281 3757 3378 3797 vos
3420 3743 3810 3807 examinantes.

2225 3837 2606 3891 ratiocinantes
2633 3877 2646 3902 ,
2679 3842 2926 3890 accurate
2957 3843 3011 3889 et
3048 3843 3234 3888 exacte
3261 3845 3582 3903 quaerentes,
3615 3843 3673 3888 ut
3699 3834 3812 3888 vul—

2224 3927 2290 3980 tis
2318 3935 2634 3980 scrutantes.
2666 3927 2829 3980 Recte
2854 3925 3000 3990 dicit,
3035 3924 3239 3979 Exitum
3264 3926 3686 3989 conversationis;
3710 3926 3812 3980 hoc

2223 4027 2324 4080 est,
2349 4018 2438 4087 qui
2458 4017 2712 4088 pertingit
2737 4031 2904 4086 usque
2933 4016 2997 4069 ad
3029 4015 3212 4082 tinem,
3233 4017 3481 4085 quoniam
3515 4017 3711 4071 bonum
3745 4017 3809 4070 ti-

2222 4124 2345 4162 nem
2370 4108 2555 4162 habuit
2581 4118 2768 4163 coram
2791 4105 3159 4162 conversatio.
3181 4105 3336 4160 Jesus
3357 4106 3591 4162 Christus
3622 4108 3730 4161 heri
3760 4119 3807 4163 et

2222 4201 2390 4266 hodie,
2422 4202 2554 4254 idem
2584 4213 2632 4255 et
2671 4203 2724 4254 in
2753 4202 2960 4254 saecula.
2985 4199 3039 4254 Id
3067 4208 3150 4254 est
3173 4217 3187 4254 :
3213 4199 3292 4256 Ne
3318 4202 3636 4257 existimetis
3664 4201 3806 4272 quod

2223 4303 2348 4349 tunc
2374 4294 2560 4349 fecerit
2594 4294 2869 4357 miracula,
2902 4308 3043 4347 nunc
3083 4301 3261 4347 autem
3295 4308 3400 4348 non
3430 4293 3626 4353 iaciat:
3661 4293 3802 4348 idem

2221 4386 2334 4454 ipse
2351 4394 2452 4449 est,
2479 4394 2532 4440 et
2556 4387 2804 4456 quoniam
2834 4384 2975 4440 idem
2997 4393 3101 4451 est,
3132 4400 3236 4438 non
3259 4393 3341 4440 est
3364 4386 3573 4455 tempus
3594 4387 3808 4456 quando

2221 4493 2326 4531 non
2349 4479 2516 4548 possit
2533 4479 2633 4533 ista
2653 4477 2896 4549 operari:
2919 4479 2985 4532 ad
3007 4477 3146 4547 quod
3172 4475 3392 4532 forsitan
3413 4479 3707 4548 respiciens
3727 4479 3810 4533 di-

2219 4569 2294 4625 xit
2311 4588 2324 4625 :
2348 4569 2648 4624 Mementote
2662 4571 3050 4640 praepositorum
3069 4581 3362 4625 vestrorum.
3376 4572 3639 4625 Doctrinis
3655 4574 3808 4626 variis

2219 4671 2264 4714 et
2288 4661 2567 4731 peregrinis
2594 4660 2749 4715 nolite
2769 4660 2970 4713 abduci.
2990 4659 3299 4730 Peregrinis,
3325 4659 3427 4716 hoc
3457 4670 3558 4728 est,
3579 4661 3808 4717 diversis

2216 4754 2284 4809 ab
2305 4754 2369 4809 iis
2395 4770 2525 4824 quas
2545 4770 2575 4809 a
2604 4755 2758 4809 nobis
2783 4754 3064 4808 audivistis
3095 4772 3108 4806 :
3150 4753 3334 4818 Variis,
3370 4753 3470 4808 hoc
3496 4764 3616 4821 est,
3646 4770 3808 4810 omne

2215 4860 2385 4915 genus
2405 4844 2683 4899 doctrinis.
2705 4843 2862 4898 Tales
2883 4844 3025 4897 enim
3051 4842 3182 4897 nihil
3206 4843 3401 4898 habent
3429 4844 3591 4898 ﬁxum
3622 4853 3677 4900 et
3697 4856 3808 4899 sta.

2217 4936 2348 5001 bile,
2367 4935 2461 4990 sed
2483 4936 2800 5000 suntvarize,
2815 4935 3048 4990 maxime
3065 4934 3114 4988 id
3129 4934 3272 5005 quod
3297 4934 3362 4989 ad
3385 4935 3535 4991 cibos
3553 4936 3802 5005 pertinet.

2216 5027 2419 5082 Idcirco
2443 5026 2507 5079 ad
2538 5026 2639 5080 hoc
2667 5025 2966 5095 respiciens
2996 5025 3273 5096 subiungit
3301 5043 3315 5079 :
3346 5025 3550 5081 Bonum
3579 5029 3712 5082 enim
3734 5038 3807 5082 est

2214 5120 2380 5190 gratia
2407 5117 2626 5172 stabiliri
2653 5133 2759 5180 cor,
2790 5133 2892 5170 non
2920 5118 3066 5171 escis.
3099 5117 3190 5171 Eae
3215 5127 3340 5173 sunt
3367 5119 3551 5184 variae,
3576 5133 3654 5174 ea:
3682 5130 3806 5175 sunt

2216 5211 2532 5282 peregrinae.
2557 5209 2655 5263 llic
2681 5209 2732 5263 in
2758 5209 3184 5278 superstitiosam
3211 5209 3454 5264 ciborum
3477 5209 3806 5266 observatio-

2216 5319 2340 5358 nem
2368 5287 2638 5355 invehitur
2668 5317 2682 5354 :
2715 5299 2950 5354 ostendit
2977 5299 3122 5354 enim
3148 5300 3419 5370 quomodo
3450 5316 3514 5354 ex
3544 5303 3806 5371 supersti-

2217 5397 2350 5450 tiosa
2369 5393 2610 5449 ciborum
2640 5392 3016 5449 observatione
3033 5392 3086 5447 in
3105 5392 3334 5448 alienam
3352 5401 3383 5447 a’
3406 5403 3549 5448 recta
3577 5394 3683 5450 [ide
3705 5395 3804 5449 do-

2213 5486 2439 5542 ctrinam
2460 5483 2764 5548 inciderint,
2795 5482 3026 5553 indeque
3056 5484 3106 5536 in
3135 5483 3310 5538 varias
3331 5470 3384 5538 et
3401 5499 3569 5538 novas
3597 5485 3804 5540 doctri-

2215 5593 2312 5632 nas
2333 5577 2531 5632 sensim
2554 5591 2614 5630 se
2637 5574 2971 5630 demiserint.
3001 5575 3066 5629 Et
3087 5573 3208 5628 vide
3234 5589 3356 5628 eum
3387 5591 3492 5630 non
3511 5575 3801 5633 audentem

2229 5681 2330 5736 hoc
2356 5690 2541 5749 aperte
2567 5680 2764 5745 dicere,
2787 5679 2884 5735 sed
2908 5679 3059 5749 quasi
3089 5679 3141 5733 in
3168 5679 3472 5749 aenigmate.
3495 5678 3629 5732 Dum
3657 5677 3800 5733 enim

2231 5772 2374 5832 dicit.
2399 5771 2888 5839 Nolitecircumferri
2912 5770 3063 5824 variis
3082 5778 3128 5824 et
3157 5769 3296 5823 novis
3328 5769 3589 5834 doctrinis,
3610 5778 3683 5835 et,
3705 5765 3802 5821 Bo-
