4202 6446
373 347 510 404 ‘227

385 464 818 533 λατρεύοντες.
879 460 991 530 Οὐχ
1017 454 1102 512 οἴει
1132 459 1200 513 τὰ
1234 460 1524 525 Ἰουδαϊκὰ,
1561 461 1733 531 φησὶ,
1775 460 2002 514 τοιαῦτα

1169 342 1242 396 1N
1281 341 1492 398 EPIST.
1538 343 1629 396 AD
1670 341 2028 400 HEBRZI‘JOS.
2073 345 2225 401 CAP.
2270 343 2660 401 XIIIJIOMIL.
2706 345 2946 401 XXXIII.

3594 351 3666 407 εε

2122 463 2409 527 Ἰουδαίους
2462 463 2797 527 αἰνίττεται,
2854 464 2936 516 ὃτι
2993 461 3254 532 βδελυρὰν
3313 463 3546 535 ἡγοῦντο
3599 468 3698 538 τὴν

391 551 467 604 τά
504 549 638 619 παρ’
655 543 820 616 ἡμῖν,
845 546 918 608 ὡς
959 545 1094 615 μηδὲ
1121 545 1371 616 ἀρχιερεῖ
1396 544 1553 614 θέμις
1579 540 1719 597 εἶναι
1753 545 2005 614 μετέχειν
2110 547 2298 617 κοίτην
2321 563 2333 576 ο
2366 547 2477 600 Καὶ
2506 548 2573 612 ὃς
2603 550 2679 599 ἄν
2710 541 2771 616 ᾖ,
2802 548 2988 615 φησὶν,
3013 547 3130 601 ἀπὸ
3164 548 3392 615 κοίτης,
3425 551 3536 602 οὐκ
3566 551 3700 604 ἔστι

393 631 605 687 αὐτῶν.
626 631 788 682 Ὥστε
820 628 1008 698 ἐπειδὴ
1026 623 1169 693 εἷπε,
1199 628 1291 698 Μὴ
1311 629 1708 698 παρατηρεῖτε,
1741 627 1919 680 ἐδόκει
1944 626 2001 678 δὲ

392 714 562 768 τοῦτο
592 713 1031 775 καταϐάλλοντος
1059 707 1200 764 εἶναι
1227 712 1297 764 τά
1331 711 1460 774 ίδια,
1486 711 1649 766 πάλιν
1681 711 1814 764 αὐτὸ
1839 727 1999 782 περι-

393 800 645 870 στρέφει.
680 797 772 866 Μὴ
801 795 910 865 γάρ
945 795 1041 848 καὶ
1073 797 1238 865 ἡμεῖς
1263 795 1324 846 οὐ
1352 793 1806 866 παρατηροῦμεν,
1832 793 1997 864 φησί;

391 885 512 938 Καὶ
560 878 1032 950 παρατηροῦμεν,
1096 877 1191 930 καὶ
1240 877 1599 949 σφοδρότερον
1647 878 1768 931 οὐδὲ
1813 877 2000 938 αὐτοῖς

388 969 509 1031 τοῖς
547 964 749 1036 ἱερεῦσι
781 962 1150 1034 μεταδιδόντες
1183 956 1501 1015 αὑτῶν.Ὦν
1523 963 1632 1032 γὰρ
1660 961 1999 1032 είσφέρεται

388 1050 556 1111 ζώων
571 1049 636 1102 τὸ
647 1045 794 1118 αἷμα
817 1047 950 1115 περὶ
973 1047 1262 1115 ἁμαρτίας
1276 1049 1363 1112 εὶς
1380 1047 1449 1100 τὰ
1464 1046 1600 1115 ἅγια
1616 1045 1714 1099 διὰ
1736 1046 1842 1099 τοῦ
1859 1046 1999 1115 ἁρχ-

388 1134 618 1201 ιερέως,
651 1134 882 1185 τούτων
928 1129 1002 1183 τὰ
1033 1129 1282 1199 σώματα
1325 1131 1710 1184 κατακαίεται
1741 1130 1858 1194 ἔξω
1885 1129 1997 1199 τῆς

384 1215 801 1286 παρεμϐολῆς.
836 1215 933 1266 Διῦ
957 1213 1056 1268 καί
1096 1213 1360 1279 Ἰησοῦς,
1383 1214 1483 1266 ἵνα
1510 1212 1735 1283 ἁγιάσῃ
1760 1213 1860 1267 διὰ
1888 1211 1995 1266 τοῦ

386 1301 550 1355 ἰδίου
583 1300 834 1368 αἵματος
871 1300 978 1351 τὸν
1001 1296 1178 1362 λαὸν,
1215 1297 1373 1361 Ἔξω
1404 1295 1514 1365 τῆς
1543 1298 1764 1364 πύλης,
1803 1297 1990 1366 φησὶν,

383 1385 640 1438 ἔπαθεν.
678 1378 835 1445 Εἶδες
877 1381 967 1435 τὸν
997 1381 1168 1435 τύπον
1194 1381 1516 1450 λάμποντα;
1569 1381 1727 1446 Ἔξω
1746 1423 1761 1448 ,
1788 1381 1954 1450 φησὶν
1973 1422 1989 1447 ,

383 1466 501 1535 τῆς
546 1464 972 1536 παρεμϐολῆς,
1013 1465 1143 1528 καὶ,
1198 1465 1356 1528 Ἐξω
1396 1464 1508 1534 τῆς
1551 1466 1775 1532 πύλης.
1838 1465 1990 1518 Ἐπεὶ

381 1549 481 1606 οὖν
509 1555 580 1604 τά
609 1549 1036 1622 προσφερόμενα
1069 1549 1198 1619 ⁴περῖ
1220 1548 1498 1618 ἁμαρτίας
1526 1547 1697 1612 τύπος
1719 1566 1801 1611 τις
1823 1543 1986 1619 ἦσαν,

359 1637 484 1690 καὶ
524 1635 633 1700 ἔξω
665 1635 765 1705 τῆς
802 1633 1164 1704 παρεμϐολῆς
1197 1630 1625 1699 ώλοκαυτοῦντο,
1662 1632 1756 1684 καὶ
1792 1634 1820 1684 ὁ
1849 1631 1990 1704 ὑπὲρ

381 1719 682 1790 ἁμαρτιῶν
729 1717 892 1788 ἡμῶν
947 1716 1283 1788 προσαχθεὶς
1339 1715 1549 1784 Ἰησοῦς
1602 1715 1830 1779 εἰκότως
1884 1715 1991 1782 ἔξω

376 1806 483 1875 τῆς
510 1803 692 1874 πύλης
727 1803 955 1872 πάσχει.
985 1800 1196 1853 Οὐκοῦν
1233 1800 1328 1854 καὶ
1351 1801 1503 1870 ἡμᾶς
1534 1799 1627 1854 τὸν
1657 1800 1800 1869 ὑπὲρ
1831 1800 1990 1870 ἡμῶν

375 1888 631 1942 παθόντα
683 1885 974 1956 μιμεῖσθαι
1004 1883 1145 1955 χρὴ,
1175 1885 1270 1936 καὶ
1310 1881 1416 1948 ἔξω
1450 1883 1546 1936 τοῦ
1594 1882 1804 1953 κόσμου
1836 1883 1988 1951 γίνε-

376 1974 546 2035 σθαι,
595 1970 800 2042 μᾶλλον
845 1969 903 2022 δὲ
948 1968 1059 2022 τῶν
1108 1968 1202 2022 τοῦ
1237 1969 1447 2040 κόσμου
1489 1969 1854 2040 πραγμάτων.
1897 1968 1988 2022 Διὸ

373 2059 478 2111 καὶ
538 2055 702 2109 τοῦτο
745 2051 926 2124 δηλῶν
989 2053 1274 2123 ἐπήγαγε·
1343 2053 1560 2106 Τοίνυν
1607 2051 1988 2121 ἐξερχώμεθα

377 2139 537 2208 πρὸς
575 2137 770 2193 αὑτὸν
794 2136 914 2201 ἔξω
941 2135 1054 2205 τῆς
1085 2134 1472 2205 παρεμϐολῆς
1494 2176 1509 2201 ,
1558 2135 1847 2204 φέροντες
1880 2133 1988 2188 τὸν

386 2220 739 2292 ὀνειδισμὸν
773 2220 997 2275 αὐτοῦ’
1030 2219 1316 2281 τουτέστι,
1359 2218 1428 2270 τὰ
1464 2218 1606 2273 αὑτά
1641 2220 1945 2290 πάσχοντες
1966 2259 1982 2284 ,

390 2305 778 2368 κοινωνοῦντες
805 2303 960 2374 αὑτῷ
1000 2305 1060 2357 ἐν
1092 2305 1207 2367 τοῖς
1241 2301 1585 2373 παθήμασιν.
1639 2302 1728 2366 Ὠς
1760 2301 1986 2356 κατάδι-

391 2407 494 2455 κος
526 2387 836 2461 ἐσταυρώθη
866 2387 973 2453 ἔξω
995 2405 1008 2417 ι
1044 2386 1122 2458 μὴ
1144 2386 1326 2440 τοίνυν
1351 2385 1492 2456 μηδὲ
1522 2386 1684 2456 ἡμεῖς
1710 2385 1984 2457 αἰσχυνώ-

390 2475 536 2548 μεθα
564 2473 764 2542 ἐξιέναι
793 2472 899 2538 ἔξω
929 2470 1026 2525 τοῦ
1053 2473 1262 2540 κόσμου
1283 2486 1298 2500 ·
1327 2471 1487 2524 τοῦτο
1513 2469 1624 2540 γάρ
1656 2468 1877 2541 ᾐνίξατο
1906 2470 1984 2542 τῷ

383 2560 586 2626 εἰπεῖν,
618 2557 777 2623 Ἕξω
803 2555 918 2625 τῆς
943 2555 1352 2625 παρεμϐολῆς,
1387 2557 1500 2622 καὶ,
1536 2553 1694 2618 Ἔξω
1728 2552 1839 2623 τῆς
1871 2557 1984 2610 πύο

379 2647 522 2713 λης.
554 2644 638 2697 Οὐ
665 2642 780 2712 γὰρ
805 2641 1032 2712 ἔχομεν
1059 2633 1177 2694 ὦδε
1197 2639 1535 2709 μένουσαν,
1573 2638 1732 2709 φησὶ,
1777 2639 1982 2707 πόλιν,

353 2728 544 2784 ,ἀλλὰ
571 2725 691 2795 τὴν
708 2725 1078 2796 μέλλουσαν
1103 2722 1517 2792 ἐπιζητοῦμεν.
1546 2723 1627 2777 Δι’
1650 2722 1841 2777 αὑτοῦ
1869 2718 1984 2778 οὗν

374 2810 775 2882 ἀναφέρωμεν
800 2809 1027 2865 θυσίαν
1050 2807 1339 2875 αἰνέσεως
1365 2806 1695 2872 διαπαντὸς
1719 2805 1800 2872 τῷ
1823 2807 1945 2872 Θεῷ
1962 2824 1977 2838 ο

351 2899 678 2962 τουτέστι,
710 2896 948 2966 καρπὸν
969 2893 1226 2966 χειλέων
1251 2893 1714 2963 ὁμολογούντων
1743 2891 1823 2958 τῷ
1847 2893 1983 2948 ὀνό-

344 3000 513 3053 ματι
553 2979 768 3037 αὑτοῦ.
809 2979 891 3034 Δι’
927 2978 1148 3045 αὐτοῦ,
1195 2973 1383 3043 εἴπεν,
1425 2977 1500 3040 ὡς
1528 2977 1594 3031 δι’
1635 2977 1977 3049 ἀρχιερέως,

364 3069 433 3121 τὸ
463 3065 612 3122 κατά
646 3065 846 3136 σάρκα.
895 3063 1400 3133 Ὁμολογούντων,
1437 3062 1593 3132 φησὶ,
1629 3059 1709 3126 τῷ
1733 3061 1981 3130 ὀνόματι

343 3150 590 3207 καύτοῦ.
637 3149 856 3203 Ὡσανεὶ
883 3147 1093 3217 ἔλεγεν,
1130 3148 1193 3200 El
1225 3146 1511 3216 ὁμολογεῖν
1537 3145 1689 3216 αὐτῷ
1716 3145 1834 3211 δεῖ,
1869 3163 1974 3218 μη-

343 3237 462 3290 δὲν
492 3233 824 3306 βλάσφημον
845 3272 860 3298 ,
897 3231 1066 3303 μηδὲν
1103 3230 1332 3300 ἰταμὸν,
1375 3229 1542 3300 μηδὲν
1569 3229 1775 3300 θρασὺ,
1811 3230 1978 3302 μηδὲν

363 3319 652 3390 τολμηρὸν
672 3359 686 3384 ,
720 3317 888 3389 μηδὲν
919 3315 1356 3386 ἀπονενοημένον
1396 3313 1767 3386 φθεγγώμεθα
1788 3357 1802 3378 ,
1842 3315 1980 3369 ἀλλά
2005 3319 2020 3337 ’³

367 3404 521 3477 μετά
567 3403 753 3468 αἰδοῦς
784 3403 880 3456 καὶ
917 3399 1207 3463 εὐλαϐείας
1247 3399 1428 3453 πάντα
1462 3400 1708 3470 ποιῶμεν
1760 3401 1854 3454 καὶ
1888 3400 1976 3453 λέ-

364 3507 586 3560 γωμεν.
629 3487 820 3542 Ταῦτα
851 3485 1002 3555 λέγει
1034 3485 1133 3554 οὐχ
1166 3482 1388 3548 ἁπλῶς,
1439 3483 1556 3536 ἀλλ’
1600 3482 1756 3555 [505]
1789 3485 1976 3556 ἐπειδὴ

363 3570 518 3628 οἶδεν
551 3571 754 3635 αὐτοὺς
797 3570 1154 3640 θλιϐομένους
1179 3586 1192 3600 ’
1226 3567 1373 3639 ψυχὴ
1399 3569 1457 3622 δὲ
1495 3571 1552 3622 ἐν
1583 3571 1703 3632 ταῖς
1734 3568 1978 3638 θλίψεσιν

363 3655 755 3725 ἀπογινώσκει
805 3655 899 3709 καὶ
944 3656 1400 3724 ἀπαναισχυντεί.
1459 3651 1620 3706 ’Δλλὰ
1655 3653 1731 3723 μὴ
1779 3654 1975 3724 ἡμεῖς,

365 3741 568 3810 φησίν.
623 3739 754 3794 Ἰδοὺ
807 3737 970 3792 πάλιν
1012 3737 1075 3790 τὸ
1118 3736 1252 3789 αὐτὸ
1289 3731 1480 3798 εἶπεν,
1533 3737 1672 3806 ὅπερ
1719 3735 1979 3806 ἀνωτέρω

366 3827 567 3894 ἔλεγε·
617 3824 716 3892 Mh
757 3824 1306 3894 ἐγκαταλείποντες
1344 3821 1462 3888 τὴν
1510 3821 1980 3890 ἐπισυναγωγὴν

365 3908 632 3966 ἑαυτῶν.
660 3909 818 3962 Οὕτω
839 3906 1190 3978 δυνησόμεθα
1209 3903 1350 3975 μετὰ
1366 3903 1550 3968 αἰδοῦς
1571 3905 1747 3959 πάντα
1767 3907 1943 3958 ποιεῖν
1961 3921 1975 3936 ’

367 3993 647 4056 πολλάκις
691 3995 805 4064 γὰρ
834 3991 931 4045 καὶ
974 3988 1304 4060 ἀνθρώπους
1345 3988 1769 4058 αἰσχυνόμενοι,
1808 3987 1980 4042 πολλὰ

365 4080 434 4133 οὐ
469 4078 790 4149 πράττομεν
833 4075 942 4131 τῶν
972 4073 1250 4144 πονηρῶν.
1294 4071 1410 4139 Τῆς
1449 4070 1518 4124 δὲ
1559 4071 1835 4136 εὐποιίας
1880 4071 1980 4125 καὶ

365 4163 699 4228 κοινωνίας
721 4161 810 4231 μὴ
835 4158 1334 4214 ἐπιλανθάνεσθε.

445 4255 522 4318 γ’.
537 4246 730 4301 Ταῦτα
748 4245 869 4299 τότε
891 4245 1029 4314 μένό
1052 4242 1266 4306 Παῦλος
1281 4241 1460 4310 ἔλεγε,
1480 4241 1575 4295 νῦν
1592 4242 1650 4296 δὲ
1673 4239 1786 4310 ἐγὼ
1811 4241 1977 4310 λέγωο
2015 4305 2033 4321 .

368 4332 500 4402 οὐχὶ
533 4331 673 4402 πρὸς
697 4330 826 4392 τοὺς
857 4328 1134 4400 παρόντας
1167 4327 1330 4398 μόνον
1363 4325 1628 4395 ἀδελφοὺς
1650 4325 1708 4379 δέ
1740 4325 1809 4377 τὰ
1838 4323 1982 4378 αὐτά

368 4417 547 4486 λέγω,
579 4413 716 4468 ἀλλά
743 4412 999 4484 καὶπρὸς
1021 4412 1148 4475 τοὺς
1183 4409 1446 4474 ἀπόντας.
1484 4410 1674 4472 Οὐδεὶς
1697 4408 1768 4463 τὰ
1798 4409 1980 4481 ὑπάρ-

369 4517 545 4573 χοντα
576 4498 731 4570 ὑμῶν
764 4498 1017 4568 ἥρπασεν
1040 4510 1054 4525 ο
1088 4495 1137 4548 εἰ
1159 4494 1217 4547 δέ
1242 4511 1390 4556 τινες
1418 4494 1513 4546 καὶ
1545 4493 1883 4564 ἡρπάκασιν,
1915 4495 1980 4547 ἐκ

367 4583 486 4638 τῶν
528 4583 759 4636 ἐνόντων
793 4580 894 4652 τὴν
932 4578 1240 4649 φιλοξενίαν
1269 4577 1668 4631 ἐπιδείκνυσθε.
1704 4575 1836 4629 Τίνα
1869 4575 1979 4648 γάρ

368 4666 577 4736 ἕξομεν
603 4667 768 4736 ἡμεῖς
795 4663 1095 4732 ἀπολογίαν
1119 4661 1327 4725 λοιπὸν,
1359 4660 1568 4713 τούτων
1585 4659 1682 4712 καὶ
1710 4659 1850 4731 μετὰ
1878 4660 1978 4729 τὴν

369 4749 640 4821 ἁρπαγὴν
685 4748 792 4801 τῶν
834 4747 1192 4819 ὑπαρχόντων
1243 4744 1418 4798 ταῦτα
1469 4744 1816 4809 ἀκουόντων,
1867 4743 1979 4796 Καὶ

368 4836 480 4906 ὅρα
501 4873 518 4897 ,
566 4831 804 4885 ἐνταῦθα
834 4832 1025 4900 λέγει,
1073 4829 1190 4898 Τῆς
1224 4829 1498 4894 εὐποιίας
1526 4829 1613 4896 μὴ
1651 4825 1979 4880 ἐπιλανθά-

365 4923 564 4976 νεσθε
581 4961 596 4986 ,
641 4916 812 4971 εἰπὼν
839 4915 1131 4989 ἀνωτέρω,
1166 4914 1283 4983 Τῆς
1308 4912 1663 4983 φιλοξενίας
1684 4927 1698 4941 ’
1727 4910 1826 4964 οὐκ
1851 4909 1979 4966 ἄλλο

366 5004 476 5062 καὶ
498 5002 631 5056 ἀλλο
657 5000 834 5072 δηλῶν
851 5039 868 5066 ,
895 4999 1034 5054 ἀλλά
1057 4999 1118 5054 τὸ
1145 4998 1280 5052 αὐτὸ
1301 4997 1368 5050 δι’
1393 4995 1588 5068 ἐτέρας
1613 4995 1834 5062 λέξεως.
1865 4994 1979 5048 Καὶ

361 5090 478 5145 οὐκ
513 5082 662 5154 εἷπε,
707 5086 821 5157 Τῆς
853 5082 1164 5154 ξενοδοχίας
1193 5079 1268 5152 μὴ
1297 5078 1731 5133 ἐπιλανθάνεσθε
1752 5120 1767 5142 ,
1799 5077 1935 5132 ἀλλά
1959 5119 1976 5146 ,

373 5172 499 5242 Τῆς
535 5169 926 5242 φιλοξενίας·
960 5165 1247 5231 τουτέστι,
1281 5165 1374 5235 Μὴ
1410 5162 1599 5226 ἁπλῶς
1626 5162 1976 5242 ξενοδοχεῖτε,

367 5241 515 5314 ἀλλά
545 5255 691 5328 μετά
721 5254 818 5309 τοῦ
849 5253 1028 5324 φιλεῖν
1057 5251 1186 5314 τοὺς
1214 5249 1423 5318 ξένους.
1452 5247 1565 5302 Καὶ
1594 5248 1696 5302 οὐκ
1723 5241 1846 5302 εἷπε
1878 5249 1979 5320 τὴν

373 5340 686 5414 μέλλουσαν
725 5338 823 5394 καὶ
867 5333 1244 5406 ἀποκειμένην
1277 5330 1549 5404 ἀμοιϐὴν,
1580 5329 1670 5385 ῖνα
1702 5332 1779 5402 μὴ
1817 5330 1980 5386 πάλιν

368 5424 580 5488 αὐτοὺς
617 5421 996 5491 ὐπτιωιτέρους
1031 5420 1342 5490 ἐργάσηται
1365 5455 1380 5480 ,
1413 5415 1554 5470 ἀλλά
1605 5414 1708 5486 τὴν
1755 5415 1856 5486 ήδη
1892 5416 1981 5470 δο-

371 5509 568 5564 θεῖσαν
589 5523 604 5539 °
631 5507 888 5578 ἐπήγαγε
922 5503 1034 5574 γὰρ
1050 5543 1065 5567 ,
1107 5502 1190 5556 Δι’
1215 5498 1410 5568 αὐτῆς
1435 5499 1660 5554 ἔλαθόν
1685 5515 1847 5565 τινες
1881 5499 1980 5565 ξε-

368 5594 668 5658 νίσαντες
704 5591 1027 5660 ἀγγέλους.
1067 5585 1209 5639 Ἀλλ’
1241 5584 1443 5653 ἴδωμεν
1478 5581 1687 5638 ἀνωθεν
1716 5580 1788 5634 τά
1822 5583 1979 5653 εἰρη-

376 5680 537 5749 μένα.
578 5677 778 5746 Τίμιος
804 5676 838 5728 ό
863 5671 1076 5743 γάμος,
1108 5670 1294 5742 φησὶν,
1318 5669 1388 5722 ἐν
1408 5666 1582 5732 πᾶσι,
1609 5665 1710 5721 καί
1733 5665 1770 5734 ἢ
1805 5665 1977 5735 κοίτη

370 5763 691 5832 ἀμίαντος.
750 5757 878 5822 Πῶς
925 5756 1110 5828 τίμιος
1158 5756 1186 5807 ὁ
1229 5753 1446 5825 γάμος;
1480 5752 1608 5807 Ὅτι
1653 5751 1714 5804 ἐν
1763 5766 1979 5821 σωφρο-

376 5831 514 5920 σῦνῃ
540 5885 555 5910 ,
607 5841 780 5915 φησὶ,
833 5840 1086 5911 διατηρεῖ
1125 5837 1217 5892 τὸν
1273 5836 1488 5892 πιστόν.
1557 5831 1824 5890 Ἐνταῦθα
1877 5833 1972 5888 καὶ

2106 631 2390 698 καθαρός.
2449 632 2563 683 Οὐκ
2615 631 2730 683 ἔστι
2779 630 3014 700 βδελυρὰ
3067 632 3135 684 τὰ
3189 633 3295 684 ἀπὸ
3344 635 3598 703 φύσεως,
3654 629 3700 687 ὦ

2105 711 2362 781 ἄγνωμον
2385 713 2481 765 καὶ
2510 712 2806 783 ἀναίσθητε
2844 713 3086 780 ’ίουδαῖε,
3110 714 3245 768 ἀλλά
3270 716 3338 768 τὰ
3369 716 3477 768 ἀπὸ
3506 734 3699 788 προαι-

2107 797 2311 868 ρέσεως
2333 815 2345 826 ·
2388 799 2436 850 εί
2479 797 2588 868 γάρ
2623 797 2801 868 τίμιος
2832 799 2860 849 ό
2892 799 3070 868 γάμος
3099 801 3193 853 καὶ
3221 800 3485 870 καθαρὸς,
3518 801 3570 854 τί
3607 801 3699 871 δὴ-

2104 897 2237 931 ποτε
2274 881 2364 934 καὶ
2391 881 2450 947 ἐξ
2487 881 2658 935 αὑτοῦ
2699 881 3010 950 μιαίνεσθαι
3037 881 3308 950 νομίζεις;
3352 884 3699 954 Ἀφιλάργυ-

2093 980 2242 1030 ρος,
2295 966 2494 1034 φησὶν,
2542 968 2575 1018 ὁ
2623 966 2862 1032 τρόπος.
2933 967 3155 1031 Ἐπειδὴ
3213 968 3400 1020 πολλοὶ
3445 970 3580 1039 μετά
3634 971 3697 1021 τὸ

2101 1046 2339 1100 κενῶσαι
2368 1047 2436 1099 τά
2479 1047 2796 1117 ὑπάρχοντα
2819 1087 2834 1112 ,
2867 1047 3096 1118 ὕστερον
3132 1049 3410 1118 βούλονται
3454 1054 3696 1123 προσχή-

2103 1146 2235 1199 ματι
2264 1131 2389 1200 ἐλεη
2399 1131 2641 1202 μοσύνης
2671 1133 3008 1186 ἀνακτᾶσθαι
3037 1133 3201 1187 πάλιν
3233 1135 3390 1201 αὐτὰ,
3426 1134 3514 1189 διὰ
3535 1138 3694 1190 τοῦτό

2100 1229 2266 1282 φησιν
2284 1254 2298 1275 ,
2338 1214 2774 1283 Ἀφιλάργυρος
2801 1219 2833 1269 ό
2856 1217 3103 1284 τρόπος·
3133 1219 3412 1271 τουτέστιν
3432 1260 3446 1282 ,
3481 1219 3567 1273 ἵνα
3594 1223 3695 1292 τῆς

2097 1298 2290 1369 χρείας
2335 1291 2487 1369 ὦμεν
2518 1301 2614 1353 καὶ
2652 1300 2762 1354 τῶν
2806 1301 3144 1368 ἀναγκαίων.
3195 1303 3260 1354 Τί
3294 1303 3410 1369 οῦν,
3441 1304 3508 1357 ἂν
3558 1305 3695 1375 μηδέ

2096 1381 2335 1446 τούτων,
2382 1383 2585 1453 φησὶν,
2632 1384 2998 1455 εὐπορῶμεν;
3046 1386 3158 1438 Οὐκ
3208 1385 3325 1438 ἔστι
3355 1385 3553 1450 τοῦτο,
3592 1388 3694 1441 οὐκ

2059 1517 2072 1526 ,
2100 1463 2249 1536 [506]
2283 1465 2432 1520 ἐστιν
2456 1484 2469 1497 ·
2522 1467 2688 1532 αὐτὸς
2721 1468 2830 1540 γάρ
2869 1463 3013 1532 εἷπε,
3057 1470 3154 1522 καὶ
3181 1471 3240 1522 οὐ
3277 1469 3556 1540 ψεύδέται,
3609 1470 3692 1524 ὅτι

2089 1551 2173 1604 Οὐ
2203 1550 2289 1619 μή
2331 1568 2403 1605 σε
2433 1551 2581 1618 ἀνῶ,
2613 1551 2745 1605 οὐδ’
2766 1553 2839 1606 οὐ
2872 1555 2952 1622 μή
2993 1569 3067 1606 σε
3091 1554 3491 1622 ἐγκαταλίπω.
3528 1554 3691 1607 Ὥστε

2095 1631 2437 1705 θαρροῦντας
2467 1637 2618 1706 ἡμᾶς
2646 1634 2827 1704 λέγειν
2848 1651 2861 1664 ·
2896 1636 3117 1703 Κύριος
3141 1636 3271 1704 ἐμοὶ
3303 1636 3554 1704 βοηθὸς,
3590 1637 3690 1689 καὶ

2091 1718 2166 1769 οὺ
2209 1717 2635 1798 φοϐηθήσομαι
2669 1719 2727 1772 τί
2757 1719 3000 1785 ποιήσει
3026 1737 3128 1788 μοι
3167 1719 3501 1788 ἅνθρωπος.
3545 1720 3692 1773 Ὠσεὶ

2093 1799 2268 1869 ἔλεγε,
2326 1801 2438 1872 Τὴν
2492 1803 2788 1873 ὑπόσχεσιν
2833 1803 2979 1874 ἔχεις
3009 1804 3143 1875 παρ’
3177 1803 3368 1869 αὑτοῦ,
3409 1804 3483 1876 μὴ
3512 1805 3689 1875 ἀμφί-

2093 1883 2255 1938 ϐαλλε
2281 1885 2466 1939 λοιπόν
2487 1901 2501 1914 °
2525 1887 2690 1950 αὐτὸς
2717 1887 3105 1956 ἐπηγγείλατο,
3133 1887 3211 1961 μὴ
3227 1889 3588 1960 ἀμφισϐήτει.
3615 1890 3691 1944 Τὸ

2091 1967 2147 2021 δὲ
2171 2009 2186 2031 ,
2211 1971 2293 2024 Οὐ
2310 1965 2500 2039 μή’σε
2528 1969 2654 2024 ἀνῶ
2676 2009 2690 2034 ,
2723 1971 2782 2023 οὐ
2816 1972 2946 2042 περὶ
2973 1972 3276 2042 χρημάτων
3307 1972 3469 2042 μόνον
3496 1971 3685 2042 φησὶν,

2089 2051 2229 2106 ἀλλά
2253 2053 2348 2106 καὶ
2387 2055 2515 2124 περὶ
2557 2055 2665 2108 τῶν
2705 2055 2880 2110 ἄλλων
2923 2056 3181 2110 ἁπάντων
3223 2055 3394 2125 λέγει.
3465 2057 3686 2124 Κύριος

2087 2137 2216 2206 ἐμοὶ
2241 2138 2494 2205 βοηθὸς,
2528 2139 2628 2193 καί
2656 2140 2728 2192 οὐ
2763 2139 3187 2209 φοϐηθήσομαι
3217 2144 3275 2194 τί
3313 2137 3556 2206 ποιήσει
3585 2159 3685 2207 μοι

2087 2221 2420 2291 ἄνθρωπος.
2446 2224 2687 2286 Εἰκότως
2713 2224 2771 2277 τὸ
2796 2224 2890 2277 τοῦ
2919 2227 3207 2296 προφήτου
3231 2227 3539 2297 ἐπήγαγεν,
3563 2227 3685 2280 ἐπι-

2090 2309 2408 2380 σφραγίςων
2428 2309 2605 2381 τούτῳ
2629 2311 2720 2364 τὸν
2740 2310 2933 2383 λόγον,
2951 2312 3046 2363 καὶ
3073 2311 3520 2383 προθυμοτέρους
3549 2311 3684 2382 μᾶλ-

2085 2389 2176 2445 λον
2210 2393 2411 2457 ποιῶν,
2456 2392 2599 2447 ὥστε
2637 2393 2713 2464 μὴ
2754 2381 3144 2464 ἀπαγορεύειν.
3174 2393 3345 2447 Τοῦτο
3374 2381 3560 2459 τοίνυν
3590 2395 3684 2449 καὶ

2085 2474 2245 2546 ἡμεῖς
2275 2477 2332 2531 ἐν
2373 2480 2505 2532 πᾶσι
2552 2477 2806 2549 λέγωμεν
2840 2479 2957 2540 τοῖς
2992 2479 3346 2548 πειρασμοῖς,
3383 2479 3476 2532 καὶ
3507 2494 3683 2534 κατα-

2083 2558 2338 2630 γελῶμεν
2359 2560 2470 2615 τῶν
2501 2560 2863 2631 ἀνθρωπίνων
2894 2562 3240 2631 πραγμάτων
3263 2577 3277 2591 ·
3312 2560 3417 2626 ἕως
3445 2561 3512 2616 ἂν
3544 2560 3684 2630 έχω-

2089 2659 2190 2712 μεν
2218 2643 2310 2697 τὸν
2345 2643 2479 2699 Θεὸν
2509 2647 2642 2716 ἡμῖν
2677 2644 2907 2714 εὐμενῆ.
2946 2644 3121 2706 οὐδεὶς
3156 2643 3316 2714 ἡμῶν
3367 2645 3678 2715 περιέσται.

2085 2726 2302 2800 Ὠσπερ
2335 2729 2447 2799 γὰρ
2475 2727 2684 2782 ἐκείνου
2717 2727 2915 2800 ἐχθροῦ
2946 2727 3101 2791 ὄντος
3123 2769 3138 2793 ,
3173 2729 3280 2782 κᾶν
3315 2727 3519 2792 πάντες
3549 2731 3682 2800 ἡμῖν

2082 2802 2184 2865 ὦσι
2217 2812 2384 2881 φίλοι,
2435 2812 2624 2884 κέρδος
2656 2811 2814 2865 οὐδέν
2836 2829 2848 2841 ·
2883 2811 3059 2876 οὕτως
3090 2809 3258 2864 αὐτοῦ
3289 2810 3444 2880 φίλου
3491 2811 3678 2874 ὄντος,

2081 2895 2190 2950 κᾶν
2223 2896 2466 2959 ἅπαντες
2499 2897 2648 2967 ἡμᾶς
2691 2895 3004 2965 πολεμῶσιν
3026 2934 3040 2958 ,
3079 2893 3310 2964 οὐδεμία
3339 2893 3536 2968 βλάϐη.
3581 2894 3683 2947 Διά

2080 2980 2240 3034 τοῦτο
2285 2981 2510 3050 ἔλεγεν,
2571 2982 2654 3034 Οὐ
2695 2979 3117 3049 φοϐηθήσομαι
3169 2981 3230 3034 τί
3284 2980 3526 3048 ποιήσει
3575 2997 3682 3049 μοι

2080 3063 2416 3132 ἅνθρωπος.
2456 3065 2876 3133 Μνημονεύετε
2913 3063 3036 3117 τῶν
3084 3063 3442 3134 ἡγουμένων
3474 3062 3679 3134 ὑμῶν,

2080 3147 2301 3214 οἵτινες
2338 3146 2659 3215 ἐλάλησαν
2680 3147 2824 3217 ὑμῖν
2856 3148 2964 3201 τὸν
2990 3149 3180 3217 λόγον
3209 3148 3315 3202 τοῦ
3341 3147 3512 3202 Θεοῦ.
3557 3147 3679 3201 Ἐν-

2078 3230 2254 3284 ταῦθα
2277 3248 2373 3285 και
2397 3233 2526 3302 περὶ
2545 3232 2870 3303 ἐπικουρίας
2897 3231 3058 3285 αὑτὸν
3080 3227 3235 3302 οἶμαι
3264 3230 3447 3301 λέγειν
3469 3247 3481 3260 ·
3513 3231 3678 3285 τοῦτο

2079 3314 2190 3385 γάρ
2221 3315 2339 3368 ἐστι
2371 3316 2468 3379 τὸ,
2512 3315 2740 3382 Οῖτινες
2783 3314 3101 3382 ἐλάλησαν
3151 3316 3295 3384 ὑμῖν
3342 3315 3448 3369 τὸν
3491 3316 3680 3385 λόγον

2079 3398 2188 3451 τοῦ
2239 3398 2410 3453 Θεοῦ.
2458 3391 2568 3455 ’Ὧν
2612 3399 3099 3468 ἀναθεωροῦντες
3131 3399 3248 3466 τὴν
3280 3399 3534 3457 ἔκϐασιν
3567 3397 3679 3468 τῆς

2078 3483 2492 3553 ἀναστροφῆς,
2513 3485 2793 3554 μιμεῖσθε
2814 3489 2931 3553 τὴν
2950 3486 3179 3539 πίστιν.
3209 3485 3275 3536 Τί
3299 3487 3468 3546 ἐστιν,
3510 3486 3678 3539 Ἀνα-

2079 3568 2484 3635 θεωροῦντες;
2539 3569 2789 3639 Συνεχῶς
2855 3569 3210 3639 στρέφοντες,
3270 3568 3406 3641 παρ’
3463 3570 3680 3636 ἑαυτοῖς

2079 3649 2462 3716 ἐξετάζοντες,
2510 3651 2892 3723 λογιζόμενοι,
2926 3652 3224 3721 ’ζητοῦντες
3271 3654 3556 3723 ἀκριϐῶς,
3601 3654 3679 3719 ὡς

2083 3733 2348 3803 βούλεσθε
2389 3734 2795 3804 βασανίζοντες.
2854 3735 3054 3798 Καλῶς
3087 3731 3242 3798 εἷπε,
3283 3736 3402 3802 Τὴν
3425 3737 3680 3791 ἑκϐασιν

2079 3817 2192 3888 τῆς
2228 3819 2654 3888 ἀναστροφῆς·
2697 3819 2984 3885 τουτέστι,
3023 3820 3122 3889 τὴν
3161 3819 3328 3889 μέχρι
3356 3821 3547 3882 τέλους
3582 3837 3678 3872 πο-

2079 3901 2283 3955 λιτείαν
2306 3917 2320 3933 ⁸
2351 3903 2432 3956 ὃτι
2461 3903 2617 3966 τέλος
2644 3903 2770 3974 ἔσχε
2793 3902 3033 3975 χρηστὸν
3058 3902 3238 3956 αὐτῶν
3266 3905 3299 3973 ἡ
3329 3904 3674 3974 ἀναστροφή.

2092 3985 2334 4053 Ἰησοῦς
2353 4026 2368 4052 ,
2395 3987 2558 4057 φησι,
2590 3986 2848 4055 Χριστὸς
2875 3986 3018 4056 χθὲς
3051 3985 3148 4038 καὶ
3180 3985 3480 4054 σήμερον,
3511 3991 3542 4041 ό
3571 3991 3678 4040 aa"-

2079 4069 2183 4135 τὸς
2207 4069 2304 4122 καί
2336 4071 2423 4133 είς
2454 4069 2598 4136 τοὺς
2628 4069 2870 4135 αἰῶνας.
2913 4072 2978 4122 ’Ὀ
3011 4070 3192 4136 λέγει,
3218 4069 3377 4122 τοῦτό
3400 4071 3516 4123 ἐστι
3537 4087 3550 4101 ·
3584 4071 3677 4144 Μὴ

2079 4153 2342 4223 νομίσητε
2386 4154 2467 4205 ὅτι
2505 4154 2627 4206 τότε
2660 4151 3187 4223 ἐθαυματούργησε,
3227 4152 3320 4205 νῦν
3348 4153 3403 4206 δὲ
3433 4155 3494 4206 οὐ
3543 4155 3676 4207 θαυ-

2083 4239 2420 4308 ματουργεῖ’
2462 4239 2490 4290 ό
2531 4237 2696 4301 αὑτός
2737 4239 2886 4299 ἐστι,
2921 4237 3016 4290 καὶ
3046 4237 3169 4288 ἐπεὶ
3215 4237 3243 4288 ό
3278 4237 3441 4298 αὑτός
3489 4239 3674 4302 ἐστιν,

2080 4320 2181 4372 οὐκ
2210 4319 2359 4374 ἐστιν
2393 4320 2482 4374 ὅτε
2529 4319 2604 4392 μὴ
2653 4321 2878 4374 δύναται
2916 4321 2984 4373 τὰ
3030 4319 3173 4373 αὒτά
3221 4321 3488 4391 ἐνεργεῖν.
3523 4322 3677 4392 Τάχα

2081 4406 2218 4476 πρὸς
2244 4405 2404 4458 τοῦτο
2432 4405 2654 4476 ἀφορῶν
2685 4401 2807 4458 εἷπε
2828 4447 2842 4470 ,
2877 4405 3298 4473 Μνημονεύετε
3337 4402 3456 4457 τῶν
3489 4404 3556 4474 ἠγ
3571 4424 3676 4459 ου-

2076 4489 2278 4560 μένων
2321 4488 2510 4558 ὐμῶν.
2554 4477 2838 4556 Διδαχὶιῖς
2871 4489 3176 4552 ποικίλαις
3215 4486 3313 4541 καὶ
3350 4487 3554 4551 ξέναις
3588 4487 3676 4556 μὴ

2081 4572 2836 4644 παραφέρεσθε.-Ξέναις,
2868 4573 3136 4637 τουτέστι,
3165 4571 3302 4644 Παρ³
3321 4572 3386 4634 ἃς
3405 4571 3679 4640 ἠκούσατε

2082 4662 2212 4730 παρ’
2246 4659 2403 4730 ἡμῶν
2430 4676 2443 4689 ·
2485 4659 2832 4724 Ποικίλαις,
2882 4657 3259 4719 παντοδαπαῖς
3281 4672 3297 4687 ο
3331 4657 3388 4708 αἱ
3427 4653 3678 4710 τοιαῦται

2081 4745 2192 4814 γὰρ
2230 4743 2382 4796 οὐδὲν
2428 4742 2645 4813 βέϐαιον
2681 4741 2899 4814 ἔχουσιν
2919 4782 2933 4804 ,
2972 4741 3088 4794 ἀλλ’
3120 4740 3228 4792 εἰσὶ
3259 4739 3507 4809 διάφοροι
3527 4779 3542 4803 ,
3574 4739 3678 4808 μά-

2081 4828 2242 4881 λιστα
2273 4827 2330 4879 δὲ
2357 4827 2418 4880 τὸ
2465 4826 2577 4880 τῶν
2629 4825 2936 4897 βρωμάτων
2970 4824 3231 4894 διάφορον
3256 4841 3269 4854 ο
3304 4823 3384 4876 διὸ
3415 4822 3508 4875 καὶ
3541 4820 3679 4892 πρὸς

2080 4911 2240 4966 τοῦτο
2297 4911 2589 4980 ἱστάμενος
2628 4910 2861 4978 ἐπάγει,
2921 4909 3128 4962 Καλὸν
3176 4907 3288 4976 γὰρ
3335 4906 3531 4976 χάριτι
3569 4906 3679 4969 ,βε-

2081 4996 2395 5052 ϐαιοῦσθαι
2419 4995 2534 5063 τὴν
2559 4993 2838 5060 καρδίαν,
2867 4995 2939 5046 οὐ
2953 4991 3293 5059 βρώμασιν.
3337 4991 3402 5042 Αἱ
3429 4987 3677 5042 ποικίλαι

2080 5072 2278 5144 αὗται,
2311 5079 2367 5132 αἱ
2404 5075 2553 5144 ξέναι
2597 5071 2782 5131 αῦται.
2846 5073 3114 5130 Ἐνταῦθα
3165 5074 3246 5136 εἰς
3287 5072 3678 5143 παρατήρησιν

2082 5162 2390 5236 βρωμάτων
2431 5161 2631 5225 αὐτοὺς
2665 5159 2957 5231 κωμῳδεῖ’
3005 5157 3249 5211 δείκνυσι
3293 5155 3403 5227 γὰρ
3435 5156 3520 5208 ὅτι
3566 5153 3678 5208 ἀπὸ

2078 5249 2178 5318 τῆς
2207 5247 2315 5300 τῶν
2353 5244 2662 5317 βρωμάτων
2696 5242 3139 5316 παρατηρήσεως
3169 5241 3251 5304 εἰς
3277 5239 3338 5293 τὸ
3374 5237 3679 5310 ἑτεροδιδα-

2081 5331 2304 5386 σκαλεῖν
2346 5329 2606 5397 ἐξέπεσον
2627 5370 2642 5394 ,
2683 5329 2778 5384 καὶ
2808 5327 2917 5382 ἀπὺ
2948 5325 3158 5380 τούτων
3190 5323 3329 5396 πρὸς
3358 5322 3460 5387 τὰς
3495 5323 3678 5377 ποικί-

2045 5465 2050 5471 .
2079 5414 2178 5479 λας
2211 5415 2305 5466 καὶ
2347 5412 2502 5486 1507]
2543 5413 2698 5478 ξένας
2729 5410 2954 5481 δῶαχάς
2999 5407 3394 5480 ἐξηνέχθησαν.
3435 5406 3546 5460 Καὶ
3575 5406 3680 5477 ὅρα

2079 5498 2245 5553 αὑτὸν
2271 5498 2333 5550 οὐ
2363 5496 2653 5568 τολμῶντα
2678 5494 2936 5566 φανερῶς
2965 5495 3140 5547 εἰπεῖν
3171 5491 3353 5557 τοῦτο,
3379 5491 3494 5544 ἀλλ’
3518 5489 3594 5553 ὡς
3619 5491 3678 5542 ἐν

2079 5583 2402 5653 αἰνίγματι·
2456 5580 2535 5652 τῷ
2564 5580 2673 5651 γὰρ
2716 5582 2926 5644 εἰπεῖν,
2983 5578 3298 5640 Ποικίλαις
3332 5575 3429 5629 καί
3473 5573 3679 5640 ξέναις

2079 5665 2356 5735 διδαχαῖς
2378 5663 2466 5735 μὴ
2495 5662 2938 5733 παραφέρεσθε,
2973 5662 3090 5726 καὶ,
3121 5661 3325 5715 Καλὸν
3347 5657 3540 5729 χάριτι
3566 5657 3678 5721 βε-

2080 5750 2396 5805 ϐαιοῦσθαι
2424 5749 2541 5819 τὴν
2570 5746 2844 5816 καρδίαν,
2873 5749 2945 5801 οὐ
2969 5743 3272 5816 βρώμασι,
3304 5741 3590 5816 μονονουχὶ
3617 5740 3679 5793 τὸ

2085 5833 2180 5888 τοῦ
2227 5831 2464 5903 Χριστοῦ
2498 5831 2669 5901 λέγει,
2709 5833 2766 5885 ἐν
2805 5827 2886 5894 οἷς
2927 5829 3116 5899 ἔλεγεν
3139 5844 3154 5860 ·
3193 5829 3276 5882 Οὐ
3305 5827 3373 5880 τὸ
3405 5825 3675 5893 εἰσερχό-
