4202 6438
490 366 496 371 ’
513 368 615 423 231

527 461 869 520 animotl‘lttec
919 457 1078 522 tulit,
1123 465 1174 510 et
1217 455 1386 511 dicit:
1425 456 1701 526 PrOpterea
1745 456 1936 527 glorior
1964 458 2014 510 in
2039 458 2118 512 in-

526 556 859 627 ﬁrmitatibus
889 554 1012 605 meis
1041 553 1058 620 (
1083 547 1164 603 Ib.
1201 566 1249 602 v.
1303 549 1404 617 10)
1431 567 1445 614 ς
1488 551 1588 604 lioc
1613 559 1690 603 est
1718 590 1731 610 ,
1767 550 1895 602 mibi
1930 549 2116 618 placeo

455 687 478 729 τ’
523 649 826 718 et-qiiiesco
854 646 906 699 in
934 642 1343 698 afﬂictionibus.
1395 642 1498 695 Pro
1540 642 1791 695 omnibus
1816 658 1944 711 ergo
1985 657 2113 711 aga-

522 737 889 807 musgratias,
916 749 1012 802 pro
1038 732 1200 786 rebus
1219 732 1472 787 secundis
1498 743 1553 786 et
1575 747 1672 801 pro
1701 731 2114 788 afﬂictionibus:

523 845 595 883 ne
616 841 1043 888 Miratur-emus,
1069 840 1138 879 ne
1160 824 1330 879 simus
1349 824 1564 894 ingrati.
1599 825 1693 878 Dic
1713 834 1768 878 et
1800 833 1855 877 tu
1882 841 1895 877 :
1927 820 1976 875 Ν
1984 824 2115 878 udus

522 922 664 973 cnvivi
685 923 747 972 de
768 929 936 972 ventre
979 918 1156 970 matris
1186 933 1311 971 mea:
1335 955 1349 983 ,
1390 928 1436 970 et
1479 915 1648 971 nudus
1688 916 1924 972 mellam
1950 917 1967 978 (
1992 915 2111 969 Job.

527 1013 578 1065 1.
600 1012 722 1080 ﬁt).
751 1009 864 1063 Non
897 1008 1188 1078 provenisti
1213 1007 1380 1077 gloria
1411 1008 1656 1078 insignis;
1689 1023 1756 1062 ne
1775 1022 1984 1078 qna-ras
2001 1007 2114 1076 glo-

522 1103 684 1156 viam.
734 1101 919 1156 Nudus
951 1117 1056 1154 non
1089 1101 1264 1154 solum
1299 1100 1538 1168 pecuniis
1561 1141 1577 1162 ,
1626 1098 1719 1153 sed
1751 1099 1914 1153 etiam
1945 1098 2115 1164 gloria

520 1203 588 1249 et
622 1195 760 1248 bona
793 1194 1189 1248 existimatione
1219 1196 1490 1261 ingressus
1519 1206 1579 1246 es
1607 1191 1658 1244 iu
1691 1191 1828 1244 lianc
1854 1191 2039 1244 vitam.

589 1285 804 1340 "Divitias
841 1285 1258 1354 impedimentum
1299 1283 1367 1336 ad
1407 1275 1642 1336 salutem.
1670 1308 1741 1324 -
1768 1283 1952 1351 Cogita
1984 1291 2118 1350 quot

521 1377 670 1431 mala
712 1391 857 1445 smpe
900 1386 1019 1430 orta
1063 1385 1190 1429 sunt
1231 1391 1295 1429 ex
1339 1376 1616 1445 pecuniis;
1651 1375 1757 1429 imo
1789 1375 1966 1444 potius
1991 1374 2115 1428 audi

524 1470 825 1541 quid-dicat
848 1469 1094 1524 Christus
1119 1485 1130 1521 :
1159 1467 1388 1522 Facilius
1415 1477 1508 1534 est,
1543 1468 1734 1537 inquit,
1765 1469 2013 1522 cautelam
2039 1470 2119 1522 in-

529 1575 668 1617 tra”
694 1581 780 1632 per
807 1565 1036 1633 foramen
1057 1577 1202 1626 acus,
1223 1577 1374 1629 quam
1396 1560 1598 1614 divitem
1618 1561 1813 1614 intrare
1834 1561 1885 1613 in
1909 1577 2120 1630 regnum

527 1655 770 1709 actorum
798 1653 1012 1724 (Matth.
1051 1653 1136 1707 l9.
1161 1651 1278 1719 ξι).
1307 1651 1469 1706 Vides
1499 1661 1629 1722 quot
1660 1653 1922 1707 bonorum
1951 1653 2120 1723 impe-

530 1747 828 1804 dimentum
873 1755 999 1800 sunt
1027 1746 1227 1800 divitia:
1248 1787 1262 1809 ,
1295 1757 1347 1800 ct
1377 1754 1431 1798 tu
1464 1749 1661 1814 quaeris
1693 1745 1995 1800 ditescere:
2021 1761 2120 1802 nec

528 1841 582 1896 iu
615 1846 926 1910 paupertate
954 1837 1184 1909 gaudes,
1219 1837 1358 1908 quod
1390 1838 1459 1891 sit
1486 1854 1732 1892 eversum
1763 1838 2119 1909 impedimen-

528 1935 677 1988 tum?
707 1933 858 1988 Adeo
883 1943 966 1987 est
994 1943 1218 2002 angusta
1259 1933 1342 1984 via
1386 1948 1505 2000 qua:
1551 1929 1702 1985 ducit
1745 1931 1811 1986 ad
1854 1947 2114 2002 regnum:

524 2027 660 2080 adeo
699 2027 820 2080 latae
862 2035 988 2080 sunt
1016 2025 1217 2080 divitia:
1241 2066 1257 2090 ,
1291 2024 1542 2094 moleque
1583 2023 1756 2094 plenas
1788 2039 1852 2080 ac
1887 2033 2115 2081 tumore.

1256 364 1309 414 S.
1354 358 1630 415 .ll)\NNlS
1667 353 2138 412 CllllYSOSTOSlI
2183 352 2495 411 ARCIIIEP.
2535 351 3075 410 CONSTAN’I'lNOP.

3717 352 3828 411 2'59.

2224 457 2513 526 Propterea
2539 457 2690 521 dicit,
2722 456 3014 526 Vendeqme
3031 459 3184 512 babes
3198 458 3403 527 (Matth.
3425 462 3503 518 l9.
3515 460 3695 532 2|),ut
3715 465 3810 522 illa

2222 550 2306 603 via
2344 558 2396 604 te
2423 550 2703 619 suscipiat.
2736 550 2845 604 Cur
2870 552 3023 618 cupis
3070 552 3366 620 pecunias?
3398 563 3680 622 propterea
3714 571 3810 613 eas

2224 641 2316 700 tibi
2341 641 2585 705 abstulit,
2614 653 2672 694 ut
2703 652 2753 696 te
2785 641 2974 694 liberet
3001 655 3029 693 a
3063 643 3342 696 servitute.
3371 642 3505 698 Nam
3535 645 3649 698 veri
3675 661 3808 714 quo-

2221 748 2328 802 que,
2355 743 2572 802 patres,
2602 749 2723 789 cum
2777 735 2919 789 filius
2974 735 3137 788 fuerit
3184 746 3468 806 corruptus
3519 751 3809 794 consuetu-

2221 824 2346 878 dine
2391 825 2617 894 alieujns
2664 826 2983 887 iiteretricis.
3015 837 3068 881 et
3116 827 3164 882 ei
3193 843 3336 896 same
3363 829 3658 892 admonito
3704 849 3809 888 non

2219 927 2552 985 persuaserat
2593 927 2650 970 ut
2689 918 2758 972 ab
2799 933 2863 972 ea
2912 918 3185 980 discedat,
3244 921 3584 976 meretricem
3627 925 3826 990 procul
3853 967 3887 990 ε.

2220 1009 2531 1066 amandant.
2577 1009 2725 1063 Talis
2771 1019 2854 1064 est
2892 1011 3052 1064 etiam
3107 1010 3259 1079 copia
3315 1013 3579 1079 pecuniae.
3632 983 3869 1093 Νυειτὶξ

2223 1101 2400 1172 itaque
2453 1117 2636 1156 curam
2688 1116 2882 1172 gerens
2913 1102 3170 1156 Dominus
3189 1143 3205 1166 ,
3237 1112 3292 1157 et
3321 1117 3351 1156 a
3379 1118 3516 1158 non
3539 1120 3660 1174 qua:
3689 1106 3720 1159 ii
3744 1105 3822 1160 de-

2221 1194 2482 1263 accipitnr
2517 1207 2616 1249 nos
2662 1194 2894 1248 liberans
2921 1235 2937 1258 ,
2969 1193 3148 1248 aufert
3190 1201 3404 1249 nostras
3432 1197 3706 1264 pecunias.
3737 1197 3816 1250 Ne

2221 1287 2594 1340 existimemus
2616 1301 2745 1356 ergo
2774 1295 3142 1355 paupertatem
3180 1300 3301 1340 esse
3341 1287 3538 1340 malum
3571 1303 3583 1339 :
3618 1302 3812 1357 pecca-

2223 1385 2333 1430 tum
2357 1376 2528 1430 solum
2551 1385 2634 1432 est
2654 1377 2877 1434 malum.
2900 1375 3082 1445 Neque
3103 1376 3244 1430 enim
3266 1376 3466 1431 divitia:
3491 1393 3586 1446 per
3608 1392 3666 1431 se
3691 1389 3816 1432 sunt.

2224 1467 2422 1521 bonum
2449 1486 2460 1520 :
2486 1468 2659 1521 solum
2693 1467 2804 1522 Deo
2836 1467 3050 1537 placere
3077 1476 3160 1520 est
3189 1468 3408 1521 bonum.
3438 1466 3820 1536 Paupertatem

2223 1575 2352 1629 ergo
2373 1574 2702 1630 qumramus,
2725 1558 2862 1613 hanc
2881 1569 3152 1614 sectemur
3175 1576 3188 1614 :
3210 1560 3279 1612 ita
3303 1559 3494 1614 caelum
3514 1560 3823 1630 apprehen-

2223 1654 2438 1718 demus,
2487 1653 2560 1707 ita
2601 1653 2836 1707 cmlestia
2879 1652 3016 1706 bona
3059 1667 3634 1722 consequemurztpiac
3663 1651 3821 1706 detur

2224 1746 2380 1800 nobis
2407 1745 2660 1800 omnibus
2681 1744 2961 1814 consequi,
2986 1745 3154 1814 gratia
3180 1755 3233 1799 et
3256 1745 3583 1816 benignitate
3607 1745 3818 1798 Domini

2227 1837 2392 1894 nostri
2422 1835 2550 1892 .lesu
2591 1836 2787 1890 Christi
2816 1875 2831 1898 ,
2864 1851 2986 1890 cum
3025 1851 3132 1905 quo
3161 1835 3308 1890 Patri
3341 1851 3444 1890 una
3475 1851 3596 1890 cum
3629 1846 3818 1890 sancte

2225 1928 2426 1997 Spiritu
2459 1927 2740 1996 sitgloria,
2776 1926 3080 1996 imperium,
3113 1926 3304 1994 honor,
3338 1942 3478 1982 nunc
3503 1937 3558 1982 et
3583 1941 3824 1996 semper,

2229 2021 2359 2077 etin
2386 2021 2582 2076 sa-cula
2609 2019 2953 2076 seculorum.
2985 2019 3179 2074 Amen.

1973 2129 2273 2137 α*

3764 2136 3792 2144 -

1836 2170 2182 2229 HOMILIA
2231 2170 2531 2231 XXXIV.

521 2276 650 2330 CAP.
681 2276 768 2331 15.
798 2291 855 2329 v.
887 2276 973 2329 17.
1008 2274 1213 2328 Obedite
1245 2272 1528 2344 prmpositis
1557 2271 1756 2336 vestris,
1789 2280 1832 2324 et
1858 2273 2110 2341 subjacete

595 2368 668 2425 tis
696 2383 716 2421 :
735 2367 834 2438 ipsi
859 2367 992 2420 enim
1021 2366 1322 2435 pervigilant
1346 2365 1490 2435 quasi
1517 2364 1765 2416 rationem
1793 2380 1885 2433 pro
1919 2363 2115 2414 anima-

571 2463 688 2534 bus
723 2461 898 2515 vestris
927 2459 1284 2512 redditurimt
1311 2474 1424 2510 cum
1455 2456 1642 2527 gaudio
1686 2456 1781 2508 hoc
1819 2455 2042 2526 faciant,
2072 2463 2115 2507 et

592 2570 690 2608 non
719 2562 968 2622 gementes
993 2567 1010 2604 :
1032 2551 1127 2605 hoc
1154 2551 1286 2603 enim
1314 2566 1412 2604 non
1441 2549 1646 2618 expedit
1673 2547 1829 2601 vobis.

598 2650 650 2702 l.
679 2647 1045 2717 Magistratum
1074 2654 1128 2700 et
1149 2659 1415 2702 rectorem
1445 2661 1550 2699 non
1572 2644 1771 2699 habere
1790 2643 1983 2696 malum
2013 2653 2114 2710 est,

519 2748 576 2794 et
593 2747 964 2809 argumentum
995 2739 1280 2791 multarum
1310 2737 1695 2801 calamitatum,
1715 2750 1778 2790 ac
1796 2736 2113 2805 principium

520 2829 940 2898 perturbationis
983 2843 1045 2883 ac
1096 2827 1425 2884 confusionis
1456 2847 1470 2883 :
1502 2830 1735 2884 maxime
1767 2843 1893 2882 vero
1926 2827 1976 2881 in
2019 2831 2119 2880 Ec-

516 2919 679 2973 clesia
709 2918 759 2972 id
793 2926 941 2972 tanto
981 2918 1336 2989 perniciosius
1387 2927 1470 2974 est
1490 2962 1511 2993 ,ι
1535 2928 1736 2990 quanto
1794 2918 2122 2988 principatus

517 3011 637 3079 ejus
665 3014 835 3079 major
861 3017 944 3065 est
968 3018 1024 3064 et
1051 3009 1350 3065 sublimior.
1379 3010 1512 3066 Nam
1540 3011 1677 3066 sicut
1702 3009 1745 3064 si
1775 3009 1925 3064 chori
1958 3022 2116 3078 cory-

521 3109 733 3174 νιιειηιιη
763 3114 816 3159 et
844 3106 1038 3160 ducem
1067 3103 1365 3166 sustuleris.
1397 3120 1501 3156 non
1524 3104 1630 3164 erit
1651 3104 1878 3173 amplius
1921 3102 2116 3156 chorus

519 3211 788 3267 congruos
803 3206 854 3249 et
877 3196 1180 3258 ordinatus;
1201 3205 1250 3249 et
1273 3196 1316 3248 si
1335 3213 1361 3246 a
1390 3193 1650 3264 phalange
1674 3193 1940 3247 exercitus
1964 3209 2112 3246 amo-

520 3291 662 3344 veris
681 3290 1077 3358 imperatorem,
1101 3304 1204 3342 non
1223 3289 1323 3342 erit
1345 3287 1574 3357 amplius
1595 3287 1837 3363 ordinata
1866 3287 2008 3338 acies
2031 3301 2044 3349 ;
2066 3298 2112 3337 et

519 3385 562 3437 si
587 3383 798 3453 navigio
829 3383 1097 3436 ademeris
1117 3381 1554 3449 gubcrmitorem,
1577 3394 1765 3432 navem
1793 3378 2075 3448 demerges
2101 3398 2113 3432 :

528 3476 593 3528 ita
622 3473 803 3536 etiam,
827 3474 868 3526 si
893 3490 918 3526 a
943 3489 1102 3544 grege
1126 3483 1392 3542 pastorem
1418 3470 1728 3532 abstuleris,
1753 3470 1927 3524 omnia
1961 3485 2111 3524 ενι-ι·-

525 3565 653 3618 iisti.
679 3565 850 3632 Atque
877 3564 1074 3617 malum
1101 3562 1316 3631 quidem
1346 3570 1428 3614 est
1451 3560 1798 3629 magistratus
1818 3567 1874 3612 et
1895 3559 2117 3612 rectoris

523 3657 796 3717 delectus.
832 3665 884 3710 et
916 3655 1128 3709 occasio
1174 3653 1505 3717 eversionis;
1551 3666 1657 3705 non
1707 3651 1883 3705 minus
1933 3663 2113 3704 autem

525 3747 724 3802 malum
757 3756 838 3802 est
883 3746 1045 3800 etiam
1093 3744 1459 3798 inobedientia
1502 3758 1688 3796 eorum
1729 3742 1818 3811 qui
1870 3742 1952 3797 eis
1994 3753 2118 3795 sunt

525 3837 751 3906 subjecti
778 3853 792 3889 :
819 3853 939 3889 nam
963 3835 1101 3890 idem
1133 3848 1320 3888 rursus
1340 3831 1554 3889 accidit.
1581 3829 1814 3900 Populus
1837 3832 1979 3886 enim
2012 3847 2116 3885 non

529 3948 719 3988 carens
737 3933 931 3988 rectori
949 3948 1012 3987 ac
1029 3932 1380 4003 magistratui,
1400 3940 1483 3984 est
1500 3929 1689 3982 similis
1704 3928 1752 3982 ei
1780 3928 1870 3997 qui
1897 3942 2001 3980 non
2021 3925 2116 3978 lia-

530 4032 633 4091 ιρι,
650 4035 703 4079 et
720 4025 856 4080 forte
871 4026 1031 4080 etiam
1053 4024 1319 4080 deterior:
1346 4038 1466 4076 nam
1487 4021 1594 4076 illic
1612 4018 1828 4089 quidem
1851 4017 2010 4072 etiam
2035 4016 2115 4070 eis

522 4122 681 4174 datur
711 4121 884 4183 venia,
905 4120 948 4173 si
972 4118 1105 4172 ordo
1128 4128 1179 4173 et
1199 4115 1496 4172 moderatio
1524 4129 1628 4167 non
1650 4111 2002 4170 observetur;
2026 4107 2114 4162 liic

521 4223 698 4267 autem
725 4229 829 4268 non
851 4214 947 4277 ita,
976 4211 1070 4266 sed
1099 4211 1258 4267 etiam
1289 4213 1599 4280 puniuntur.
1624 4203 1693 4260 At
1718 4203 1860 4259 dicet
1889 4209 2114 4256 fortasse

521 4305 810 4374 quispiam,
845 4304 1061 4357 tcrtimn
1095 4316 1215 4357 esse
1247 4300 1466 4366 malum,
1487 4313 1608 4353 cum
1641 4296 1813 4351 malus
1829 4296 2110 4350 sitrector.

526 4397 636 4466 Ego
662 4411 876 4466 quoque
907 4395 956 4448 id
986 4394 1120 4456 scio,
1152 4401 1208 4448 et
1238 4408 1342 4448 non
1371 4405 1592 4462 parvum
1627 4389 1730 4443 hoc
1756 4387 1952 4442 malum
1973 4427 1986 4450 ,
2018 4383 2112 4438 sed

525 4489 685 4542 etiam
707 4487 860 4556 longe
878 4487 1029 4557 pejus
1050 4483 1261 4539 delectu
1281 4483 1504 4537 rectoris
1527 4495 1589 4534 ac
1607 4480 1948 4549 magistratus
1969 4494 1982 4530 :
2004 4490 2117 4529 me-

527 4581 630 4634 lius
651 4591 730 4635 est
749 4581 893 4634 enim
923 4595 950 4632 a
982 4577 1463 4645 nnlloduci,qnam
1483 4573 1604 4629 duci
1636 4589 1663 4623 a
1693 4571 1856 4627 malo.
1874 4569 2005 4624 Nam
2027 4567 2116 4620 ille

523 4673 738 4730 quidem
768 4686 910 4740 sirpe
939 4671 1106 4724 evasit
1134 4669 1332 4732 salvus,
1353 4681 1497 4734 sa-pe
1517 4665 1680 4719 etiam
1713 4663 1858 4714 venit
1889 4662 1940 4714 in
1975 4660 2114 4729 peri-

521 4763 699 4816 culum
721 4781 734 4825 ;
758 4762 840 4816 hic
872 4770 1050 4815 autem
1080 4760 1300 4814 omnino
1329 4756 1506 4811 veniet
1526 4755 1575 4808 in
1601 4751 1915 4823 periculum,
1938 4765 2004 4804 ne
2023 4749 2117 4802 ab—

524 4856 749 4910 ducatnr
772 4857 822 4910 in
839 4854 1148 4909 barathrum
1168 4847 1668 4922 ageturQumnodo
1684 4862 1812 4915 ergo
1831 4845 1957 4899 dicit
1981 4843 2116 4898 Pau-

525 4949 639 5004 lus:
663 4947 874 5003 Obedite
895 4946 1177 5019 pt‘thJOSilis
1195 4955 1312 4998 vesti
1328 4944 1387 5006 is,
1409 4951 1455 4995 et
1474 4940 1723 5011 subjacete
1740 4936 1994 4991 eis?Cum
2024 4952 2116 4989 su-

525 5041 705 5106 perius
721 5038 945 5093 dixerit:
969 5037 1195 5104 Quorum
1222 5035 1469 5086 intuentes
1494 5029 2111 5094 exitumconversationis,

523 5132 791 5185 imitamini
816 5128 1007 5198 ﬁdem;
1039 5136 1162 5181 tunc
1179 5125 1332 5186 dixit,
1361 5122 1569 5176 Ubedite
1599 5121 1884 5192 pra'positis
1916 5124 2110 5184 vestris,

527 5233 574 5275 ct
597 5223 868 5290 subjacete.
899 5218 1035 5284 Quid
1063 5232 1212 5285 ergo,
1229 5215 1420 5284 inquit,
1438 5211 1650 5282 quando
1669 5211 1827 5266 fuerit
1853 5211 2046 5273 malus,
2061 5218 2116 5264 et

525 5330 632 5369 non
663 5312 977 5369 obcdicmus
1000 5309 1088 5365 ei?
1111 5309 1299 5372 Malus,
1331 5304 1600 5377 quomodo
1625 5303 1801 5360 dicis?
1823 5304 1867 5358 si
1898 5312 2115 5372 propter

528 5405 685 5476 fidem
719 5403 933 5474 quidem
957 5443 970 5465 ,
1015 5401 1142 5471 fuge
1170 5415 1293 5454 eum
1315 5408 1374 5455 et
1397 5398 1538 5453 evita
1561 5437 1576 5462 ,
1615 5413 1720 5452 non
1767 5396 1940 5452 solum
1970 5396 2012 5449 si
2045 5395 2115 5448 sit

528 5497 690 5552 homo
715 5537 729 5560 ,
761 5493 858 5549 sed
903 5494 1062 5547 etiam
1092 5492 1146 5552 si.
1167 5491 1390 5562 angelus
1420 5489 1755 5545 descendens
1777 5507 1808 5544 e
1829 5489 1965 5543 caelo
1992 5506 2002 5540 :
2028 5503 2111 5542 sin

524 5597 702 5639 autem
735 5596 952 5654 propter
983 5582 1165 5647 vitam,
1198 5598 1265 5637 ne
1292 5582 1364 5637 sis
1394 5581 1554 5636 nimis
1582 5581 1847 5635 curiosus.
1878 5577 1986 5633 Nec
2015 5577 2114 5633 hoc

527 5677 826 5750 exemplum
852 5665 1252 5736 exmeallatuiu
1284 5676 1532 5743 d_ico,sed
1561 5693 1588 5729 a
1621 5677 1796 5730 divina
1813 5673 2109 5744 Scriptura.

526 5769 661 5825 Audi
685 5770 825 5836 enim
838 5761 1105 5834 Christum
1130 5771 1394 5834 dicentem
1418 5786 1431 5824 :
1457 5768 1626 5838 Super
1646 5766 1939 5824 cathedram
1966 5765 2116 5835 Moy-

527 5861 591 5912 sis
617 5859 854 5915 sederunt
878 5860 1053 5928 scriba!
1078 5871 1124 5915 et
1158 5859 1407 5914 Phariswi
1431 5857 1643 5932 (Matth.
1672 5857 1762 5913 ‘25.
1792 5856 1845 5910 2.
1877 5853 1953 5924 5).
1977 5853 2111 5910 Cum

2216 2271 2280 2324 de
2312 2271 2374 2324 iis
2400 2273 2546 2340 prius
2573 2270 2734 2324 multa
2767 2270 2989 2324 dixisset
3020 2273 3223 2340 gravia,
3266 2279 3391 2324 tunc
3431 2272 3560 2324 dicit
3590 2288 3602 2322 :
3635 2271 3805 2341 Super

2217 2363 2508 2422 cathedram
2534 2362 2729 2434 Moysis
2755 2364 3012 2416 sederunt.
3034 2363 3374 2434 anrumque
3402 2363 3539 2417 vobis
3560 2362 3804 2429 dixerint,

2215 2455 2371 2526 facile
2387 2471 2404 2508 :
2423 2471 2748 2526 quwcmnque
2766 2466 2932 2509 autem
2952 2456 3182 2526 fecerint,
3203 2456 3356 2510 nolite
3372 2458 3560 2528 facere.
3575 2457 3801 2526 Habent,

2220 2546 2424 2616 inquit,
2458 2546 2770 2616 dignitatem
2795 2589 2810 2613 ,
2839 2546 2932 2601 sed
2965 2549 3086 2601 vita:
3109 2556 3233 2602 sunt
3262 2547 3570 2605 immunda}.
3598 2551 3667 2604 At
3697 2567 3802 2606 non

2219 2639 2403 2702 vitam,
2437 2638 2532 2693 sed
2563 2639 2725 2694 verba
2756 2639 3016 2695 attendite
3042 2658 3054 2693 :
3080 2655 3202 2694 nam
3233 2649 3455 2712 propter
3485 2657 3662 2698 mores
3687 2645 3805 2715 qui-

2213 2727 2340 2801 dem
2365 2730 2542 2784 nullus
2561 2729 2816 2785 damnum
2847 2734 3136 2802 acceperit.
3156 2731 3373 2798 Quare?
3396 2732 3657 2801 Quoniam
3684 2746 3738 2790 et
3767 2738 3802 2792 ii

2213 2831 2338 2900 sunt
2365 2821 2620 2876 omnibus
2649 2821 2918 2878 manifesti
2941 2840 2957 2889 ;
2978 2833 3034 2879 et
3065 2841 3162 2877 nec
3193 2825 3307 2895 ipse
3328 2865 3344 2891 ,
3369 2825 3579 2881 etiamsi
3611 2828 3805 2883 millies

2213 2915 2284 2968 sit
2309 2915 2480 2969 malus
2501 2955 2514 2980 ,
2548 2915 2688 2969 mala
2713 2930 2964 2986 umqvam
2995 2915 3229 2971 docebit.
3260 2916 3364 2972 Sed
3385 2928 3601 2988 pr0pter
3624 2921 3803 2975 tidem.

2216 3005 2402 3075 Neque
2431 3007 2575 3062 enim
2601 3016 2682 3062 est
2714 3007 2764 3061 id
2788 3008 3036 3062 omnibus
3081 3008 3454 3075 manifestum;
3484 3025 3658 3082 neque
3688 3028 3804 3066 Ina-

2216 3092 2300 3148 lus
2331 3093 2921 3151 recusabitdoctrinam
2944 3096 3139 3153 docere
3163 3114 3496 3169 perversam.
3521 3100 3649 3154 Nam
3673 3103 3796 3156 illud

2211 3199 2446 3253 quoque,
2470 3185 2644 3240 Nolite
2652 3187 2914 3258 judicare,
2933 3199 2986 3242 ut
3008 3207 3106 3242 non
3121 3190 3798 3264 judicemini(Matth.7.l),

2210 3275 2281 3330 de
2303 3276 2410 3330 vita
2432 3277 2632 3332 dictum
2657 3288 2760 3344 est,
2781 3296 2884 3332 non
2917 3279 2983 3334 de
3007 3279 3143 3336 fide:
3169 3281 3221 3336 Id
3245 3282 3458 3352 quidem
3481 3294 3628 3339 certe
3655 3285 3798 3354 quod

2213 3367 2573 3438 subiungitur,
2608 3369 2708 3424 hoc
2730 3371 2985 3426 ostendit.
3013 3371 3151 3439 Quid
3172 3374 3304 3426 enim
3334 3374 3491 3443 vides,
3516 3376 3704 3447 inquit,
3725 3381 3804 3449 fe-

2211 3471 2402 3513 stucam
2421 3461 2471 3514 in
2492 3463 2640 3516 oculo
2669 3464 2948 3532 fratristni,
2965 3465 3332 3520 trabeatautem
3356 3469 3407 3522 in
3420 3470 3566 3524 oculo
3587 3481 3673 3524 tuo
3697 3490 3800 3527 non

2211 3552 2572 3606 animadvertis
2593 3553 2752 3624 (Ibid.
2766 3572 2791 3608 v
2801 3596 2814 3608 .
2831 3556 2912 3622 3)?
2922 3557 3405 3632 Quwcumqueergo
3416 3561 3635 3616 dixerint
3664 3566 3798 3619 vobis

2215 3653 2266 3696 ut
2293 3644 2517 3713 faciatis,
2544 3645 2911 3716 facite(facere
2931 3657 3110 3704 autem
3130 3662 3205 3704 eet
3227 3651 3440 3720 operis,
3467 3669 3574 3708 non
3609 3655 3753 3720 tidei)
3783 3672 3798 3720 ;

2210 3735 2486 3789 secundum
2507 3746 2674 3790 autem
2696 3754 2850 3808 opera
2875 3754 3048 3794 eorum
3074 3742 3229 3796 nolite
3255 3743 3444 3812 facere
3473 3743 3636 3800 Vides
3656 3749 3797 3816 qitnd

2211 3839 2315 3878 non
2345 3835 2467 3897 agat
2491 3827 2560 3882 de
2584 3827 2945 3898 dogmatibus,
2970 3829 3064 3886 sed
3092 3831 3159 3888 de
3181 3834 3286 3889 vita
3310 3843 3362 3888 et
3377 3835 3674 3905 operibus?
3696 3840 3799 3894 Sed

2214 3917 2406 3971 Paulus
2435 3934 2531 3974 eos
2557 3920 2785 3989 primum
2808 3922 3226 3988 commendavit,
3252 3938 3305 3980 et
3327 3935 3455 3980 tunc
3475 3928 3604 3982 dicit
3629 3945 3641 3981 :
3671 3927 3801 3982 Obe-

2211 4011 2314 4063 dite
2339 4012 2628 4081 prazposftis
2658 4015 2853 4079 vestris,
2889 4024 2935 4068 et
2955 3999 3182 4085 subjecti
3212 4026 3366 4072 estote
3391 4033 3410 4072 :
3436 4019 3536 4089 ipsi
3562 4020 3692 4073 enim
3725 4022 3802 4075 ri-

2210 4102 2372 4173 gilant
2394 4120 2489 4172 pro
2507 4104 2772 4159 animabus
2794 4107 2969 4159 vestris
2994 4117 3249 4179 tamquam
3265 4109 3512 4163 rationem
3530 4112 3802 4166 reddituri.

2213 4193 2447 4248 Audiant
2467 4195 2629 4250 etiam
2662 4196 2750 4266 qui
2773 4208 2984 4266 regunt,
3011 4215 3113 4251 non
3139 4199 3310 4253 solum
3344 4199 3378 4254 ii
3405 4201 3492 4271 qui
3524 4212 3802 4271 reguntur,

2210 4286 2352 4353 quod
2385 4287 2837 4356 quemadmodum
2870 4288 3026 4344 decet
3055 4290 3299 4346 subditos
3316 4306 3444 4348 esse
3464 4292 3802 4361 obedientes,

2213 4376 2284 4430 ita
2308 4389 2522 4449 Oportet
2554 4380 2852 4450 principes,
2884 4396 3004 4435 esse
3031 4381 3312 4453 vigilantes
3335 4395 3389 4438 ct
3410 4385 3638 4440 sobrios.
3665 4387 3807 4453 Quid

2210 4468 2383 4524 dicis?
2410 4470 2612 4540 vigilat,
2632 4471 2878 4525 innninet
2901 4474 3198 4542 periculum
3229 4474 3346 4543 ejus
3371 4476 3558 4546 capiti.
3587 4477 3822 4545 subjici-.

2212 4569 2300 4613 tttr
2340 4559 2519 4628 poenis
2571 4569 2916 4629 peccatorum
2973 4571 3213 4631 tuorum,
3260 4577 3315 4619 et
3357 4579 3578 4636 propter
3625 4578 3677 4623 te
3724 4551 3824 4624 με(

2152 4651 2156 4660 ⁸
2217 4659 2364 4704 tanto
2395 4651 2658 4706 olmoxius
2684 4651 2861 4706 timori
2883 4693 2899 4720 ,
2926 4663 2984 4708 et
3017 4662 3071 4706 tu
3095 4669 3154 4708 es
3182 4655 3328 4725 piger
3354 4665 3410 4710 et
3435 4657 3673 4727 ignavus.
3700 4671 3809 4712 tor-

2212 4742 2416 4813 pcsqne
2443 4752 2495 4797 et
2520 4759 2576 4797 es
2604 4743 2874 4809 sordidus,
2903 4761 3002 4799 nec
3029 4747 3109 4800 vis
3131 4748 3400 4817 obsequi?
3431 4747 3554 4804 l.lco
3581 4753 3808 4821 subjun-

2211 4837 2286 4907 git
2306 4837 2520 4892 dicens:
2539 4835 2606 4891 Ut
2626 4853 2738 4890 cum
2757 4839 2948 4908 gaudio
2975 4839 3068 4891 hoc
3090 4839 3306 4910 faciant,
3327 4851 3372 4894 et
3395 4857 3497 4894 non
3518 4854 3767 4911 gementes
3789 4859 3807 4898 :

2211 4931 2308 4984 ltoc
2343 4931 2476 4983 enim
2515 4948 2615 4983 non
2655 4931 2857 5001 expedit
2901 4930 3059 4985 vobis.
3093 4930 3260 4986 Vides
3291 4933 3432 5002 quod
3482 4935 3729 5004 princeps
3760 4937 3806 4991 si

2211 5031 2621 5087 contemnatur,
2653 5029 2757 5076 neu
2799 5031 3048 5093 Oporlcat
3092 5039 3150 5078 se
3195 5024 3416 5091 ulcisci;
3446 5025 3540 5081 sed
3573 5030 3806 5083 maximu

2208 5113 2344 5168 ultio
2365 5115 2433 5168 sit
2461 5113 2588 5167 flere
2616 5123 2669 5168 et
2701 5115 3092 5184 ingemiscere?
3119 5123 3172 5169 et
3200 5117 3414 5171 merito.
3443 5117 3576 5171 Nam
3609 5131 3661 5173 et
3686 5136 3804 5174 me-

2209 5206 2354 5269 dico,
2385 5207 2427 5260 si
2458 5215 2834 5260 contemnatur
2865 5206 2931 5260 ab
2964 5217 3188 5276 a'groto,
3214 5225 3319 5263 non
3353 5209 3478 5264 licet
3508 5226 3566 5265 se
3597 5212 3802 5277 ulcisci,

2213 5299 2307 5354 sed
2340 5300 2468 5352 lli-re
2496 5307 2550 5352 et
2577 5298 2947 5368 ingemiscere.
2981 5297 3075 5354 Sin
3121 5311 3304 5354 autem
3335 5302 3423 5356 iile
3467 5303 3803 5374 ingemiscat,

2209 5401 2265 5447 te
2308 5391 2596 5446 ulciseetur
2629 5390 2792 5445 Deus.
2824 5391 2877 5446 Si
2911 5392 3054 5446 enim
3095 5407 3192 5462 pro
3221 5395 3456 5463 peccatis
3488 5399 3684 5452 nostris
3714 5400 3803 5451 itt-

2210 5485 2568 5561 gemiscentes
2624 5485 2788 5537 licunt
2839 5484 3196 5552 alti-abimus,
3246 5502 3341 5557 pro
3384 5488 3611 5544 aliorum
3647 5503 3802 5544 arro-

2208 5577 2387 5648 gantia
2420 5586 2475 5628 et
2504 5583 2814 5644 contemptu
2857 5575 2902 5629 si
2951 5576 3355 5646 ingemiscimus
3375 5620 3390 5644 ,
3422 5595 3602 5634 annon
3633 5582 3820 5638 multo.

2213 5669 2416 5742 magis?
2439 5669 2596 5724 Vides
2619 5668 2759 5740 quod
2786 5685 2890 5728 non
2912 5670 3037 5724 sinit
3061 5687 3181 5726 eum
3209 5661 3494 5744 erumpere
3516 5675 3582 5730 ad
3608 5675 3802 5746 probra

2215 5775 2269 5820 et
2289 5763 2677 5819 Contumelias?
2703 5761 2852 5818 vides
2873 5755 3072 5834 quanta
3090 5766 3160 5820 sit
3182 5766 3360 5836 philos
3384 5751 3556 5837 .pma‘?
3579 5769 3808 5837 Oportet

2214 5873 2346 5924 eum,
2373 5851 2723 5927 iugi-miseere
2747 5856 2836 5927 qui
2864 5855 3176 5928 despicitur,
3201 5861 3291 5930 qui
3320 5861 3687 5926 conculcatur,
3711 5860 3803 5929 qui
