4202 6452
431 364 539 425 3%

418 458 763 531 auitspuitur.
799 454 873 511 Ne
903 453 1147 509 conﬁdas
1176 454 1317 520 quod
1352 465 1407 508 te
1434 470 1541 508 non
1573 453 1853 510 ulciscitur
1875 471 1890 509 :
1914 467 2012 525 ge-

422 569 592 611 nutus
620 551 765 606 enim
794 557 877 604 est
903 548 1095 618 quavis
1127 547 1332 601 ultione
1357 546 1617 601 deterior.
1653 546 1786 603 Nam
1812 545 2029 618 quando

425 649 546 718 ipse
575 642 707 700 nihil
741 640 951 711 prolicit
980 654 1224 709 gemens,
1257 649 1414 692 vocat
1447 639 1735 693 Dominum
1762 655 1777 691 :
1801 648 1856 693 et
1887 638 2029 693 sicut

415 739 643 811 quando
666 742 1061 807 praeceptorem
1085 746 1221 800 puer
1244 747 1350 784 non
1378 730 1667 795 audiverit.
1697 740 1919 786 vocatur
1936 730 2027 803 qui

417 835 475 886 in
503 845 628 886 eum
652 841 716 883 se
742 833 895 896 gerat
921 823 1192 876 austerius
1218 838 1230 874 :
1256 822 1331 875 ita
1357 821 1444 876 hic
1472 836 1708 893 quoque.

496 922 601 991 Qui
628 930 808 990 regunt
841 915 1142 979 Ecclesium,
1174 924 1363 984 quanto
1401 915 1455 968 in
1498 914 1722 985 periculo
1746 923 2027 969 versentur.

422 1015 711 1087 ltiguitutes
741 1008 1019 1083 fugienda,
1045 1023 1144 1060 non
1161 1008 1465 1077 quwrendat.
1482 1036 1553 1047 —-
1571 1007 1748 1077 Papae,
1768 1019 2027 1079 quantum

415 1120 509 1167 est
537 1105 835 1178 periculum
855 1103 868 1153 !
891 1100 1018 1173 quid
1052 1101 1263 1155 miseris
1288 1100 1395 1155 illis
1428 1100 1631 1155 dixeris
1656 1100 1748 1172 qni
1777 1114 1835 1156 se
1860 1102 2029 1171 conji-

416 1204 572 1257 ciunt
601 1200 653 1253 in
676 1207 876 1253 tantam
910 1194 1163 1266 abyssum
1180 1192 1602 1262 suppliciorum?
1625 1192 1875 1247 Omnium
1892 1208 2028 1264 quos

418 1294 591 1363 regis,
640 1289 927 1343 mulierum
973 1294 1030 1341 et
1073 1285 1315 1339 virorum
1346 1292 1402 1339 et
1430 1298 1743 1355 puerorum,
1766 1296 1875 1339 ate
1902 1284 2027 1339 red-

416 1383 599 1441 denda
629 1393 714 1438 est
744 1380 885 1436 ratio
906 1397 918 1430 :
938 1385 1091 1432 tanto
1114 1375 1221 1447 igni
1241 1383 1406 1445 caput
1425 1385 1573 1428 tuum
1596 1374 1839 1443 subjicis.
1864 1374 2028 1430 Miror

414 1498 487 1536 an
506 1479 625 1535 ﬂeri
654 1476 825 1547 pmsit
851 1484 909 1529 ιιι
937 1471 1132 1541 aliquis
1150 1486 1219 1525 ex
1253 1469 1553 1525 rectoribus
1579 1470 1649 1524 sit
1675 1469 1879 1536 salvus,
1902 1485 2025 1524 cum

415 1573 636 1625 videam
680 1575 807 1639 post
833 1565 1006 1619 minas
1035 1572 1090 1619 et
1119 1573 1439 1633 praesentem
1481 1562 1784 1617 Socordiam
1815 1562 2027 1633 aliquos

412 1665 603 1720 adhuc
631 1667 1007 1723 accurrentes,
1031 1665 1087 1711 et
1113 1672 1172 1710 se
1201 1654 1557 1724 conjicieutes
1588 1654 1641 1708 iu
1676 1663 1877 1709 tantam
1910 1670 2025 1709 tuo-

412 1759 527 1812 lem
551 1749 1066 1810 administrationis.
1099 1747 1231 1803 Nam
1254 1748 1298 1801 si
1329 1747 1387 1811 ii,
1419 1747 1507 1815 qui
1557 1746 1882 1803 necessitate
1910 1756 2025 1802 tra-

413 1852 644 1909 huntur.
674 1862 784 1902 non
814 1844 1014 1899 habent
1044 1840 1447 1898 excusationem
1475 1841 1818 1904 autveniatu,
1846 1840 1889 1893 si
1909 1854 2023 1894 rem

414 1945 563 1999 male
589 1939 973 1996 administrent
1004 1944 1060 1992 et
1080 1935 1579 2005 sintucgligeutes;
1607 1948 1728 1987 nam
1758 1941 1813 1987 et
1842 1933 2024 1987 Aaron

413 2048 627 2097 tractus
655 2040 741 2086 est
768 2029 1092 2086 necrssitate
1110 2038 1161 2081 ct
1191 2027 1335 2080 venit
1363 2026 1415 2079 in
1441 2024 1740 2095 periculum
1761 2040 1775 2088 ;
1800 2035 1854 2079 et
1879 2024 2024 2097 Moy-

416 2144 511 2184 ses
537 2126 723 2187 etiam,
737 2138 862 2177 cum
890 2136 1037 2191 sa'pe
1068 2128 1401 2180 recusasset;
1425 2117 1637 2176 etSat'il.
1653 2118 1739 2172 cui
1757 2117 2021 2173 creditum

422 2219 569 2274 aliud
608 2217 781 2273 fuerat
832 2213 1141 2285 imperium,
1174 2220 1456 2282 postquam
1486 2211 1773 2272 recusavit,
1801 2218 2023 2265 vocatus

426 2324 516 2368 est
540 2312 597 2365 in
621 2310 931 2380 periculum,
951 2306 1207 2377 quoniam
1231 2305 1403 2376 ipsutn
1423 2304 1563 2358 male
1583 2302 2018 2359 administrarat:

433 2414 637 2477 quanto
656 2399 1041 2470 magisiiquiiu
1057 2397 1161 2452 hoc
1178 2397 1411 2452 studium
1441 2407 1645 2468 ponunt
1666 2440 1679 2459 ,
1721 2407 1775 2452 et
1806 2397 1856 2451 in
1886 2396 1937 2451 id
1964 2412 2023 2452 se

426 2495 805 2566 conjecerunt?
831 2492 923 2562 qui
951 2500 1038 2546 est
1059 2497 1202 2546 enim
1233 2490 1378 2557 talis,
1409 2490 1567 2561 longe
1598 2490 1767 2561 magis
1793 2507 1853 2544 se
1874 2492 2023 2547 omni

422 2588 654 2661 privabit
686 2586 864 2641 venia.
899 2584 1117 2641 Timere
1144 2584 1288 2641 enim
1320 2593 1537 2654 oportet
1557 2593 1610 2638 et
1636 2585 2024 2641 contremisce-

418 2700 500 2749 re,
530 2692 584 2739 et
614 2692 837 2754 propter
866 2680 1259 2737 conscientiam
1278 2688 1334 2735 et
1372 2688 1590 2748 propter
1620 2679 1817 2733 molem
1847 2678 2018 2749 impe-

411 2778 508 2838 rii;
540 2786 597 2830 et
639 2790 818 2846 neque
846 2773 892 2829 si
924 2774 1094 2829 semel
1127 2771 1411 2827 trahantur
1452 2785 1725 2837 recusare,
1762 2786 1938 2841 neque
1973 2769 2021 2828 si

409 2882 518 2923 nou
545 2865 837 2922 trahantur
862 2874 1057 2933 sponte
1081 2864 1133 2918 in
1161 2863 1212 2919 id
1236 2864 1549 2927 incurrere;
1575 2862 1684 2917 imo
1712 2876 1842 2917 vero
1856 2863 2018 2917 etiam

411 2958 623 3031 fugere,
654 2956 1017 3031 prmvidentes
1046 2956 1469 3027 magnitudinem
1500 2956 1794 3026 dignitatis.
1817 2956 2019 3012 Rursus

408 3063 594 3107 autem
621 3067 718 3107 eos
735 3051 825 3122 qui
850 3051 1047 3105 fuerint
1070 3049 1449 3121 comprehensi
1491 3057 1707 3119 Oportet
1729 3065 1850 3105 esse
1887 3066 2019 3105 cau-

408 3158 499 3201 tos
524 3157 580 3201 et
606 3147 749 3215 pios.
784 3145 924 3199 Nihil
960 3144 1374 3199 immoderatum
1402 3145 1493 3208 sit,
1516 3144 1697 3198 omnia
1735 3160 1800 3199 ex
1830 3142 2021 3199 ordine

410 3240 568 3294 tiam.
596 3237 655 3293 Si
703 3239 1015 3308 priusquam
1057 3236 1425 3307 promovearis
1465 3236 1514 3290 id
1563 3236 1901 3307 praesentias,
1930 3252 2019 3291 re-

408 3331 572 3399 cede,
623 3346 917 3401 persuasus
970 3339 1023 3387 te
1073 3346 1135 3385 ea
1169 3347 1227 3385 re
1266 3345 1387 3385 esse
1415 3330 1690 3400 indignum
1716 3347 1729 3383 :
1755 3329 1800 3384 si
1832 3343 2023 3385 rursus

410 3424 588 3480 fueris
634 3422 1085 3494 comprehensus,
1128 3423 1377 3479 similiter
1411 3423 1714 3477 cautionem
1743 3422 1939 3478 adhibe
1968 3432 2025 3478 et

409 3518 806 3582 reverentiam,
824 3516 1024 3585 ubique
1043 3515 1336 3570 ostendens
1356 3515 1616 3570 animum.
1635 3515 1723 3570 t8.
1748 3513 1926 3581 lh'ate,
1944 3515 2026 3568 iu-

409 3611 556 3678 qnit,
579 3609 731 3663 etiam
753 3626 847 3681 pro
864 3609 1007 3663 nobis
1027 3624 1042 3662 :
1064 3608 1371 3676 conﬁdimus
1389 3608 1522 3662 enim
1537 3608 1675 3677 quod
1691 3610 1874 3662 bonam
1895 3623 2022 3661 coit-

410 3702 680 3755 srientiatn
697 3701 963 3766 habemus,
981 3700 1034 3754 in
1061 3699 1295 3753 omnibus
1320 3698 1445 3753 bene
1465 3699 1687 3753 volentes
1709 3699 2024 3754 conversari.

490 3794 549 3847 2.
593 3792 761 3848 Vides
788 3791 934 3863 quod
965 3794 1017 3847 in
1050 3792 1134 3845 his
1160 3806 1219 3847 se
1243 3801 1433 3861 purget
1475 3800 1531 3847 et
1580 3800 1826 3859 excuset,
1851 3800 1910 3846 ut
1937 3791 2027 3862 qui

412 3886 624 3941 scribat
660 3883 727 3940 ad
767 3898 864 3939 eos
901 3894 1173 3954 tantquam
1215 3884 1281 3937 ad
1325 3883 1576 3937 molestia
1602 3881 1850 3949 allectos,
1888 3890 2028 3936 lam-

411 3994 584 4050 quam
629 3977 695 4031 ad
733 3987 1072 4043 aversantes,
1113 3987 1385 4047 tamquam
1432 3977 1499 4030 ad
1540 3991 1635 4031 eos
1678 3977 1772 4046 qui
1798 3977 1851 4032 in
1902 3990 2026 4031 eum

411 4079 580 4128 erant
598 4069 773 4125 allecti
798 4079 854 4123 ut
881 4070 1464 4139 transgressoretu,qui
1486 4086 1555 4124 ne
1582 4084 1781 4124 nomen
1807 4068 2027 4140 quidem

413 4164 540 4232 ejus
568 4161 756 4216 audire
782 4160 1052 4217 ierebaut.
1072 4160 1336 4226 Quoniam
1358 4175 1488 4228 ergo
1509 4176 1571 4214 ea
1596 4161 1847 4232 exigebat
1872 4160 1941 4215 ab
1964 4161 2030 4216 iis

415 4255 513 4325 qui
545 4254 717 4323 ipsum
746 4253 996 4317 oderant,
1028 4268 1150 4321 qua:
1179 4252 1361 4307 cieteri
1393 4267 1582 4307 omnes
1615 4253 1683 4306 ab
1711 4252 1776 4305 iis
1796 4251 1884 4322 qui
1911 4251 2032 4305 dili-

416 4357 581 4421 gunt,
614 4364 677 4402 ea
701 4348 770 4403 de
794 4363 956 4403 causa
990 4349 1141 4417 ponit
1167 4346 1275 4411 hic,
1306 4345 1495 4402 dicens
1516 4362 1529 4399 :
1553 4344 1877 4416 Confidimus
1892 4345 2032 4414 quod

417 4444 612 4498 bonum
640 4442 1006 4497 conscientiam
1033 4440 1297 4495 habemus.
1330 4439 1407 4496 Ne
1453 4440 1587 4495 mihi
1630 4439 1799 4507 enim,
1835 4439 2029 4512 inquit,

416 4536 630 4591 dixeris
673 4534 1049 4591 accusationes
1080 4551 1095 4589 :
1130 4543 1333 4598 nostra,
1366 4532 1561 4603 inquit,
1607 4533 1738 4587 nihil
1771 4548 1870 4589 nos
1926 4532 2030 4586 itu-

418 4631 618 4704 probat
646 4629 999 4693 conscieutia,
1030 4645 1203 4698 neque
1234 4626 1390 4683 nobis
1429 4627 1631 4682 conscii
1660 4642 1849 4682 smnus
1888 4625 2031 4697 quod

417 4723 582 4777 vobis
612 4721 871 4776 fuerimus
893 4720 1150 4775 insidiati.
1173 4717 1493 4789 Conﬁdimus
1507 4720 1661 4781 enim,
1686 4718 1876 4788 inquit.
1896 4717 2033 4790 quod

418 4817 611 4870 bonum
632 4813 993 4868 conscientiam
1025 4811 1288 4865 habemus.
1329 4808 1395 4864 In
1422 4810 1656 4865 omnibus
1684 4808 2029 4863 benevolentes

415 4904 734 4959 conversari.
766 4902 912 4974 Ergo
942 4920 1050 4959 non
1082 4903 1258 4959 solum
1290 4902 1433 4958 inter
1456 4902 1725 4967 ethnicos,
1745 4902 1839 4958 sed
1865 4901 2027 4958 etiam

416 4997 568 5050 inter
597 5012 715 5051 vos.
744 4994 890 5052 Nihil
919 5013 1042 5053 cum
1075 4996 1265 5052 fraude
1294 4996 1540 5061 iecimus,
1569 5012 1668 5052 nec
1690 5011 1815 5052 cum
1848 4996 2026 5069 hypo-

412 5087 547 5143 crisi
571 5105 585 5142 :
611 5096 695 5141 est
714 5091 861 5142 enim
895 5088 1190 5145 verisimile
1216 5088 1313 5143 has
1341 5088 1535 5144 incum
1553 5088 1852 5143 calumnias
1870 5087 2034 5142 fuisse

415 5180 740 5236 intentatas.
767 5178 900 5234 Nam
929 5180 1072 5250 quod
1099 5181 1235 5235 falso
1266 5191 1550 5236 accusatus
1583 5180 1764 5245 luerit,
1793 5178 1916 5234 audi
1943 5178 2035 5234 .la-

415 5270 620 5328 cobum
644 5270 951 5326 dicentian:
982 5273 1271 5327 Audierant
1296 5272 1463 5337 enim,
1490 5272 1683 5340 inquit,
1712 5271 1776 5324 de
1800 5281 1866 5337 te,
1898 5271 2035 5342 quod

417 5368 786 5423 discessionem
810 5368 994 5421 doceas
1022 5385 1055 5422 a
1091 5367 1200 5439 lege
1230 5368 1369 5436 (Act.
1412 5368 1505 5422 21.
1534 5366 1651 5437 21).
1696 5366 1812 5421 Non
1844 5374 1902 5420 ut
1928 5366 2033 5422 iui.

418 5460 621 5525 iniens,
644 5458 841 5531 inquit,
875 5475 977 5516 nec
1005 5472 1062 5515 ut
1093 5461 1265 5517 hostis
1294 5460 1410 5516 tunc
1450 5461 1653 5526 scribo,
1681 5460 1776 5515 sed
1806 5468 1865 5514 ut
1892 5459 2034 5513 anti-

417 5565 539 5610 cus.
574 5550 645 5607 Et
675 5550 781 5608 hoc
820 5551 1061 5608 ostendit
1104 5569 1172 5607 ex
1214 5567 1282 5607 eo
1307 5551 1452 5623 quod
1483 5552 1740 5622 deinceps
1766 5551 2029 5622 sequitur.

422 5644 514 5703 l9.
547 5643 785 5714 Amplius
810 5654 982 5700 autem
1009 5644 1257 5717 deprecor
1286 5660 1372 5699 vos
1418 5644 1512 5699 hoc
1543 5647 1733 5717 facere,
1765 5659 1866 5714 quo
1898 5642 2033 5698 cele-

420 5734 529 5792 rius
554 5737 792 5791 restituat
818 5735 982 5791 vobis.
1009 5734 1124 5793 Hoc
1149 5744 1267 5793 crat
1294 5736 1413 5807 ejus
1438 5737 1530 5809 qui
1559 5737 1910 5793 vehementer
1937 5751 2035 5794 eos

421 5828 659 5895 amabat,
697 5829 769 5884 ita
800 5829 1031 5898 precari.
1070 5829 1138 5883 Et
1192 5845 1299 5885 non
1333 5830 1535 5895 solum,
1572 5830 1763 5901 inquit,
1799 5829 2031 5901 precari,

418 5920 517 5979 sed
570 5936 697 5978 cum
744 5921 894 5978 oxuui
937 5920 1117 5978 studio
1160 5938 1171 5978 :
1208 5932 1264 5979 ut
1294 5937 1393 5996 ego
1425 5924 1533 5980 cito
1576 5923 1787 5981 veniam
1817 5921 1886 5980 ad
1917 5938 2029 5979 vos.

1181 353 1245 410 ιιι
1286 349 1503 408 ειδιετ.
1548 347 1639 404 ao
1678 340 2039 402 uenustus.
2081 339 2234 395 car.
2282 294 2416 396 sui.
2463 342 2699 400 uouit.
2747 342 2992 399 xxx".

3632 344 3698 400 25
3706 340 3739 403 ι

2132 446 2242 501 lloe
2269 457 2352 503 est
2381 446 2499 516 ejus
2528 450 2615 517 qui
2647 447 2745 503 sibi
2781 447 3022 504 nihilost
3061 450 3335 514 conscius,
3368 450 3604 505 studium
3635 466 3732 521 po-

2130 556 2259 595 uero
2292 549 2348 594 nt
2372 541 2437 595 ad
2464 557 2557 596 eos
2589 542 2889 611 perveniat,
2934 552 2988 597 et
3017 558 3207 613 rogare
3248 542 3393 613 ipsos
3422 553 3477 598 ut
3530 559 3627 613 pro
3675 560 3735 598 se

2128 645 2305 690 orent.
2359 634 2432 689 Ea
2464 635 2532 689 de
2560 651 2717 690 causa
2751 651 2872 691 cum
2903 637 3052 706 prius
3081 636 3148 690 ab
3179 637 3311 706 ipsis
3343 639 3587 707 petiisset
3614 655 3738 695 ora-

2132 728 2325 794 tiones,
2344 736 2471 781 tunc
2496 728 2575 782 eis
2601 744 2817 798 quoque
2839 740 3088 797 precatur
3104 729 3291 783 omnia
3312 729 3471 783 bona.
3486 730 3576 786 20.
3597 728 3736 784 Deus

2127 829 2318 885 autem,
2352 819 2541 889 inquit,
2571 821 2730 888 pacis.
2760 819 2870 874 Hoc
2905 819 3036 874 dicit
3065 836 3131 875 eo
3157 820 3299 891 quod
3331 821 3472 876 inter
3495 836 3593 877 eos
3620 822 3734 875 dis-

2127 912 2412 966 sensiones
2440 911 2732 966 orirentur.
2761 912 2817 967 Si
2845 927 2994 983 ergo,
3026 914 3217 979 inquit,
3256 913 3395 968 Deus
3421 914 3565 982 pacis
3595 914 3735 968 licus

2129 1014 2318 1068 est,ne
2359 1005 2430 1059 sit
2461 1005 2610 1059 vobis
2656 1005 2938 1060 nobiscum
2980 1006 3283 1062 dissidium.
3312 1008 3414 1076 Qui
3453 1009 3628 1063 eduxit
3670 1010 3736 1062 (te

2129 1104 2265 1148 terra
2300 1092 2568 1150 Pastorem
2597 1097 2790 1151 ovium.
2817 1097 2931 1153 Hoc
2955 1098 3156 1153 dictum
3182 1109 3263 1153 cst
3285 1101 3352 1154 de
3381 1104 3735 1157 resurrectio-

2133 1204 2220 1244 ne.
2258 1188 2528 1261 Magnum.
2558 1191 2715 1245 Aliud
2748 1192 3192 1246 additamentum.
3221 1192 3317 1247 llic
3346 1210 3532 1249 rursus
3562 1211 3733 1266 usque
3822 1232 3827 1241 ι

2130 1280 2195 1335 ad
2222 1282 2383 1337 linem
2406 1282 2485 1336 eis
2507 1281 2793 1337 continuat
2819 1282 2963 1354 quod
2991 1283 3187 1338 dicitur
3211 1284 3280 1340 de
3309 1291 3729 1344 resurrectione.

2132 1374 2159 1430 1
2168 1394 2199 1430 n
2214 1376 2463 1448 sanguine
2491 1377 2774 1431 testamenti
2796 1378 2995 1443 wterni,
3019 1376 3293 1432 Dominum
3310 1391 3535 1435 nostrum
3553 1380 3735 1436 Jesum

2132 1470 2411 1538 Christum,
2440 1471 2532 1526 21.
2556 1481 2693 1541 aptet
2724 1486 2811 1525 vos
2836 1472 2889 1525 in
2929 1474 3065 1525 onmi
3095 1472 3224 1526 bono
3247 1491 3417 1543 opere,
3447 1485 3501 1528 ut
3530 1476 3736 1545 faciatis

2129 1565 2240 1635 ejus
2261 1564 2568 1618 voluntatem
2588 1584 2605 1619 .'
2634 1565 2827 1636 faciens
2851 1566 2903 1619 in
2923 1565 3061 1619 vobis
3082 1567 3220 1637 quod
3237 1568 3438 1637 placeat
3460 1586 3633 1625 eorum
3659 1588 3731 1625 se.

2132 1657 2339 1712 liursus
2383 1657 2463 1712 eis
2513 1674 2703 1726 magna
2731 1673 2834 1713 suo
2873 1658 3060 1713 tribuit
3088 1659 3432 1715 testimonio:
3464 1660 3737 1733 Integrqu

2130 1750 2273 1805 enim
2319 1748 2470 1803 reddi
2503 1750 2699 1804 dicitur
2729 1750 2779 1804 id
2807 1750 2948 1821 quod
3003 1750 3167 1807 habet
3190 1752 3422 1818 initimu,
3456 1764 3513 1809 et
3541 1754 3739 1810 deinde

2133 1841 2407 1912 impletur.
2442 1842 2506 1896 Et
2535 1842 2615 1897 eis
2646 1851 2934 1913 precatur:
2966 1843 3109 1912 quod
3143 1852 3226 1899 est
3253 1844 3638 1903 desiderantis.
3671 1848 3740 1903 Bt

2135 1933 2290 1991 vide:
2328 1934 2380 1989 iu
2404 1934 2523 1989 aliis
2549 1934 2765 2005 quidem
2791 1936 3035 2006 epistolis
3068 1946 3319 2007 precatur
3350 1940 3403 1994 in
3436 1938 3612 2007 initio,
3652 1940 3739 1996 hic

2125 2035 2305 2081 autem
2334 2027 2386 2080 iu
2416 2029 2541 2084 line.
2588 2027 2831 2094 Faciem,
2864 2030 3056 2102 inquit,
3090 2032 3142 2085 in
3172 2032 3312 2087 vobis
3357 2033 3496 2103 quod
3534 2034 3734 2102 placeat

2125 2134 2298 2173 coram
2325 2136 2380 2174 se
2407 2139 2495 2191 per
2513 2121 2697 2176 Iesum
2723 2123 3020 2179 Christum:
3048 2125 3133 2177 cui
3157 2135 3231 2179 est
3258 2124 3427 2198 gloria
3454 2126 3507 2181 in
3539 2127 3724 2181 siccata

2126 2212 2448 2266 surculorum.
2470 2215 2647 2269 Amen.
2666 2214 2757 2271 22.
2788 2215 2932 2289 Rogo
2962 2228 3130 2272 autent
3161 2235 3270 2285 vos,
3298 2222 3505 2292 fratres.
3534 2230 3587 2275 ut
3614 2218 3741 2288 suf-‘

2128 2303 2305 2372 feratis
2350 2305 2552 2359 verbum
2581 2308 2789 2363 solatii:
2815 2309 3000 2363 ctenim
3031 2311 3304 2382 perpaucis
3344 2312 3531 2381 scripsi
3571 2311 3727 2366 vobis.

2130 2395 2291 2451 Vides
2319 2400 2573 2468 quoniam
2600 2403 2743 2473 quod
2768 2403 2834 2458 ad
2861 2404 3132 2459 nemiuem
3159 2404 3394 2475 scripsit,
3416 2404 3520 2462 hoc
3543 2405 3610 2461 ad
3634 2419 3729 2461 eos

2127 2490 2353 2546 scribit?
2378 2490 2589 2547 Etenim
2636 2496 2929 2568 perpaucis,
2964 2496 3159 2567 inquit,
3191 2498 3378 2569 scripsi
3407 2496 3582 2564 vobis;
3627 2498 3731 2553 hoc

2126 2591 2230 2646 εει,
2260 2580 2370 2639 Νεε
2401 2599 2521 2639 sum
2554 2585 2815 2641 molestus
2858 2588 3011 2643 vobis
3055 2590 3349 2644 verborum
3399 2588 3729 2660 prolixitatc.

2128 2671 2393 2731 Existimo
2410 2692 2505 2732 eos
2530 2694 2636 2733 nou
2659 2677 2825 2735 fuisse
2843 2679 3133 2735 admodum
3162 2681 3406 2737 infensos
3421 2681 3727 2738 Timotheo:

2128 2766 2272 2823 unde
2296 2768 2460 2824 etiam
2489 2786 2613 2824 cum
2648 2772 2963 2841 przeposuit.
2997 2772 3088 2828 25.
3121 2774 3423 2845 Cognoscite
3452 2775 3620 2837 enim.
3650 2774 3732 2830 iu-

2126 2859 2260 2930 quit,
2289 2865 2504 2932 fratrem
2534 2861 2854 2919 Timotheum
2877 2864 3144 2919 dimissum
3170 2882 3190 2921 :
3218 2883 3335 2920 cum
3362 2883 3482 2937 quo,
3511 2867 3556 2920 si
3582 2867 3733 2921 citius

2126 2953 2336 3017 venerit,
2368 2952 2543 3007 videbo
2566 2970 2669 3009 vos.
2701 2953 3003 3020 Dimissnm,
3034 2953 3209 3027 ἰιιιιιὶι
3236 2971 3250 3008 :
3277 2956 3450 3012 unde?
3469 2957 3733 3012 Existimo

2126 3059 2251 3100 cum
2301 3045 2466 3101 fuisse
2504 3047 2812 3118 conjectum
2846 3048 2897 3101 in
2931 3064 3241 3103 carcerem:
3274 3057 3387 3114 ant,
3421 3049 3464 3104 si
3507 3065 3614 3104 non
3661 3051 3740 3105 ita

2128 3139 2217 3203 sit,
2249 3138 2529 3193 dimissum
2562 3138 2819 3207 Athenis;
2851 3156 2973 3195 nam
3006 3140 3110 3197 hoc
3136 3156 3352 3213 quoque
3383 3141 3544 3197 situm
3572 3157 3653 3199 est
3675 3144 3731 3197 in

2129 3231 2374 3287 Actibus.
2406 3232 2500 3289 24.
2532 3232 2771 3288 Salutate
2805 3251 2978 3289 omnes
3007 3236 3308 3304 pra'positos
3335 3245 3525 3290 vestros
3546 3246 3590 3290 et
3617 3254 3727 3290 om.

2129 3341 2218 3378 nes
2237 3333 2463 3379 sanctos.
2499 3325 2744 3381 Salutant
2782 3342 2869 3381 vos
2898 3326 2962 3382 de
2990 3327 3149 3381 Italia
3176 3327 3381 3397 fratres.
3423 3329 3516 3385 25.
3550 3327 3735 3385 Gratia

2128 3433 2245 3470 cum
2289 3418 2522 3473 onmibus
2561 3420 2721 3474 vobis.
2755 3420 2935 3475 Amen.
2980 3420 3144 3477 Vides
3182 3422 3454 3491 quomodo
3485 3425 3739 3479 ostendat

2129 3514 2381 3568 virtutem
2405 3529 2579 3586 neque
2606 3531 2671 3570 ex
2700 3515 2809 3571 Deo
2827 3516 3069 3577 oumino,
3096 3531 3268 3586 neque
3285 3533 3352 3572 ex
3376 3519 3532 3574 nobis
3558 3519 3733 3575 solum

2129 3621 2253 3661 esse
2277 3606 2488 3661 ortam?
2508 3606 2741 3663 dicendo
2760 3608 2929 3674 enim,
2956 3607 3193 3679 lutcgros
3223 3625 3307 3665 vos
3340 3613 3498 3683 faciat
3524 3614 3577 3666 in
3599 3615 3741 3667 omni

2129 3697 2261 3752 bona
2293 3715 2464 3769 opere,
2497 3707 2553 3753 et
2579 3707 2800 3766 caztera,
2832 3699 2934 3754 hoc
2973 3701 3260 3772 signiﬁcat,
3293 3718 3357 3758 ac
3401 3705 3446 3759 si
3493 3704 3699 3761 diceret
3726 3724 3735 3757 :

2131 3788 2353 3844 Habetis
2383 3789 2603 3860 quidem
2648 3792 2934 3857 virtutem;
2968 3808 3104 3863 opus
3136 3805 3315 3849 autem
3350 3795 3558 3852 habetis
3583 3812 3734 3851 cout—

2130 3883 2427 3956 plemento.
2455 3882 2589 3938 Cum
2621 3883 2754 3938 dicit
2796 3895 2976 3939 autem
3013 3902 3026 3939 :
3056 3886 3233 3957 Opere
3275 3895 3328 3941 et
3374 3888 3539 3943 verbo
3571 3889 3734 3953 bono,

2129 3976 2452 4048 signiﬁcavit
2477 3987 2531 4033 et
2560 3978 2725 4033 vitam
2756 3988 2812 4034 et
2854 3978 3105 4050 dogmata
3152 3989 3297 4035 recta
3343 3997 3467 4038 esse
3511 3982 3733 4039 debere.
3798 4001 3803 4016 ι

2132 4068 2302 4125 Recte
2327 4070 2490 4125 etiam
2522 4069 2624 4124 hoc
2639 4070 2881 4126 addidit:
2904 4070 3124 4127 Faciem
3147 4074 3199 4127 in
3220 4073 3356 4127 vobis
3379 4076 3517 4145 quod
3537 4077 3749 4148 placeat

2131 4178 2305 4217 coram
2329 4178 2401 4216 se.
2432 4159 2619 4217 Coram
2645 4180 2701 4217 se
2722 4178 2740 4216 :
2763 4162 2881 4219 hare
2908 4165 3054 4220 enim
3077 4174 3161 4220 est
3188 4167 3358 4221 virtus
3389 4170 3628 4224 maxima
3655 4172 3738 4226 ia-

2132 4269 2261 4311 cere
2285 4253 2431 4326 quod
2465 4254 2675 4325 placeat
2700 4270 2885 4311 coram
2912 4255 3057 4312 Deo;
3083 4258 3226 4313 sicut
3248 4258 3414 4314 etiam
3451 4261 3579 4317 dicit
3601 4263 3738 4318 l‘ro-

2132 4348 2295 4421 pheta
2321 4363 2335 4403 :
2369 4346 2664 4405 Secundum
2691 4350 2963 4419 puritatem
3006 4367 3251 4404 manuum
3279 4368 3508 4407 mearum
3530 4355 3583 4409 in
3610 4372 3743 4411 cono

2134 4453 2310 4514 specta
2357 4440 2625 4498 oculorum
2669 4442 2780 4512 eius
2828 4441 3007 4514 (l'sal.
3057 4446 3147 4499 l7.
3175 4444 3268 4501 21.
3313 4446 3433 4521 25).
3465 4448 3599 4505 Cum
3633 4459 3740 4509 tam

2137 4538 2303 4593 multa
2327 4547 2510 4592 autem
2542 4536 2873 4607 scripsisset,
2900 4554 3066 4610 pauca
3093 4554 3155 4595 ca
3181 4555 3305 4597 esse
3334 4541 3489 4610 dixit,
3522 4544 3568 4600 si
3594 4544 3745 4605 vide-

2140 4632 2265 4688 licet
2311 4628 2662 4686 couierautur
2703 4645 2827 4685 cum
2862 4632 2926 4685 iis
2972 4648 3094 4701 qua!
3134 4642 3252 4688 erat
3298 4635 3574 4691 dicturus:
3608 4639 3750 4693 sicut

2141 4724 2305 4780 etiam
2337 4722 2464 4778 alibi
2492 4721 2622 4779 dicit
2643 4739 2656 4776 :
2683 4721 2831 4777 Sicut
2855 4723 3040 4793 scripsi
3060 4724 3199 4781 vobis
3219 4726 3272 4781 in
3290 4726 3427 4782 brevi
3446 4742 3466 4782 :
3480 4738 3631 4797 prout
3650 4747 3717 4800 ρο
3730 4761 3747 4769 -

2142 4817 2281 4871 testis
2306 4816 2524 4887 legentes
2554 4814 2840 4887 intelligere
2863 4815 3193 4886 prudentiam
3222 4835 3387 4874 meam
3414 4820 3469 4873 in
3500 4822 3744 4891 mysterio

2141 4909 2332 4963 Christi
2359 4906 2575 4980 (Ephes.
2611 4909 2667 4963 5.
2696 4908 2750 4963 5.
2774 4905 2853 4980 4).
2875 4907 3011 4964 Vide
3036 4918 3219 4966 autem
3247 4911 3363 4981 ejus
3395 4913 3740 4982 sapientiam.

2140 5001 2254 5057 Non
2283 5000 2438 5064 dixit,
2472 4999 2614 5070 Rogo
2638 5014 2725 5054 vos
2748 5008 2801 5052 ut
2818 4998 3078 5066 sufferatis
3103 5001 3308 5056 verbum
3333 5001 3740 5067 admonitionis,

2139 5092 2257 5159 sed,
2276 5091 2486 5156 Solutii,
2508 5091 2611 5146 hoc
2631 5100 2734 5154 est,
2758 5092 3168 5156 consolationis,
3191 5092 3607 5149 adhortationis.
3624 5095 3741 5150 Non

2140 5194 2339 5256 potest,
2367 5183 2559 5255 inquit,
2581 5184 2861 5255 quisquam
2880 5183 3158 5254 defatigati
3178 5184 3247 5239 ob
3268 5186 3630 5254 prolixitatem
3659 5204 3746 5241 eo.

2138 5290 2257 5330 rum
2279 5290 2399 5345 qua:
2421 5274 2562 5329 dicta
2584 5283 2731 5330 sunt.
2761 5275 2899 5341 Quid
2929 5276 3096 5346 ergo?
3126 5278 3351 5333 hoccine
3376 5288 3493 5333 erat
3514 5281 3665 5350 quod
3690 5293 3745 5336 ut

2138 5377 2522 5423 aversarentur
2569 5366 2837 5423 faciebat?
2860 5368 3081 5424 Minime
3107 5387 3120 5423 :
3152 5386 3262 5426 non
3296 5382 3473 5428 tamen
3519 5376 3600 5430 eis
3630 5377 3746 5431 vult

2135 5460 2425 5517 ostendere
2442 5475 2543 5517 nec
2570 5460 2773 5526 dicere,
2790 5460 2992 5517 Pusillo
3011 5463 3145 5520 estis
3159 5465 3342 5522 animo
3364 5482 3378 5521 :
3401 5481 3526 5523 nam
3549 5482 3740 5525 eorum

2133 5554 2224 5626 qui
2243 5563 2369 5607 sunt
2389 5553 2656 5623 ejusmodi
2675 5562 2760 5609 est
2775 5554 3053 5625 proprium
3083 5572 3192 5612 non
3214 5560 3354 5615 ferre
3376 5559 3591 5632 longam
3617 5577 3741 5616 ora-

2134 5648 2361 5701 tionem.
2394 5644 2696 5718 Cognoscite
2721 5651 2937 5719 fratrem
2963 5646 3284 5705 Timotheum
3312 5652 3604 5720 dimissum,
3621 5671 3739 5710 cum

2130 5757 2250 5809 quo,
2280 5738 2322 5794 si
2349 5739 2561 5794 celerius
2591 5740 2800 5807 venerit,
2830 5740 3003 5795 videbo
3033 5757 3139 5797 vos.
3173 5744 3283 5799 Hoc
3304 5745 3435 5800 satis
3458 5758 3543 5802 est
3564 5745 3631 5801 ad
3658 5748 3739 5803 eis

2131 5832 2561 5901 persuadendum
2587 5844 2646 5888 ut
2674 5848 2733 5888 se
2765 5834 3071 5900 demittant,
3101 5836 3144 5891 si
3190 5846 3407 5906 paratus
3437 5846 3521 5894 est
3551 5855 3736 5894 ventre

2129 5942 2250 5983 cum
2298 5925 2582 6001 discipulo.
2623 5926 2864 5986 Salutate
2906 5944 3079 5986 omnes
3113 5930 3425 6002 pl'thOIilOb
3454 5943 3644 5988 vestros
3687 5942 3744 5987 et.
