4202 6440
480 439 656 480 ontnes
672 421 1037 478 sanctos.\’idc
1055 421 1325 492 quomodo
1348 423 1490 488 ipsos
1518 419 1748 476 honor-av
1761 425 1885 483 erit,
1904 423 2069 489 siqui-

480 516 603 574 dem
623 516 688 574 ad
714 516 831 572 illos
851 531 946 582 pro
963 515 1078 568 istis
1095 512 1328 580 scripsit.
1345 512 1584 566 Salutant
1607 529 1691 566 vos
1708 511 1772 566 de
1789 511 1946 566 Italia
1967 516 2070 581 fra-

481 619 600 669 tres.
635 599 813 662 Gratia
841 622 955 659 cum
977 603 1206 658 omnibus
1233 603 1390 658 vobis.
1409 603 1592 662 Amen.
1615 606 1766 672 Quod
1784 617 1899 660 erat
1915 622 2067 664 eunt-

479 716 640 756 mnne
667 697 932 764 ninnium,
961 695 1060 749 hoc
1091 696 1336 750 ultimum
1360 695 1557 764 posuit.
1585 696 1864 761 Quomodo
1887 706 2065 756 autent

480 800 562 844 est
591 790 758 858 gratia
788 787 1107 844 nobiscum?
1153 786 1209 840 Si
1253 801 1362 840 non
1395 786 1595 856 probro
1641 796 1696 840 et
1736 789 2066 844 contumelia

477 881 775 935 afticiamus
806 879 1159 933 beneficium:
1193 877 1240 934 si
1269 893 1372 932 non
1403 876 1573 931 simus
1601 879 1858 934 socordes
1876 879 2070 938 adier-

475 988 566 1029 sus
596 971 818 1026 donum.
852 970 988 1038 Quid
1021 981 1104 1022 est
1151 971 1356 1038 gratia?
1387 968 1659 1024 flcinissio
1697 981 2063 1038 peccaturum,

477 1065 756 1134 purgatio:
795 1063 909 1117 ha-c
935 1061 1080 1116 enim
1126 1061 1404 1118 nobiscum
1436 1069 1540 1124 est.
1582 1061 1712 1128 Quis
1754 1063 1920 1126 enim,
1971 1066 2061 1133 qui

476 1157 670 1226 probro
697 1154 877 1209 affecit
905 1163 957 1209 et
987 1155 1334 1218 Contumelia,
1397 1163 1570 1222 potest
1622 1155 1892 1214 custodire
1939 1172 2061 1225 gra-

475 1249 626 1314 tiamI
674 1257 727 1301 et
775 1262 894 1300 eam
944 1262 1052 1300 non
1102 1245 1309 1316 perdit?
1363 1244 1556 1315 Utputa
1603 1247 1924 1306 condonavit
1969 1249 2066 1305 tibi

477 1349 726 1417 pace-ala:
758 1338 1024 1412 quomodo
1051 1339 1146 1391 erit
1181 1347 1352 1391 tecum
1379 1338 1570 1406 gratia,
1601 1349 1691 1392 aut
1721 1339 1857 1394 bona
1881 1339 2066 1396 θείειὶ-

476 1435 661 1498 matio,
694 1443 784 1486 aut
806 1432 1038 1502 Spiritus
1063 1432 1326 1502 operatio,
1363 1431 1464 1484 nid
1496 1447 1591 1499 per
1626 1432 1790 1485 bonas
1821 1434 2065 1490 actiones

474 1543 594 1584 eam
617 1525 937 1586 attraxeris?
980 1525 1091 1577 lloc
1117 1523 1259 1576 enim
1301 1535 1382 1577 Cal
1425 1538 1583 1578 causa
1625 1525 1861 1578 omnium
1889 1525 2062 1582 bono-

477 1635 616 1682 rum,
652 1617 796 1687 quod
828 1617 883 1670 in
915 1615 1066 1672 nobis
1109 1630 1324 1683 semper
1352 1623 1566 1668 maneat
1591 1615 1762 1684 gratia
1789 1617 2060 1686 Spiritus:

475 1728 538 1774 ea
570 1712 714 1768 enim
744 1719 827 1767 est
855 1709 1010 1764 nobis
1039 1708 1142 1768 dux
1196 1707 1263 1762 ad
1312 1709 1489 1761 omnia
1513 1749 1526 1772 ,
1559 1708 1697 1762 sicut
1737 1710 1953 1780 quando
1997 1727 2062 1770 ea

476 1821 509 1862 τι
557 1807 710 1860 nobis
758 1805 1070 1871 avolaverit,
1102 1817 1199 1870 nos
1251 1803 1424 1870 perdit
1469 1811 1523 1856 et
1575 1803 1816 1862 desertos
1869 1799 2062 1856 reddit.

549 1897 603 1958 5.
651 1897 726 1956 Ne
767 1913 886 1954 eam
919 1913 1047 1966 ergo
1091 1896 1454 1963 repellamus;
1483 1903 1567 1952 est
1606 1895 1750 1948 enim
1788 1894 1840 1948 in
1881 1901 2067 1950 nostn

481 1997 747 2057 potestate
777 1998 832 2042 ut
863 2004 924 2042 ea
949 1997 1003 2042 et
1034 1996 1268 2053 maneat,
1299 1995 1354 2042 et
1383 1985 1620 2046 recedat.
1647 1983 1779 2040 illud
1807 1983 1950 2040 enim
1981 1981 2066 2048 lit,

479 2081 692 2148 quando
719 2081 1016 2149 cogitamus
1041 2077 1309 2142 caelestia;
1329 2080 1431 2132 hoc
1455 2092 1602 2140 vero,
1629 2075 1841 2146 quando
1867 2089 1929 2129 ca
1947 2087 2066 2144 quae

479 2170 546 2223 ad
581 2171 718 2230 hanc
749 2170 910 2224 vitam
941 2169 1224 2238 pertinent.
1259 2169 1422 2235 Quem
1451 2167 1670 2223 mundus
1695 2208 1708 2230 ,
1743 2165 1934 2236 inquit,
1963 2181 2066 2220 non

482 2271 641 2329 potest
668 2264 914 2330 accipere,
935 2261 1052 2330 quia
1073 2277 1177 2316 non
1200 2261 1328 2312 ridet
1359 2276 1493 2325 eum,
1515 2275 1604 2312 nec
1627 2259 1720 2312 scit
1747 2273 1860 2314 eum
1883 2255 2066 2328 (Joan.

483 2354 694 2426 “.17).
717 2351 972 2408 Mundum
991 2362 1144 2406 vocat
1161 2351 1321 2406 vitam
1346 2350 1642 2420 improbam
1660 2359 1713 2404 ct
1735 2358 1962 2418 turpem.
1975 2346 2036 2402 Vi
2048 2376 2068 2387 -

479 2443 577 2500 des
597 2459 701 2500 non
719 2459 839 2499 esse
858 2442 1142 2497 mundana:
1159 2444 1352 2495 anima:
1372 2451 1428 2495 ut
1449 2441 1501 2495 id
1527 2441 1742 2496 habeat?
1761 2439 1927 2494 Multo
1939 2451 2071 2509 ergo

485 2535 642 2590 nobis
656 2535 833 2592 studio
852 2549 988 2608 opus
1009 2544 1112 2599 est,
1133 2543 1189 2589 ut
1211 2532 1260 2586 id
1287 2549 1319 2586 a
1343 2533 1494 2587 nobis
1521 2532 1838 2596 retineatur,
1855 2539 2070 2586 nostra-

480 2643 585 2696 que
629 2627 808 2682 omnia
853 2625 1128 2695 dispenset
1170 2635 1226 2679 et
1272 2623 1609 2678 administret
1640 2637 1810 2694 eaque
1847 2621 1900 2676 in
1932 2630 2068 2686 tuto,

483 2727 538 2774 ct
559 2719 722 2780 multa
755 2732 885 2788 pace
906 2718 1154 2772 collucet.
1181 2715 1331 2770 Sicut
1359 2717 1501 2770 enim
1531 2715 1653 2772 fieri
1679 2731 1786 2770 non
1812 2721 1990 2784 potest
2015 2721 2075 2768 ut

487 2809 654 2874 navis,
690 2823 806 2876 quae
839 2817 998 2862 vento
1029 2807 1266 2862 secundo
1294 2805 1486 2872 fertur,
1521 2805 1862 2876 impediatur,
1896 2817 2073 2874 neque

486 2913 544 2964 ut
574 2902 936 2968 demergatur,
960 2899 1131 2952 donec
1176 2911 1331 2952 vento
1360 2898 1556 2953 fruitur
1579 2911 1844 2970 prospero
1867 2903 1921 2952 et
1946 2910 2072 2965 per-

486 3005 681 3064 petuo;
703 2993 796 3050 sed
822 3001 876 3044 et
905 3000 1182 3061 postquam
1207 2989 1444 3052 redierit,
1481 3005 1728 3060 magnam
1753 2989 1837 3046 sui
1855 3002 2073 3044 succes-

485 3103 578 3150 sus
599 3086 799 3157 praebet
815 3085 1040 3155 gloriam
1055 3094 1108 3138 et
1127 3085 1300 3138 nautis
1322 3092 1376 3139 et
1392 3085 1716 3140 vectoribus:
1739 3083 1844 3138 illis
1859 3081 2076 3152 quidem

486 3180 620 3230 dans
647 3178 904 3247 quietem,
926 3185 981 3231 et
1007 3193 1114 3230 non
1136 3177 1318 3230 sinens
1348 3185 1403 3230 ut
1428 3177 1588 3230 remis
1609 3174 1956 3239 adlaborent;
1978 3173 2079 3230 hos

485 3281 662 3324 autem
691 3271 759 3322 ab
780 3269 923 3322 omni
957 3276 1105 3324 metu
1137 3265 1930 3338 liberans,etjucundissimum
1949 3279 2076 3334 spe-

485 3363 751 3422 ctaculum
781 3362 860 3416 eis
884 3378 1036 3414 suum
1069 3361 1312 3430 praebens
1335 3376 1550 3414 cursum
1578 3377 1592 3412 :
1623 3361 1693 3413 ita
1715 3360 1877 3414 etiam
1899 3358 2078 3418 anima

485 3457 668 3511 divino
700 3453 905 3512 inunita
933 3454 1135 3523 Spiritu
1168 3464 1251 3509 est
1280 3453 1528 3524 superior
1569 3452 1783 3523 quidem
1825 3452 2084 3514 omnibus

485 3548 734 3602 ﬂuctibus
765 3546 922 3616 hujus
953 3546 1110 3611 vita);
1137 3546 1273 3600 viam
1301 3555 1503 3612 autem,
1525 3561 1642 3612 qua:
1667 3543 1773 3598 fert
1793 3543 1844 3598 in
1861 3543 2078 3609 caelum,

487 3653 635 3698 secat
661 3641 1034 3698 vehementius
1059 3656 1220 3712 quam
1248 3640 1336 3693 illa
1363 3639 1535 3702 navis,
1558 3645 1613 3690 ut
1641 3653 1760 3708 qua:
1789 3652 1897 3694 non
1924 3636 2084 3706 pella-

490 3747 575 3792 tur
602 3754 631 3792 a
664 3721 823 3794 vento
847 3777 860 3802 ,
893 3733 988 3790 sed
1033 3734 1146 3788 vela
1178 3733 1392 3798 habeat,
1425 3747 1596 3801 eaque
1627 3728 1824 3784 munda
1866 3729 2086 3798 impleta

487 3836 556 3884 ah
592 3829 707 3898 ipso
759 3827 1035 3890 Paracleto
1067 3844 1079 3882 :
1110 3834 1162 3881 et
1189 3841 1218 3877 a
1272 3832 1455 3878 nostra
1483 3821 1808 3892 cogitatione
1861 3820 2088 3896 expellit

488 3920 744 3996 quidquid
786 3927 870 3974 est
919 3919 1104 3980 molle,
1155 3925 1472 3972 enervatum
1528 3923 1582 3970 et
1637 3913 1979 3974 dissolutum.
2014 3912 2086 3968 Ut

491 4014 638 4073 cnim
667 4020 856 4070 \‘entus
886 4009 1129 4066 incidens
1159 4009 1211 4062 in
1244 4007 1422 4062 velum
1453 4006 1630 4061 laxum
1657 4015 1710 4061 et
1737 4006 1915 4069 molle,
1950 4004 2088 4072 nihil

490 4103 690 4173 egerit:
719 4103 788 4157 ita
818 4101 976 4156 etiam
1015 4109 1226 4160 sanctus
1257 4097 1486 4172 Spiritus
1514 4097 1566 4151 in
1593 4097 1826 4154 animam
1867 4097 2090 4156 mollem

495 4194 723 4268 patinon
753 4203 928 4263 potest
957 4201 1012 4246 ut
1036 4199 1273 4262 inaiieat,
1291 4188 1388 4244 sed
1414 4204 1604 4261 magna
1624 4189 1928 4248 intensionc
1949 4203 2086 4258 Opus

491 4300 573 4346 est
601 4299 650 4344 et
684 4287 1043 4344 vehementia.

568 4383 780 4440 Anium
805 4378 1081 4434 Christiani
1105 4376 1288 4434 ardens
1303 4378 1366 4434 sit
1383 4375 1858 4449 women—itaque
1874 4381 2087 4442 oportet

511 4474 569 4528 ut
607 4463 763 4518 nobis
790 4463 860 4518 sit
889 4464 1086 4519 ardens
1117 4465 1331 4522 animus
1360 4507 1375 4531 ,
1415 4475 1470 4520 et
1512 4479 1726 4534 semper
1753 4464 1865 4518 sint
1899 4471 2088 4522 nostra

508 4570 672 4627 opera
697 4557 928 4624 intensa,
959 4555 1113 4612 fortia
1141 4566 1194 4618 et
1216 4557 1518 4612 constantia
1547 4573 1561 4612 :
1591 4567 1645 4610 ut
1669 4596 1685 4620 ,
1717 4553 1933 4625 quando
1963 4569 2058 4610 ora
2077 4582 2093 4594 -

511 4664 652 4710 mus.
681 4648 785 4703 hoc
831 4663 862 4706 a
913 4650 1067 4704 nobis
1094 4665 1217 4711 cum
1239 4667 1427 4721 magna
1458 4647 1758 4706 faciendum
1799 4656 1883 4703 est
1915 4647 2094 4702 inten-

511 4741 689 4814 sione,
723 4741 950 4796 animam
977 4741 1028 4797 in
1056 4742 1250 4800 czelum
1278 4740 1696 4804 intendentibus,
1721 4755 1830 4793 non
1853 4737 2092 4804 funibus,

512 4832 606 4888 sed
635 4849 825 4904 magna
849 4833 1012 4891 animi
1045 4834 1343 4892 alacritate.
1383 4830 1614 4904 Quando
1649 4845 1834 4886 rursus
1875 4829 2100 4884 misere—

429 4930 432 4932 ⁷
513 4941 657 4990 mur,
674 4926 828 4981 nobis
855 4941 990 4996 opus
1018 4935 1101 4982 est
1123 4923 1448 4988 intensione,
1464 4937 1530 4976 ne
1553 4937 1681 4976 cura
1705 4920 1896 4975 domus
1920 4929 1976 4975 et
2001 4920 2104 4976 sol-

513 5017 734 5080 lieitudo
755 5016 823 5073 de
857 5017 1039 5072 liberis
1066 5025 1122 5070 et
1161 5028 1351 5078 uxore,
1379 5023 1434 5067 et
1475 5021 1646 5066 metus
1679 5011 2007 5082 paupertatis
2032 5011 2104 5066 ir-

513 5122 700 5174 ruens,
717 5092 1112 5162 velumlaxetet
1131 5104 1385 5160 remittat.
1401 5101 1533 5158 Nam
1555 5103 1600 5158 si
1632 5103 1682 5157 id
1704 5103 1940 5175 undique
1956 5113 2104 5160 recte

515 5198 907 5256 intendet-imus
936 5212 1032 5266 spe
1056 5196 1376 5261 futurorum,
1399 5205 1545 5252 recte
1567 5197 1804 5266 suscepit
1827 5181 2102 5266 operatio.

515 5306 636 5346 nem
665 5290 894 5364 Spiritus
927 5304 939 5339 :
969 5303 1034 5348 ex
1063 5286 1166 5340 illis
1196 5297 1374 5340 autem
1395 5286 1556 5344 rebus
1573 5287 1786 5366 caducis
1813 5298 1868 5344 et
1891 5289 2102 5344 miseris

517 5383 650 5438 nihil
679 5383 730 5436 in
762 5397 880 5435 eam
902 5378 1128 5446 incidet;
1153 5380 1245 5434 sed
1266 5381 1366 5436 etsi
1400 5381 1667 5454 inciderit,
1691 5383 1862 5455 ipsam
1883 5383 2100 5454 quidem

520 5475 652 5530 nihil
674 5472 840 5540 laedit,
861 5473 955 5528 scd
975 5473 1152 5528 statim
1176 5472 1427 5530 firmitate
1452 5491 1514 5531 ac
1529 5475 1722 5532 duritie
1750 5475 2028 5547 repellitur
2045 5487 2102 5534 et

1216 331 1272 386 8.
1308 329 1584 386 MAN-Sis
1609 327 2080 383 CllllYSOSTOMl
2120 327 2433 385 AllClllEP.
2478 327 3009 386 CONSTANTINOP.

2167 413 2370 472 excidit
2399 429 2703 472 excussum.
2734 416 3021 484 Propterea
3049 429 3177 485 ergo
3206 416 3361 470 nobis
3397 431 3586 489 magna
3611 435 3754 489 Opus

2166 519 2249 564 est
2277 507 2580 563 intcnsione
2613 525 2625 560 :
2662 507 2857 562 etenim
2896 522 2994 562 nos
3021 522 3236 577 quoque
3263 523 3514 578 magnum
3541 517 3598 564 et
3623 524 3751 580 spa-

2169 599 2362 654 tiosuin
2408 614 2556 653 mare
2600 600 2942 670 navigamus,
2972 600 3190 670 plenum
3236 601 3422 656 multis
3463 601 3661 658 belluis
3699 612 3756 660 et

2168 692 2407 759 scopulis
2423 731 2440 757 ,
2464 700 2519 748 et
2541 692 2737 746 multas
2769 693 2923 747 nobis
2949 693 3164 763 pariens
3191 702 3536 763 tempestates
3557 735 3574 760 ,
3605 705 3664 754 et.
3686 711 3755 754 ex

2170 797 2356 851 magna
2425 784 2714 839 serenitate
2775 784 3098 840 saevissimas
3164 786 3428 854 procellas
3485 788 3752 846 excitans.

2169 875 2396 944 Oportet
2425 891 2571 946 ergo,
2600 876 2645 932 si
2675 877 2905 932 velimus
2933 877 3090 936 facile
3116 878 3368 949 navigare
3394 887 3451 935 et
3473 880 3594 937 sine
3615 883 3757 951 peri-

2168 967 2311 1033 culo,
2338 968 2453 1026 vela
2486 967 2730 1035 tendere,
2757 968 2862 1028 hoe
2889 979 2992 1035 est,
3018 970 3250 1026 liberum
3273 972 3439 1026 animi
3469 975 3638 1029 ostri
3670 989 3758 1030 ar.
3820 1023 3825 1028 .

2170 1061 2432 1116 bitrium:
2475 1060 2580 1118 hoc
2627 1062 2772 1120 enim
2825 1063 2982 1119 nobis
3025 1063 3244 1119 sufficit.
3294 1064 3427 1120 Nam
3485 1066 3760 1126 Abraham

2175 1167 2385 1222 quoque
2410 1163 2688 1224 postquam
2709 1169 2867 1211 suum
2887 1155 2952 1210 ad
2977 1155 3144 1211 Deum
3167 1156 3394 1212 intendit
3413 1156 3758 1226 desiderium,

2178 1244 2579 1316 perfectamque
2603 1256 2658 1303 et
2685 1246 2944 1317 integram
2977 1247 3224 1303 exhibuit
3249 1249 3598 1316 voluntatem,
3629 1268 3762 1322 qna-

2173 1353 2295 1394 nam
2323 1352 2381 1394 rc
2408 1337 2513 1395 alia
2542 1353 2674 1407 opus
2702 1338 2889 1394 habuit
2913 1339 2936 1392 1’
2968 1339 3112 1393 nulla
3136 1381 3154 1407 ,
3179 1341 3273 1395 sed
3299 1340 3524 1397 Credidit
3556 1341 3681 1407 Deo,
3713 1353 3761 1398 et

2172 1436 2459 1496 repntatunt
2485 1437 2559 1486 est
2585 1429 2630 1483 ei
2650 1429 2718 1482 ad
2733 1429 2989 1500 justitiam
3009 1430 3160 1498 (Gen.
3194 1431 3282 1489 15.
3303 1430 3381 1501 6).
3401 1432 3556 1488 Fides
3584 1442 3761 1489 :mtem

2174 1528 2257 1576 est
2279 1534 2423 1596 pura:
2445 1529 2501 1575 et
2515 1520 2740 1576 sincerae
2758 1521 3063 1578 voluntatis.
3081 1521 3285 1578 Obtulit
3307 1522 3492 1586 filium,
3514 1537 3567 1578 et
3582 1541 3762 1594 quam-

2175 1609 2256 1665 vis
2286 1625 2392 1666 non
2419 1611 2697 1677 occiderit,
2717 1613 2922 1683 accepit
2952 1623 3130 1670 tamen
3153 1615 3455 1670 mercedem
3476 1631 3537 1672 ac
3566 1617 3763 1672 sioeci-

2176 1701 2372 1770 disset;
2394 1715 2450 1766 et
2472 1706 2715 1776 quamvis
2738 1706 2934 1762 factum
2966 1723 3077 1763 non
3107 1718 3250 1763 esset
3271 1708 3545 1776 onus,data
3568 1720 3652 1765 est
3678 1721 3762 1765 ιιιει

2173 1809 2295 1854 men
2313 1811 2540 1854 merces.
2561 1797 2680 1854 Sint
2700 1815 2827 1871 ergo
2848 1802 3007 1856 nobis
3031 1802 3150 1858 vela
3178 1802 3398 1870 munda,
3426 1819 3562 1862 nova
3584 1815 3640 1860 et
3656 1817 3763 1862 non

2173 1886 2468 1944 inveterata
2501 1906 2516 1942 :
2561 1889 2699 1945 Nam
2722 1893 2966 1960 quidquid
2990 1894 3303 1948 inveterascit
3331 1904 3380 1949 et
3421 1898 3726 1952 consenescit
3746 1937 3762 1964 ,

2175 1993 2332 2047 prope
2355 1979 2610 2038 interitum
2640 1993 2714 2037 est
2740 1985 2759 2052 (
2785 1983 2942 2040 Hebr.
2973 1985 3025 2040 8.
3058 1987 3124 2041 13
3145 1987 3198 2057 ):
3232 2003 3338 2040 non
3367 1987 3630 2058 perforata
3663 2031 3678 2054 ,
3706 2000 3764 2044 ut

2173 2070 2484 2128 contineant
2509 2075 3119 2146 operationemSpiritus
3149 2093 3164 2133 :
3198 2078 3448 2132 Animalis
3467 2081 3610 2135 enim
3636 2120 3654 2146 ,
3684 2081 3767 2135 in-

2175 2163 2310 2229 quit,
2325 2164 2474 2218 Iiomo
2491 2181 2590 2219 non
2606 2168 2742 2233 capit
2767 2183 2827 2221 ea
2850 2183 2962 2237 qua
2977 2178 3096 2226 sunt
3122 2168 3346 2240 Spiritus
3362 2171 3408 2242 (l
3425 2211 3439 2224 .
3454 2170 3571 2226 Cor.
3585 2171 3669 2226 ΞΜ
3683 2174 3766 2238 4).

2176 2252 2324 2310 Sicut
2339 2256 2481 2311 enim
2503 2257 2624 2312 telae
2639 2273 2955 2316 aranearum
2975 2259 3082 2314 vim
3100 2261 3243 2316 venti
3271 2277 3376 2316 non
3390 2266 3721 2332 susceperint
3749 2283 3764 2318 :

2179 2345 2248 2400 ita
2275 2361 2374 2404 nec
2402 2347 2580 2404 anima
2606 2348 2763 2419 hujus
2790 2350 2914 2406 vitae
2938 2350 3082 2407 euris
3108 2351 3308 2418 dedita,
3337 2368 3434 2408 nec
3461 2353 3622 2407 homo
3649 2357 3766 2409 ani...

2178 2437 2332 2494 matis
2359 2439 2555 2508 poterit
2581 2455 2830 2512 umquam
2855 2442 3130 2512 suscipere
3155 2443 3380 2512 gratiam
3409 2442 3660 2513 Spiritus.
3685 2446 3770 2501 Ab

2179 2529 2288 2588 illis
2317 2530 2463 2586 enim
2493 2530 2623 2586 nihil
2650 2531 2852 2588 distant
2875 2541 3073 2590 nostra:
3101 2534 3480 2603 cogitationes,
3505 2536 3620 2590 visu
3651 2537 3768 2605 qni-

2177 2620 2300 2682 dem
2338 2623 2511 2676 solum
2539 2635 2821 2680 servantes
2848 2625 3288 2694 consequentiam
3314 2666 3332 2690 ,
3362 2626 3581 2695 privatae
3619 2627 3770 2686 omni

2179 2713 2394 2770 virtute.
2422 2713 2528 2770 Sed
2553 2722 2737 2769 nostra
2768 2730 2873 2770 non
2897 2725 3020 2771 sunt
3041 2713 3369 2786 huiusmodi,
3396 2717 3442 2772 si
3461 2717 3764 2786 sapiamus;

2177 2802 2271 2858 sed
2293 2803 2550 2874 quidquid
2579 2803 2846 2870 inciderit,
2863 2814 3047 2862 tenent
3075 2807 3274 2873 omnia,
3300 2815 3500 2866 etsunt
3519 2806 3774 2866 omnibus

2179 2897 2478 2968 superiora,
2505 2905 2560 2956 et
2583 2898 2774 2967 quovis
2805 2898 2996 2967 laqueo
3021 2898 3265 2956 fortiora.

2250 2989 2552 3061 Spiritualis
2573 2993 2746 3046 omnia
2769 2999 2866 3064 fert
2886 2992 3278 3049 libenter.—Sit
3302 2993 3446 3052 enim
3475 2993 3556 3049 vir
3573 2992 3776 3064 aliquis

2180 3082 2491 3152 spiritualis,
2522 3091 2575 3138 et
2597 3083 2646 3137 ei
2673 3084 2984 3154 contingant
3009 3084 3419 3140 innumerabilia
3450 3085 3588 3145 mala
3606 3096 3660 3142 et
3689 3087 3778 3142 im

2180 3173 2484 3239 commoda,
2509 3190 2538 3228 a
2563 3175 2708 3228 nullo
2732 3189 2919 3229 eorum
2948 3175 3174 3245 capitur.
3202 3176 3268 3233 Et
3296 3177 3424 3249 quid
3449 3176 3605 3234 dico?
3629 3178 3768 3234 inie-

2182 3279 2330 3323 ratur
2357 3268 2432 3322 illi
2462 3277 2769 3338 paupertas,
2803 3269 3042 3333 morbus,
3070 3270 3432 3332 contumeliae.
3463 3271 3772 3338 maledicta,

2183 3359 2435 3427 ludibria,
2459 3361 2647 3430 plagae,
2665 3376 2826 3416 omne
2840 3376 3010 3431 genus
3025 3361 3291 3432 supplicii,
3317 3377 3478 3418 omne
3501 3378 3672 3431 genius
3696 3365 3774 3419 ir-

2182 3452 2400 3510 risionis
2414 3459 2469 3508 et
2488 3451 2792 3522 opprobrii;
2815 3463 2869 3507 at
2899 3462 3166 3524 tamquam
3195 3456 3282 3524 qui
3312 3455 3549 3514 sitcxtra
3578 3457 3772 3513 orbem

2186 3551 2342 3600 terra:
2369 3552 2424 3598 et
2450 3542 2586 3598 liber
2610 3543 2677 3598 ab
2719 3545 2969 3600 omnibus
2987 3547 3236 3616 corporis
3261 3547 3632 3604 affectionibus
3653 3591 3667 3613 ,
3700 3549 3778 3603 ita.

2184 3637 2362 3692 omnia
2377 3635 2802 3702 irridebit.Qnod
2818 3647 2996 3692 autem
3025 3637 3140 3694 hinc
3157 3640 3316 3694 verba
3341 3657 3444 3694 non
3473 3649 3673 3696 temere
3686 3641 3740 3710 ja
3754 3669 3782 3690 -.

2185 3735 2416 3793 cientur,
2434 3726 2627 3782 inultos
2644 3727 2894 3786 existimo
2909 3743 3050 3784 nunc
3071 3744 3286 3798 quoque
3297 3745 3419 3786 eae
3440 3731 3767 3800 hujusmodi,

2186 3825 2245 3876 ut
2263 3832 2329 3872 ex
2358 3817 2422 3872 iis
2441 3819 2528 3886 qui
2552 3832 2614 3872 se
2628 3826 2947 3886 receperunt
2971 3817 3023 3876 in
3045 3819 3387 3876 solitudines.
3407 3821 3512 3876 Sed
3538 3838 3640 3875 non
3665 3830 3772 3886 est,

2188 3910 2400 3978 inquit,
2430 3908 2646 3971 mirum.
2689 3909 2800 3980 Ego
2827 3918 3007 3966 autem
3033 3910 3156 3972 dico
3185 3911 3317 3970 tales
3341 3914 3508 3970 etiam
3551 3929 3673 3969 esse
3720 3915 3780 3969 in

2189 4003 2498 4066 civitatibus
2519 4043 2533 4066 ,
2580 4017 2716 4067 quos
2758 4000 2981 4059 minime
3009 4002 3307 4060 existimes.
3341 4005 3396 4059 Si
3427 4004 3508 4060 vis
3550 4017 3727 4060 autem
3755 4033 3781 4071 ,-

2191 4109 2411 4164 possum
2434 4093 2720 4150 ostendere
2743 4094 2952 4164 aliquos
2979 4110 3042 4150 ex
3075 4095 3142 4150 iis
3170 4096 3260 4164 qui
3292 4096 3506 4152 fuerunt
3531 4099 3679 4152 olim.
3709 4097 3780 4152 Et.

2189 4198 2248 4243 ut
2288 4187 2553 4256 intelligas
2579 4228 2601 4251 ι
2641 4187 2821 4241 veniat
2867 4188 2958 4242 tihi
2994 4189 3044 4243 in
3086 4197 3321 4250 mentem
3377 4189 3610 4244 Paulus:
3643 4191 3770 4261 quid

2195 4299 2302 4346 non
2327 4297 2493 4353 grave
2509 4293 2591 4338 est
2616 4297 2803 4351 passus
2827 4284 2852 4338 ἳ
2879 4283 3009 4354 quid
3029 4298 3135 4338 non
3157 4283 3448 4339 sustinuit?
3470 4283 3566 4339 sed
3593 4282 3780 4338 omnia

2198 4375 2406 4429 ferebat
2432 4373 2658 4430 fortiter.
2695 4375 2849 4430 lluiie
2874 4376 3146 4431 imitemur
3179 4394 3192 4430 :
3226 4376 3298 4431 ita
3319 4375 3464 4431 enim
3486 4375 3784 4444 poterimus

2197 4464 2392 4520 deduci
2445 4465 2516 4524 ad
2554 4476 2739 4535 portus
2767 4468 3088 4539 tranquillos
3117 4483 3233 4525 cum
3281 4467 3461 4521 multis
3488 4465 3784 4523 mercibus.

2200 4554 2428 4612 Mentem
2451 4570 2578 4625 ergo
2607 4569 2846 4616 nostram
2871 4560 2928 4614 in
2953 4561 3142 4616 eretum
3167 4557 3520 4618 extendamus
3541 4598 3557 4624 ,
3591 4567 3784 4613 tenea~

2199 4661 2318 4704 mur
2346 4644 2434 4697 illo
2460 4645 2746 4711 desiderio.
2766 4663 2863 4704 nos
2879 4650 3226 4718 eonjieiamus
3250 4651 3302 4704 in
3330 4651 3506 4720 ignem
3531 4649 3786 4719 spiritua-

2196 4737 2320 4799 tein,
2343 4735 2558 4794 ﬂannna
2579 4755 2678 4796 nos
2705 4755 3110 4798 conservemus.
3129 4741 3298 4798 Nemo
3316 4742 3582 4796 flammam
3601 4755 3787 4797 secum

2196 4827 2400 4895 ferens,
2432 4829 2586 4885 timet
2633 4845 2730 4888 eos
2766 4833 2854 4904 qui
2885 4841 3215 4894 occurrunt:
3243 4833 3357 4890 sive
3395 4835 3466 4887 sit
3512 4832 3642 4900 fera,
3670 4832 3786 4888 sive

2191 4922 2378 4990 homo,
2394 4925 2506 4979 sive
2533 4925 2706 4995 laquei
2729 4925 3159 4991 innumerabiles,
3180 4926 3438 4997 quamdiu
3461 4928 3622 4983 fueris
3641 4929 3787 4999 igni--

2192 5023 2304 5080 tus,
2331 5016 2510 5070 omnia
2537 5015 2738 5072 cedunt
2756 5055 2772 5077 ,
2801 5017 2982 5071 omnia
3011 5016 3139 5071 dant
3178 5016 3375 5072 locum.
3401 5017 3643 5073 FL'tinma
3670 5035 3790 5074 neit-

2189 5113 2365 5174 potest
2395 5104 2544 5168 ferri.
2575 5120 2739 5176 rogus
2765 5122 2872 5161 non
2903 5116 3078 5175 potest
3108 5107 3349 5174 tolerari,
3381 5111 3561 5163 omnia
3583 5125 3778 5164 consu-

2189 5195 2308 5254 luit.
2348 5195 2462 5251 lloc
2487 5197 2608 5264 igne
2640 5211 2738 5254 nos
2769 5197 3073 5264 induamus,
3096 5197 3325 5268 gloriam
3356 5201 3648 5256 referamus
3668 5201 3778 5255 Do-

2189 5288 2336 5346 mino
2364 5298 2549 5344 nostro
2575 5287 2702 5343 Jesu
2744 5288 2982 5354 Christo,
3016 5305 3269 5360 cumquo
3301 5291 3448 5347 Patri
3474 5292 3638 5346 simul
3657 5309 3786 5348 cum

2189 5388 2382 5448 sancto
2418 5379 2618 5449 Spiritu
2655 5380 2827 5449 gloria.
2853 5422 2876 5445 ,,
2896 5382 3129 5450 potentia
3176 5391 3228 5439 et
3285 5383 3492 5454 honor,
3535 5399 3677 5442 mute
3728 5393 3788 5438 et

2191 5487 2434 5543 semper,
2459 5482 2512 5529 et
2535 5472 2587 5529 in
2615 5473 2810 5533 saecula
2834 5473 3176 5532 sxcnlorum.
3209 5477 3403 5533 Amen.

1977 5709 2192 5722 ο-δ--ση-
2201 5712 2254 5723 ,σε
2271 5715 2290 5722 υ-
