2101 3244
262 153 313 180 2H
626 152 655 181 S.
675 153 699 181 J.
719 152 965 181 CHRYSOSTOIH
994 152 1150 180 IIOMILliE
1173 153 1205 181 ΙΝ
1233 154 1342 182 EPIST.
1364 155 1408 182 AD
1430 155 1537 183 llEBR.‘
1835 157 1890 185 ΞΗ.

259 209 333 239 facit
349 208 458 244 fratri,
474 209 540 238 Deo
553 206 731 237 convicium
746 206 839 241 facit;
853 208 883 236 et
897 206 952 244 qui
968 205 1105 236 honorat
1117 206 1258 240 fratrem,
1273 207 1371 236 Deum
1388 206 1550 237 honorare
1564 206 1757 238 declaratur.

298 248 328 278 Ῑι.
346 250 576 278 Assuescamus
592 246 689 285 igitur
702 246 845 285 linguam
861 248 1003 275 nostram
1019 246 1056 275 ad
1078 246 1159 275 bene
1176 245 1344 276 dicendum
1367 255 1436 276 esse
1461 247 1635 285 proclivem
1657 257 1664 276 :
1681 247 1817 281 Abstine,
1834 247 1889 276 ln—

259 289 340 325 quit,
358 288 497 326 linguam
512 291 594 316 tuam
609 295 628 326 u
641 285 734 315 malo.
752 285 820 315 Non
844 285 930 326 enim
954 288 1085 326 propter
1106 285 1166 315 hoc
1181 285 1268 315 illam
1285 286 1369 315 Deus
1391 286 1514 321 tribuit,
1529 289 1564 315 ut
1578 286 1819 321 maledicamus,
1838 287 1889 316 vel

260 325 451 357 t-onvicia’in
468 326 604 356 invicem
617 325 787 364 jactemus,
804 325 853 355 vel
869 325 1041 355 accusandi
1057 328 1169 354 mutuo
1183 334 1331 363 geramus
1348 325 1503 360 studium;
1520 326 1572 356 sed
1586 329 1620 355 ut
1633 334 1690 364 per
1703 335 1773 356 eam
1786 327 1887 355 Deum

260 367 440 403 laudemus,
465 368 502 396 ut
527 365 581 394 illa
607 365 780 402 loquamur
801 373 873 403 qua:
900 365 1036 403 gratiam
1052 364 1256 394 audientibus
1273 364 1450 400 conferant,
1465 373 1537 404 qua:
1559 366 1597 395 ad
1614 365 1789 403 profectum
1802 368 1832 395 et
1848 365 1888 395 ad

260 406 501 436 aedificationem
516 404 931 443 proficiuntproximorum.
950 404 1036 434 Pone
1050 404 1125 442 quia
1138 404 1330 433 maledixisti
1348 405 1432 434 hunc
1443 426 1451 440 ,
1468 408 1523 434 aut
1538 406 1646 438 illum;
1659 405 1734 443 quid
1751 414 1790 435 ex
1809 405 1887 441 hoc,

261 454 350 484 rogo,
366 445 508 475 lucratus
524 446 591 474 est?
609 452 714 484 nonne
729 444 785 473 tibi
798 444 857 482 ipsi
874 444 1019 484 maxime
1030 444 1189 484 nocuisti?
1202 443 1359 482 siquidem
1374 445 1561 482 opinionem
1579 445 1808 474 maledicorum
1824 444 1890 474 lio—

260 483 383 514 minum
396 484 560 514 incurristi
576 492 634 522 pro
649 483 737 513 nullo
754 486 811 513 est.
823 483 953 513 Nullum
965 486 1014 513 est
1028 483 1114 512 enim
1130 483 1276 521 protinus
1292 484 1412 513 malum
1423 505 1430 518 ,
1445 484 1530 522 quod
1546 493 1650 521 usque
1670 484 1708 514 ad
1722 493 1794 514 eum
1809 492 1890 514 con-

258 524 415 562 sistatqui
430 524 560 561 patitur.
574 525 682 553 etnon
699 523 795 553 etiam
806 523 896 552 illum
908 523 963 561 qui
977 522 1050 552 facit
1064 530 1129 552 una
1139 523 1388 561 comprehendat
1403 532 1410 552 :
1427 523 1519 559 sicut,
1532 524 1620 553 verbi
1636 531 1745 559 causa,
1758 523 1889 554 invidia.

262 563 391 594 Invidus
405 563 491 593 enim
508 565 639 601 putatur
656 562 784 600 quidem
801 562 944 592 insidiari
961 562 1044 596 aliis,
1061 562 1115 591 sed
1129 562 1197 600 ipse
1215 563 1336 600 primus
1351 563 1407 592 illo
1419 563 1503 592 malo
1511 563 1723 598 consumitur,
1740 566 1771 593 et
1783 563 1891 593 tabido

260 603 356 633 corde
373 605 555 633 maceratur
570 612 577 631 :
595 602 633 632 ad
645 602 712 632 haec
726 602 820 631 etiam
837 602 911 631 odio
926 602 1048 631 cunctis
1061 601 1242 631 habebitur.
1259 602 1338 631 Item
1353 602 1487 640 cupidus
1501 603 1548 632 vel
1560 611 1678 633 avarus
1691 602 1795 633 aufert
1810 604 1891 640 qui—

259 643 332 673 dem
345 642 499 681 pecunias
514 642 665 676 aliorum,
681 640 734 671 sed
750 641 844 671 etiam
854 640 914 671 sibi
929 640 1033 681 aufert
1049 641 1196 680 gratiam,
1211 640 1316 671 aufert
1328 642 1505 677 caritatem,
1520 642 1594 672 facit
1607 643 1643 671 ut
1655 642 1696 672 ab
1706 641 1890 672 hominibus

260 680 588 713 accusetur.Multum
601 681 720 719 quippe
730 681 842 710 melior
852 683 901 710 est
911 680 1020 718 opinio
1032 681 1116 710 bona
1126 681 1269 719 pecuniis
1284 681 1354 711 :illa
1366 681 1450 711 enim
1464 681 1491 711 si
1505 682 1589 712 mala
1600 681 1706 712 fuerit.
1720 689 1785 711 non
1799 681 1892 712 facile

262 722 428 760 abluitur;
446 722 600 759 pecunias
610 724 718 750 autem
731 728 795 760 non
807 720 988 760 est-laboris
1003 720 1185 757 acquirere.
1203 720 1305 759 Magis
1328 724 1434 750 autem
1448 721 1593 759 pecunia;
1614 724 1645 751 et
1666 730 1738 751 cum
1760 721 1890 758 adsunt,

263 770 328 791 non
342 761 420 792 satis
431 760 595 799 adjuvant,
611 762 642 790 et
656 768 727 789 cum
743 759 868 799 desunt,
884 759 962 788 nihil
978 759 1125 797 protinus
1138 760 1272 795 obsunt;
1285 760 1394 798 opinio
1414 763 1521 790 autem
1535 761 1620 791 bona
1636 761 1662 791 si
1676 761 1770 796 adsit,
1788 761 1890 799 prod—

260 804 310 830 est
332 798 528 839 plurimum;
555 800 581 829 si
598 808 674 829 vero
692 799 790 834 absit,
808 798 881 839 facit
897 799 1088 839 probrosum
1103 801 1204 839 totum
1220 799 1394 834 hominem,
1411 800 1486 831 facit
1497 800 1659 836 infamem,
1675 802 1706 830 et
1721 798 1891 830 ridiculum

261 838 436 870 constituet
462 839 612 869 omnibus
636 840 666 868 et
680 847 825 868 exosum.
842 838 994 867 Similiter
1011 838 1186 869 iracundus
1208 839 1350 877 seipsum
1365 840 1505 878 primum
1525 839 1684 870 dilanians
1707 840 1836 878 puniet,
1861 843 1893 869 et

264 883 341 909 tunc
353 879 443 909 illum
461 881 575 909 contra
589 887 685 916 quem
706 878 925 918 indignatione
950 879 1108 918 raptatur.
1123 878 1173 908 Sic
1193 881 1225 907 et
1242 878 1415 909 maledicus
1437 879 1541 917 primo
1559 879 1699 918 seipsum
1712 879 1890 913 confundit,

260 923 293 948 et
305 922 379 948 tunc
392 919 482 948 illum
497 918 548 948 cui
563 918 690 957 videtur
702 916 934 957 maledictionis
948 917 1121 955 importare
1133 918 1313 947 convicium
1328 929 1335 947 :
1350 916 1583 956 quod’fortassc
1598 916 1727 957 quidem
1748 927 1807 949 nec
1827 927 1889 957 po—

264 958 353 993 terit,
367 958 427 988 hoc
439 960 501 993 est,
515 960 550 986 ut
568 957 621 987 ille
635 956 768 987 laedatur
785 965 792 985 :
810 956 836 986 si
859 956 1001 987 tolerans
1022 957 1191 994 patienter.
1203 958 1369 992 abscedat;
1387 958 1455 996 ipse
1471 967 1547 989 vero
1570 956 1689 988 recedit
1707 967 1779 988 cum
1801 956 1889 988 stulti

262 997 427 1035 cujusdam
439 997 580 1033 nomine,
596 999 627 1026 et
642 996 808 1034 dispuendi
825 996 952 1034 penitus
967 999 998 1025 et
1012 996 1180 1030 horrendi,
1197 997 1287 1026 illum
1298 997 1427 1035 quidem
1439 1006 1456 1027 e
1466 1000 1577 1028 contra
1588 998 1738 1028 ambilem
1757 997 1887 1029 faciens.

260 1036 396 1072 Quando
409 1036 493 1066 enim
508 1036 596 1065 audit
612 1035 837 1076 maledictaoet
855 1035 987 1076 minimc
997 1045 1031 1076 se
1041 1036 1198 1076 similibus
1212 1036 1299 1074 cupit
1318 1037 1426 1067 ulcisci
1440 1037 1594 1067 conviciis
1606 1059 1613 1072 ,
1630 1037 1684 1068 sed
1704 1037 1810 1067 laudat
1827 1046 1893 1076 po---

264 1076 326 1106 tius
341 1079 371 1105 et
382 1076 529 1110 miratur,
541 1084 604 1105 non
620 1075 711 1104 illum
731 1075 872 1115 quidem,
887 1074 946 1115 sed
962 1075 1103 1113 seipsum
1126 1075 1246 1105 laudat.
1267 1075 1354 1106 Sicut
1376 1076 1461 1106 enim
1478 1077 1545 1115 jam
1569 1077 1634 1106 dixi
1653 1074 1892 1107 maledictiones

262 1124 334 1153 quae
350 1115 532 1154 diriguntur
548 1115 580 1155 in
594 1115 771 1155 proximos,
792 1114 1179 1155 maledicentesprimitus
1202 1118 1342 1145 vexant:
1366 1115 1411 1146 sic
1425 1118 1455 1146 et
1474 1114 1556 1146 bona
1576 1125 1648 1154 qum
1670 1117 1754 1146 circa
1774 1126 1891 1155 prox:—

263 1163 332 1184 mos
370 1153 517 1190 eruntur,
534 1154 580 1184 eis
596 1154 734 1192 primum
751 1153 806 1192 qui
825 1157 1002 1192 operantur
1017 1153 1226 1192 jucunditatis
1247 1155 1363 1184 uberes
1383 1155 1553 1193 proferunt
1566 1153 1701 1186 fructus.
1720 1153 1892 1186 Enimvero

263 1194 319 1223 nui
335 1164 472 1223 aiicuius
485 1216 493 1223 .
506 1194 573 1223 sive
584 1193 670 1223 boni.
688 1193 755 1223 sive
772 1193 859 1223 mali.
875 1197 1062 1223 nrocreator
1076 1194 1216 1223 exsistit.
1232 1194 1299 1223 ipse
1315 1194 1437 1223 primus
1453 1198 1509 1223 aut
1520 1195 1575 1223 illo
1596 1195 1680 1223 bono
1692 1195 1820 1223 fruitur.
1835 1198 1892 1223 aut

263 1194 319 1231 qui
335 1193 472 1233 alicujus
485 1216 493 1228 ,
506 1194 573 1223 sive
584 1193 670 1228 boni,
688 1193 755 1223 sive
772 1193 859 1233 mali,
875 1197 1062 1231 procreator
1076 1194 1216 1229 exsistit,
1232 1194 1299 1232 ipse
1315 1194 1437 1232 primus
1453 1198 1509 1225 aut
1520 1195 1575 1224 illo
1596 1195 1680 1225 bono
1692 1195 1820 1231 fruitur,
1835 1198 1892 1225 aut

265 1233 321 1262 illo
338 1233 424 1263 malo
439 1233 573 1271 punitur
590 1242 597 1260 :
613 1236 644 1262 et
663 1233 786 1273 merito.
802 1232 890 1261 Sicut
903 1233 987 1262 enim
1008 1241 1105 1271 aqua,
1131 1233 1198 1263 sive
1220 1233 1306 1264 salsa
1320 1234 1371 1269 sit,
1387 1234 1453 1264 sive
1470 1235 1510 1264 sit
1522 1234 1577 1265 illa
1591 1235 1752 1273 potabilis,
1769 1239 1801 1265 et
1815 1244 1892 1266 vasa

260 1273 359 1309 replet
374 1272 602 1306 haurientium,
615 1274 646 1302 et
658 1280 752 1301 suum
770 1271 887 1301 fontem
903 1281 942 1301 ex
951 1281 1015 1309 quo
1033 1276 1141 1303 manat
1152 1281 1358 1310 nequaquam
1373 1281 1510 1304 vacuum
1523 1271 1692 1304 remanere
1707 1274 1861 1310 permittit
1883 1285 1890 1302 :

252 1314 301 1343 sic
316 1316 347 1342 et
362 1313 520 1351 nequitia.
537 1313 584 1343 sic
598 1315 630 1342 et
644 1313 760 1347 virtus,
776 1312 861 1342 unde
876 1316 1070 1351 processerit
1086 1314 1177 1342 illum
1196 1314 1436 1349 procreatorem
1459 1313 1607 1350 primitus
1623 1312 1678 1343 illa
1698 1312 1846 1349 lmtiﬁcat,
1868 1316 1900 1343 et

254 1352 309 1382 illa
322 1353 494 1382 consumit.
510 1352 549 1381 Et
565 1353 631 1383 haec
645 1352 774 1390 quidem
788 1352 819 1381 in
837 1352 897 1383 hac
913 1352 977 1382 vita
991 1362 999 1381 :
1013 1355 1163 1382 czeterum
1174 1351 1206 1380 in
1223 1351 1331 1380 futuro
1347 1351 1465 1381 sacculo
1478 1353 1551 1390 quis
1564 1361 1672 1382 sermo
1685 1352 1791 1382 valeat
1804 1361 1900 1383 enar—

254 1401 329 1422 rare
344 1401 415 1430 quaa
432 1392 529 1427 bona,
543 1393 592 1422 vel
607 1389 680 1430 qua:
694 1392 778 1422 mala
795 1393 1026 1422 reservantur?
1039 1392 1106 1421 Non
1119 1393 1168 1421 est
1183 1398 1291 1421 sermo
1306 1390 1363 1428 qui
1379 1390 1440 1421 hoc
1453 1389 1592 1430 explicet
1610 1401 1617 1420 :
1639 1392 1797 1430 siquidem
1814 1393 1899 1424 bona

256 1432 311 1462 illa
328 1441 391 1461 non
405 1434 530 1461 tantum
550 1440 745 1465 sermonem.
763 1432 816 1461 sed
836 1432 932 1462 etiam
957 1440 1086 1461 omnem
1102 1431 1254 1460 intuitum
1279 1431 1395 1460 mentis
1414 1431 1574 1461 excedunt
1591 1441 1598 1460 :
1615 1431 1778 1462 contraria
1805 1441 1898 1468 vero,

257 1472 318 1501 hoc
328 1473 377 1501 est
392 1471 492 1506 mala,
510 1472 670 1509 appellata
695 1471 824 1509 quidem
852 1474 928 1501 sunt
941 1472 1128 1511 nominibus
1153 1470 1303 1506 usitatis;
1321 1470 1408 1500 verbi
1420 1470 1546 1511 gratia;
1567 1471 1644 1508 quia
1661 1471 1758 1511 ignis,
1773 1471 1899 1510 inquit,

257 1512 300 1540 ibi
319 1514 382 1547 est,
399 1513 429 1541 et
446 1508 596 1546 tenebrae,
615 1515 646 1541 et
661 1508 802 1544 vincula,
815 1514 847 1541 et
866 1511 982 1541 vermis
994 1511 1064 1541 sine
1080 1510 1143 1541 fine
1158 1518 1355 1540 consumens
1367 1508 1442 1540 :sed
1457 1519 1521 1540 non
1539 1508 1603 1540 ὴωο
1615 1508 1688 1541 sola
1700 1511 1771 1541 istis
1787 1508 1899 1541 nomi-

259 1551 365 1585 nibus.
384 1560 441 1580 nec
453 1551 529 1581 talia
549 1551 824 1585 demonstrantur.
847 1551 901 1581 sed
923 1551 988 1582 alia
1004 1551 1106 1580 multo
1118 1550 1229 1590 pejora
1245 1552 1276 1590 et
1289 1550 1390 1579 multo
1401 1550 1541 1589 amplius
1560 1551 1737 1581 severiora.
1760 1551 1851 1587 Quod
1865 1554 1900 1581 ut

257 1599 427 1628 agnoscas,
447 1590 507 1620 hoc
523 1590 660 1629 primum
678 1591 857 1621 considera.
877 1591 908 1620 Si
920 1591 1005 1620 enim
1020 1591 1117 1630 ignis,
1130 1589 1292 1628 quomodo
1306 1590 1445 1630 tenebrae
1458 1591 1555 1620 sunt?
1569 1590 1666 1621 Vides
1677 1591 1833 1629 quoniam
1847 1591 1899 1621 ille

260 1630 341 1668 ignis
354 1630 469 1660 smvior
480 1630 541 1660 isto
557 1632 625 1660 est?
639 1639 702 1661 non
715 1630 801 1661 enim
814 1631 911 1660 habet
928 1629 1050 1665 lumen]
1066 1631 1123 1661 aut
1136 1630 1237 1660 ullam
1249 1630 1379 1659 luminis
1391 1629 1581 1660 claritatem.
1594 1630 1625 1659 Si
1640 1630 1725 1669 ignis
1738 1633 1798 1665 est,
1810 1639 1900 1669 quo-

259 1670 353 1699 modo
367 1679 494 1708 semper
508 1671 583 1705 urit,
601 1674 633 1700 et
654 1670 872 1708 corruptionis
897 1679 964 1700 non
982 1673 1138 1709 operatur
1152 1669 1323 1699 effectum?
1335 1669 1433 1699 Vides
1450 1670 1605 1707 quoniam
1619 1673 1650 1700 et
1663 1670 1694 1699 in
1711 1670 1773 1700 hoc
1784 1671 1901 1700 saevior

259 1711 329 1739 est?
343 1718 406 1739 non
428 1710 513 1740 enim
529 1710 759 1750 exstinguitur.
776 1710 911 1750 Propter
931 1711 992 1740 hoc
1009 1712 1105 1740 etiam
1128 1709 1403 1750 inexstinguibilis
1422 1709 1616 1747 appellatur.
1633 1710 1778 1748 lntellige
1800 1710 1900 1750 igitur

257 1752 417 1787 quantum
431 1751 479 1779 est
491 1749 623 1784 malum,
639 1758 697 1788 per
711 1749 819 1779 omnia
836 1750 953 1780 saecula
967 1750 1031 1785 uri,
1048 1752 1080 1780 et
1097 1750 1129 1779 in
1146 1749 1287 1779 tenebris
1303 1757 1494 1787 permanere
1510 1750 1686 1787 perpetuis,
1703 1752 1734 1779 et
1757 1749 1898 1780 inﬁnitos

259 1789 397 1828 gemitus
412 1788 518 1824 edere,
535 1791 566 1819 et
581 1789 717 1819 stridere
729 1789 891 1825 dentibus,
907 1791 939 1819 et
951 1797 1158 1828 nequaquam
1169 1789 1295 1827 penitus
1308 1788 1413 1817 exuri.
1431 1788 1461 1817 Si
1479 1789 1565 1818 enim
1578 1790 1609 1818 in
1620 1789 1681 1819 hac
1694 1790 1759 1819 vita
1777 1790 1897 1828 aliquis

260 1837 385 1864 eorum,
402 1829 457 1867 qui
476 1829 575 1858 nobili
588 1838 705 1868 genere
721 1829 787 1858 nati
803 1831 889 1863 sunt,
904 1829 937 1859 in
954 1829 1131 1859 custodiam
1149 1828 1347 1863 retrudatur,
1366 1831 1513 1866 putorem
1531 1829 1637 1867 ipsum
1658 1831 1783 1859 tantum
1798 1832 1830 1859 et
1851 1831 1909 1858 te-'

260 1867 606 1914 Ilcbrarumncaligines
634 1877 700 1914 non
717 1868 987 1914 valet_suslinere,
1006 1871 1043 1914 et.
1061 1878 1133 1899 cum
1149 1868 1402 1914 liomlcidisnuna
1418 1867 1523 1914 ligari,
1544 1871 1646 1914 morte
1664 1869 1756 1914 pejus
1781 1869 1899 1899 existi—

260 1910 346 1938 mat:
364 1908 508 1947 intellige
526 1908 623 1946 quale
635 1909 687 1944 sit,
704 1908 836 1946 quando
850 1917 922 1938 cum
943 1909 1094 1938 omnibus
1113 1908 1210 1938 totius
1225 1907 1333 1938 szeculi
1348 1907 1571 1937 comburimur
1594 1907 1773 1944 homicidis,
1794 1917 1899 1947 neque

263 1947 321 1985 ipsi
335 1948 417 1978 alios
430 1948 586 1983 videntes,
604 1957 710 1986 neque
724 1947 864 1977 aliorum
880 1948 1004 1978 visibus
1023 1951 1226 1987 apparentes,
1243 1947 1297 1977 sed
1323 1947 1355 1977 in
1380 1950 1470 1977 tanta
1501 1947 1707 1978 multitudine
1735 1948 1898 1978 solitarios

262 1996 319 2018 nos
333 1996 404 2018 esse
425 1989 586 2026 putantes.
611 1987 775 2026 Siquidem
804 1988 943 2018 tenebrm
957 1991 988 2017 et
1002 1988 1149 2018 absentia
1170 1987 1300 2017 luminis
1316 1995 1381 2016 non
1402 1995 1461 2016 nos
1480 1987 1564 2017 sinet
1589 1987 1754 2025 proximos
1769 1991 1898 2018 nostros

263 2036 453 2066 agnoscere;
468 2026 523 2057 sed
539 2027 637 2058 veluti
651 2028 678 2057 si
694 2027 859 2057 solitarius
872 2028 1099 2066 unusquisque
1114 2029 1260 2057 nostrum
1273 2027 1425 2065 patiatur,
1443 2026 1488 2057 sic
1499 2026 1638 2057 afﬁcitur
1648 2035 1823 2066 oppressus
1839 2036 1900 2058 ca-

261 2067 359 2105 ligine
371 2068 554 2097 tenebrosa.
570 2067 601 2096 Si
617 2069 724 2097 autem
739 2068 880 2097 tenebrae
891 2070 1016 2097 tantum
1030 2066 1175 2106 affligunt
1192 2069 1319 2096 nostras
1333 2066 1470 2101 animas,
1489 2069 1680 2106 tantumque
1696 2068 1898 2106 perturbant.

259 2106 337 2144 quid
352 2107 412 2137 erit
425 2106 491 2146 jam
507 2106 637 2145 quando
651 2109 768 2137 etcum
785 2107 926 2137 tenebris
944 2107 1071 2137 dolores
1092 2110 1123 2136 et
1140 2109 1300 2136 tormenta
1322 2106 1555 2136 combustionis
1578 2106 1762 2137 adfuerint?
1777 2107 1900 2137 Idcirco

259 2146 426 2185 deprecor,
443 2149 480 2175 ut
493 2147 560 2177 hinc
571 2155 697 2185 semper
709 2146 793 2185 apud
806 2155 861 2176 vos
876 2147 1023 2181 versetis,
1040 2149 1071 2176 et
1082 2147 1242 2184 patienter
1253 2146 1413 2176 tristitiam
1426 2154 1498 2184 quas
1512 2154 1552 2176 ex
1568 2146 1673 2176 verbis
1689 2147 1834 2177 nascitur
1848 2150 1900 2176 to-

260 2186 381 2221 leretis,
396 2196 436 2216 ne
451 2186 529 2224 ipsis
556 2187 652 2216 rebus
665 2186 823 2225 supplicia
839 2186 994 2216 sentiatis.
1007 2186 1165 2215 Omnibus
1183 2185 1283 2215 modis
1292 2185 1378 2216 enim
1392 2187 1544 2215 universa
1557 2186 1619 2216 ista
1630 2186 1738 2217 futura
1754 2189 1848 2218 sunt:
1868 2188 1901 2216 ct

261 2234 315 2255 eos
332 2227 388 2264 qui
405 2225 571 2264 suppliciis
587 2226 682 2265 digna
697 2228 889 2264 gesserunt,
902 2226 1011 2265 nullus
1028 2226 1145 2265 poterit
1165 2225 1316 2265 liberare,
1336 2233 1400 2265 non
1418 2228 1522 2265 pater,
1534 2234 1599 2255 non
1613 2230 1726 2261 mater,
1748 2234 1812 2256 non
1837 2225 1901 2256 fra-

261 2234 315 2255 eos
332 2234 388 2264 qui
405 2234 571 2264 suppncns
587 2234 682 2265 mgna
697 2234 869 2264 gesserunt
882 2247 889 2259 ,
902 2234 1011 2255 nuuus
1028 2234 1145 2294 pater".
1166 2234 1316 2261 nnerare,
1336 2234 1400 2254 non
1418 2234 1522 2263 pater,
1534 2234 1599 2255 non
1613 2234 1726 2261 mater,
1748 2234 1812 2256 non
1837 2234 1900 2256 Ira-

261 2268 328 2294 ter:
347 2266 465 2295 Frater
479 2266 560 2295 enim
573 2275 638 2295 non
652 2264 775 2299 liberat,
794 2265 909 2303 inquit,
929 2264 1026 2294 libera
1050 2266 1073 2295 it
1088 2264 1176 2294 homo
1191 2265 1205 2304 2
1220 2264 1293 2304 licet
1317 2264 1450 2294 multam
1468 2264 1617 2296 fiduciam
1639 2266 1780 2304 quisque
1791 2266 1900 2304 possi—

259 2305 349 2341 deat,
367 2305 439 2335 licet
452 2306 588 2335 multum
602 2305 708 2335 valeat
725 2304 810 2342 apud
827 2305 941 2334 Deum.
965 2304 1038 2343 Ipse
1053 2303 1265 2344 enimireddet
1278 2303 1455 2344 unicuique
1471 2303 1761 2344 secundum’opera
1772 2303 1854 2344 ejus,
1869 2308 1901 2335 et

260 2354 300 2373 ex
313 2344 466 2382 operibus
483 2349 547 2376 tam
563 2346 664 2378 salus,
678 2353 776 2382 quam
792 2352 885 2382 pmna
897 2344 1119 2381 consequitur.
1137 2343 1305 2373 Faciamus
1317 2343 1416 2382 igitur
1435 2345 1528 2374 nobis
1542 2345 1662 2375 amicos
1684 2343 1725 2375 ex
1749 2343 1900 2376 mamona

260 2384 440 2423 iniquitatis
455 2394 463 2414 :
480 2385 542 2415 hoc
562 2387 622 2421 est,
639 2393 811 2422 operemur
826 2384 1065 2423 eleemosynas,
1088 2391 1282 2423 evacuemus
1303 2383 1335 2412 in
1349 2383 1426 2413 istos
1442 2384 1596 2422 pecunias
1609 2386 1749 2420 nostras,
1768 2387 1804 2414 ut
1824 2393 1900 2415 eva-

259 2422 393 2454 cueinus
405 2424 502 2455 etiam
520 2424 585 2455 illic
599 2427 635 2455 et
649 2423 896 2462 exstinguamus
908 2422 990 2461 ignis
1006 2422 1171 2459 ardorem,
1190 2425 1226 2452 ut
1244 2422 1391 2454 ﬁduciam
1411 2424 1526 2454 mentis
1545 2424 1734 2454 habeamus.
1757 2424 1827 2454 Illic
1849 2427 1901 2454 et-

261 2464 349 2494 enim
361 2472 427 2494 non
442 2464 493 2495 vel
508 2464 570 2503 ipsi
584 2465 663 2503 sunt
674 2462 735 2503 qui
746 2471 804 2492 nos
816 2462 997 2503 excipiunt.
1008 2462 1063 2503 sed
1090 2470 1171 2501 opus
1188 2465 1333 2503 nostrum
1349 2463 1527 2503 quuiarnon
1546 2472 1586 2494 eo
1603 2464 1690 2503 ipso,
1715 2463 1801 2502 quod
1822 2464 1900 2494 istos

260 2504 382 2534 amicos
398 2501 601 2540 habebimus,
617 2502 737 2534 salvari
755 2502 963 2532 merebimur.
978 2502 1125 2541 Denique
1140 2502 1267 2533 attende
1280 2502 1357 2541 quid
1370 2501 1489 2532 addidit
1505 2512 1512 2532 :
1529 2511 1594 2533 non
1610 2501 1696 2533 enim
1711 2501 1815 2539 dixit,
1831 2503 1902 2533 Fa-

258 2544 320 2573 cite
337 2544 426 2575 vobis
449 2543 582 2578 amicos,
600 2544 638 2572 ut
660 2541 839 2580 suscipiant
859 2550 917 2572 vos
943 2541 977 2571 in
999 2542 1184 2572 habitacula
1207 2550 1267 2572 sua
1290 2545 1431 2577 aeterna;
1447 2542 1503 2573 sed
1526 2545 1651 2573 tantum
1665 2544 1698 2573 in
1712 2543 1900 2575 habitacula

256 2582 339 2613 dixit
354 2585 486 2619 interna,
499 2585 530 2612 et
543 2581 672 2612 modum
689 2581 795 2617 ipsum
820 2581 981 2619 exposuit.
1001 2581 1143 2611 Dicendo
1168 2581 1265 2613 enim.
1282 2581 1340 2611 Ea:
1363 2590 1507 2612 nmmo-na
1534 2582 1732 2618 iniquitatis.
1761 2582 1901 2614 ostendit

256 2623 414 2663 quoniam
429 2622 467 2663 de
482 2622 630 2661 pecuniis
645 2621 862 2663 oportetistos
881 2621 1001 2663 amicos
1018 2628 1213 2659 praeparare.
1230 2621 1377 2663 _Ap_paret
1394 2620 1494 2663 igitur
1508 2622 1664 2660 quoniam
1679 2632 1744 2653 non
1759 2624 1827 2663 ipsa
1845 2634 1904 2655 no-

256 2662 305 2702 bis
320 2661 464 2702 amicitia
476 2660 589 2692 eorum
601 2660 870 2700 patrocinabitur,
886 2661 914 2702 si
929 2662 1128 2702 bonappera
1149 2668 1214 2702 non
1230 2660 1425 2702 habeamus,
1439 2662 1465 2691 si
1484 2670 1549 2691 non
1566 2671 1640 2693 cum
1652 2660 1781 2702 justitia
1793 2664 1903 2695 refun-

256 2701 372 2731 damus
385 2701 528 2741 divitias,
544 2710 627 2740 quas
644 2702 755 2740 inique
769 2701 1003 2739 congessimus.
1021 2700 1085 2730 Iste
1115 2700 1204 2741 vobis
1224 2708 1332 2741 sermo
1347 2700 1385 2741 de
1398 2701 1614 2741 eleemosynis
1637 2700 1703 2733 non
1732 2704 1772 2734 ad
1785 2704 1901 2735 divites

257 2741 375 2776 solum,
391 2740 446 2771 sed
460 2739 611 2771 etiam’ad
637 2739 796 2780 pauperes
822 2740 917 2771 simul
933 2742 1065 2779 aptatur
1083 2749 1096 2780 :7
1108 2740 1231 2780 scilicet
1245 2739 1298 2780 ille
1316 2740 1372 2778 qui
1395 2741 1436 2770 ab
1461 2741 1532 2771 aliis
1543 2739 1664 2780 'petens
1688 2745 1903 2774 sustentatio—

259 2789 331 2821 ncm
346 2780 494 2819 accipiat,
512 2783 543 2810 et
557 2780 597 2811 ad
609 2779 714 2820 ipsum
733 2781 799 2811 haec
817 2781 922 2810 oratio
942 2779 1123 2821 pertinebit.
1142 2779 1211 2809 Non
1225 2779 1310 2821 enim
1332 2780 1363 2809 in
1380 2783 1504 2810 tantum
1519 2779 1659 2820 quisque
1669 2792 1795 2821 pauper
1806 2785 1897 2814 exsi-

257 2820 371 2862 stit,‘ut
381 2821 444 2862 duo
455 2821 589 2862 minuta
605 2819 670 2862 n’on
700 2821 828 2851 habeat.
845 2821 952 2850 Potest
965 2828 1042 2862 ergo
1058 2819 1145 2862 etde
1162 2819 1274 2862 paucis
1289 2828 1395 2862 pauca
1411 2820 1564 2862 l_ribuerc,
1581 2819 1614 2862 et
1634 2819 1775 2860 plurima
1795 2824 1902 2862 posst-

257 2859 367 2900 dentes
381 2860 619 2900 Iargientesque
635 2861 774 2900 plurima
793 2869 949 2898 superare
960 2882 967 2895 ,
984 2858 1139 2900 si'cutjlla
1159 2859 1264 2900 vidua.
1289 2859 1357 2900 Non
1373 2860 1457 2889 enim
1474 2858 1654 2899 quantitate
1669 2858 1831 2898 datorum,
1845 2864 1900 2894 sed

258 2898 377 2929 virtute
394 2898 577 2940 superavit,w
587 2898 665 2939 quia
688 2900 876 2940 magnitudo
895 2898 1123 2930 misericordiae
1143 2899 1317 2931 voluntatis
1337 2900 1558 2939 magnitudine
1574 2900 1749 2940 judicatur.
1777 2903 1900 2942 Ubique
