  <div class='ocr_page' id='page_1' title='image "/cluster/home/n/w/nwhite01/storage/ocr_20150623/63:no.12/coo.31924054869635/253.png"; bbox 0 0 4202 6448; ppageno 0'>
   <div class='ocr_carea' id='block_1_1' title="bbox 1023 308 1085 316">
    <p class='ocr_par' dir='ltr' id='par_1_1' title="bbox 1023 308 1085 316">
     <span class='ocr_line' id='line_1_1' title="bbox 1023 308 1085 316; baseline 0.016 -1"><span class='ocrx_word' id='word_1_1' title='bbox 1023 308 1085 316; x_wconf 61' lang='grc' dir='ltr'><strong>ο-ην-</strong></span> 
     </span>
    </p>
   </div>
   <div class='ocr_carea' id='block_1_2' title="bbox 545 328 2204 398">
    <p class='ocr_par' dir='ltr' id='par_1_2' title="bbox 545 335 2204 398">
     <span class='ocr_line' id='line_1_2' title="bbox 545 335 2204 398; baseline 0 -8"><span class='ocrx_word' id='word_1_2' title='bbox 545 337 651 394; x_wconf 65' lang='lat'><strong>957</strong></span> <span class='ocrx_word' id='word_1_3' title='bbox 1271 335 1347 398; x_wconf 61' lang='grc' dir='ltr'><strong>τε.</strong></span> <span class='ocrx_word' id='word_1_4' title='bbox 1381 338 1433 398; x_wconf 80' lang='lat' dir='ltr'><strong>J.</strong></span> <span class='ocrx_word' id='word_1_5' title='bbox 1479 337 1968 395; x_wconf 71' lang='lat' dir='ltr'><strong>CIIRYSOSTOMI</strong></span> <span class='ocrx_word' id='word_1_6' title='bbox 2013 335 2204 392; x_wconf 72' lang='lat' dir='ltr'><strong>llOMII</strong></span> 
     </span>
    </p>
   </div>
   <div class='ocr_carea' id='block_1_3' title="bbox 2142 328 3801 398">
    <p class='ocr_par' dir='ltr' id='par_1_3' title="bbox 2142 328 3801 392">
     <span class='ocr_line' id='line_1_3' title="bbox 2142 328 3801 392; baseline -0.005 0"><span class='ocrx_word' id='word_1_7' title='bbox 2142 335 2324 392; x_wconf 74' lang='grc' dir='ltr'>ιιιΜ]</span> <span class='ocrx_word' id='word_1_8' title='bbox 2365 335 2428 389; x_wconf 74' lang='lat' dir='ltr'><strong>IN</strong></span> <span class='ocrx_word' id='word_1_9' title='bbox 2472 331 2688 392; x_wconf 81' lang='lat' dir='ltr'><strong>EPIST.</strong></span> <span class='ocrx_word' id='word_1_10' title='bbox 2730 333 2820 387; x_wconf 67' lang='lat' dir='ltr'><strong>AD</strong></span> <span class='ocrx_word' id='word_1_11' title='bbox 2861 329 3064 388; x_wconf 79' lang='grc' dir='ltr'><strong>ΙΙΕΒΙῑ.</strong></span> <span class='ocrx_word' id='word_1_12' title='bbox 3689 328 3801 384; x_wconf 70' lang='lat'><strong>333</strong></span> 
     </span>
    </p>
   </div>
   <div class='ocr_carea' id='block_1_4' title="bbox 529 425 3813 505">
    <p class='ocr_par' dir='ltr' id='par_1_4' title="bbox 529 425 3813 505">
     <span class='ocr_line' id='line_1_4' title="bbox 529 425 3813 505; baseline 0 -14"><span class='ocrx_word' id='word_1_13' title='bbox 529 430 726 503; x_wconf 68' lang='lat' dir='ltr'><strong>dixit,</strong></span> <span class='ocrx_word' id='word_1_14' title='bbox 768 431 962 490; x_wconf 88' lang='lat' dir='ltr'><strong>rebus</strong></span> <span class='ocrx_word' id='word_1_15' title='bbox 1002 433 1252 490; x_wconf 81' lang='lat' dir='ltr'><strong>constat</strong></span> <span class='ocrx_word' id='word_1_16' title='bbox 1285 429 1654 505; x_wconf 79' lang='lat' dir='ltr'><strong>impletum;</strong></span> <span class='ocrx_word' id='word_1_17' title='bbox 1687 425 1823 488; x_wconf 83' lang='lat' dir='ltr'><strong>sive</strong></span> <span class='ocrx_word' id='word_1_18' title='bbox 1858 444 2222 488; x_wconf 86' lang='lat' dir='ltr'><strong>sermonem</strong></span> <span class='ocrx_word' id='word_1_19' title='bbox 2251 427 2415 487; x_wconf 82' lang='lat' dir='ltr'><strong>dixit</strong></span> <span class='ocrx_word' id='word_1_20' title='bbox 2443 433 2762 505; x_wconf 63' lang='lat' dir='ltr'><strong>praecepta</strong></span> <span class='ocrx_word' id='word_1_21' title='bbox 2791 428 3040 486; x_wconf 90' lang='lat' dir='ltr'><strong>Veteris</strong></span> <span class='ocrx_word' id='word_1_22' title='bbox 3076 427 3491 487; x_wconf 87' lang='lat' dir='ltr'><strong>Testamenti.</strong></span> <span class='ocrx_word' id='word_1_23' title='bbox 3522 427 3813 492; x_wconf 76' lang='lat' dir='ltr'><strong>Plurima</strong></span> 
     </span>
    </p>
   </div>
   <div class='ocr_carea' id='block_1_5' title="bbox 527 505 3816 588">
    <p class='ocr_par' dir='ltr' id='par_1_5' title="bbox 527 505 3816 588">
     <span class='ocr_line' id='line_1_5' title="bbox 527 505 3816 588; baseline -0 -18"><span class='ocrx_word' id='word_1_24' title='bbox 527 513 770 588; x_wconf 88' lang='lat' dir='ltr'><strong>quippe</strong></span> <span class='ocrx_word' id='word_1_25' title='bbox 788 515 849 569; x_wconf 88' lang='lat' dir='ltr'><strong>et</strong></span> <span class='ocrx_word' id='word_1_26' title='bbox 872 515 1102 587; x_wconf 69' lang='lat' dir='ltr'><strong>praeter</strong></span> <span class='ocrx_word' id='word_1_27' title='bbox 1131 511 1337 585; x_wconf 80' lang='lat' dir='ltr'><strong>legem</strong></span> <span class='ocrx_word' id='word_1_28' title='bbox 1359 511 1512 568; x_wconf 91' lang='lat' dir='ltr'><strong>sunt</strong></span> <span class='ocrx_word' id='word_1_29' title='bbox 1533 505 1834 588; x_wconf 82' lang='lat' dir='ltr'><strong>mandata</strong></span> <span class='ocrx_word' id='word_1_30' title='bbox 1861 524 1976 588; x_wconf 81' lang='lat' dir='ltr'><strong>per</strong></span> <span class='ocrx_word' id='word_1_31' title='bbox 1996 507 2288 584; x_wconf 84' lang='lat' dir='ltr'><strong>angelos,</strong></span> <span class='ocrx_word' id='word_1_32' title='bbox 2306 508 2418 588; x_wconf 85' lang='lat' dir='ltr'><strong>qui</strong></span> <span class='ocrx_word' id='word_1_33' title='bbox 2443 507 2520 568; x_wconf 90' lang='lat' dir='ltr'><strong>ad</strong></span> <span class='ocrx_word' id='word_1_34' title='bbox 2545 505 3628 588; x_wconf 15' lang='lat' dir='ltr'><strong>illud,ministerium‘mittebantur:</strong></span> <span class='ocrx_word' id='word_1_35' title='bbox 3649 509 3816 588; x_wconf 79' lang='lat' dir='ltr'><strong>sicut</strong></span> 
     </span>
    </p>
   </div>
   <div class='ocr_carea' id='block_1_6' title="bbox 529 584 3805 662">
    <p class='ocr_par' dir='ltr' id='par_1_6' title="bbox 529 584 3805 662">
     <span class='ocr_line' id='line_1_6' title="bbox 529 584 3805 662; baseline -0.001 -12"><span class='ocrx_word' id='word_1_36' title='bbox 529 584 709 650; x_wconf 42' lang='lat' dir='ltr'><strong>mis—si</strong></span> <span class='ocrx_word' id='word_1_37' title='bbox 743 584 896 650; x_wconf 80' lang='lat' dir='ltr'><strong>sunt</strong></span> <span class='ocrx_word' id='word_1_38' title='bbox 931 588 1008 650; x_wconf 89' lang='lat' dir='ltr'><strong>ad</strong></span> <span class='ocrx_word' id='word_1_39' title='bbox 1039 584 1208 648; x_wconf 89' lang='lat' dir='ltr'><strong>Loth</strong></span> <span class='ocrx_word' id='word_1_40' title='bbox 1229 588 1291 647; x_wconf 93' lang='lat' dir='ltr'><strong>in</strong></span> <span class='ocrx_word' id='word_1_41' title='bbox 1325 590 1632 656; x_wconf 85' lang='lat' dir='ltr'><strong>montem,</strong></span> <span class='ocrx_word' id='word_1_42' title='bbox 1660 591 1722 645; x_wconf 89' lang='lat' dir='ltr'><strong>et</strong></span> <span class='ocrx_word' id='word_1_43' title='bbox 1751 585 1829 645; x_wconf 88' lang='lat' dir='ltr'><strong>ad</strong></span> <span class='ocrx_word' id='word_1_44' title='bbox 1859 585 2140 654; x_wconf 70' lang='lat' dir='ltr'><strong>Iudices,</strong></span> <span class='ocrx_word' id='word_1_45' title='bbox 2173 591 2236 646; x_wconf 92' lang='lat' dir='ltr'><strong>et</strong></span> <span class='ocrx_word' id='word_1_46' title='bbox 2265 587 2341 647; x_wconf 90' lang='lat' dir='ltr'><strong>ad</strong></span> <span class='ocrx_word' id='word_1_47' title='bbox 2373 586 2666 648; x_wconf 83' lang='lat' dir='ltr'><strong>Samson.</strong></span> <span class='ocrx_word' id='word_1_48' title='bbox 2695 587 3038 662; x_wconf 85' lang='lat' dir='ltr'><strong>Pr0pterea</strong></span> <span class='ocrx_word' id='word_1_49' title='bbox 3070 584 3240 643; x_wconf 89' lang='lat' dir='ltr'><strong>enim</strong></span> <span class='ocrx_word' id='word_1_50' title='bbox 3271 603 3398 644; x_wconf 93' lang='lat' dir='ltr'><strong>non</strong></span> <span class='ocrx_word' id='word_1_51' title='bbox 3431 584 3615 657; x_wconf 78' lang='lat' dir='ltr'><strong>dixit,</strong></span> <span class='ocrx_word' id='word_1_52' title='bbox 3651 587 3805 653; x_wconf 87' lang='lat' dir='ltr'><strong>Lex,</strong></span> 
     </span>
    </p>
   </div>
   <div class='ocr_carea' id='block_1_7' title="bbox 527 663 3812 744">
    <p class='ocr_par' dir='ltr' id='par_1_7' title="bbox 527 663 3812 744">
     <span class='ocr_line' id='line_1_7' title="bbox 527 663 3812 744; baseline -0.002 -15"><span class='ocrx_word' id='word_1_53' title='bbox 527 669 662 741; x_wconf 86' lang='lat' dir='ltr'><strong>sed,</strong></span> <span class='ocrx_word' id='word_1_54' title='bbox 693 670 943 730; x_wconf 79' lang='lat' dir='ltr'><strong>Sermo:</strong></span> <span class='ocrx_word' id='word_1_55' title='bbox 975 667 1142 728; x_wconf 88' lang='lat' dir='ltr'><strong>unde</strong></span> <span class='ocrx_word' id='word_1_56' title='bbox 1176 667 1379 744; x_wconf 86' lang='lat' dir='ltr'><strong>magis</strong></span> <span class='ocrx_word' id='word_1_57' title='bbox 1405 665 1562 724; x_wconf 91' lang='lat' dir='ltr'><strong>mihi</strong></span> <span class='ocrx_word' id='word_1_58' title='bbox 1594 664 1845 724; x_wconf 89' lang='lat' dir='ltr'><strong>videtur</strong></span> <span class='ocrx_word' id='word_1_59' title='bbox 1873 665 1981 725; x_wconf 91' lang='lat' dir='ltr'><strong>illa</strong></span> <span class='ocrx_word' id='word_1_60' title='bbox 2013 665 2400 744; x_wconf 88' lang='lat' dir='ltr'><strong>signiﬁcare,</strong></span> <span class='ocrx_word' id='word_1_61' title='bbox 2435 682 2579 742; x_wconf 61' lang='lat' dir='ltr'><strong>qua;</strong></span> <span class='ocrx_word' id='word_1_62' title='bbox 2607 682 2722 744; x_wconf 85' lang='lat' dir='ltr'><strong>per</strong></span> <span class='ocrx_word' id='word_1_63' title='bbox 2749 665 3017 743; x_wconf 85' lang='lat' dir='ltr'><strong>angelos</strong></span> <span class='ocrx_word' id='word_1_64' title='bbox 3051 663 3423 741; x_wconf 83' lang='lat' dir='ltr'><strong>dispensata</strong></span> <span class='ocrx_word' id='word_1_65' title='bbox 3451 672 3620 725; x_wconf 91' lang='lat' dir='ltr'><strong>sunt.</strong></span> <span class='ocrx_word' id='word_1_66' title='bbox 3647 666 3812 740; x_wconf 91' lang='lat' dir='ltr'><strong>Quid</strong></span> 
     </span>
    </p>
   </div>
   <div class='ocr_carea' id='block_1_8' title="bbox 529 743 3812 828">
    <p class='ocr_par' dir='ltr' id='par_1_8' title="bbox 529 743 3812 828">
     <span class='ocr_line' id='line_1_8' title="bbox 529 743 3812 828; baseline -0.001 -20"><span class='ocrx_word' id='word_1_67' title='bbox 529 766 682 828; x_wconf 84' lang='lat' dir='ltr'><strong>ergo</strong></span> <span class='ocrx_word' id='word_1_68' title='bbox 708 747 1018 828; x_wconf 77' lang='lat' dir='ltr'><strong>dicemus,</strong></span> <span class='ocrx_word' id='word_1_69' title='bbox 1055 743 1364 828; x_wconf 24' lang='lat' dir='ltr'><strong>nisiqu’ia</strong></span> <span class='ocrx_word' id='word_1_70' title='bbox 1397 749 1746 828; x_wconf 68' lang='lat' dir='ltr'><strong>praesentes</strong></span> <span class='ocrx_word' id='word_1_71' title='bbox 1779 750 1965 828; x_wconf 83' lang='lat' dir='ltr'><strong>erant</strong></span> <span class='ocrx_word' id='word_1_72' title='bbox 1991 750 2053 803; x_wconf 91' lang='lat' dir='ltr'><strong>et</strong></span> <span class='ocrx_word' id='word_1_73' title='bbox 2081 743 2320 828; x_wconf 79' lang='lat' dir='ltr'><strong>angeli,</strong></span> <span class='ocrx_word' id='word_1_74' title='bbox 2358 745 2599 828; x_wconf 77' lang='lat' dir='ltr'><strong>quibus</strong></span> <span class='ocrx_word' id='word_1_75' title='bbox 2627 743 2834 828; x_wconf 76' lang='lat' dir='ltr'><strong>fuerat</strong></span> <span class='ocrx_word' id='word_1_76' title='bbox 2863 761 3020 828; x_wconf 76' lang='lat' dir='ltr'><strong>gens</strong></span> <span class='ocrx_word' id='word_1_77' title='bbox 3055 744 3165 804; x_wconf 88' lang='lat' dir='ltr'><strong>illa</strong></span> <span class='ocrx_word' id='word_1_78' title='bbox 3185 745 3563 828; x_wconf 69' lang='lat' dir='ltr'><strong>commissa,</strong></span> <span class='ocrx_word' id='word_1_79' title='bbox 3597 751 3660 805; x_wconf 90' lang='lat' dir='ltr'><strong>et</strong></span> <span class='ocrx_word' id='word_1_80' title='bbox 3691 745 3812 823; x_wconf 89' lang='lat' dir='ltr'><strong>ipsi</strong></span> 
     </span>
    </p>
   </div>
   <div class='ocr_carea' id='block_1_9' title="bbox 527 822 3816 903">
    <p class='ocr_par' dir='ltr' id='par_1_9' title="bbox 527 822 3816 903">
     <span class='ocr_line' id='line_1_9' title="bbox 527 822 3816 903; baseline -0 -17"><span class='ocrx_word' id='word_1_81' title='bbox 527 822 711 888; x_wconf 80' lang='lat' dir='ltr'><strong>erant</strong></span> <span class='ocrx_word' id='word_1_82' title='bbox 741 827 851 903; x_wconf 89' lang='lat' dir='ltr'><strong>qui</strong></span> <span class='ocrx_word' id='word_1_83' title='bbox 883 826 1052 887; x_wconf 87' lang='lat' dir='ltr'><strong>tubis</strong></span> <span class='ocrx_word' id='word_1_84' title='bbox 1094 832 1157 885; x_wconf 92' lang='lat' dir='ltr'><strong>et</strong></span> <span class='ocrx_word' id='word_1_85' title='bbox 1189 822 1474 886; x_wconf 91' lang='lat' dir='ltr'><strong>buccinis</strong></span> <span class='ocrx_word' id='word_1_86' title='bbox 1504 825 1968 901; x_wconf 85' lang='lat' dir='ltr'><strong>personabant,</strong></span> <span class='ocrx_word' id='word_1_87' title='bbox 2007 830 2068 883; x_wconf 89' lang='lat' dir='ltr'><strong>et</strong></span> <span class='ocrx_word' id='word_1_88' title='bbox 2092 824 2230 903; x_wconf 84' lang='lat' dir='ltr'><strong>alia</strong></span> <span class='ocrx_word' id='word_1_89' title='bbox 2261 830 2490 886; x_wconf 68' lang='lat' dir='ltr'><strong>caetera</strong></span> <span class='ocrx_word' id='word_1_90' title='bbox 2520 823 2879 903; x_wconf 86' lang='lat' dir='ltr'><strong>faciebant:</strong></span> <span class='ocrx_word' id='word_1_91' title='bbox 2907 822 3027 883; x_wconf 91' lang='lat' dir='ltr'><strong>hoc</strong></span> <span class='ocrx_word' id='word_1_92' title='bbox 3056 830 3151 882; x_wconf 91' lang='lat' dir='ltr'><strong>est</strong></span> <span class='ocrx_word' id='word_1_93' title='bbox 3175 822 3390 903; x_wconf 84' lang='lat' dir='ltr'><strong>ignem</strong></span> <span class='ocrx_word' id='word_1_94' title='bbox 3411 869 3426 895; x_wconf 94' lang='lat'><strong>,</strong></span> <span class='ocrx_word' id='word_1_95' title='bbox 3460 822 3816 886; x_wconf 31' lang='lat' dir='ltr'><strong>fumum’et</strong></span> 
     </span>
    </p>
   </div>
   <div class='ocr_carea' id='block_1_10' title="bbox 530 901 3816 982">
    <p class='ocr_par' dir='ltr' id='par_1_10' title="bbox 530 901 3816 982">
     <span class='ocr_line' id='line_1_10' title="bbox 530 901 3816 982; baseline -0.001 -16"><span class='ocrx_word' id='word_1_96' title='bbox 530 901 799 966; x_wconf 83' lang='lat' dir='ltr'><strong>nebulas</strong></span> <span class='ocrx_word' id='word_1_97' title='bbox 825 909 852 964; x_wconf 90' lang='lat'><strong>?</strong></span> <span class='ocrx_word' id='word_1_98' title='bbox 892 907 976 965; x_wconf 80' lang='lat' dir='ltr'><strong>Et</strong></span> <span class='ocrx_word' id='word_1_99' title='bbox 1008 905 1229 974; x_wconf 86' lang='lat' dir='ltr'><strong>omnis,</strong></span> <span class='ocrx_word' id='word_1_100' title='bbox 1261 905 1496 982; x_wconf 83' lang='lat' dir='ltr'><strong>inquit,</strong></span> <span class='ocrx_word' id='word_1_101' title='bbox 1520 903 1967 981; x_wconf 73' lang='lat' dir='ltr'><strong>prmvaricatio</strong></span> <span class='ocrx_word' id='word_1_102' title='bbox 1995 911 2051 962; x_wconf 87' lang='lat' dir='ltr'><strong>et</strong></span> <span class='ocrx_word' id='word_1_103' title='bbox 2077 902 2522 964; x_wconf 86' lang='lat' dir='ltr'><strong>inobedientia.</strong></span> <span class='ocrx_word' id='word_1_104' title='bbox 2552 904 2694 963; x_wconf 91' lang='lat' dir='ltr'><strong>Non</strong></span> <span class='ocrx_word' id='word_1_105' title='bbox 2729 901 3072 982; x_wconf 78' lang='lat' dir='ltr'><strong>dixitquia</strong></span> <span class='ocrx_word' id='word_1_106' title='bbox 3102 902 3321 982; x_wconf 88' lang='lat' dir='ltr'><strong>aliqua</strong></span> <span class='ocrx_word' id='word_1_107' title='bbox 3355 904 3644 978; x_wconf 85' lang='lat' dir='ltr'><strong>punitur,</strong></span> <span class='ocrx_word' id='word_1_108' title='bbox 3678 905 3816 965; x_wconf 72' lang='lat' dir='ltr'><strong>ali-</strong></span> 
     </span>
    </p>
   </div>
   <div class='ocr_carea' id='block_1_11' title="bbox 528 981 3814 1063">
    <p class='ocr_par' dir='ltr' id='par_1_11' title="bbox 528 981 3814 1063">
     <span class='ocr_line' id='line_1_11' title="bbox 528 981 3814 1063; baseline -0.001 -20"><span class='ocrx_word' id='word_1_109' title='bbox 528 1005 656 1063; x_wconf 86' lang='lat' dir='ltr'><strong>qua</strong></span> <span class='ocrx_word' id='word_1_110' title='bbox 688 1003 841 1046; x_wconf 90' lang='lat' dir='ltr'><strong>vero</strong></span> <span class='ocrx_word' id='word_1_111' title='bbox 873 1003 1032 1056; x_wconf 89' lang='lat' dir='ltr'><strong>non,</strong></span> <span class='ocrx_word' id='word_1_112' title='bbox 1061 985 1171 1045; x_wconf 89' lang='lat' dir='ltr'><strong>sed</strong></span> <span class='ocrx_word' id='word_1_113' title='bbox 1198 981 1407 1063; x_wconf 88' lang='lat' dir='ltr'><strong>omnis</strong></span> <span class='ocrx_word' id='word_1_114' title='bbox 1435 1003 1449 1040; x_wconf 88' lang='lat'>:</span> <span class='ocrx_word' id='word_1_115' title='bbox 1477 983 1598 1042; x_wconf 90' lang='lat' dir='ltr'><strong>hoc</strong></span> <span class='ocrx_word' id='word_1_116' title='bbox 1621 987 1742 1053; x_wconf 87' lang='lat' dir='ltr'><strong>est,</strong></span> <span class='ocrx_word' id='word_1_117' title='bbox 1770 982 1924 1063; x_wconf 80' lang='lat' dir='ltr'><strong>quia</strong></span> <span class='ocrx_word' id='word_1_118' title='bbox 1957 982 2116 1063; x_wconf 93' lang='lat' dir='ltr'><strong>nihil</strong></span> <span class='ocrx_word' id='word_1_119' title='bbox 2142 983 2455 1063; x_wconf 86' lang='lat' dir='ltr'><strong>remansit</strong></span> <span class='ocrx_word' id='word_1_120' title='bbox 2483 983 2784 1050; x_wconf 90' lang='lat' dir='ltr'><strong>inultum,</strong></span> <span class='ocrx_word' id='word_1_121' title='bbox 2809 981 2916 1042; x_wconf 89' lang='lat' dir='ltr'><strong>sed</strong></span> <span class='ocrx_word' id='word_1_122' title='bbox 2951 981 3236 1063; x_wconf 83' lang='lat' dir='ltr'><strong>Percepit</strong></span> <span class='ocrx_word' id='word_1_123' title='bbox 3247 981 3489 1063; x_wconf 80' lang='lat' dir='ltr'><strong>justam</strong></span> <span class='ocrx_word' id='word_1_124' title='bbox 3519 983 3814 1044; x_wconf 74' lang='lat' dir='ltr'><strong>mercedis</strong></span> 
     </span>
    </p>
   </div>
   <div class='ocr_carea' id='block_1_12' title="bbox 524 1059 3810 1138">
    <p class='ocr_par' dir='ltr' id='par_1_12' title="bbox 524 1059 3810 1138">
     <span class='ocr_line' id='line_1_12' title="bbox 524 1059 3810 1138; baseline -0 -16"><span class='ocrx_word' id='word_1_125' title='bbox 524 1059 1028 1126; x_wconf 60' lang='lat' dir='ltr'><strong>retributionem.</strong></span> <span class='ocrx_word' id='word_1_126' title='bbox 1073 1064 1288 1137; x_wconf 89' lang='lat' dir='ltr'><strong>Quare</strong></span> <span class='ocrx_word' id='word_1_127' title='bbox 1328 1062 1491 1121; x_wconf 83' lang='lat' dir='ltr'><strong>dixit</strong></span> <span class='ocrx_word' id='word_1_128' title='bbox 1535 1059 1846 1122; x_wconf 87' lang='lat' dir='ltr'><strong>mercedis</strong></span> <span class='ocrx_word' id='word_1_129' title='bbox 1891 1061 2423 1122; x_wconf 85' lang='lat' dir='ltr'><strong>retributionem?</strong></span> <span class='ocrx_word' id='word_1_130' title='bbox 2452 1079 2694 1122; x_wconf 88' lang='lat' dir='ltr'><strong>merces</strong></span> <span class='ocrx_word' id='word_1_131' title='bbox 2739 1066 2956 1121; x_wconf 87' lang='lat' dir='ltr'><strong>autem</strong></span> <span class='ocrx_word' id='word_1_132' title='bbox 2999 1063 3063 1120; x_wconf 91' lang='lat' dir='ltr'><strong>in</strong></span> <span class='ocrx_word' id='word_1_133' title='bbox 3095 1059 3270 1120; x_wconf 86' lang='lat' dir='ltr'><strong>bono</strong></span> <span class='ocrx_word' id='word_1_134' title='bbox 3298 1062 3446 1138; x_wconf 93' lang='lat' dir='ltr'><strong>poni</strong></span> <span class='ocrx_word' id='word_1_135' title='bbox 3481 1063 3664 1123; x_wconf 90' lang='lat' dir='ltr'><strong>solet.</strong></span> <span class='ocrx_word' id='word_1_136' title='bbox 3693 1063 3810 1124; x_wconf 87' lang='lat' dir='ltr'><strong>Sed</strong></span> 
     </span>
    </p>
   </div>
   <div class='ocr_carea' id='block_1_13' title="bbox 527 1138 3814 1221">
    <p class='ocr_par' dir='ltr' id='par_1_13' title="bbox 527 1138 3814 1221">
     <span class='ocr_line' id='line_1_13' title="bbox 527 1138 3814 1221; baseline 0 -18"><span class='ocrx_word' id='word_1_137' title='bbox 527 1145 646 1204; x_wconf 89' lang='lat' dir='ltr'><strong>iste</strong></span> <span class='ocrx_word' id='word_1_138' title='bbox 690 1162 826 1206; x_wconf 86' lang='lat' dir='ltr'><strong>mos</strong></span> <span class='ocrx_word' id='word_1_139' title='bbox 845 1143 1288 1221; x_wconf 82' lang='lat' dir='ltr'><strong>estApostolo,</strong></span> <span class='ocrx_word' id='word_1_140' title='bbox 1321 1147 1392 1201; x_wconf 91' lang='lat' dir='ltr'><strong>ut</strong></span> <span class='ocrx_word' id='word_1_141' title='bbox 1418 1159 1544 1200; x_wconf 93' lang='lat' dir='ltr'><strong>non</strong></span> <span class='ocrx_word' id='word_1_142' title='bbox 1580 1156 1880 1218; x_wconf 89' lang='lat' dir='ltr'><strong>magnam</strong></span> <span class='ocrx_word' id='word_1_143' title='bbox 1913 1141 2256 1221; x_wconf 77' lang='lat' dir='ltr'><strong>verborum</strong></span> <span class='ocrx_word' id='word_1_144' title='bbox 2289 1141 2523 1201; x_wconf 86' lang='lat' dir='ltr'><strong>habeat</strong></span> <span class='ocrx_word' id='word_1_145' title='bbox 2547 1141 2891 1221; x_wconf 86' lang='lat' dir='ltr'><strong>rationem,</strong></span> <span class='ocrx_word' id='word_1_146' title='bbox 2930 1140 3038 1221; x_wconf 80' lang='lat' dir='ltr'><strong>sed</strong></span> <span class='ocrx_word' id='word_1_147' title='bbox 3073 1138 3508 1221; x_wconf 77' lang='lat' dir='ltr'><strong>indifferenter</strong></span> <span class='ocrx_word' id='word_1_148' title='bbox 3539 1141 3634 1202; x_wconf 87' lang='lat' dir='ltr'><strong>vel</strong></span> <span class='ocrx_word' id='word_1_149' title='bbox 3667 1161 3814 1220; x_wconf 67' lang='lat' dir='ltr'><strong>qua:</strong></span> 
     </span>
    </p>
   </div>
   <div class='ocr_carea' id='block_1_14' title="bbox 529 1219 3814 1298">
    <p class='ocr_par' dir='ltr' id='par_1_14' title="bbox 529 1219 3814 1298">
     <span class='ocr_line' id='line_1_14' title="bbox 529 1219 3814 1298; baseline -0.001 -16"><span class='ocrx_word' id='word_1_150' title='bbox 529 1225 594 1283; x_wconf 92' lang='lat' dir='ltr'><strong>in</strong></span> <span class='ocrx_word' id='word_1_151' title='bbox 628 1221 800 1284; x_wconf 88' lang='lat' dir='ltr'><strong>bono</strong></span> <span class='ocrx_word' id='word_1_152' title='bbox 829 1219 1157 1294; x_wconf 80' lang='lat' dir='ltr'><strong>dicuntur,</strong></span> <span class='ocrx_word' id='word_1_153' title='bbox 1181 1221 1283 1280; x_wconf 87' lang='lat' dir='ltr'><strong>vel</strong></span> <span class='ocrx_word' id='word_1_154' title='bbox 1312 1239 1457 1298; x_wconf 67' lang='lat' dir='ltr'><strong>quae</strong></span> <span class='ocrx_word' id='word_1_155' title='bbox 1484 1221 1548 1279; x_wconf 92' lang='lat' dir='ltr'><strong>in</strong></span> <span class='ocrx_word' id='word_1_156' title='bbox 1578 1221 1774 1289; x_wconf 90' lang='lat' dir='ltr'><strong>malo,</strong></span> <span class='ocrx_word' id='word_1_157' title='bbox 1801 1236 1918 1298; x_wconf 86' lang='lat' dir='ltr'><strong>pro</strong></span> <span class='ocrx_word' id='word_1_158' title='bbox 1949 1219 2264 1298; x_wconf 86' lang='lat' dir='ltr'><strong>alterutro</strong></span> <span class='ocrx_word' id='word_1_159' title='bbox 2293 1238 2536 1298; x_wconf 88' lang='lat' dir='ltr'><strong>ponere</strong></span> <span class='ocrx_word' id='word_1_160' title='bbox 2566 1241 2580 1279; x_wconf 93' lang='lat'>:</span> <span class='ocrx_word' id='word_1_161' title='bbox 2607 1220 2773 1280; x_wconf 91' lang='lat' dir='ltr'><strong>sicut</strong></span> <span class='ocrx_word' id='word_1_162' title='bbox 2793 1224 2863 1298; x_wconf 84' lang='lat' dir='ltr'><strong>et</strong></span> <span class='ocrx_word' id='word_1_163' title='bbox 2888 1219 3041 1279; x_wconf 87' lang='lat' dir='ltr'><strong>alibi</strong></span> <span class='ocrx_word' id='word_1_164' title='bbox 3074 1219 3261 1290; x_wconf 82' lang='lat' dir='ltr'><strong>dixit,</strong></span> <span class='ocrx_word' id='word_1_165' title='bbox 3283 1220 3365 1279; x_wconf 88' lang='lat' dir='ltr'><strong>In</strong></span> <span class='ocrx_word' id='word_1_166' title='bbox 3388 1219 3814 1298; x_wconf 75' lang='lat' dir='ltr'><strong>captivitatem</strong></span> 
     </span>
    </p>
   </div>
   <div class='ocr_carea' id='block_1_15' title="bbox 520 1296 3816 1381">
    <p class='ocr_par' dir='ltr' id='par_1_15' title="bbox 520 1296 3816 1381">
     <span class='ocr_line' id='line_1_15' title="bbox 520 1296 3816 1381; baseline 0 -20"><span class='ocrx_word' id='word_1_167' title='bbox 520 1303 878 1381; x_wconf 59' lang='lat' dir='ltr'><strong>indigentes</strong></span> <span class='ocrx_word' id='word_1_168' title='bbox 907 1321 1144 1363; x_wconf 87' lang='lat' dir='ltr'><strong>omnem</strong></span> <span class='ocrx_word' id='word_1_169' title='bbox 1168 1296 1411 1381; x_wconf 80' lang='lat' dir='ltr'><strong>sensum</strong></span> <span class='ocrx_word' id='word_1_170' title='bbox 1438 1299 1519 1359; x_wconf 91' lang='lat' dir='ltr'><strong>ad</strong></span> <span class='ocrx_word' id='word_1_171' title='bbox 1549 1297 1956 1381; x_wconf 66' lang='lat' dir='ltr'><strong>obedientium</strong></span> <span class='ocrx_word' id='word_1_172' title='bbox 1979 1297 2260 1381; x_wconf 75' lang='lat' dir='ltr'><strong>Christo;</strong></span> <span class='ocrx_word' id='word_1_173' title='bbox 2295 1296 2359 1360; x_wconf 78' lang='lat' dir='ltr'><strong>et</strong></span> <span class='ocrx_word' id='word_1_174' title='bbox 2386 1299 2620 1359; x_wconf 88' lang='lat' dir='ltr'><strong>iterum</strong></span> <span class='ocrx_word' id='word_1_175' title='bbox 2650 1296 2962 1381; x_wconf 79' lang='lat' dir='ltr'><strong>mercedis</strong></span> <span class='ocrx_word' id='word_1_176' title='bbox 2982 1296 3568 1381; x_wconf 32' lang='lat' dir='ltr'><strong>reciprorationiem</strong></span> <span class='ocrx_word' id='word_1_177' title='bbox 3595 1299 3816 1381; x_wconf 83' lang='lat' dir='ltr'><strong>dicens</strong></span> 
     </span>
    </p>
   </div>
   <div class='ocr_carea' id='block_1_16' title="bbox 526 1377 3815 1468">
    <p class='ocr_par' dir='ltr' id='par_1_16' title="bbox 526 1377 3815 1468">
     <span class='ocr_line' id='line_1_16' title="bbox 526 1377 3815 1468; baseline -0.001 -26"><span class='ocrx_word' id='word_1_178' title='bbox 526 1400 648 1468; x_wconf 62' lang='lat' dir='ltr'><strong>pro</strong></span> <span class='ocrx_word' id='word_1_179' title='bbox 667 1377 999 1468; x_wconf 74' lang='lat' dir='ltr'><strong>supplicio</strong></span> <span class='ocrx_word' id='word_1_180' title='bbox 1031 1401 1046 1441; x_wconf 91' lang='lat'><strong>:</strong></span> <span class='ocrx_word' id='word_1_181' title='bbox 1079 1381 1245 1442; x_wconf 90' lang='lat' dir='ltr'><strong>sicut</strong></span> <span class='ocrx_word' id='word_1_182' title='bbox 1275 1385 1340 1440; x_wconf 89' lang='lat' dir='ltr'><strong>et</strong></span> <span class='ocrx_word' id='word_1_183' title='bbox 1371 1379 1434 1468; x_wconf 80' lang='lat' dir='ltr'><strong>in</strong></span> <span class='ocrx_word' id='word_1_184' title='bbox 1466 1377 1767 1468; x_wconf 72' lang='lat' dir='ltr'><strong>nrtcsenti</strong></span> <span class='ocrx_word' id='word_1_185' title='bbox 1811 1377 1954 1468; x_wconf 70' lang='lat' dir='ltr'><strong>lpco</strong></span> <span class='ocrx_word' id='word_1_186' title='bbox 1981 1378 2772 1468; x_wconf 71' lang='lat' dir='ltr'><strong>supp_liciuni__mercedem</strong></span> <span class='ocrx_word' id='word_1_187' title='bbox 2819 1378 3202 1468; x_wconf 75' lang='lat' dir='ltr'><strong>nominavit.</strong></span> <span class='ocrx_word' id='word_1_188' title='bbox 3235 1378 3574 1468; x_wconf 63' lang='lat' dir='ltr'><strong>{temulibi</strong></span> <span class='ocrx_word' id='word_1_189' title='bbox 3603 1379 3765 1468; x_wconf 41' lang='lat' dir='ltr'><strong>digit</strong></span> <span class='ocrx_word' id='word_1_190' title='bbox 3801 1401 3815 1438; x_wconf 93' lang='lat'><strong>:</strong></span> 
     </span>
    </p>
   </div>
   <div class='ocr_carea' id='block_1_17' title="bbox 528 1455 3820 1541">
    <p class='ocr_par' dir='ltr' id='par_1_17' title="bbox 528 1455 3820 1541">
     <span class='ocr_line' id='line_1_17' title="bbox 528 1455 3820 1541; baseline -0.001 -21"><span class='ocrx_word' id='word_1_191' title='bbox 528 1455 850 1540; x_wconf 69' lang='lat' dir='ltr'><strong>Siquidem</strong></span> <span class='ocrx_word' id='word_1_192' title='bbox 861 1462 1111 1541; x_wconf 84' lang='lat' dir='ltr'><strong>justum</strong></span> <span class='ocrx_word' id='word_1_193' title='bbox 1135 1467 1232 1541; x_wconf 70' lang='lat' dir='ltr'><strong>est</strong></span> <span class='ocrx_word' id='word_1_194' title='bbox 1261 1457 1431 1537; x_wconf 86' lang='lat' dir='ltr'><strong>apud</strong></span> <span class='ocrx_word' id='word_1_195' title='bbox 1452 1459 1649 1517; x_wconf 83' lang='lat' dir='ltr'><strong>Deum</strong></span> <span class='ocrx_word' id='word_1_196' title='bbox 1669 1455 2012 1541; x_wconf 69' lang='lat' dir='ltr'><strong>retribuere</strong></span> <span class='ocrx_word' id='word_1_197' title='bbox 2026 1455 2496 1541; x_wconf 83' lang='lat' dir='ltr'><strong>_tribul_antibus</strong></span> <span class='ocrx_word' id='word_1_198' title='bbox 2510 1476 2618 1518; x_wconf 87' lang='lat' dir='ltr'><strong>vos</strong></span> <span class='ocrx_word' id='word_1_199' title='bbox 2648 1456 3144 1541; x_wconf 74' lang='lat' dir='ltr'><strong>tribulationem,</strong></span> <span class='ocrx_word' id='word_1_200' title='bbox 3174 1466 3228 1516; x_wconf 90' lang='lat' dir='ltr'><strong>et</strong></span> <span class='ocrx_word' id='word_1_201' title='bbox 3257 1456 3442 1541; x_wconf 81' lang='lat' dir='ltr'><strong>vobis</strong></span> <span class='ocrx_word' id='word_1_202' title='bbox 3461 1458 3571 1541; x_wconf 83' lang='lat' dir='ltr'><strong>qui</strong></span> <span class='ocrx_word' id='word_1_203' title='bbox 3597 1457 3820 1541; x_wconf 74' lang='lat' dir='ltr'><strong>tribu—</strong></span> 
     </span>
    </p>
   </div>
   <div class='ocr_carea' id='block_1_18' title="bbox 531 1535 3818 1620">
    <p class='ocr_par' dir='ltr' id='par_1_18' title="bbox 531 1535 3818 1620">
     <span class='ocr_line' id='line_1_18' title="bbox 531 1535 3818 1620; baseline -0 -21"><span class='ocrx_word' id='word_1_204' title='bbox 531 1535 753 1602; x_wconf 74' lang='lat' dir='ltr'><strong>(omini</strong></span> <span class='ocrx_word' id='word_1_205' title='bbox 777 1535 1068 1620; x_wconf 58' lang='lat' dir='ltr'><strong>req&#39;uiem.</strong></span> <span class='ocrx_word' id='word_1_206' title='bbox 1097 1540 1234 1600; x_wconf 91' lang='lat' dir='ltr'><strong>Hoc</strong></span> <span class='ocrx_word' id='word_1_207' title='bbox 1265 1535 1383 1610; x_wconf 80' lang='lat' dir='ltr'><strong>est,</strong></span> <span class='ocrx_word' id='word_1_208' title='bbox 1417 1554 1546 1596; x_wconf 93' lang='lat' dir='ltr'><strong>non</strong></span> <span class='ocrx_word' id='word_1_209' title='bbox 1580 1535 1814 1620; x_wconf 78' lang='lat' dir='ltr'><strong>peribit</strong></span> <span class='ocrx_word' id='word_1_210' title='bbox 1835 1537 2108 1620; x_wconf 32' lang='lat' dir='ltr'><strong>justitia‘,</strong></span> <span class='ocrx_word' id='word_1_211' title='bbox 2142 1537 2250 1620; x_wconf 82' lang='lat' dir='ltr'><strong>sed</strong></span> <span class='ocrx_word' id='word_1_212' title='bbox 2281 1542 2684 1620; x_wconf 78' lang='lat' dir='ltr'><strong>exsequutus</strong></span> <span class='ocrx_word' id='word_1_213' title='bbox 2715 1541 2812 1598; x_wconf 90' lang='lat' dir='ltr'><strong>est</strong></span> <span class='ocrx_word' id='word_1_214' title='bbox 2842 1537 3038 1608; x_wconf 90' lang='lat' dir='ltr'><strong>Deus,</strong></span> <span class='ocrx_word' id='word_1_215' title='bbox 3069 1535 3485 1620; x_wconf 54' lang='lat' dir='ltr'><strong>et_convertit&#39;</strong></span> <span class='ocrx_word' id='word_1_216' title='bbox 3499 1538 3818 1617; x_wconf 86' lang='lat' dir='ltr'><strong>judicium</strong></span> 
     </span>
    </p>
   </div>
   <div class='ocr_carea' id='block_1_19' title="bbox 532 1615 3816 1698">
    <p class='ocr_par' dir='ltr' id='par_1_19' title="bbox 532 1615 3816 1698">
     <span class='ocr_line' id='line_1_19' title="bbox 532 1615 3816 1698; baseline -0.001 -19"><span class='ocrx_word' id='word_1_217' title='bbox 532 1639 724 1680; x_wconf 86' lang='lat' dir='ltr'><strong>suum</strong></span> <span class='ocrx_word' id='word_1_218' title='bbox 756 1615 953 1698; x_wconf 78' lang='lat' dir='ltr'><strong>super</strong></span> <span class='ocrx_word' id='word_1_219' title='bbox 984 1624 1353 1698; x_wconf 89' lang='lat' dir='ltr'><strong>peccatores</strong></span> <span class='ocrx_word' id='word_1_220' title='bbox 1380 1661 1396 1688; x_wconf 93' lang='lat'><strong>,</strong></span> <span class='ocrx_word' id='word_1_221' title='bbox 1425 1616 1722 1698; x_wconf 76' lang='lat' dir='ltr'><strong>quamvis</strong></span> <span class='ocrx_word' id='word_1_222' title='bbox 1754 1632 1885 1698; x_wconf 86' lang='lat' dir='ltr'><strong>non</strong></span> <span class='ocrx_word' id='word_1_223' title='bbox 1917 1615 2135 1698; x_wconf 85' lang='lat' dir='ltr'><strong>omnia</strong></span> <span class='ocrx_word' id='word_1_224' title='bbox 2166 1617 2294 1698; x_wconf 83' lang='lat' dir='ltr'><strong>sint</strong></span> <span class='ocrx_word' id='word_1_225' title='bbox 2325 1616 2663 1698; x_wconf 76' lang='lat' dir='ltr'><strong>manifesta</strong></span> <span class='ocrx_word' id='word_1_226' title='bbox 2694 1621 2957 1698; x_wconf 85' lang='lat' dir='ltr'><strong>peccata</strong></span> <span class='ocrx_word' id='word_1_227' title='bbox 2983 1661 2998 1688; x_wconf 95' lang='lat'><strong>,</strong></span> <span class='ocrx_word' id='word_1_228' title='bbox 3031 1615 3172 1698; x_wconf 90' lang='lat' dir='ltr'><strong>nisi</strong></span> <span class='ocrx_word' id='word_1_229' title='bbox 3198 1615 3458 1698; x_wconf 84' lang='lat' dir='ltr'><strong>quando</strong></span> <span class='ocrx_word' id='word_1_230' title='bbox 3497 1615 3816 1698; x_wconf 61' lang='lat' dir='ltr'><strong>princepta</strong></span> 
     </span>
    </p>
   </div>
   <div class='ocr_carea' id='block_1_20' title="bbox 532 1693 3822 1776">
    <p class='ocr_par' dir='ltr' id='par_1_20' title="bbox 532 1693 3822 1776">
     <span class='ocr_line' id='line_1_20' title="bbox 532 1693 3822 1776; baseline -0.001 -19"><span class='ocrx_word' id='word_1_231' title='bbox 532 1693 1388 1776; x_wconf 48' lang='lat' dir='ltr'><strong>disposita&#39;con&#39;temnuntur.</strong></span> <span class='ocrx_word' id='word_1_232' title='bbox 1410 1696 1504 1754; x_wconf 84' lang='lat' dir='ltr'><strong>Et</strong></span> <span class='ocrx_word' id='word_1_233' title='bbox 1523 1694 1832 1776; x_wconf 84' lang='lat' dir='ltr'><strong>quomodo</strong></span> <span class='ocrx_word' id='word_1_234' title='bbox 1855 1713 1994 1762; x_wconf 86' lang='lat' dir='ltr'><strong>nos,</strong></span> <span class='ocrx_word' id='word_1_235' title='bbox 2019 1695 2254 1776; x_wconf 85' lang='lat' dir='ltr'><strong>inquit,</strong></span> <span class='ocrx_word' id='word_1_236' title='bbox 2285 1695 2670 1776; x_wconf 71' lang='lat' dir='ltr'><strong>effugiemus,</strong></span> <span class='ocrx_word' id='word_1_237' title='bbox 2696 1693 2752 1755; x_wconf 75' lang='lat' dir='ltr'><strong>si</strong></span> <span class='ocrx_word' id='word_1_238' title='bbox 2774 1705 3012 1756; x_wconf 90' lang='lat' dir='ltr'><strong>tantam</strong></span> <span class='ocrx_word' id='word_1_239' title='bbox 3030 1693 3484 1776; x_wconf 75' lang='lat' dir='ltr'><strong>neglexerimus</strong></span> <span class='ocrx_word' id='word_1_240' title='bbox 3499 1693 3770 1757; x_wconf 76' lang='lat' dir='ltr'><strong>salutem</strong></span> <span class='ocrx_word' id='word_1_241' title='bbox 3793 1698 3822 1754; x_wconf 59' lang='grc' dir='ltr'><strong>ἵν</strong></span> 
     </span>
    </p>
   </div>
   <div class='ocr_carea' id='block_1_21' title="bbox 533 1775 3818 1856">
    <p class='ocr_par' dir='ltr' id='par_1_21' title="bbox 533 1775 3818 1856">
     <span class='ocr_line' id='line_1_21' title="bbox 533 1775 3818 1856; baseline -0.001 -17"><span class='ocrx_word' id='word_1_242' title='bbox 533 1775 655 1840; x_wconf 86' lang='lat' dir='ltr'><strong>Per</strong></span> <span class='ocrx_word' id='word_1_243' title='bbox 682 1779 817 1839; x_wconf 67' lang='lat' dir='ltr'><strong>haec</strong></span> <span class='ocrx_word' id='word_1_244' title='bbox 853 1781 1048 1840; x_wconf 88' lang='lat' dir='ltr'><strong>verba</strong></span> <span class='ocrx_word' id='word_1_245' title='bbox 1078 1775 1396 1856; x_wconf 80' lang='lat' dir='ltr'><strong>signiﬁcat</strong></span> <span class='ocrx_word' id='word_1_246' title='bbox 1424 1775 1580 1852; x_wconf 89' lang='lat' dir='ltr'><strong>quia</strong></span> <span class='ocrx_word' id='word_1_247' title='bbox 1606 1792 1744 1856; x_wconf 83' lang='lat' dir='ltr'><strong>non</strong></span> <span class='ocrx_word' id='word_1_248' title='bbox 1768 1780 1910 1856; x_wconf 78' lang='lat' dir='ltr'><strong>erat</strong></span> <span class='ocrx_word' id='word_1_249' title='bbox 1940 1780 2120 1856; x_wconf 83' lang='lat' dir='ltr'><strong>tanta</strong></span> <span class='ocrx_word' id='word_1_250' title='bbox 2152 1775 2327 1837; x_wconf 91' lang='lat' dir='ltr'><strong>salus</strong></span> <span class='ocrx_word' id='word_1_251' title='bbox 2359 1776 2424 1835; x_wconf 92' lang='lat' dir='ltr'><strong>in</strong></span> <span class='ocrx_word' id='word_1_252' title='bbox 2456 1776 2673 1856; x_wconf 88' lang='lat' dir='ltr'><strong>Veteri</strong></span> <span class='ocrx_word' id='word_1_253' title='bbox 2707 1777 3144 1856; x_wconf 82' lang='lat' dir='ltr'><strong>Testamento.</strong></span> <span class='ocrx_word' id='word_1_254' title='bbox 3175 1775 3346 1856; x_wconf 87' lang='lat' dir='ltr'><strong>Bene</strong></span> <span class='ocrx_word' id='word_1_255' title='bbox 3382 1781 3598 1837; x_wconf 91' lang='lat' dir='ltr'><strong>autem</strong></span> <span class='ocrx_word' id='word_1_256' title='bbox 3633 1777 3818 1838; x_wconf 87' lang='lat' dir='ltr'><strong>addi-</strong></span> 
     </span>
    </p>
   </div>
   <div class='ocr_carea' id='block_1_22' title="bbox 534 1853 3820 1935">
    <p class='ocr_par' dir='ltr' id='par_1_22' title="bbox 534 1853 3820 1935">
     <span class='ocr_line' id='line_1_22' title="bbox 534 1853 3820 1935; baseline -0.001 -17"><span class='ocrx_word' id='word_1_257' title='bbox 534 1859 646 1928; x_wconf 81' lang='lat' dir='ltr'><strong>dit,</strong></span> <span class='ocrx_word' id='word_1_258' title='bbox 676 1858 749 1918; x_wconf 86' lang='lat' dir='ltr'><strong>Si</strong></span> <span class='ocrx_word' id='word_1_259' title='bbox 779 1867 1016 1918; x_wconf 78' lang='lat' dir='ltr'><strong>tantam</strong></span> <span class='ocrx_word' id='word_1_260' title='bbox 1042 1853 1498 1935; x_wconf 59' lang='lat' dir='ltr'><strong>neglexerimus</strong></span> <span class='ocrx_word' id='word_1_261' title='bbox 1527 1853 1808 1914; x_wconf 79' lang='lat' dir='ltr'><strong>salutem.</strong></span> <span class='ocrx_word' id='word_1_262' title='bbox 1841 1853 1980 1935; x_wconf 63' lang='lat' dir='ltr'><strong>Non</strong></span> <span class='ocrx_word' id='word_1_263' title='bbox 2009 1853 2181 1935; x_wconf 86' lang='lat' dir='ltr'><strong>enim</strong></span> <span class='ocrx_word' id='word_1_264' title='bbox 2213 1873 2387 1916; x_wconf 90' lang='lat' dir='ltr'><strong>nunc</strong></span> <span class='ocrx_word' id='word_1_265' title='bbox 2419 1872 2536 1915; x_wconf 89' lang='lat' dir='ltr'><strong>nos</strong></span> <span class='ocrx_word' id='word_1_266' title='bbox 2568 1855 2645 1935; x_wconf 83' lang='lat' dir='ltr'><strong>de</strong></span> <span class='ocrx_word' id='word_1_267' title='bbox 2675 1855 2911 1932; x_wconf 67' lang='lat' dir='ltr'><strong>praeliis</strong></span> <span class='ocrx_word' id='word_1_268' title='bbox 2943 1854 3264 1925; x_wconf 86' lang='lat' dir='ltr'><strong>liberavit,</strong></span> <span class='ocrx_word' id='word_1_269' title='bbox 3296 1872 3428 1915; x_wconf 93' lang='lat' dir='ltr'><strong>non</strong></span> <span class='ocrx_word' id='word_1_270' title='bbox 3459 1857 3645 1917; x_wconf 89' lang='lat' dir='ltr'><strong>nobis</strong></span> <span class='ocrx_word' id='word_1_271' title='bbox 3680 1862 3820 1916; x_wconf 88' lang='lat' dir='ltr'><strong>ter-</strong></span> 
     </span>
    </p>
   </div>
   <div class='ocr_carea' id='block_1_23' title="bbox 535 1932 3816 2014">
    <p class='ocr_par' dir='ltr' id='par_1_23' title="bbox 535 1932 3816 2014">
     <span class='ocr_line' id='line_1_23' title="bbox 535 1932 3816 2014; baseline 0.001 -18"><span class='ocrx_word' id='word_1_272' title='bbox 535 1954 675 1998; x_wconf 89' lang='lat' dir='ltr'><strong>ram</strong></span> <span class='ocrx_word' id='word_1_273' title='bbox 706 1939 806 1998; x_wconf 88' lang='lat' dir='ltr'><strong>vel</strong></span> <span class='ocrx_word' id='word_1_274' title='bbox 833 1944 1088 1999; x_wconf 90' lang='lat' dir='ltr'><strong>terrena</strong></span> <span class='ocrx_word' id='word_1_275' title='bbox 1120 1932 1289 1997; x_wconf 88' lang='lat' dir='ltr'><strong>bona</strong></span> <span class='ocrx_word' id='word_1_276' title='bbox 1314 1935 1589 2013; x_wconf 87' lang='lat' dir='ltr'><strong>largitus</strong></span> <span class='ocrx_word' id='word_1_277' title='bbox 1617 1939 1734 2004; x_wconf 90' lang='lat' dir='ltr'><strong>est,</strong></span> <span class='ocrx_word' id='word_1_278' title='bbox 1767 1932 1883 2014; x_wconf 9' lang='lat' dir='ltr'><strong>sed!</strong></span> <span class='ocrx_word' id='word_1_279' title='bbox 1909 1934 2133 1994; x_wconf 90' lang='lat' dir='ltr'><strong>mortis</strong></span> <span class='ocrx_word' id='word_1_280' title='bbox 2165 1934 2519 2005; x_wconf 90' lang='lat' dir='ltr'><strong>interitum,</strong></span> <span class='ocrx_word' id='word_1_281' title='bbox 2550 1933 2878 2014; x_wconf 89' lang='lat' dir='ltr'><strong>diabolum</strong></span> <span class='ocrx_word' id='word_1_282' title='bbox 2906 1949 3216 2014; x_wconf 85' lang='lat' dir='ltr'><strong>superare</strong></span> <span class='ocrx_word' id='word_1_283' title='bbox 3242 1935 3579 2002; x_wconf 88' lang='lat' dir='ltr'><strong>concessit.</strong></span> <span class='ocrx_word' id='word_1_284' title='bbox 3615 1951 3816 2014; x_wconf 85' lang='lat' dir='ltr'><strong>regna</strong></span> 
     </span>
    </p>
   </div>
   <div class='ocr_carea' id='block_1_24' title="bbox 536 2012 3814 2092">
    <p class='ocr_par' dir='ltr' id='par_1_24' title="bbox 536 2012 3814 2092">
     <span class='ocr_line' id='line_1_24' title="bbox 536 2012 3814 2092; baseline -0 -16"><span class='ocrx_word' id='word_1_285' title='bbox 536 2017 868 2086; x_wconf 59' lang='lat' dir='ltr'><strong>caelorum,</strong></span> <span class='ocrx_word' id='word_1_286' title='bbox 896 2018 1090 2078; x_wconf 88' lang='lat' dir='ltr'><strong>vitam</strong></span> <span class='ocrx_word' id='word_1_287' title='bbox 1112 2020 1176 2076; x_wconf 93' lang='lat' dir='ltr'><strong>et</strong></span> <span class='ocrx_word' id='word_1_288' title='bbox 1205 2012 1666 2077; x_wconf 84' lang='lat' dir='ltr'><strong>beatitudinem</strong></span> <span class='ocrx_word' id='word_1_289' title='bbox 1687 2012 2164 2092; x_wconf 84' lang='lat' dir='ltr'><strong>sempiternam.</strong></span> <span class='ocrx_word' id='word_1_290' title='bbox 2193 2015 2341 2075; x_wconf 70' lang='lat' dir='ltr'><strong>Haec</strong></span> <span class='ocrx_word' id='word_1_291' title='bbox 2365 2014 2605 2092; x_wconf 87' lang='lat' dir='ltr'><strong>quippe</strong></span> <span class='ocrx_word' id='word_1_292' title='bbox 2625 2013 2845 2074; x_wconf 89' lang='lat' dir='ltr'><strong>omnia</strong></span> <span class='ocrx_word' id='word_1_293' title='bbox 2873 2013 3156 2074; x_wconf 90' lang='lat' dir='ltr'><strong>breviter</strong></span> <span class='ocrx_word' id='word_1_294' title='bbox 3180 2013 3526 2087; x_wconf 89' lang='lat' dir='ltr'><strong>intimavit,</strong></span> <span class='ocrx_word' id='word_1_295' title='bbox 3549 2012 3768 2075; x_wconf 83' lang='lat' dir='ltr'><strong>dicens</strong></span> <span class='ocrx_word' id='word_1_296' title='bbox 3797 2033 3814 2074; x_wconf 88' lang='lat'><strong>:</strong></span> 
     </span>
    </p>
   </div>
   <div class='ocr_carea' id='block_1_25' title="bbox 537 2090 3814 2174">
    <p class='ocr_par' dir='ltr' id='par_1_25' title="bbox 537 2090 3814 2174">
     <span class='ocr_line' id='line_1_25' title="bbox 537 2090 3814 2174; baseline -0.001 -18"><span class='ocrx_word' id='word_1_297' title='bbox 537 2097 610 2157; x_wconf 90' lang='lat' dir='ltr'><strong>Si</strong></span> <span class='ocrx_word' id='word_1_298' title='bbox 636 2103 875 2156; x_wconf 89' lang='lat' dir='ltr'><strong>tantam</strong></span> <span class='ocrx_word' id='word_1_299' title='bbox 902 2095 1358 2174; x_wconf 73' lang='lat' dir='ltr'><strong>neglexerimus</strong></span> <span class='ocrx_word' id='word_1_300' title='bbox 1385 2093 1674 2174; x_wconf 75' lang='lat' dir='ltr'><strong>salutem.</strong></span> <span class='ocrx_word' id='word_1_301' title='bbox 1703 2090 1946 2153; x_wconf 91' lang='lat' dir='ltr'><strong>Deinde</strong></span> <span class='ocrx_word' id='word_1_302' title='bbox 1995 2093 2334 2174; x_wconf 86' lang='lat' dir='ltr'><strong>importat,</strong></span> <span class='ocrx_word' id='word_1_303' title='bbox 2367 2090 2545 2174; x_wconf 80' lang='lat' dir='ltr'><strong>unde</strong></span> <span class='ocrx_word' id='word_1_304' title='bbox 2591 2092 2942 2174; x_wconf 22' lang='lat' dir='ltr'><strong>ﬁdeidigna</strong></span> <span class='ocrx_word' id='word_1_305' title='bbox 2964 2137 2979 2164; x_wconf 95' lang='lat'><strong>,</strong></span> <span class='ocrx_word' id='word_1_306' title='bbox 3025 2110 3170 2174; x_wconf 65' lang='lat' dir='ltr'><strong>quae</strong></span> <span class='ocrx_word' id='word_1_307' title='bbox 3195 2091 3511 2174; x_wconf 80' lang='lat' dir='ltr'><strong>dicuntur</strong></span> <span class='ocrx_word' id='word_1_308' title='bbox 3544 2093 3775 2154; x_wconf 75' lang='lat' dir='ltr'><strong>efficiat</strong></span> <span class='ocrx_word' id='word_1_309' title='bbox 3799 2139 3814 2160; x_wconf 91' lang='lat'><strong>,</strong></span> 
     </span>
    </p>
   </div>
   <div class='ocr_carea' id='block_1_26' title="bbox 534 2171 3818 2251">
    <p class='ocr_par' dir='ltr' id='par_1_26' title="bbox 534 2171 3818 2251">
     <span class='ocr_line' id='line_1_26' title="bbox 534 2171 3818 2251; baseline -0.001 -17"><span class='ocrx_word' id='word_1_310' title='bbox 534 2175 752 2237; x_wconf 89' lang='lat' dir='ltr'><strong>dicens</strong></span> <span class='ocrx_word' id='word_1_311' title='bbox 783 2195 798 2234; x_wconf 91' lang='lat'><strong>:</strong></span> <span class='ocrx_word' id='word_1_312' title='bbox 832 2171 1146 2250; x_wconf 54' lang='lat' dir='ltr'><strong>Qute&#39;cum</strong></span> <span class='ocrx_word' id='word_1_313' title='bbox 1182 2174 1438 2234; x_wconf 89' lang='lat' dir='ltr'><strong>initium</strong></span> <span class='ocrx_word' id='word_1_314' title='bbox 1467 2172 1799 2250; x_wconf 68' lang='lat' dir='ltr'><strong>accepisset</strong></span> <span class='ocrx_word' id='word_1_315' title='bbox 1830 2173 2118 2232; x_wconf 79' lang='lat' dir='ltr'><strong>enarrari</strong></span> <span class='ocrx_word' id='word_1_316' title='bbox 2138 2190 2255 2251; x_wconf 86' lang='lat' dir='ltr'><strong>per</strong></span> <span class='ocrx_word' id='word_1_317' title='bbox 2281 2171 2637 2232; x_wconf 87' lang='lat' dir='ltr'><strong>Dominum.</strong></span> <span class='ocrx_word' id='word_1_318' title='bbox 2676 2173 2810 2233; x_wconf 87' lang='lat' dir='ltr'><strong>Hoc</strong></span> <span class='ocrx_word' id='word_1_319' title='bbox 2841 2177 2968 2239; x_wconf 88' lang='lat' dir='ltr'><strong>est,</strong></span> <span class='ocrx_word' id='word_1_320' title='bbox 3001 2172 3050 2232; x_wconf 92' lang='lat' dir='ltr'><strong>si</strong></span> <span class='ocrx_word' id='word_1_321' title='bbox 3078 2173 3160 2233; x_wconf 86' lang='lat' dir='ltr'><strong>ab</strong></span> <span class='ocrx_word' id='word_1_322' title='bbox 3190 2171 3329 2248; x_wconf 91' lang='lat' dir='ltr'><strong>ipso</strong></span> <span class='ocrx_word' id='word_1_323' title='bbox 3356 2172 3526 2232; x_wconf 90' lang='lat' dir='ltr'><strong>fonte</strong></span> <span class='ocrx_word' id='word_1_324' title='bbox 3558 2174 3692 2235; x_wconf 65' lang='lat' dir='ltr'><strong>haec</strong></span> <span class='ocrx_word' id='word_1_325' title='bbox 3719 2173 3818 2232; x_wconf 87' lang='lat' dir='ltr'><strong>di-</strong></span> 
     </span>
    </p>
   </div>
   <div class='ocr_carea' id='block_1_27' title="bbox 539 2252 3818 2332">
    <p class='ocr_par' dir='ltr' id='par_1_27' title="bbox 539 2252 3818 2332">
     <span class='ocr_line' id='line_1_27' title="bbox 539 2252 3818 2332; baseline -0.001 -18"><span class='ocrx_word' id='word_1_326' title='bbox 539 2257 744 2315; x_wconf 76' lang='lat' dir='ltr'><strong>cimus</strong></span> <span class='ocrx_word' id='word_1_327' title='bbox 773 2255 1012 2316; x_wconf 89' lang='lat' dir='ltr'><strong>habere</strong></span> <span class='ocrx_word' id='word_1_328' title='bbox 1037 2253 1618 2332; x_wconf 80' lang='lat' dir='ltr'><strong>principiumznon</strong></span> <span class='ocrx_word' id='word_1_329' title='bbox 1645 2268 1803 2330; x_wconf 87' lang='lat' dir='ltr'><strong>ergo</strong></span> <span class='ocrx_word' id='word_1_330' title='bbox 1828 2253 1915 2332; x_wconf 86' lang='lat' dir='ltr'><strong>ab</strong></span> <span class='ocrx_word' id='word_1_331' title='bbox 1961 2252 2548 2332; x_wconf 78' lang='lat' dir='ltr'><strong>hominibusnobis</strong></span> <span class='ocrx_word' id='word_1_332' title='bbox 2581 2253 2777 2312; x_wconf 85' lang='lat' dir='ltr'><strong>allata</strong></span> <span class='ocrx_word' id='word_1_333' title='bbox 2818 2254 2998 2332; x_wconf 80' lang='lat' dir='ltr'><strong>sunt,</strong></span> <span class='ocrx_word' id='word_1_334' title='bbox 3032 2268 3162 2332; x_wconf 87' lang='lat' dir='ltr'><strong>non</strong></span> <span class='ocrx_word' id='word_1_335' title='bbox 3198 2253 3280 2332; x_wconf 81' lang='lat' dir='ltr'><strong>ab</strong></span> <span class='ocrx_word' id='word_1_336' title='bbox 3315 2253 3535 2328; x_wconf 87' lang='lat' dir='ltr'><strong>aliqua</strong></span> <span class='ocrx_word' id='word_1_337' title='bbox 3583 2253 3818 2313; x_wconf 86' lang='lat' dir='ltr'><strong>virtute</strong></span> 
     </span>
    </p>
   </div>
   <div class='ocr_carea' id='block_1_28' title="bbox 539 2329 3818 2412">
    <p class='ocr_par' dir='ltr' id='par_1_28' title="bbox 539 2329 3818 2412">
     <span class='ocr_line' id='line_1_28' title="bbox 539 2329 3818 2412; baseline -0.001 -18"><span class='ocrx_word' id='word_1_338' title='bbox 539 2335 641 2394; x_wconf 87' lang='lat' dir='ltr'><strong>vel</strong></span> <span class='ocrx_word' id='word_1_339' title='bbox 668 2339 908 2404; x_wconf 90' lang='lat' dir='ltr'><strong>creata,</strong></span> <span class='ocrx_word' id='word_1_340' title='bbox 943 2329 1056 2395; x_wconf 79' lang='lat' dir='ltr'><strong>vel</strong></span> <span class='ocrx_word' id='word_1_341' title='bbox 1072 2329 1350 2404; x_wconf 88' lang='lat' dir='ltr'><strong>condita,</strong></span> <span class='ocrx_word' id='word_1_342' title='bbox 1385 2331 1494 2392; x_wconf 87' lang='lat' dir='ltr'><strong>sed</strong></span> <span class='ocrx_word' id='word_1_343' title='bbox 1524 2332 1661 2412; x_wconf 81' lang='lat' dir='ltr'><strong>ipse</strong></span> <span class='ocrx_word' id='word_1_344' title='bbox 1693 2331 1875 2412; x_wconf 74' lang='lat' dir='ltr'><strong>nobis</strong></span> <span class='ocrx_word' id='word_1_345' title='bbox 1907 2347 1981 2391; x_wconf 89' lang='lat' dir='ltr'><strong>ea</strong></span> <span class='ocrx_word' id='word_1_346' title='bbox 1999 2330 2213 2412; x_wconf 63' lang='lat' dir='ltr'><strong>Filius</strong></span> <span class='ocrx_word' id='word_1_347' title='bbox 2244 2330 2614 2412; x_wconf 73' lang='lat' dir='ltr'><strong>unigenitus</strong></span> <span class='ocrx_word' id='word_1_348' title='bbox 2649 2331 3018 2412; x_wconf 83' lang='lat' dir='ltr'><strong>impertivit.</strong></span> <span class='ocrx_word' id='word_1_349' title='bbox 3051 2329 3141 2390; x_wconf 79' lang='lat' dir='ltr'><strong>Ab</strong></span> <span class='ocrx_word' id='word_1_350' title='bbox 3170 2329 3278 2397; x_wconf 88' lang='lat' dir='ltr'><strong>eis,</strong></span> <span class='ocrx_word' id='word_1_351' title='bbox 3305 2332 3537 2412; x_wconf 78' lang='lat' dir='ltr'><strong>inquit,</strong></span> <span class='ocrx_word' id='word_1_352' title='bbox 3561 2332 3673 2412; x_wconf 88' lang='lat' dir='ltr'><strong>qui</strong></span> <span class='ocrx_word' id='word_1_353' title='bbox 3701 2352 3818 2392; x_wconf 56' lang='lat' dir='ltr'><strong>auo</strong></span> 
     </span>
    </p>
   </div>
   <div class='ocr_carea' id='block_1_29' title="bbox 538 2408 3821 2490">
    <p class='ocr_par' dir='ltr' id='par_1_29' title="bbox 538 2408 3821 2490">
     <span class='ocr_line' id='line_1_29' title="bbox 538 2408 3821 2490; baseline -0.001 -15"><span class='ocrx_word' id='word_1_354' title='bbox 538 2412 819 2479; x_wconf 72' lang='lat' dir='ltr'><strong>(tierunt,</strong></span> <span class='ocrx_word' id='word_1_355' title='bbox 850 2415 914 2473; x_wconf 87' lang='lat' dir='ltr'><strong>in</strong></span> <span class='ocrx_word' id='word_1_356' title='bbox 947 2431 1060 2473; x_wconf 85' lang='lat' dir='ltr'><strong>nos</strong></span> <span class='ocrx_word' id='word_1_357' title='bbox 1089 2414 1457 2490; x_wconf 77' lang='lat' dir='ltr'><strong>conﬁrmata</strong></span> <span class='ocrx_word' id='word_1_358' title='bbox 1485 2419 1595 2470; x_wconf 82' lang='lat' dir='ltr'><strong>est.</strong></span> <span class='ocrx_word' id='word_1_359' title='bbox 1628 2409 1794 2484; x_wconf 88' lang='lat' dir='ltr'><strong>Quid</strong></span> <span class='ocrx_word' id='word_1_360' title='bbox 1825 2414 1947 2476; x_wconf 87' lang='lat' dir='ltr'><strong>est,</strong></span> <span class='ocrx_word' id='word_1_361' title='bbox 1979 2408 2360 2488; x_wconf 79' lang='lat' dir='ltr'><strong>Conﬁrmata</strong></span> <span class='ocrx_word' id='word_1_362' title='bbox 2383 2410 2522 2470; x_wconf 77' lang='lat' dir='ltr'><strong>cst?</strong></span> <span class='ocrx_word' id='word_1_363' title='bbox 2551 2409 2806 2470; x_wconf 85' lang='lat' dir='ltr'><strong>Credita</strong></span> <span class='ocrx_word' id='word_1_364' title='bbox 2838 2415 2932 2470; x_wconf 83' lang='lat' dir='ltr'><strong>est</strong></span> <span class='ocrx_word' id='word_1_365' title='bbox 2963 2413 3160 2485; x_wconf 84' lang='lat' dir='ltr'><strong>atque</strong></span> <span class='ocrx_word' id='word_1_366' title='bbox 3192 2410 3511 2486; x_wconf 89' lang='lat' dir='ltr'><strong>perfecta:</strong></span> <span class='ocrx_word' id='word_1_367' title='bbox 3540 2408 3771 2488; x_wconf 67' lang='lat' dir='ltr'><strong>Pignus</strong></span> <span class='ocrx_word' id='word_1_368' title='bbox 3805 2457 3821 2483; x_wconf 96' lang='lat'><strong>,</strong></span> 
     </span>
    </p>
   </div>
   <div class='ocr_carea' id='block_1_30' title="bbox 532 2496 3823 2578">
    <p class='ocr_par' dir='ltr' id='par_1_30' title="bbox 532 2496 3823 2578">
     <span class='ocr_line' id='line_1_30' title="bbox 532 2496 3823 2578; baseline 0.002 -18"><span class='ocrx_word' id='word_1_369' title='bbox 532 2499 766 2578; x_wconf 90' lang='lat' dir='ltr'><strong>inquit,</strong></span> <span class='ocrx_word' id='word_1_370' title='bbox 791 2498 1125 2559; x_wconf 81' lang='lat' dir='ltr'><strong>habemus.</strong></span> <span class='ocrx_word' id='word_1_371' title='bbox 1155 2496 1294 2578; x_wconf 84' lang='lat' dir='ltr'><strong>Hoc</strong></span> <span class='ocrx_word' id='word_1_372' title='bbox 1322 2503 1420 2578; x_wconf 87' lang='lat' dir='ltr'><strong>est</strong></span> <span class='ocrx_word' id='word_1_373' title='bbox 1441 2542 1457 2570; x_wconf 91' lang='lat'><strong>,</strong></span> <span class='ocrx_word' id='word_1_374' title='bbox 1490 2514 1622 2558; x_wconf 91' lang='lat' dir='ltr'><strong>non</strong></span> <span class='ocrx_word' id='word_1_375' title='bbox 1652 2496 2007 2578; x_wconf 82' lang='lat' dir='ltr'><strong>exstincta,</strong></span> <span class='ocrx_word' id='word_1_376' title='bbox 2041 2514 2172 2559; x_wconf 92' lang='lat' dir='ltr'><strong>non</strong></span> <span class='ocrx_word' id='word_1_377' title='bbox 2200 2496 2526 2578; x_wconf 80' lang='lat' dir='ltr'><strong>diminuta</strong></span> <span class='ocrx_word' id='word_1_378' title='bbox 2546 2500 2644 2558; x_wconf 89' lang='lat' dir='ltr'><strong>est</strong></span> <span class='ocrx_word' id='word_1_379' title='bbox 2669 2497 2845 2578; x_wconf 83' lang='lat' dir='ltr'><strong>salus</strong></span> <span class='ocrx_word' id='word_1_380' title='bbox 2871 2541 2886 2568; x_wconf 92' lang='lat'><strong>,</strong></span> <span class='ocrx_word' id='word_1_381' title='bbox 2915 2515 3110 2576; x_wconf 87' lang='lat' dir='ltr'><strong>quam</strong></span> <span class='ocrx_word' id='word_1_382' title='bbox 3146 2500 3329 2559; x_wconf 89' lang='lat' dir='ltr'><strong>nobis</strong></span> <span class='ocrx_word' id='word_1_383' title='bbox 3359 2502 3682 2574; x_wconf 87' lang='lat' dir='ltr'><strong>attribuit,</strong></span> <span class='ocrx_word' id='word_1_384' title='bbox 3713 2505 3823 2565; x_wconf 90' lang='lat' dir='ltr'><strong>sed</strong></span> 
     </span>
    </p>
   </div>
   <div class='ocr_carea' id='block_1_31' title="bbox 532 2575 3824 2658">
    <p class='ocr_par' dir='ltr' id='par_1_31' title="bbox 532 2575 3824 2658">
     <span class='ocr_line' id='line_1_31' title="bbox 532 2575 3824 2658; baseline 0.002 -19"><span class='ocrx_word' id='word_1_385' title='bbox 532 2575 869 2658; x_wconf 82' lang='lat' dir='ltr'><strong>permanet</strong></span> <span class='ocrx_word' id='word_1_386' title='bbox 897 2582 959 2658; x_wconf 76' lang='lat' dir='ltr'><strong>et</strong></span> <span class='ocrx_word' id='word_1_387' title='bbox 987 2576 1388 2658; x_wconf 56' lang='lat' dir='ltr'><strong>prinvaletin</strong></span> <span class='ocrx_word' id='word_1_388' title='bbox 1424 2580 1757 2658; x_wconf 65' lang='lat' dir='ltr'><strong>aeternum.</strong></span> <span class='ocrx_word' id='word_1_389' title='bbox 1793 2575 2005 2638; x_wconf 91' lang='lat' dir='ltr'><strong>Causa</strong></span> <span class='ocrx_word' id='word_1_390' title='bbox 2033 2593 2184 2658; x_wconf 81' lang='lat' dir='ltr'><strong>vero</strong></span> <span class='ocrx_word' id='word_1_391' title='bbox 2212 2575 2405 2658; x_wconf 66' lang='lat' dir='ltr'><strong>hujus</strong></span> <span class='ocrx_word' id='word_1_392' title='bbox 2438 2575 2530 2637; x_wconf 90' lang='lat' dir='ltr'><strong>rei</strong></span> <span class='ocrx_word' id='word_1_393' title='bbox 2561 2581 2656 2635; x_wconf 86' lang='lat' dir='ltr'><strong>est</strong></span> <span class='ocrx_word' id='word_1_394' title='bbox 2685 2575 3298 2658; x_wconf 9' lang='lat' dir='ltr'><strong>divinmf&#39;voluntatis</strong></span> <span class='ocrx_word' id='word_1_395' title='bbox 3336 2581 3649 2657; x_wconf 87' lang='lat' dir='ltr'><strong>operatio.</strong></span> <span class='ocrx_word' id='word_1_396' title='bbox 3683 2582 3824 2646; x_wconf 84' lang='lat' dir='ltr'><strong>Hoc</strong></span> 
     </span>
    </p>
   </div>
   <div class='ocr_carea' id='block_1_32' title="bbox 529 2655 3823 2740">
    <p class='ocr_par' dir='ltr' id='par_1_32' title="bbox 529 2655 3823 2740">
     <span class='ocr_line' id='line_1_32' title="bbox 529 2655 3823 2740; baseline 0 -18"><span class='ocrx_word' id='word_1_397' title='bbox 529 2655 655 2729; x_wconf 74' lang='lat' dir='ltr'><strong>est,</strong></span> <span class='ocrx_word' id='word_1_398' title='bbox 687 2657 800 2740; x_wconf 83' lang='lat' dir='ltr'><strong>qui</strong></span> <span class='ocrx_word' id='word_1_399' title='bbox 831 2655 1568 2740; x_wconf 29' lang='lat' dir='ltr'><strong>a_Dorn_ino-audierunt,</strong></span> <span class='ocrx_word' id='word_1_400' title='bbox 1601 2655 1724 2740; x_wconf 78' lang='lat' dir='ltr'><strong>ipsi</strong></span> <span class='ocrx_word' id='word_1_401' title='bbox 1758 2673 1875 2740; x_wconf 84' lang='lat' dir='ltr'><strong>nos</strong></span> <span class='ocrx_word' id='word_1_402' title='bbox 1910 2655 2188 2740; x_wconf 71' lang='lat' dir='ltr'><strong>propriis</strong></span> <span class='ocrx_word' id='word_1_403' title='bbox 2216 2655 2701 2740; x_wconf 70' lang='lat' dir='ltr'><strong>nonﬁrmavere</strong></span> <span class='ocrx_word' id='word_1_404' title='bbox 2723 2656 3088 2740; x_wconf 73' lang='lat' dir='ltr'><strong>virtntibus.</strong></span> <span class='ocrx_word' id='word_1_405' title='bbox 3118 2655 3428 2740; x_wconf 68' lang='lat' dir='ltr'><strong>Magnum</strong></span> <span class='ocrx_word' id='word_1_406' title='bbox 3459 2660 3582 2721; x_wconf 89' lang='lat' dir='ltr'><strong>hoc</strong></span> <span class='ocrx_word' id='word_1_407' title='bbox 3609 2679 3773 2740; x_wconf 85' lang='lat' dir='ltr'><strong>opus</strong></span> <span class='ocrx_word' id='word_1_408' title='bbox 3806 2708 3823 2731; x_wconf 90' lang='lat'><strong>,</strong></span> 
     </span>
    </p>
   </div>
   <div class='ocr_carea' id='block_1_33' title="bbox 533 2733 3824 2827">
    <p class='ocr_par' dir='ltr' id='par_1_33' title="bbox 533 2733 3824 2827">
     <span class='ocr_line' id='line_1_33' title="bbox 533 2733 3824 2827; baseline 0.002 -31"><span class='ocrx_word' id='word_1_409' title='bbox 533 2733 840 2827; x_wconf 75' lang='lat' dir='ltr'><strong>omnique</strong></span> <span class='ocrx_word' id='word_1_410' title='bbox 868 2735 988 2827; x_wconf 79' lang='lat' dir='ltr'><strong>ﬁde</strong></span> <span class='ocrx_word' id='word_1_411' title='bbox 1014 2734 1460 2827; x_wconf 74' lang='lat' dir='ltr'><strong>dignissimnm</strong></span> <span class='ocrx_word' id='word_1_412' title='bbox 1482 2779 1498 2807; x_wconf 91' lang='lat'><strong>,</strong></span> <span class='ocrx_word' id='word_1_413' title='bbox 1531 2733 1925 2827; x_wconf 71' lang='lat' dir='ltr'><strong>quodetiam</strong></span> <span class='ocrx_word' id='word_1_414' title='bbox 1958 2735 2164 2827; x_wconf 83' lang='lat' dir='ltr'><strong>Lucas</strong></span> <span class='ocrx_word' id='word_1_415' title='bbox 2196 2733 2359 2827; x_wconf 80' lang='lat' dir='ltr'><strong>dixit</strong></span> <span class='ocrx_word' id='word_1_416' title='bbox 2379 2734 2453 2827; x_wconf 42' lang='lat' dir='ltr'><strong>.in</strong></span> <span class='ocrx_word' id='word_1_417' title='bbox 2497 2735 2817 2827; x_wconf 80' lang='lat' dir='ltr'><strong>principio</strong></span> <span class='ocrx_word' id='word_1_418' title='bbox 2845 2733 3323 2827; x_wconf 46' lang='lat' dir='ltr'><strong>Eyanﬂgeliius&#39;ui</strong></span> <span class='ocrx_word' id='word_1_419' title='bbox 3350 2757 3365 2796; x_wconf 88' lang='lat'><strong>:</strong></span> <span class='ocrx_word' id='word_1_420' title='bbox 3389 2739 3573 2827; x_wconf 70' lang='lat' dir='ltr'><strong>Sicut</strong></span> <span class='ocrx_word' id='word_1_421' title='bbox 3610 2733 3824 2827; x_wconf 59' lang='lat' dir='ltr'><strong>tradi-</strong></span> 
     </span>
    </p>
   </div>
   <div class='ocr_carea' id='block_1_34' title="bbox 535 2812 3827 2895">
    <p class='ocr_par' dir='ltr' id='par_1_34' title="bbox 535 2812 3827 2895">
     <span class='ocr_line' id='line_1_34' title="bbox 535 2812 3827 2895; baseline 0.002 -19"><span class='ocrx_word' id='word_1_422' title='bbox 535 2817 773 2895; x_wconf 74' lang='lat' dir='ltr'><strong>derunt</strong></span> <span class='ocrx_word' id='word_1_423' title='bbox 791 2813 968 2876; x_wconf 89' lang='lat' dir='ltr'><strong>nobis</strong></span> <span class='ocrx_word' id='word_1_424' title='bbox 997 2812 1110 2895; x_wconf 79' lang='lat' dir='ltr'><strong>qui</strong></span> <span class='ocrx_word' id='word_1_425' title='bbox 1135 2812 1208 2874; x_wconf 89' lang='lat' dir='ltr'><strong>ab</strong></span> <span class='ocrx_word' id='word_1_426' title='bbox 1239 2814 1426 2875; x_wconf 89' lang='lat' dir='ltr'><strong>initio</strong></span> <span class='ocrx_word' id='word_1_427' title='bbox 1447 2820 1776 2895; x_wconf 69' lang='lat' dir='ltr'><strong>prasentes</strong></span> <span class='ocrx_word' id='word_1_428' title='bbox 1806 2814 2120 2895; x_wconf 81' lang='lat' dir='ltr'><strong>viderunt,</strong></span> <span class='ocrx_word' id='word_1_429' title='bbox 2155 2821 2212 2895; x_wconf 83' lang='lat' dir='ltr'><strong>et</strong></span> <span class='ocrx_word' id='word_1_430' title='bbox 2239 2812 2756 2895; x_wconf 83' lang='lat' dir='ltr'><strong>ministraverunt</strong></span> <span class='ocrx_word' id='word_1_431' title='bbox 2785 2813 2993 2874; x_wconf 82' lang='lat' dir='ltr'><strong>verbo.</strong></span> <span class='ocrx_word' id='word_1_432' title='bbox 3017 2812 3133 2876; x_wconf 86' lang='lat' dir='ltr'><strong>Sed</strong></span> <span class='ocrx_word' id='word_1_433' title='bbox 3159 2816 3326 2877; x_wconf 91' lang='lat' dir='ltr'><strong>dicet</strong></span> <span class='ocrx_word' id='word_1_434' title='bbox 3348 2819 3586 2895; x_wconf 91' lang='lat' dir='ltr'><strong>aliquis</strong></span> <span class='ocrx_word' id='word_1_435' title='bbox 3614 2840 3628 2878; x_wconf 91' lang='lat'><strong>:</strong></span> <span class='ocrx_word' id='word_1_436' title='bbox 3653 2822 3827 2895; x_wconf 89' lang='lat' dir='ltr'><strong>Quo-</strong></span> 
     </span>
    </p>
   </div>
   <div class='ocr_carea' id='block_1_35' title="bbox 537 2892 3831 2971">
    <p class='ocr_par' dir='ltr' id='par_1_35' title="bbox 537 2892 3831 2971">
     <span class='ocr_line' id='line_1_35' title="bbox 537 2892 3831 2971; baseline 0.001 -16"><span class='ocrx_word' id='word_1_437' title='bbox 537 2894 729 2955; x_wconf 92' lang='lat' dir='ltr'><strong>modo</strong></span> <span class='ocrx_word' id='word_1_438' title='bbox 759 2893 894 2954; x_wconf 75' lang='lat' dir='ltr'><strong>hzec</strong></span> <span class='ocrx_word' id='word_1_439' title='bbox 917 2892 1296 2955; x_wconf 88' lang='lat' dir='ltr'><strong>conﬁrmata</strong></span> <span class='ocrx_word' id='word_1_440' title='bbox 1330 2899 1429 2954; x_wconf 91' lang='lat' dir='ltr'><strong>est</strong></span> <span class='ocrx_word' id='word_1_441' title='bbox 1451 2892 1678 2955; x_wconf 82' lang='lat' dir='ltr'><strong>salus?</strong></span> <span class='ocrx_word' id='word_1_442' title='bbox 1706 2893 1862 2971; x_wconf 91' lang='lat' dir='ltr'><strong>quid</strong></span> <span class='ocrx_word' id='word_1_443' title='bbox 1889 2893 2084 2963; x_wconf 90' lang='lat' dir='ltr'><strong>enim,</strong></span> <span class='ocrx_word' id='word_1_444' title='bbox 2114 2893 2165 2953; x_wconf 90' lang='lat' dir='ltr'><strong>si</strong></span> <span class='ocrx_word' id='word_1_445' title='bbox 2194 2895 2276 2953; x_wconf 90' lang='lat' dir='ltr'><strong>ab</strong></span> <span class='ocrx_word' id='word_1_446' title='bbox 2297 2893 2403 2964; x_wconf 90' lang='lat' dir='ltr'><strong>iis,</strong></span> <span class='ocrx_word' id='word_1_447' title='bbox 2428 2893 2539 2971; x_wconf 87' lang='lat' dir='ltr'><strong>qui</strong></span> <span class='ocrx_word' id='word_1_448' title='bbox 2571 2894 2760 2970; x_wconf 90' lang='lat' dir='ltr'><strong>primi</strong></span> <span class='ocrx_word' id='word_1_449' title='bbox 2789 2895 3136 2955; x_wconf 88' lang='lat' dir='ltr'><strong>audierunt</strong></span> <span class='ocrx_word' id='word_1_450' title='bbox 3157 2897 3302 2966; x_wconf 91' lang='lat' dir='ltr'><strong>ista,</strong></span> <span class='ocrx_word' id='word_1_451' title='bbox 3334 2892 3605 2960; x_wconf 83' lang='lat' dir='ltr'><strong>conﬁcta</strong></span> <span class='ocrx_word' id='word_1_452' title='bbox 3629 2892 3780 2961; x_wconf 82' lang='lat' dir='ltr'><strong>sunt</strong></span> <span class='ocrx_word' id='word_1_453' title='bbox 3800 2903 3831 2959; x_wconf 67' lang='grc' dir='ltr'><em>Τ</em></span> 
     </span>
    </p>
   </div>
   <div class='ocr_carea' id='block_1_36' title="bbox 535 2971 3828 3053">
    <p class='ocr_par' dir='ltr' id='par_1_36' title="bbox 535 2971 3828 3053">
     <span class='ocr_line' id='line_1_36' title="bbox 535 2971 3828 3053; baseline 0.002 -17"><span class='ocrx_word' id='word_1_454' title='bbox 535 2975 674 3035; x_wconf 84' lang='lat' dir='ltr'><strong>Hoc</strong></span> <span class='ocrx_word' id='word_1_455' title='bbox 705 2990 861 3053; x_wconf 82' lang='lat' dir='ltr'><strong>ergo</strong></span> <span class='ocrx_word' id='word_1_456' title='bbox 888 2971 1146 3043; x_wconf 80' lang='lat' dir='ltr'><strong>refutat,</strong></span> <span class='ocrx_word' id='word_1_457' title='bbox 1183 2977 1246 3033; x_wconf 92' lang='lat' dir='ltr'><strong>et</strong></span> <span class='ocrx_word' id='word_1_458' title='bbox 1271 2973 1548 3033; x_wconf 88' lang='lat' dir='ltr'><strong>ostendit</strong></span> <span class='ocrx_word' id='word_1_459' title='bbox 1573 2989 1704 3033; x_wconf 88' lang='lat' dir='ltr'><strong>non</strong></span> <span class='ocrx_word' id='word_1_460' title='bbox 1734 2991 1876 3033; x_wconf 91' lang='lat' dir='ltr'><strong>esse</strong></span> <span class='ocrx_word' id='word_1_461' title='bbox 1906 2973 2260 3053; x_wconf 89' lang='lat' dir='ltr'><strong>humanam</strong></span> <span class='ocrx_word' id='word_1_462' title='bbox 2288 2972 2455 3032; x_wconf 91' lang='lat' dir='ltr'><strong>hanc</strong></span> <span class='ocrx_word' id='word_1_463' title='bbox 2484 2972 2781 3052; x_wconf 89' lang='lat' dir='ltr'><strong>gratiam.</strong></span> <span class='ocrx_word' id='word_1_464' title='bbox 2808 2974 3031 3052; x_wconf 82' lang='lat' dir='ltr'><strong>Neque</strong></span> <span class='ocrx_word' id='word_1_465' title='bbox 3071 2975 3240 3034; x_wconf 93' lang='lat' dir='ltr'><strong>enim</strong></span> <span class='ocrx_word' id='word_1_466' title='bbox 3269 3022 3282 3043; x_wconf 84' lang='lat'><strong>,</strong></span> <span class='ocrx_word' id='word_1_467' title='bbox 3310 2977 3361 3036; x_wconf 90' lang='lat' dir='ltr'><strong>si</strong></span> <span class='ocrx_word' id='word_1_468' title='bbox 3386 2977 3520 3038; x_wconf 65' lang='lat' dir='ltr'><strong>haec</strong></span> <span class='ocrx_word' id='word_1_469' title='bbox 3557 2979 3828 3044; x_wconf 79' lang='lat' dir='ltr'><strong>conﬁcta</strong></span> 
     </span>
    </p>
   </div>
   <div class='ocr_carea' id='block_1_37' title="bbox 539 3052 3826 3130">
    <p class='ocr_par' dir='ltr' id='par_1_37' title="bbox 539 3052 3826 3130">
     <span class='ocr_line' id='line_1_37' title="bbox 539 3052 3826 3130; baseline 0.002 -18"><span class='ocrx_word' id='word_1_470' title='bbox 539 3060 757 3115; x_wconf 90' lang='lat' dir='ltr'><strong>essent</strong></span> <span class='ocrx_word' id='word_1_471' title='bbox 775 3052 806 3125; x_wconf 31' lang='grc' dir='ltr'><strong>,ί</strong></span> <span class='ocrx_word' id='word_1_472' title='bbox 825 3055 1298 3113; x_wconf 89' lang='lat' dir='ltr'><strong>contestaretur</strong></span> <span class='ocrx_word' id='word_1_473' title='bbox 1335 3053 1461 3112; x_wconf 89' lang='lat' dir='ltr'><strong>illis</strong></span> <span class='ocrx_word' id='word_1_474' title='bbox 1493 3053 1712 3112; x_wconf 90' lang='lat' dir='ltr'><strong>divina</strong></span> <span class='ocrx_word' id='word_1_475' title='bbox 1747 3052 2074 3130; x_wconf 82' lang='lat' dir='ltr'><strong>potentia:</strong></span> <span class='ocrx_word' id='word_1_476' title='bbox 2101 3056 2444 3129; x_wconf 88' lang='lat' dir='ltr'><strong>pr0pterea</strong></span> <span class='ocrx_word' id='word_1_477' title='bbox 2475 3069 2629 3130; x_wconf 87' lang='lat' dir='ltr'><strong>ergo</strong></span> <span class='ocrx_word' id='word_1_478' title='bbox 2659 3053 2909 3123; x_wconf 88' lang='lat' dir='ltr'><strong>intulit,</strong></span> <span class='ocrx_word' id='word_1_479' title='bbox 2939 3055 3157 3114; x_wconf 89' lang='lat' dir='ltr'><strong>dicens</strong></span> <span class='ocrx_word' id='word_1_480' title='bbox 3191 3075 3205 3113; x_wconf 89' lang='lat'><strong>:</strong></span> <span class='ocrx_word' id='word_1_481' title='bbox 3238 3056 3633 3118; x_wconf 85' lang='lat' dir='ltr'><strong>Contestante</strong></span> <span class='ocrx_word' id='word_1_482' title='bbox 3670 3061 3826 3120; x_wconf 87' lang='lat' dir='ltr'><strong>Deo.</strong></span> 
     </span>
    </p>
   </div>
   <div class='ocr_carea' id='block_1_38' title="bbox 538 3131 3827 3212">
    <p class='ocr_par' dir='ltr' id='par_1_38' title="bbox 538 3131 3827 3212">
     <span class='ocr_line' id='line_1_38' title="bbox 538 3131 3827 3212; baseline 0.002 -19"><span class='ocrx_word' id='word_1_483' title='bbox 538 3131 995 3194; x_wconf 81' lang='lat' dir='ltr'><strong>Testiﬁcantur</strong></span> <span class='ocrx_word' id='word_1_484' title='bbox 1027 3131 1297 3212; x_wconf 2' lang='lat' dir='ltr'><strong>quidem,</strong></span> <span class='ocrx_word' id='word_1_485' title='bbox 1324 3138 1385 3212; x_wconf 83' lang='lat' dir='ltr'><strong>et</strong></span> <span class='ocrx_word' id='word_1_486' title='bbox 1415 3132 1530 3204; x_wconf 89' lang='lat' dir='ltr'><strong>illi,</strong></span> <span class='ocrx_word' id='word_1_487' title='bbox 1565 3131 1943 3212; x_wconf 89' lang='lat' dir='ltr'><strong>testiﬁcatur</strong></span> <span class='ocrx_word' id='word_1_488' title='bbox 1975 3135 2040 3191; x_wconf 92' lang='lat' dir='ltr'><strong>et</strong></span> <span class='ocrx_word' id='word_1_489' title='bbox 2068 3131 2263 3212; x_wconf 82' lang='lat' dir='ltr'><strong>Deus.</strong></span> <span class='ocrx_word' id='word_1_490' title='bbox 2301 3131 2380 3190; x_wconf 90' lang='lat' dir='ltr'><strong>Et</strong></span> <span class='ocrx_word' id='word_1_491' title='bbox 2407 3132 2730 3209; x_wconf 88' lang='lat' dir='ltr'><strong>quomodo</strong></span> <span class='ocrx_word' id='word_1_492' title='bbox 2761 3133 3140 3194; x_wconf 88' lang='lat' dir='ltr'><strong>testiﬁcatur</strong></span> <span class='ocrx_word' id='word_1_493' title='bbox 3169 3135 3387 3195; x_wconf 88' lang='lat' dir='ltr'><strong>Deus?</strong></span> <span class='ocrx_word' id='word_1_494' title='bbox 3413 3137 3554 3198; x_wconf 89' lang='lat' dir='ltr'><strong>Non</strong></span> <span class='ocrx_word' id='word_1_495' title='bbox 3584 3141 3782 3200; x_wconf 89' lang='lat' dir='ltr'><strong>verbo</strong></span> <span class='ocrx_word' id='word_1_496' title='bbox 3809 3184 3827 3212; x_wconf 90' lang='lat'><strong>,</strong></span> 
     </span>
    </p>
   </div>
   <div class='ocr_carea' id='block_1_39' title="bbox 541 3209 3831 3295">
    <p class='ocr_par' dir='ltr' id='par_1_39' title="bbox 541 3209 3831 3295">
     <span class='ocr_line' id='line_1_39' title="bbox 541 3209 3831 3295; baseline 0.002 -23"><span class='ocrx_word' id='word_1_497' title='bbox 541 3230 754 3295; x_wconf 80' lang='lat' dir='ltr'><strong>neque</strong></span> <span class='ocrx_word' id='word_1_498' title='bbox 783 3229 961 3295; x_wconf 68' lang='lat' dir='ltr'><strong>voce;</strong></span> <span class='ocrx_word' id='word_1_499' title='bbox 999 3215 1169 3271; x_wconf 88' lang='lat' dir='ltr'><strong>esset</strong></span> <span class='ocrx_word' id='word_1_500' title='bbox 1191 3210 1607 3295; x_wconf 86' lang='lat' dir='ltr'><strong>quidem_hoc</strong></span> <span class='ocrx_word' id='word_1_501' title='bbox 1638 3211 1829 3295; x_wconf 78' lang='lat' dir='ltr'><strong>etiam</strong></span> <span class='ocrx_word' id='word_1_502' title='bbox 1856 3211 2120 3295; x_wconf 78' lang='lat' dir='ltr'><strong>dignum</strong></span> <span class='ocrx_word' id='word_1_503' title='bbox 2152 3209 2296 3295; x_wconf 83' lang='lat' dir='ltr'><strong>ﬁde,</strong></span> <span class='ocrx_word' id='word_1_504' title='bbox 2326 3216 2773 3295; x_wconf 73' lang='lat' dir='ltr'><strong>verumtamen</strong></span> <span class='ocrx_word' id='word_1_505' title='bbox 2814 3213 3175 3295; x_wconf 66' lang='lat' dir='ltr'><strong>Virtutibus</strong></span> <span class='ocrx_word' id='word_1_506' title='bbox 3191 3223 3258 3295; x_wconf 9' lang='lat' dir='ltr'><strong>Vict</strong></span> <span class='ocrx_word' id='word_1_507' title='bbox 3291 3215 3606 3295; x_wconf 79' lang='lat' dir='ltr'><strong>prodigiis</strong></span> <span class='ocrx_word' id='word_1_508' title='bbox 3640 3227 3693 3278; x_wconf 83' lang='lat' dir='ltr'><strong>ct</strong></span> <span class='ocrx_word' id='word_1_509' title='bbox 3724 3209 3831 3279; x_wconf 48' lang='lat' dir='ltr'><strong>va;</strong></span> 
     </span>
    </p>
   </div>
   <div class='ocr_carea' id='block_1_40' title="bbox 539 3289 3828 3373">
    <p class='ocr_par' dir='ltr' id='par_1_40' title="bbox 539 3289 3828 3373">
     <span class='ocr_line' id='line_1_40' title="bbox 539 3289 3828 3373; baseline 0.002 -21"><span class='ocrx_word' id='word_1_510' title='bbox 539 3289 659 3354; x_wconf 80' lang='lat' dir='ltr'><strong>riis</strong></span> <span class='ocrx_word' id='word_1_511' title='bbox 684 3289 1029 3352; x_wconf 82' lang='lat' dir='ltr'><strong>virtutibus</strong></span> <span class='ocrx_word' id='word_1_512' title='bbox 1057 3297 1416 3373; x_wconf 68' lang='lat' dir='ltr'><strong>attestatur.</strong></span> <span class='ocrx_word' id='word_1_513' title='bbox 1449 3293 1617 3351; x_wconf 90' lang='lat' dir='ltr'><strong>Bene</strong></span> <span class='ocrx_word' id='word_1_514' title='bbox 1646 3289 1848 3362; x_wconf 82' lang='lat' dir='ltr'><strong>dixit,</strong></span> <span class='ocrx_word' id='word_1_515' title='bbox 1893 3289 2104 3373; x_wconf 82' lang='lat' dir='ltr'><strong>Variis</strong></span> <span class='ocrx_word' id='word_1_516' title='bbox 2143 3289 2487 3350; x_wconf 81' lang='lat' dir='ltr'><strong>virtutibus</strong></span> <span class='ocrx_word' id='word_1_517' title='bbox 2514 3337 2529 3358; x_wconf 88' lang='lat'><strong>,</strong></span> <span class='ocrx_word' id='word_1_518' title='bbox 2563 3290 2960 3373; x_wconf 80' lang='lat' dir='ltr'><strong>affluentiam</strong></span> <span class='ocrx_word' id='word_1_519' title='bbox 3002 3289 3372 3372; x_wconf 85' lang='lat' dir='ltr'><strong>signiﬁcans</strong></span> <span class='ocrx_word' id='word_1_520' title='bbox 3429 3289 3783 3373; x_wconf 67' lang='lat' dir='ltr'><strong>gratiarum</strong></span> <span class='ocrx_word' id='word_1_521' title='bbox 3812 3344 3828 3368; x_wconf 93' lang='lat'><strong>,</strong></span> 
     </span>
    </p>
   </div>
   <div class='ocr_carea' id='block_1_41' title="bbox 526 3369 3828 3455">
    <p class='ocr_par' dir='ltr' id='par_1_41' title="bbox 526 3369 3828 3455">
     <span class='ocr_line' id='line_1_41' title="bbox 526 3369 3828 3455; baseline 0.002 -24"><span class='ocrx_word' id='word_1_522' title='bbox 526 3388 687 3455; x_wconf 60' lang='lat' dir='ltr'><strong>quae</strong></span> <span class='ocrx_word' id='word_1_523' title='bbox 714 3388 846 3432; x_wconf 92' lang='lat' dir='ltr'><strong>non</strong></span> <span class='ocrx_word' id='word_1_524' title='bbox 875 3372 1014 3455; x_wconf 83' lang='lat' dir='ltr'><strong>erat</strong></span> <span class='ocrx_word' id='word_1_525' title='bbox 1040 3369 1211 3455; x_wconf 75' lang='lat' dir='ltr'><strong>apud</strong></span> <span class='ocrx_word' id='word_1_526' title='bbox 1240 3371 1568 3455; x_wconf 80' lang='lat' dir='ltr'><strong>antiquos;</strong></span> <span class='ocrx_word' id='word_1_527' title='bbox 1600 3387 1812 3455; x_wconf 74' lang='lat' dir='ltr'><strong>neque</strong></span> <span class='ocrx_word' id='word_1_528' title='bbox 1841 3373 2020 3430; x_wconf 90' lang='lat' dir='ltr'><strong>tanta</strong></span> <span class='ocrx_word' id='word_1_529' title='bbox 2051 3370 2258 3455; x_wconf 78' lang='lat' dir='ltr'><strong>signa,</strong></span> <span class='ocrx_word' id='word_1_530' title='bbox 2278 3387 2489 3455; x_wconf 80' lang='lat' dir='ltr'><strong>neque</strong></span> <span class='ocrx_word' id='word_1_531' title='bbox 2520 3375 2648 3431; x_wconf 90' lang='lat' dir='ltr'><strong>tam</strong></span> <span class='ocrx_word' id='word_1_532' title='bbox 2679 3371 2933 3455; x_wconf 75' lang='lat' dir='ltr'><strong>diversa</strong></span> <span class='ocrx_word' id='word_1_533' title='bbox 2955 3369 3286 3455; x_wconf 42' lang='lat' dir='ltr'><strong>prodigia,</strong></span> <span class='ocrx_word' id='word_1_534' title='bbox 3306 3369 3624 3455; x_wconf 47' lang='lat' dir='ltr'><strong>Hoe&#39;ergo</strong></span> <span class='ocrx_word' id='word_1_535' title='bbox 3655 3377 3828 3449; x_wconf 87' lang='lat' dir='ltr'><strong>dicit,</strong></span> 
     </span>
    </p>
   </div>
   <div class='ocr_carea' id='block_1_42' title="bbox 523 3448 3832 3530">
    <p class='ocr_par' dir='ltr' id='par_1_42' title="bbox 523 3448 3832 3530">
     <span class='ocr_line' id='line_1_42' title="bbox 523 3448 3832 3530; baseline 0.001 -19"><span class='ocrx_word' id='word_1_536' title='bbox 523 3448 698 3528; x_wconf 65' lang='lat' dir='ltr'><strong>quia</strong></span> <span class='ocrx_word' id='word_1_537' title='bbox 727 3468 859 3511; x_wconf 93' lang='lat' dir='ltr'><strong>non</strong></span> <span class='ocrx_word' id='word_1_538' title='bbox 898 3449 1273 3530; x_wconf 81' lang='lat' dir='ltr'><strong>simpliciter</strong></span> <span class='ocrx_word' id='word_1_539' title='bbox 1301 3450 1428 3509; x_wconf 90' lang='lat' dir='ltr'><strong>illis</strong></span> <span class='ocrx_word' id='word_1_540' title='bbox 1472 3455 1567 3509; x_wconf 87' lang='lat' dir='ltr'><strong>est</strong></span> <span class='ocrx_word' id='word_1_541' title='bbox 1609 3448 1921 3530; x_wconf 84' lang='lat' dir='ltr'><strong>creditum</strong></span> <span class='ocrx_word' id='word_1_542' title='bbox 1947 3448 2104 3530; x_wconf 91' lang='lat' dir='ltr'><strong>,_sed</strong></span> <span class='ocrx_word' id='word_1_543' title='bbox 2157 3465 2272 3525; x_wconf 91' lang='lat' dir='ltr'><strong>per</strong></span> <span class='ocrx_word' id='word_1_544' title='bbox 2296 3451 2484 3530; x_wconf 80' lang='lat' dir='ltr'><strong>signa</strong></span> <span class='ocrx_word' id='word_1_545' title='bbox 2515 3455 2576 3510; x_wconf 91' lang='lat' dir='ltr'><strong>et</strong></span> <span class='ocrx_word' id='word_1_546' title='bbox 2605 3451 2918 3530; x_wconf 87' lang='lat' dir='ltr'><strong>prodigia.</strong></span> <span class='ocrx_word' id='word_1_547' title='bbox 2953 3448 3224 3513; x_wconf 77' lang='lat' dir='ltr'><strong>Proinde</strong></span> <span class='ocrx_word' id='word_1_548' title='bbox 3254 3453 3403 3514; x_wconf 91' lang='lat' dir='ltr'><strong>dum</strong></span> <span class='ocrx_word' id='word_1_549' title='bbox 3440 3448 3576 3516; x_wconf 61' lang='lat' dir='ltr'><strong>illis&#39;</strong></span> <span class='ocrx_word' id='word_1_550' title='bbox 3614 3448 3832 3517; x_wconf 54' lang='lat' dir='ltr'><strong>credi;</strong></span> 
     </span>
    </p>
   </div>
   <div class='ocr_carea' id='block_1_43' title="bbox 544 3527 3834 3609">
    <p class='ocr_par' dir='ltr' id='par_1_43' title="bbox 544 3527 3834 3609">
     <span class='ocr_line' id='line_1_43' title="bbox 544 3527 3834 3609; baseline 0.002 -21"><span class='ocrx_word' id='word_1_551' title='bbox 544 3527 711 3601; x_wconf 84' lang='lat' dir='ltr'><strong>mus,</strong></span> <span class='ocrx_word' id='word_1_552' title='bbox 745 3547 861 3590; x_wconf 93' lang='lat' dir='ltr'><strong>nos</strong></span> <span class='ocrx_word' id='word_1_553' title='bbox 895 3529 1019 3590; x_wconf 90' lang='lat' dir='ltr'><strong>illis</strong></span> <span class='ocrx_word' id='word_1_554' title='bbox 1047 3573 1063 3602; x_wconf 92' lang='lat'><strong>,</strong></span> <span class='ocrx_word' id='word_1_555' title='bbox 1097 3529 1207 3609; x_wconf 86' lang='lat' dir='ltr'><strong>sed</strong></span> <span class='ocrx_word' id='word_1_556' title='bbox 1238 3529 1372 3589; x_wconf 94' lang='lat' dir='ltr'><strong>Deo</strong></span> <span class='ocrx_word' id='word_1_557' title='bbox 1402 3527 1814 3609; x_wconf 9' lang='lat' dir='ltr'><strong>nosrcredere</strong></span> <span class='ocrx_word' id='word_1_558' title='bbox 1856 3527 2242 3609; x_wconf 74' lang='lat' dir='ltr'><strong>declaratur.</strong></span> <span class='ocrx_word' id='word_1_559' title='bbox 2277 3528 2370 3609; x_wconf 85' lang='lat' dir='ltr'><strong>Et</strong></span> <span class='ocrx_word' id='word_1_560' title='bbox 2400 3527 2682 3607; x_wconf 80' lang='lat' dir='ltr'><strong>Spiritus</strong></span> <span class='ocrx_word' id='word_1_561' title='bbox 2712 3527 2915 3590; x_wconf 79' lang='lat' dir='ltr'><strong>sancti</strong></span> <span class='ocrx_word' id='word_1_562' title='bbox 2939 3579 2952 3598; x_wconf 95' lang='lat'><strong>,</strong></span> <span class='ocrx_word' id='word_1_563' title='bbox 2989 3532 3198 3609; x_wconf 89' lang='lat' dir='ltr'><strong>inquit</strong></span> <span class='ocrx_word' id='word_1_564' title='bbox 3226 3577 3242 3605; x_wconf 92' lang='lat'><strong>,</strong></span> <span class='ocrx_word' id='word_1_565' title='bbox 3275 3533 3834 3596; x_wconf 79' lang='lat' dir='ltr'><strong>distributionibus</strong></span> 
     </span>
    </p>
   </div>
   <div class='ocr_carea' id='block_1_44' title="bbox 544 3606 3828 3691">
    <p class='ocr_par' dir='ltr' id='par_1_44' title="bbox 544 3606 3828 3691">
     <span class='ocr_line' id='line_1_44' title="bbox 544 3606 3828 3691; baseline 0.002 -23"><span class='ocrx_word' id='word_1_566' title='bbox 544 3609 873 3691; x_wconf 77' lang='lat' dir='ltr'><strong>secundum</strong></span> <span class='ocrx_word' id='word_1_567' title='bbox 899 3608 1496 3691; x_wconf 75' lang='lat' dir='ltr'><strong>suam_vo_lunta_tem_.</strong></span> <span class='ocrx_word' id='word_1_568' title='bbox 1521 3607 1638 3667; x_wconf 77' lang='lat' dir='ltr'><strong>Sed</strong></span> <span class='ocrx_word' id='word_1_569' title='bbox 1663 3606 1934 3691; x_wconf 79' lang='lat' dir='ltr'><strong>fortasse</strong></span> <span class='ocrx_word' id='word_1_570' title='bbox 1955 3607 2119 3667; x_wconf 90' lang='lat' dir='ltr'><strong>dicet</strong></span> <span class='ocrx_word' id='word_1_571' title='bbox 2144 3607 2403 3691; x_wconf 82' lang='lat' dir='ltr'><strong>aliquis,</strong></span> <span class='ocrx_word' id='word_1_572' title='bbox 2429 3606 2599 3691; x_wconf 74' lang='lat' dir='ltr'><strong>Quid</strong></span> <span class='ocrx_word' id='word_1_573' title='bbox 2631 3612 2828 3688; x_wconf 83' lang='lat' dir='ltr'><strong>ergo?</strong></span> <span class='ocrx_word' id='word_1_574' title='bbox 2855 3611 3010 3687; x_wconf 88' lang='lat' dir='ltr'><strong>quia</strong></span> <span class='ocrx_word' id='word_1_575' title='bbox 3041 3606 3103 3672; x_wconf 82' lang='lat' dir='ltr'><strong>et</strong></span> <span class='ocrx_word' id='word_1_576' title='bbox 3133 3613 3300 3691; x_wconf 87' lang='lat' dir='ltr'><strong>magi</strong></span> <span class='ocrx_word' id='word_1_577' title='bbox 3336 3614 3517 3691; x_wconf 87' lang='lat' dir='ltr'><strong>signa</strong></span> <span class='ocrx_word' id='word_1_578' title='bbox 3549 3614 3788 3675; x_wconf 87' lang='lat' dir='ltr'><strong>faciunt</strong></span> <span class='ocrx_word' id='word_1_579' title='bbox 3814 3662 3828 3684; x_wconf 77' lang='lat'><strong>,</strong></span> 
     </span>
    </p>
   </div>
   <div class='ocr_carea' id='block_1_45' title="bbox 544 3686 3829 3767">
    <p class='ocr_par' dir='ltr' id='par_1_45' title="bbox 544 3686 3829 3767">
     <span class='ocr_line' id='line_1_45' title="bbox 544 3686 3829 3767; baseline 0.002 -19"><span class='ocrx_word' id='word_1_580' title='bbox 544 3689 819 3750; x_wconf 67' lang='lat' dir='ltr'><strong>etJudaai</strong></span> <span class='ocrx_word' id='word_1_581' title='bbox 853 3689 915 3749; x_wconf 92' lang='lat' dir='ltr'><strong>in</strong></span> <span class='ocrx_word' id='word_1_582' title='bbox 944 3689 1303 3750; x_wconf 89' lang='lat' dir='ltr'><strong>Beelzebub</strong></span> <span class='ocrx_word' id='word_1_583' title='bbox 1334 3687 1656 3748; x_wconf 88' lang='lat' dir='ltr'><strong>Christum</strong></span> <span class='ocrx_word' id='word_1_584' title='bbox 1681 3686 1998 3747; x_wconf 50' lang='lat' dir='ltr'><strong>daemones</strong></span> <span class='ocrx_word' id='word_1_585' title='bbox 2026 3686 2381 3747; x_wconf 84' lang='lat' dir='ltr'><strong>exclusisse</strong></span> <span class='ocrx_word' id='word_1_586' title='bbox 2409 3686 2730 3758; x_wconf 65' lang='lat' dir='ltr'><strong>dicebant;</strong></span> <span class='ocrx_word' id='word_1_587' title='bbox 2772 3686 2926 3749; x_wconf 84' lang='lat' dir='ltr'><strong>num</strong></span> <span class='ocrx_word' id='word_1_588' title='bbox 2959 3686 3298 3767; x_wconf 71' lang='lat' dir='ltr'><strong>propterea</strong></span> <span class='ocrx_word' id='word_1_589' title='bbox 3325 3686 3708 3754; x_wconf 67' lang='lat' dir='ltr'><strong>crédendum</strong></span> <span class='ocrx_word' id='word_1_590' title='bbox 3739 3701 3829 3755; x_wconf 86' lang='lat' dir='ltr'><strong>est</strong></span> 
     </span>
    </p>
   </div>
   <div class='ocr_carea' id='block_1_46' title="bbox 543 3767 3831 3848">
    <p class='ocr_par' dir='ltr' id='par_1_46' title="bbox 543 3767 3831 3848">
     <span class='ocr_line' id='line_1_46' title="bbox 543 3767 3831 3848; baseline 0.002 -21"><span class='ocrx_word' id='word_1_591' title='bbox 543 3769 799 3848; x_wconf 85' lang='lat' dir='ltr'><strong>magis?</strong></span> <span class='ocrx_word' id='word_1_592' title='bbox 829 3768 944 3828; x_wconf 90' lang='lat' dir='ltr'><strong>Sed</strong></span> <span class='ocrx_word' id='word_1_593' title='bbox 979 3768 1068 3827; x_wconf 89' lang='lat' dir='ltr'><strong>illi</strong></span> <span class='ocrx_word' id='word_1_594' title='bbox 1104 3784 1233 3828; x_wconf 92' lang='lat' dir='ltr'><strong>non</strong></span> <span class='ocrx_word' id='word_1_595' title='bbox 1265 3767 1417 3826; x_wconf 89' lang='lat' dir='ltr'><strong>talia</strong></span> <span class='ocrx_word' id='word_1_596' title='bbox 1462 3767 1646 3848; x_wconf 88' lang='lat' dir='ltr'><strong>signa</strong></span> <span class='ocrx_word' id='word_1_597' title='bbox 1687 3767 1928 3848; x_wconf 83' lang='lat' dir='ltr'><strong>faciunt</strong></span> <span class='ocrx_word' id='word_1_598' title='bbox 1961 3785 1974 3824; x_wconf 89' lang='lat'><strong>:</strong></span> <span class='ocrx_word' id='word_1_599' title='bbox 2010 3771 2352 3848; x_wconf 84' lang='lat' dir='ltr'><strong>propterea</strong></span> <span class='ocrx_word' id='word_1_600' title='bbox 2390 3767 3113 3848; x_wconf 83' lang='lat' dir='ltr'><strong>subjunxitApostolus,</strong></span> <span class='ocrx_word' id='word_1_601' title='bbox 3146 3770 3362 3832; x_wconf 89' lang='lat' dir='ltr'><strong>dicens</strong></span> <span class='ocrx_word' id='word_1_602' title='bbox 3391 3793 3404 3830; x_wconf 88' lang='lat'><strong>:</strong></span> <span class='ocrx_word' id='word_1_603' title='bbox 3447 3774 3656 3833; x_wconf 82' lang='lat' dir='ltr'><strong>Variis</strong></span> <span class='ocrx_word' id='word_1_604' title='bbox 3687 3775 3831 3834; x_wconf 81' lang='lat' dir='ltr'><strong>vir—</strong></span> 
     </span>
    </p>
   </div>
   <div class='ocr_carea' id='block_1_47' title="bbox 545 3845 3834 3928">
    <p class='ocr_par' dir='ltr' id='par_1_47' title="bbox 545 3845 3834 3928">
     <span class='ocr_line' id='line_1_47' title="bbox 545 3845 3834 3928; baseline 0.002 -21"><span class='ocrx_word' id='word_1_605' title='bbox 545 3845 807 3928; x_wconf 75' lang='lat' dir='ltr'><strong>tutibus.</strong></span> <span class='ocrx_word' id='word_1_606' title='bbox 839 3849 956 3928; x_wconf 86' lang='lat' dir='ltr'><strong>llla</strong></span> <span class='ocrx_word' id='word_1_607' title='bbox 987 3848 1156 3908; x_wconf 90' lang='lat' dir='ltr'><strong>enim</strong></span> <span class='ocrx_word' id='word_1_608' title='bbox 1190 3863 1317 3906; x_wconf 91' lang='lat' dir='ltr'><strong>non</strong></span> <span class='ocrx_word' id='word_1_609' title='bbox 1352 3847 1566 3928; x_wconf 85' lang='lat' dir='ltr'><strong>virtuti</strong></span> <span class='ocrx_word' id='word_1_610' title='bbox 1582 3891 1610 3928; x_wconf 86' lang='lat'><strong>_,</strong></span> <span class='ocrx_word' id='word_1_611' title='bbox 1645 3845 1754 3907; x_wconf 90' lang='lat' dir='ltr'><strong>sed</strong></span> <span class='ocrx_word' id='word_1_612' title='bbox 1799 3845 2150 3928; x_wconf 84' lang='lat' dir='ltr'><strong>inﬁrmitati</strong></span> <span class='ocrx_word' id='word_1_613' title='bbox 2183 3846 2398 3928; x_wconf 83' lang='lat' dir='ltr'><strong>potius</strong></span> <span class='ocrx_word' id='word_1_614' title='bbox 2429 3845 2767 3928; x_wconf 88' lang='lat' dir='ltr'><strong>tribuenda</strong></span> <span class='ocrx_word' id='word_1_615' title='bbox 2791 3845 2965 3920; x_wconf 83' lang='lat' dir='ltr'><strong>sunt,</strong></span> <span class='ocrx_word' id='word_1_616' title='bbox 2990 3850 3230 3927; x_wconf 87' lang='lat' dir='ltr'><strong>quippe</strong></span> <span class='ocrx_word' id='word_1_617' title='bbox 3253 3869 3399 3928; x_wconf 54' lang='lat' dir='ltr'><strong>qua).</strong></span> <span class='ocrx_word' id='word_1_618' title='bbox 3428 3853 3834 3928; x_wconf 87' lang='lat' dir='ltr'><strong>phantastica</strong></span> 
     </span>
    </p>
   </div>
   <div class='ocr_carea' id='block_1_48' title="bbox 545 3925 3836 4006">
    <p class='ocr_par' dir='ltr' id='par_1_48' title="bbox 545 3925 3836 4006">
     <span class='ocr_line' id='line_1_48' title="bbox 545 3925 3836 4006; baseline 0.002 -21"><span class='ocrx_word' id='word_1_619' title='bbox 545 3931 608 3985; x_wconf 92' lang='lat' dir='ltr'><strong>et</strong></span> <span class='ocrx_word' id='word_1_620' title='bbox 637 3927 856 3988; x_wconf 91' lang='lat' dir='ltr'><strong>inania</strong></span> <span class='ocrx_word' id='word_1_621' title='bbox 886 3927 1410 4006; x_wconf 80' lang='lat' dir='ltr'><strong>demonstrantur</strong></span> <span class='ocrx_word' id='word_1_622' title='bbox 1436 3945 1449 3983; x_wconf 93' lang='lat'>:</span> <span class='ocrx_word' id='word_1_623' title='bbox 1475 3925 1710 3986; x_wconf 91' lang='lat' dir='ltr'><strong>idcirco</strong></span> <span class='ocrx_word' id='word_1_624' title='bbox 1754 3944 1909 4004; x_wconf 89' lang='lat' dir='ltr'><strong>ergo</strong></span> <span class='ocrx_word' id='word_1_625' title='bbox 1936 3925 2152 3984; x_wconf 91' lang='lat' dir='ltr'><strong>intulit</strong></span> <span class='ocrx_word' id='word_1_626' title='bbox 2183 3925 2399 3986; x_wconf 88' lang='lat' dir='ltr'><strong>dicens</strong></span> <span class='ocrx_word' id='word_1_627' title='bbox 2427 3946 2442 3985; x_wconf 86' lang='lat'><strong>:</strong></span> <span class='ocrx_word' id='word_1_628' title='bbox 2478 3927 2570 3987; x_wconf 85' lang='lat' dir='ltr'><strong>Et</strong></span> <span class='ocrx_word' id='word_1_629' title='bbox 2600 3927 2885 4006; x_wconf 81' lang='lat' dir='ltr'><strong>Spiritus</strong></span> <span class='ocrx_word' id='word_1_630' title='bbox 2916 3925 3127 3988; x_wconf 78' lang='lat' dir='ltr'><strong>sancti</strong></span> <span class='ocrx_word' id='word_1_631' title='bbox 3147 3925 3705 3994; x_wconf 64' lang='lat' dir='ltr'><strong>distributionibus</strong></span> <span class='ocrx_word' id='word_1_632' title='bbox 3735 3952 3836 3993; x_wconf 81' lang='lat' dir='ltr'><strong>se-</strong></span> 
     </span>
    </p>
   </div>
   <div class='ocr_carea' id='block_1_49' title="bbox 549 4004 1455 4066">
    <p class='ocr_par' dir='ltr' id='par_1_49' title="bbox 549 4004 1455 4066">
     <span class='ocr_line' id='line_1_49' title="bbox 549 4004 1455 4066; baseline -0.001 -2"><span class='ocrx_word' id='word_1_633' title='bbox 549 4006 817 4066; x_wconf 80' lang='lat' dir='ltr'><strong>cundum</strong></span> <span class='ocrx_word' id='word_1_634' title='bbox 850 4025 1024 4065; x_wconf 85' lang='lat' dir='ltr'><strong>suam</strong></span> <span class='ocrx_word' id='word_1_635' title='bbox 1051 4004 1455 4064; x_wconf 86' lang='lat' dir='ltr'><strong>voluntatem.</strong></span> 
     </span>
    </p>
   </div>
   <div class='ocr_carea' id='block_1_50' title="bbox 622 4083 3833 4165">
    <p class='ocr_par' dir='ltr' id='par_1_50' title="bbox 622 4083 3833 4165">
     <span class='ocr_line' id='line_1_50' title="bbox 622 4083 3833 4165; baseline 0.002 -20"><span class='ocrx_word' id='word_1_636' title='bbox 622 4086 695 4145; x_wconf 92' lang='lat' dir='ltr'><strong>In</strong></span> <span class='ocrx_word' id='word_1_637' title='bbox 729 4086 850 4146; x_wconf 92' lang='lat' dir='ltr'><strong>hoc</strong></span> <span class='ocrx_word' id='word_1_638' title='bbox 894 4087 1035 4146; x_wconf 94' lang='lat' dir='ltr'><strong>loco</strong></span> <span class='ocrx_word' id='word_1_639' title='bbox 1061 4083 1250 4165; x_wconf 85' lang='lat' dir='ltr'><strong>aliud</strong></span> <span class='ocrx_word' id='word_1_640' title='bbox 1281 4085 1472 4165; x_wconf 89' lang='lat' dir='ltr'><strong>etiam</strong></span> <span class='ocrx_word' id='word_1_641' title='bbox 1499 4084 1800 4162; x_wconf 87' lang='lat' dir='ltr'><strong>quiddam</strong></span> <span class='ocrx_word' id='word_1_642' title='bbox 1832 4104 1980 4146; x_wconf 89' lang='lat' dir='ltr'><strong>eum</strong></span> <span class='ocrx_word' id='word_1_643' title='bbox 2012 4084 2379 4165; x_wconf 87' lang='lat' dir='ltr'><strong>signiﬁcare</strong></span> <span class='ocrx_word' id='word_1_644' title='bbox 2421 4090 2574 4162; x_wconf 92' lang='lat' dir='ltr'><strong>puto</strong></span> <span class='ocrx_word' id='word_1_645' title='bbox 2607 4105 2620 4144; x_wconf 89' lang='lat'><strong>:</strong></span> <span class='ocrx_word' id='word_1_646' title='bbox 2654 4087 2936 4148; x_wconf 88' lang='lat' dir='ltr'><strong>arbitror</strong></span> <span class='ocrx_word' id='word_1_647' title='bbox 2964 4089 3136 4147; x_wconf 90' lang='lat' dir='ltr'><strong>enim</strong></span> <span class='ocrx_word' id='word_1_648' title='bbox 3159 4089 3330 4164; x_wconf 89' lang='lat' dir='ltr'><strong>quod</strong></span> <span class='ocrx_word' id='word_1_649' title='bbox 3358 4091 3527 4152; x_wconf 87' lang='lat' dir='ltr'><strong>intra</strong></span> <span class='ocrx_word' id='word_1_650' title='bbox 3560 4109 3670 4152; x_wconf 91' lang='lat' dir='ltr'><strong>eos</strong></span> <span class='ocrx_word' id='word_1_651' title='bbox 3701 4109 3833 4153; x_wconf 92' lang='lat' dir='ltr'><strong>non</strong></span> 
     </span>
    </p>
   </div>
   <div class='ocr_carea' id='block_1_51' title="bbox 546 4163 3833 4249">
    <p class='ocr_par' dir='ltr' id='par_1_51' title="bbox 546 4163 3833 4249">
     <span class='ocr_line' id='line_1_51' title="bbox 546 4163 3833 4249; baseline 0.003 -25"><span class='ocrx_word' id='word_1_652' title='bbox 546 4171 732 4226; x_wconf 87' lang='lat' dir='ltr'><strong>erant</strong></span> <span class='ocrx_word' id='word_1_653' title='bbox 765 4164 1230 4249; x_wconf 76' lang='lat' dir='ltr'><strong>pluresdivina</strong></span> <span class='ocrx_word' id='word_1_654' title='bbox 1261 4163 1650 4249; x_wconf 84' lang='lat' dir='ltr'><strong>charismata</strong></span> <span class='ocrx_word' id='word_1_655' title='bbox 1683 4163 2103 4249; x_wconf 60' lang='lat' dir='ltr'><strong>possidentes,</strong></span> <span class='ocrx_word' id='word_1_656' title='bbox 2139 4164 2247 4225; x_wconf 90' lang='lat' dir='ltr'><strong>sed</strong></span> <span class='ocrx_word' id='word_1_657' title='bbox 2274 4171 2691 4249; x_wconf 73' lang='lat' dir='ltr'><strong>cessaverunt</strong></span> <span class='ocrx_word' id='word_1_658' title='bbox 2713 4167 2881 4249; x_wconf 84' lang='lat' dir='ltr'><strong>apud</strong></span> <span class='ocrx_word' id='word_1_659' title='bbox 2913 4184 3059 4249; x_wconf 68' lang='lat' dir='ltr'><strong>eos,</strong></span> <span class='ocrx_word' id='word_1_660' title='bbox 3086 4163 3259 4249; x_wconf 73' lang='lat' dir='ltr'><strong>velut</strong></span> <span class='ocrx_word' id='word_1_661' title='bbox 3287 4170 3400 4246; x_wconf 90' lang='lat' dir='ltr'><strong>qui</strong></span> <span class='ocrx_word' id='word_1_662' title='bbox 3430 4189 3660 4249; x_wconf 88' lang='lat' dir='ltr'><strong>segnes</strong></span> <span class='ocrx_word' id='word_1_663' title='bbox 3687 4172 3833 4232; x_wconf 87' lang='lat' dir='ltr'><strong>facti</strong></span> 
     </span>
    </p>
   </div>
   <div class='ocr_carea' id='block_1_52' title="bbox 545 4243 3831 4323">
    <p class='ocr_par' dir='ltr' id='par_1_52' title="bbox 545 4243 3831 4323">
     <span class='ocr_line' id='line_1_52' title="bbox 545 4243 3831 4323; baseline 0.002 -19"><span class='ocrx_word' id='word_1_664' title='bbox 545 4251 734 4323; x_wconf 84' lang='lat' dir='ltr'><strong>erant</strong></span> <span class='ocrx_word' id='word_1_665' title='bbox 759 4252 821 4306; x_wconf 90' lang='lat' dir='ltr'><strong>et</strong></span> <span class='ocrx_word' id='word_1_666' title='bbox 855 4243 1276 4322; x_wconf 89' lang='lat' dir='ltr'><strong>negligentes.</strong></span> <span class='ocrx_word' id='word_1_667' title='bbox 1310 4244 1387 4305; x_wconf 92' lang='lat' dir='ltr'><strong>Ut</strong></span> <span class='ocrx_word' id='word_1_668' title='bbox 1413 4261 1566 4323; x_wconf 87' lang='lat' dir='ltr'><strong>ergo</strong></span> <span class='ocrx_word' id='word_1_669' title='bbox 1599 4262 1709 4305; x_wconf 89' lang='lat' dir='ltr'><strong>eos</strong></span> <span class='ocrx_word' id='word_1_670' title='bbox 1747 4246 2143 4314; x_wconf 90' lang='lat' dir='ltr'><strong>consoletur,</strong></span> <span class='ocrx_word' id='word_1_671' title='bbox 2189 4263 2268 4304; x_wconf 90' lang='lat' dir='ltr'><strong>ne</strong></span> <span class='ocrx_word' id='word_1_672' title='bbox 2300 4245 2518 4321; x_wconf 88' lang='lat' dir='ltr'><strong>aliqua</strong></span> <span class='ocrx_word' id='word_1_673' title='bbox 2549 4243 2996 4323; x_wconf 86' lang='lat' dir='ltr'><strong>desperatione</strong></span> <span class='ocrx_word' id='word_1_674' title='bbox 3027 4243 3429 4319; x_wconf 76' lang='lat' dir='ltr'><strong>deciderent,</strong></span> <span class='ocrx_word' id='word_1_675' title='bbox 3462 4243 3693 4312; x_wconf 65' lang='lat' dir='ltr'><strong>divinae</strong></span> <span class='ocrx_word' id='word_1_676' title='bbox 3727 4269 3831 4310; x_wconf 81' lang='lat' dir='ltr'><strong>vo-</strong></span> 
     </span>
    </p>
   </div>
   <div class='ocr_carea' id='block_1_53' title="bbox 546 4321 3842 4408">
    <p class='ocr_par' dir='ltr' id='par_1_53' title="bbox 546 4321 3842 4408">
     <span class='ocr_line' id='line_1_53' title="bbox 546 4321 3842 4408; baseline 0.002 -25"><span class='ocrx_word' id='word_1_677' title='bbox 546 4321 782 4408; x_wconf 82' lang='lat' dir='ltr'><strong>luntati</strong></span> <span class='ocrx_word' id='word_1_678' title='bbox 814 4321 1047 4408; x_wconf 75' lang='lat' dir='ltr'><strong>cuncta</strong></span> <span class='ocrx_word' id='word_1_679' title='bbox 1063 4323 1424 4408; x_wconf 82' lang='lat' dir='ltr'><strong>contribuit</strong></span> <span class='ocrx_word' id='word_1_680' title='bbox 1453 4321 1805 4408; x_wconf 81' lang='lat' dir='ltr'><strong>divinoque</strong></span> <span class='ocrx_word' id='word_1_681' title='bbox 1833 4324 2130 4408; x_wconf 78' lang='lat' dir='ltr'><strong>consilio.</strong></span> <span class='ocrx_word' id='word_1_682' title='bbox 2163 4323 2378 4383; x_wconf 88' lang='lat' dir='ltr'><strong>Veluti</strong></span> <span class='ocrx_word' id='word_1_683' title='bbox 2407 4327 2459 4383; x_wconf 91' lang='lat' dir='ltr'><strong>si</strong></span> <span class='ocrx_word' id='word_1_684' title='bbox 2493 4321 2754 4408; x_wconf 76' lang='lat' dir='ltr'><strong>diceret,</strong></span> <span class='ocrx_word' id='word_1_685' title='bbox 2786 4326 2924 4403; x_wconf 90' lang='lat' dir='ltr'><strong>ipse</strong></span> <span class='ocrx_word' id='word_1_686' title='bbox 2958 4327 3136 4408; x_wconf 84' lang='lat' dir='ltr'><strong>novit</strong></span> <span class='ocrx_word' id='word_1_687' title='bbox 3159 4327 3576 4408; x_wconf 82' lang='lat' dir='ltr'><strong>quidcuique</strong></span> <span class='ocrx_word' id='word_1_688' title='bbox 3605 4331 3842 4408; x_wconf 86' lang='lat' dir='ltr'><strong>prosit,</strong></span> 
     </span>
    </p>
   </div>
   <div class='ocr_carea' id='block_1_54' title="bbox 546 4399 3835 4484">
    <p class='ocr_par' dir='ltr' id='par_1_54' title="bbox 546 4399 3835 4484">
     <span class='ocr_line' id='line_1_54' title="bbox 546 4399 3835 4484; baseline 0.003 -24"><span class='ocrx_word' id='word_1_689' title='bbox 546 4402 649 4484; x_wconf 81' lang='lat' dir='ltr'><strong>vel</strong></span> <span class='ocrx_word' id='word_1_690' title='bbox 676 4403 778 4463; x_wconf 92' lang='lat' dir='ltr'><strong>cui</strong></span> <span class='ocrx_word' id='word_1_691' title='bbox 809 4402 962 4484; x_wconf 80' lang='lat' dir='ltr'><strong>quid</strong></span> <span class='ocrx_word' id='word_1_692' title='bbox 989 4402 1080 4484; x_wconf 80' lang='lat' dir='ltr'><strong>sit</strong></span> <span class='ocrx_word' id='word_1_693' title='bbox 1114 4403 1627 4484; x_wconf 9' lang='lat' dir='ltr'><strong>adcommroduin,</strong></span> <span class='ocrx_word' id='word_1_694' title='bbox 1662 4399 1725 4463; x_wconf 87' lang='lat' dir='ltr'><strong>et</strong></span> <span class='ocrx_word' id='word_1_695' title='bbox 1772 4403 1910 4484; x_wconf 71' lang='lat' dir='ltr'><strong>ipse</strong></span> <span class='ocrx_word' id='word_1_696' title='bbox 1949 4399 2253 4484; x_wconf 69' lang='lat' dir='ltr'><strong>gratiam,</strong></span> <span class='ocrx_word' id='word_1_697' title='bbox 2301 4419 2445 4480; x_wconf 70' lang='lat' dir='ltr'><strong>quas</strong></span> <span class='ocrx_word' id='word_1_698' title='bbox 2491 4399 2842 4476; x_wconf 63' lang='lat' dir='ltr'><strong>conducat,</strong></span> <span class='ocrx_word' id='word_1_699' title='bbox 2883 4399 3234 4484; x_wconf 80' lang='lat' dir='ltr'><strong>unicuique</strong></span> <span class='ocrx_word' id='word_1_700' title='bbox 3269 4399 3626 4468; x_wconf 56' lang='lat' dir='ltr'><strong>distribuit:</strong></span> <span class='ocrx_word' id='word_1_701' title='bbox 3653 4409 3835 4484; x_wconf 86' lang='lat' dir='ltr'><strong>Quod</strong></span> 
     </span>
    </p>
   </div>
   <div class='ocr_carea' id='block_1_55' title="bbox 549 4481 3842 4561">
    <p class='ocr_par' dir='ltr' id='par_1_55' title="bbox 549 4481 3842 4561">
     <span class='ocr_line' id='line_1_55' title="bbox 549 4481 3842 4561; baseline 0.002 -17"><span class='ocrx_word' id='word_1_702' title='bbox 549 4481 743 4544; x_wconf 85' lang='lat' dir='ltr'><strong>etiam</strong></span> <span class='ocrx_word' id='word_1_703' title='bbox 774 4483 852 4544; x_wconf 90' lang='lat' dir='ltr'><strong>ad</strong></span> <span class='ocrx_word' id='word_1_704' title='bbox 883 4481 1249 4543; x_wconf 85' lang='lat' dir='ltr'><strong>Corinthios</strong></span> <span class='ocrx_word' id='word_1_705' title='bbox 1302 4482 1487 4554; x_wconf 90' lang='lat' dir='ltr'><strong>facit,</strong></span> <span class='ocrx_word' id='word_1_706' title='bbox 1535 4481 1751 4561; x_wconf 87' lang='lat' dir='ltr'><strong>dicens</strong></span> <span class='ocrx_word' id='word_1_707' title='bbox 1789 4500 1803 4538; x_wconf 93' lang='lat'><strong>:</strong></span> <span class='ocrx_word' id='word_1_708' title='bbox 1835 4481 2001 4561; x_wconf 77' lang='lat' dir='ltr'><strong>Deus</strong></span> <span class='ocrx_word' id='word_1_709' title='bbox 2041 4483 2258 4561; x_wconf 81' lang='lat' dir='ltr'><strong>posuit</strong></span> <span class='ocrx_word' id='word_1_710' title='bbox 2295 4499 2784 4561; x_wconf 77' lang='lat' dir='ltr'><strong>unumquemque</strong></span> <span class='ocrx_word' id='word_1_711' title='bbox 2815 4485 2976 4544; x_wconf 89' lang='lat' dir='ltr'><strong>sicut</strong></span> <span class='ocrx_word' id='word_1_712' title='bbox 3009 4481 3247 4553; x_wconf 85' lang='lat' dir='ltr'><strong>voluit;</strong></span> <span class='ocrx_word' id='word_1_713' title='bbox 3283 4495 3346 4547; x_wconf 90' lang='lat' dir='ltr'><strong>et</strong></span> <span class='ocrx_word' id='word_1_714' title='bbox 3384 4487 3642 4561; x_wconf 88' lang='lat' dir='ltr'><strong>iterum,</strong></span> <span class='ocrx_word' id='word_1_715' title='bbox 3674 4481 3842 4550; x_wconf 83' lang='lat' dir='ltr'><strong>Uni-</strong></span> 
     </span>
    </p>
   </div>
   <div class='ocr_carea' id='block_1_56' title="bbox 551 4559 3838 4647">
    <p class='ocr_par' dir='ltr' id='par_1_56' title="bbox 551 4559 3838 4647">
     <span class='ocr_line' id='line_1_56' title="bbox 551 4559 3838 4647; baseline 0.003 -27"><span class='ocrx_word' id='word_1_716' title='bbox 551 4562 771 4647; x_wconf 75' lang='lat' dir='ltr'><strong>cuique</strong></span> <span class='ocrx_word' id='word_1_717' title='bbox 813 4562 1002 4647; x_wconf 79' lang='lat' dir='ltr'><strong>datur</strong></span> <span class='ocrx_word' id='word_1_718' title='bbox 1054 4563 1474 4647; x_wconf 75' lang='lat' dir='ltr'><strong>mani[estatio</strong></span> <span class='ocrx_word' id='word_1_719' title='bbox 1517 4560 1801 4647; x_wconf 70' lang='lat' dir='ltr'><strong>Spiritus</strong></span> <span class='ocrx_word' id='word_1_720' title='bbox 1844 4559 1925 4619; x_wconf 84' lang='lat' dir='ltr'><strong>ad</strong></span> <span class='ocrx_word' id='word_1_721' title='bbox 1965 4559 2304 4647; x_wconf 74' lang='lat' dir='ltr'><strong>utilitatem</strong></span> <span class='ocrx_word' id='word_1_722' title='bbox 2325 4559 2697 4647; x_wconf 53' lang='lat' dir='ltr'><strong>secundum</strong></span> <span class='ocrx_word' id='word_1_723' title='bbox 2731 4562 3115 4623; x_wconf 84' lang='lat' dir='ltr'><strong>voluntatem</strong></span> <span class='ocrx_word' id='word_1_724' title='bbox 3138 4565 3311 4647; x_wconf 83' lang='lat' dir='ltr'><strong>_ejus.</strong></span> <span class='ocrx_word' id='word_1_725' title='bbox 3345 4559 3639 4647; x_wconf 83' lang='lat' dir='ltr'><strong>Ostendit</strong></span> <span class='ocrx_word' id='word_1_726' title='bbox 3681 4585 3838 4647; x_wconf 86' lang='lat' dir='ltr'><strong>ergo</strong></span> 
     </span>
    </p>
   </div>
   <div class='ocr_carea' id='block_1_57' title="bbox 549 4637 3838 4719">
    <p class='ocr_par' dir='ltr' id='par_1_57' title="bbox 549 4637 3838 4719">
     <span class='ocr_line' id='line_1_57' title="bbox 549 4637 3838 4719; baseline 0.002 -20"><span class='ocrx_word' id='word_1_727' title='bbox 549 4637 859 4716; x_wconf 80' lang='lat' dir='ltr'><strong>quoniam</strong></span> <span class='ocrx_word' id='word_1_728' title='bbox 901 4642 1034 4702; x_wconf 68' lang='lat' dir='ltr'><strong>haec</strong></span> <span class='ocrx_word' id='word_1_729' title='bbox 1085 4637 1451 4719; x_wconf 67' lang='lat' dir='ltr'><strong>praedicatio</strong></span> <span class='ocrx_word' id='word_1_730' title='bbox 1498 4637 1857 4719; x_wconf 84' lang='lat' dir='ltr'><strong>secundum</strong></span> <span class='ocrx_word' id='word_1_731' title='bbox 1887 4638 2282 4719; x_wconf 75' lang='lat' dir='ltr'><strong>voluntatem</strong></span> <span class='ocrx_word' id='word_1_732' title='bbox 2313 4639 2438 4719; x_wconf 92' lang='lat' dir='ltr'><strong>_Dei</strong></span> <span class='ocrx_word' id='word_1_733' title='bbox 2472 4641 2686 4719; x_wconf 13' lang='lat' dir='ltr'><strong>Patris,</strong></span> <span class='ocrx_word' id='word_1_734' title='bbox 2713 4647 2939 4704; x_wconf 81' lang='lat' dir='ltr'><strong>exorta</strong></span> <span class='ocrx_word' id='word_1_735' title='bbox 2980 4649 3098 4703; x_wconf 87' lang='lat' dir='ltr'><strong>est.</strong></span> <span class='ocrx_word' id='word_1_736' title='bbox 3138 4637 3460 4707; x_wconf 77' lang='lat' dir='ltr'><strong>Fortassis</strong></span> <span class='ocrx_word' id='word_1_737' title='bbox 3494 4654 3708 4710; x_wconf 91' lang='lat' dir='ltr'><strong>autem</strong></span> <span class='ocrx_word' id='word_1_738' title='bbox 3739 4637 3838 4707; x_wconf 49' lang='lat' dir='ltr'><strong>vvel</strong></span> 
     </span>
    </p>
   </div>
   <div class='ocr_carea' id='block_1_58' title="bbox 551 4717 3836 4805">
    <p class='ocr_par' dir='ltr' id='par_1_58' title="bbox 551 4717 3836 4805">
     <span class='ocr_line' id='line_1_58' title="bbox 551 4717 3836 4805; baseline 0.002 -26"><span class='ocrx_word' id='word_1_739' title='bbox 551 4724 815 4805; x_wconf 80' lang='lat' dir='ltr'><strong>p__r_opter</strong></span> <span class='ocrx_word' id='word_1_740' title='bbox 841 4717 1254 4805; x_wconf 71' lang='lat' dir='ltr'><strong>immundam</strong></span> <span class='ocrx_word' id='word_1_741' title='bbox 1297 4721 1490 4805; x_wconf 81' lang='lat' dir='ltr'><strong>vitam</strong></span> <span class='ocrx_word' id='word_1_742' title='bbox 1517 4762 1532 4788; x_wconf 94' lang='lat'><strong>,</strong></span> <span class='ocrx_word' id='word_1_743' title='bbox 1572 4717 2012 4805; x_wconf 68' lang='lat' dir='ltr'><strong>velstolidani</strong></span> <span class='ocrx_word' id='word_1_744' title='bbox 2036 4761 2050 4785; x_wconf 89' lang='lat'><strong>,</strong></span> <span class='ocrx_word' id='word_1_745' title='bbox 2082 4734 2224 4805; x_wconf 85' lang='lat' dir='ltr'><strong>non</strong></span> <span class='ocrx_word' id='word_1_746' title='bbox 2268 4717 2485 4805; x_wconf 73' lang='lat' dir='ltr'><strong>plures</strong></span> <span class='ocrx_word' id='word_1_747' title='bbox 2523 4718 2692 4796; x_wconf 90' lang='lat' dir='ltr'><strong>apud</strong></span> <span class='ocrx_word' id='word_1_748' title='bbox 2735 4738 2845 4781; x_wconf 90' lang='lat' dir='ltr'><strong>eos</strong></span> <span class='ocrx_word' id='word_1_749' title='bbox 2877 4723 3099 4805; x_wconf 64' lang='lat' dir='ltr'><strong>gratias</strong></span> <span class='ocrx_word' id='word_1_750' title='bbox 3133 4742 3369 4786; x_wconf 91' lang='lat' dir='ltr'><strong>munus</strong></span> <span class='ocrx_word' id='word_1_751' title='bbox 3399 4734 3789 4805; x_wconf 88' lang='lat' dir='ltr'><strong>acceperunt</strong></span> <span class='ocrx_word' id='word_1_752' title='bbox 3820 4747 3836 4787; x_wconf 89' lang='lat'>:</span> 
     </span>
    </p>
   </div>
   <div class='ocr_carea' id='block_1_59' title="bbox 550 4795 3841 4881">
    <p class='ocr_par' dir='ltr' id='par_1_59' title="bbox 550 4795 3841 4881">
     <span class='ocr_line' id='line_1_59' title="bbox 550 4795 3841 4881; baseline 0.002 -23"><span class='ocrx_word' id='word_1_753' title='bbox 550 4795 902 4881; x_wconf 79' lang='lat' dir='ltr'><strong>aliquando</strong></span> <span class='ocrx_word' id='word_1_754' title='bbox 939 4805 1153 4881; x_wconf 85' lang='lat' dir='ltr'><strong>autem</strong></span> <span class='ocrx_word' id='word_1_755' title='bbox 1171 4799 1484 4881; x_wconf 67' lang='lat' dir='ltr'><strong>plerique</strong></span> <span class='ocrx_word' id='word_1_756' title='bbox 1525 4802 1589 4857; x_wconf 92' lang='lat' dir='ltr'><strong>et</strong></span> <span class='ocrx_word' id='word_1_757' title='bbox 1621 4795 1812 4881; x_wconf 66' lang='lat' dir='ltr'><strong>vitam</strong></span> <span class='ocrx_word' id='word_1_758' title='bbox 1859 4796 2168 4857; x_wconf 90' lang='lat' dir='ltr'><strong>habentes</strong></span> <span class='ocrx_word' id='word_1_759' title='bbox 2208 4796 2514 4881; x_wconf 76' lang='lat' dir='ltr'><strong>mundam</strong></span> <span class='ocrx_word' id='word_1_760' title='bbox 2537 4795 2727 4881; x_wconf 50' lang='lat' dir='ltr'><strong>{non</strong></span> <span class='ocrx_word' id='word_1_761' title='bbox 2757 4795 3094 4881; x_wconf 72' lang='lat' dir='ltr'><strong>accipiunt</strong></span> <span class='ocrx_word' id='word_1_762' title='bbox 3127 4805 3423 4881; x_wconf 86' lang='lat' dir='ltr'><strong>gratiam.</strong></span> <span class='ocrx_word' id='word_1_763' title='bbox 3457 4795 3720 4880; x_wconf 76' lang='lat' dir='ltr'><strong>Quare?</strong></span> <span class='ocrx_word' id='word_1_764' title='bbox 3751 4807 3841 4866; x_wconf 83' lang='lat' dir='ltr'><strong>Ne</strong></span> 
     </span>
    </p>
   </div>
   <div class='ocr_carea' id='block_1_60' title="bbox 554 4873 3844 4965">
    <p class='ocr_par' dir='ltr' id='par_1_60' title="bbox 554 4873 3844 4965">
     <span class='ocr_line' id='line_1_60' title="bbox 554 4873 3844 4965; baseline 0.003 -29"><span class='ocrx_word' id='word_1_765' title='bbox 554 4882 620 4939; x_wconf 86' lang='lat' dir='ltr'><strong>in</strong></span> <span class='ocrx_word' id='word_1_766' title='bbox 644 4873 1018 4958; x_wconf 74' lang='lat' dir='ltr'><strong>superbiam</strong></span> <span class='ocrx_word' id='word_1_767' title='bbox 1044 4873 1502 4965; x_wconf 70' lang='lat' dir='ltr'><strong>snbleventur,_</strong></span> <span class='ocrx_word' id='word_1_768' title='bbox 1520 4893 1602 4935; x_wconf 89' lang='lat' dir='ltr'><strong>ne</strong></span> <span class='ocrx_word' id='word_1_769' title='bbox 1638 4873 1944 4965; x_wconf 77' lang='lat' dir='ltr'><strong>inflentur</strong></span> <span class='ocrx_word' id='word_1_770' title='bbox 1975 4874 2358 4965; x_wconf 82' lang='lat' dir='ltr'><strong>ventositate</strong></span> <span class='ocrx_word' id='word_1_771' title='bbox 2376 4877 2728 4956; x_wconf 69' lang='lat' dir='ltr'><strong>jactantias,</strong></span> <span class='ocrx_word' id='word_1_772' title='bbox 2765 4897 2847 4939; x_wconf 91' lang='lat' dir='ltr'><strong>ne</strong></span> <span class='ocrx_word' id='word_1_773' title='bbox 2876 4873 3159 4941; x_wconf 64' lang='lat' dir='ltr'><strong>altitudd</strong></span> <span class='ocrx_word' id='word_1_774' title='bbox 3179 4873 3844 4965; x_wconf 44' lang='lat' dir='ltr'><strong>muneris&#39;negligen-</strong></span> 
     </span>
    </p>
   </div>
   <div class='ocr_carea' id='block_1_61' title="bbox 544 4958 3831 5050">
    <p class='ocr_par' dir='ltr' id='par_1_61' title="bbox 544 4958 3831 5050">
     <span class='ocr_line' id='line_1_61' title="bbox 544 4958 3831 5050; baseline 0.002 -24"><span class='ocrx_word' id='word_1_775' title='bbox 544 4967 737 5050; x_wconf 81' lang='lat' dir='ltr'><strong>tiores</strong></span> <span class='ocrx_word' id='word_1_776' title='bbox 775 4965 1031 5027; x_wconf 85' lang='lat' dir='ltr'><strong>efﬁciat.</strong></span> <span class='ocrx_word' id='word_1_777' title='bbox 1054 4963 1128 5050; x_wconf 88' lang='lat' dir='ltr'><strong>Si</strong></span> <span class='ocrx_word' id='word_1_778' title='bbox 1157 4961 1330 5024; x_wconf 91' lang='lat' dir='ltr'><strong>enim</strong></span> <span class='ocrx_word' id='word_1_779' title='bbox 1361 4963 1425 5050; x_wconf 76' lang='lat' dir='ltr'><strong>et</strong></span> <span class='ocrx_word' id='word_1_780' title='bbox 1453 4959 1593 5019; x_wconf 84' lang='lat' dir='ltr'><strong>sine</strong></span> <span class='ocrx_word' id='word_1_781' title='bbox 1623 4958 2179 5050; x_wconf 72' lang='lat' dir='ltr'><strong>charismatejpsa</strong></span> <span class='ocrx_word' id='word_1_782' title='bbox 2203 4982 2319 5043; x_wconf 91' lang='lat' dir='ltr'><strong>per</strong></span> <span class='ocrx_word' id='word_1_783' title='bbox 2345 4965 2414 5027; x_wconf 70' lang='lat' dir='ltr'><strong>s&#39;c</strong></span> <span class='ocrx_word' id='word_1_784' title='bbox 2445 4965 2699 5050; x_wconf 63' lang='lat' dir='ltr'><strong>munda:</strong></span> <span class='ocrx_word' id='word_1_785' title='bbox 2735 4968 2880 5030; x_wconf 78' lang='lat' dir='ltr'><strong>vitae</strong></span> <span class='ocrx_word' id='word_1_786' title='bbox 2915 4971 3306 5034; x_wconf 89' lang='lat' dir='ltr'><strong>conscientia</strong></span> <span class='ocrx_word' id='word_1_787' title='bbox 3336 4973 3567 5036; x_wconf 90' lang='lat' dir='ltr'><strong>idonea</strong></span> <span class='ocrx_word' id='word_1_788' title='bbox 3594 4958 3726 5042; x_wconf 70' lang='lat' dir='ltr'><strong>Esi.</strong></span> <span class='ocrx_word' id='word_1_789' title='bbox 3763 4984 3831 5034; x_wconf 87' lang='lat' dir='ltr'><strong>ut</strong></span> 
     </span>
    </p>
   </div>
   <div class='ocr_carea' id='block_1_62' title="bbox 547 5039 3828 5123">
    <p class='ocr_par' dir='ltr' id='par_1_62' title="bbox 547 5039 3828 5123">
     <span class='ocr_line' id='line_1_62' title="bbox 547 5039 3828 5123; baseline 0.001 -14"><span class='ocrx_word' id='word_1_790' title='bbox 547 5047 735 5109; x_wconf 84' lang='lat' dir='ltr'><strong>faciat</strong></span> <span class='ocrx_word' id='word_1_791' title='bbox 759 5049 1174 5123; x_wconf 80' lang='lat' dir='ltr'><strong>arrogantem</strong></span> <span class='ocrx_word' id='word_1_792' title='bbox 1207 5059 1221 5098; x_wconf 95' lang='lat'><strong>:</strong></span> <span class='ocrx_word' id='word_1_793' title='bbox 1253 5039 1454 5123; x_wconf 74' lang='lat' dir='ltr'><strong>multo</strong></span> <span class='ocrx_word' id='word_1_794' title='bbox 1485 5039 1792 5123; x_wconf 64' lang='lat' dir='ltr'><strong>amplius,</strong></span> <span class='ocrx_word' id='word_1_795' title='bbox 1823 5039 2084 5123; x_wconf 79' lang='lat' dir='ltr'><strong>quando</strong></span> <span class='ocrx_word' id='word_1_796' title='bbox 2116 5039 2313 5121; x_wconf 81' lang='lat' dir='ltr'><strong>super</strong></span> <span class='ocrx_word' id='word_1_797' title='bbox 2344 5051 2585 5107; x_wconf 89' lang='lat' dir='ltr'><strong>rectam</strong></span> <span class='ocrx_word' id='word_1_798' title='bbox 2616 5045 2811 5108; x_wconf 90' lang='lat' dir='ltr'><strong>vitam</strong></span> <span class='ocrx_word' id='word_1_799' title='bbox 2838 5050 3241 5114; x_wconf 88' lang='lat' dir='ltr'><strong>charismatis</strong></span> <span class='ocrx_word' id='word_1_800' title='bbox 3273 5071 3510 5114; x_wconf 89' lang='lat' dir='ltr'><strong>munus</strong></span> <span class='ocrx_word' id='word_1_801' title='bbox 3548 5039 3828 5116; x_wconf 83' lang='lat' dir='ltr'><strong>affuerit.</strong></span> 
     </span>
    </p>
   </div>
   <div class='ocr_carea' id='block_1_63' title="bbox 550 5118 3834 5211">
    <p class='ocr_par' dir='ltr' id='par_1_63' title="bbox 550 5118 3834 5211">
     <span class='ocr_line' id='line_1_63' title="bbox 550 5118 3834 5211; baseline -0.006 2"><span class='ocrx_word' id='word_1_802' title='bbox 550 5125 815 5211; x_wconf 53' lang='grc' dir='ltr'><strong>Ρνθίηίὶθ</strong></span> <span class='ocrx_word' id='word_1_803' title='bbox 859 5118 1226 5211; x_wconf 53' lang='grc' dir='ltr'><strong>ίιρωῖῃιῖἷίδ,</strong></span> <span class='ocrx_word' id='word_1_804' title='bbox 1258 5119 1460 5208; x_wconf 64' lang='grc' dir='ltr'><strong>ἠῗίὲίδ</strong></span> <span class='ocrx_word' id='word_1_805' title='bbox 1495 5122 1721 5211; x_wconf 50' lang='grc' dir='ltr'><strong>ἔθαψε,</strong></span> <span class='ocrx_word' id='word_1_806' title='bbox 1743 5118 2139 5211; x_wconf 59' lang='lat' dir='ltr'><strong>Simpligibqs</strong></span> <span class='ocrx_word' id='word_1_807' title='bbox 2171 5118 2567 5211; x_wconf 24' lang='lat' dir='ltr'><strong>Cihﬂl&#39;istpaljg</strong></span> <span class='ocrx_word' id='word_1_808' title='bbox 2594 5127 3042 5211; x_wconf 71' lang='lat' dir='ltr'><strong>condonantur</strong></span> <span class='ocrx_word' id='word_1_809' title='bbox 3063 5174 3076 5200; x_wconf 95' lang='lat'><strong>,</strong></span> <span class='ocrx_word' id='word_1_810' title='bbox 3111 5138 3170 5191; x_wconf 93' lang='lat' dir='ltr'><strong>et</strong></span> <span class='ocrx_word' id='word_1_811' title='bbox 3202 5133 3484 5193; x_wconf 84' lang='lat' dir='ltr'><strong>maxime</strong></span> <span class='ocrx_word' id='word_1_812' title='bbox 3514 5134 3834 5211; x_wconf 84' lang='lat' dir='ltr'><strong>simplici—-</strong></span> 
     </span>
    </p>
   </div>
   <div class='ocr_carea' id='block_1_64' title="bbox 549 5198 3832 5291">
    <p class='ocr_par' dir='ltr' id='par_1_64' title="bbox 549 5198 3832 5291">
     <span class='ocr_line' id='line_1_64' title="bbox 549 5198 3832 5291; baseline 0.002 -23"><span class='ocrx_word' id='word_1_813' title='bbox 549 5209 668 5268; x_wconf 90' lang='lat' dir='ltr'><strong>bus</strong></span> <span class='ocrx_word' id='word_1_814' title='bbox 701 5224 730 5291; x_wconf 66' lang='grc' dir='ltr'><strong>εΔ</strong></span> <span class='ocrx_word' id='word_1_815' title='bbox 747 5203 831 5264; x_wconf 85' lang='lat' dir='ltr'><strong>In</strong></span> <span class='ocrx_word' id='word_1_816' title='bbox 854 5198 1262 5291; x_wconf 71' lang='lat' dir='ltr'><strong>simplicitate</strong></span> <span class='ocrx_word' id='word_1_817' title='bbox 1284 5241 1296 5262; x_wconf 91' lang='lat'><strong>.</strong></span> <span class='ocrx_word' id='word_1_818' title='bbox 1316 5198 1540 5291; x_wconf 75' lang='lat' dir='ltr'><strong>inquit</strong></span> <span class='ocrx_word' id='word_1_819' title='bbox 1560 5241 1574 5269; x_wconf 92' lang='lat'><strong>,</strong></span> <span class='ocrx_word' id='word_1_820' title='bbox 1610 5205 1666 5291; x_wconf 75' lang='lat' dir='ltr'><strong>et</strong></span> <span class='ocrx_word' id='word_1_821' title='bbox 1698 5198 1766 5258; x_wconf 88' lang='lat' dir='ltr'><strong>in</strong></span> <span class='ocrx_word' id='word_1_822' title='bbox 1793 5201 2480 5291; x_wconf 59' lang='lat' dir='ltr'><strong>exsultationeeordis.</strong></span> <span class='ocrx_word' id='word_1_823' title='bbox 2509 5205 2646 5291; x_wconf 80' lang='lat' dir='ltr'><strong>Hoc</strong></span> <span class='ocrx_word' id='word_1_824' title='bbox 2668 5206 2887 5291; x_wconf 74' lang='lat' dir='ltr'><strong>itaque</strong></span> <span class='ocrx_word' id='word_1_825' title='bbox 2907 5198 3231 5291; x_wconf 83' lang='lat' dir='ltr'><strong>sermone,</strong></span> <span class='ocrx_word' id='word_1_826' title='bbox 3257 5227 3331 5271; x_wconf 87' lang='lat' dir='ltr'><strong>ac</strong></span> <span class='ocrx_word' id='word_1_827' title='bbox 3358 5212 3409 5271; x_wconf 86' lang='lat' dir='ltr'><strong>si</strong></span> <span class='ocrx_word' id='word_1_828' title='bbox 3437 5198 3832 5291; x_wconf 48' lang='lat' dir='ltr'><strong>neglig-entes</strong></span> 
     </span>
    </p>
   </div>
   <div class='ocr_carea' id='block_1_65' title="bbox 552 5277 3833 5368">
    <p class='ocr_par' dir='ltr' id='par_1_65' title="bbox 552 5277 3833 5368">
     <span class='ocr_line' id='line_1_65' title="bbox 552 5277 3833 5368; baseline -0.014 30"><span class='ocrx_word' id='word_1_829' title='bbox 552 5287 774 5368; x_wconf 49' lang='lat' dir='ltr'><strong>ant’</strong></span> <span class='ocrx_word' id='word_1_830' title='bbox 810 5277 1005 5368; x_wconf 45' lang='lat' dir='ltr'><strong>etiam</strong></span> <span class='ocrx_word' id='word_1_831' title='bbox 1035 5277 1420 5368; x_wconf 28' lang='lat' dir='ltr'><strong>“hortm-ll&quot;</strong></span> <span class='ocrx_word' id='word_1_832' title='bbox 1445 5282 1650 5368; x_wconf 52' lang='lat' dir='ltr'><strong>895.9t</strong></span> <span class='ocrx_word' id='word_1_833' title='bbox 1679 5286 2097 5368; x_wconf 59' lang='lat' dir='ltr'><strong>CQmP““C&#39;°S</strong></span> <span class='ocrx_word' id='word_1_834' title='bbox 2139 5283 2344 5368; x_wconf 60' lang='lat' dir='ltr'><strong>[ed‘lit</strong></span> <span class='ocrx_word' id='word_1_835' title='bbox 2381 5277 2799 5368; x_wconf 52' lang='lat' dir='ltr'><strong>aaatlenlosf</strong></span> <span class='ocrx_word' id='word_1_836' title='bbox 2829 5287 2948 5360; x_wconf 90' lang='lat' dir='ltr'><strong>Qui</strong></span> <span class='ocrx_word' id='word_1_837' title='bbox 2983 5290 3155 5349; x_wconf 89' lang='lat' dir='ltr'><strong>enim</strong></span> <span class='ocrx_word' id='word_1_838' title='bbox 3183 5277 3444 5352; x_wconf 90' lang='lat' dir='ltr'><strong>humilis</strong></span> <span class='ocrx_word' id='word_1_839' title='bbox 3475 5277 3571 5353; x_wconf 69' lang='lat' dir='ltr'><strong>est</strong></span> <span class='ocrx_word' id='word_1_840' title='bbox 3598 5277 3661 5354; x_wconf 73' lang='grc' dir='ltr'><strong>ὁὶ</strong></span> <span class='ocrx_word' id='word_1_841' title='bbox 3702 5310 3833 5352; x_wconf 89' lang='lat' dir='ltr'><strong>non</strong></span> 
     </span>
    </p>
   </div>
   <div class='ocr_carea' id='block_1_66' title="bbox 553 5357 3836 5437">
    <p class='ocr_par' dir='ltr' id='par_1_66' title="bbox 553 5357 3836 5437">
     <span class='ocr_line' id='line_1_66' title="bbox 553 5357 3836 5437; baseline 0.002 -13"><span class='ocrx_word' id='word_1_842' title='bbox 553 5364 630 5426; x_wconf 87' lang='lat' dir='ltr'><strong>de</strong></span> <span class='ocrx_word' id='word_1_843' title='bbox 659 5357 1068 5437; x_wconf 63' lang='lat' dir='ltr'><strong>se&#39;majorem</strong></span> <span class='ocrx_word' id='word_1_844' title='bbox 1097 5357 1376 5437; x_wconf 80' lang='lat' dir='ltr'><strong>concipit</strong></span> <span class='ocrx_word' id='word_1_845' title='bbox 1405 5357 1984 5431; x_wconf 81' lang='lat' dir='ltr'><strong>existimationem,</strong></span> <span class='ocrx_word' id='word_1_846' title='bbox 2017 5361 2366 5422; x_wconf 89' lang='lat' dir='ltr'><strong>studiosior</strong></span> <span class='ocrx_word' id='word_1_847' title='bbox 2396 5363 2691 5435; x_wconf 87' lang='lat' dir='ltr'><strong>efﬁcitur,</strong></span> <span class='ocrx_word' id='word_1_848' title='bbox 2736 5357 2882 5426; x_wconf 80' lang='lat' dir='ltr'><strong>cum</strong></span> <span class='ocrx_word' id='word_1_849' title='bbox 2925 5369 3328 5429; x_wconf 89' lang='lat' dir='ltr'><strong>charismatis</strong></span> <span class='ocrx_word' id='word_1_850' title='bbox 3370 5389 3606 5432; x_wconf 90' lang='lat' dir='ltr'><strong>munus</strong></span> <span class='ocrx_word' id='word_1_851' title='bbox 3648 5389 3836 5435; x_wconf 84' lang='lat' dir='ltr'><strong>acce—</strong></span> 
     </span>
    </p>
   </div>
   <div class='ocr_carea' id='block_1_67' title="bbox 557 5434 2216 5529">
    <p class='ocr_par' dir='ltr' id='par_1_67' title="bbox 557 5434 2216 5529">
     <span class='ocr_line' id='line_1_67' title="bbox 557 5434 2216 5529; baseline -0.004 -25"><span class='ocrx_word' id='word_1_852' title='bbox 557 5443 722 5522; x_wconf 80' lang='lat' dir='ltr'><strong>perit</strong></span> <span class='ocrx_word' id='word_1_853' title='bbox 748 5459 774 5529; x_wconf 58' lang='grc' dir='ltr'><strong>ί</strong></span> <span class='ocrx_word' id='word_1_854' title='bbox 800 5434 950 5529; x_wconf 67' lang='lat' dir='ltr'><strong>(inm</strong></span> <span class='ocrx_word' id='word_1_855' title='bbox 981 5437 1152 5529; x_wconf 80' lang='lat' dir='ltr'><strong>enim</strong></span> <span class='ocrx_word' id='word_1_856' title='bbox 1172 5434 1708 5529; x_wconf 62' lang='lat' dir='ltr'><strong>judicat,&#39;prwter</strong></span> <span class='ocrx_word' id='word_1_857' title='bbox 1735 5437 2216 5529; x_wconf 72' lang='lat' dir='ltr'><strong>dignitatemsu</strong></span> 
     </span>
    </p>
   </div>
   <div class='ocr_carea' id='block_1_68' title="bbox 2177 5434 3836 5529">
    <p class='ocr_par' dir='ltr' id='par_1_68' title="bbox 2180 5434 3836 5529">
     <span class='ocr_line' id='line_1_68' title="bbox 2180 5434 3836 5529; baseline 0.005 -27"><span class='ocrx_word' id='word_1_858' title='bbox 2180 5459 2328 5529; x_wconf 83' lang='lat' dir='ltr'><strong>nam</strong></span> <span class='ocrx_word' id='word_1_859' title='bbox 2360 5461 2596 5529; x_wconf 78' lang='lat' dir='ltr'><strong>munus</strong></span> <span class='ocrx_word' id='word_1_860' title='bbox 2630 5434 2786 5504; x_wconf 88' lang='lat' dir='ltr'><strong>illud</strong></span> <span class='ocrx_word' id='word_1_861' title='bbox 2807 5464 2959 5529; x_wconf 70' lang='lat' dir='ltr'><strong>esse</strong></span> <span class='ocrx_word' id='word_1_862' title='bbox 2991 5449 3301 5529; x_wconf 85' lang='lat' dir='ltr'><strong>tributum</strong></span> <span class='ocrx_word' id='word_1_863' title='bbox 3325 5495 3341 5521; x_wconf 91' lang='lat'><strong>,</strong></span> <span class='ocrx_word' id='word_1_864' title='bbox 3379 5451 3656 5529; x_wconf 86' lang='lat' dir='ltr'><strong>amplius</strong></span> <span class='ocrx_word' id='word_1_865' title='bbox 3685 5434 3836 5529; x_wconf 85' lang='lat' dir='ltr'><strong>pla-</strong></span> 
     </span>
    </p>
   </div>
   <div class='ocr_carea' id='block_1_69' title="bbox 544 5515 3838 5609">
    <p class='ocr_par' dir='ltr' id='par_1_69' title="bbox 544 5515 3838 5609">
     <span class='ocr_line' id='line_1_69' title="bbox 544 5515 3838 5609; baseline 0.003 -29"><span class='ocrx_word' id='word_1_866' title='bbox 544 5515 707 5609; x_wconf 62' lang='lat' dir='ltr'><strong>cere</strong></span> <span class='ocrx_word' id='word_1_867' title='bbox 739 5517 1006 5578; x_wconf 81' lang='lat' dir='ltr'><strong>festinat</strong></span> <span class='ocrx_word' id='word_1_868' title='bbox 1033 5515 1196 5609; x_wconf 45' lang='lat' dir='ltr'><strong>.:_.qu_i</strong></span> <span class='ocrx_word' id='word_1_869' title='bbox 1239 5533 1388 5609; x_wconf 73' lang='lat' dir='ltr'><strong>vero</strong></span> <span class='ocrx_word' id='word_1_870' title='bbox 1433 5518 1792 5609; x_wconf 72' lang='lat' dir='ltr'><strong>compotem</strong></span> <span class='ocrx_word' id='word_1_871' title='bbox 1811 5515 1888 5578; x_wconf 80' lang='lat' dir='ltr'><strong>se</strong></span> <span class='ocrx_word' id='word_1_872' title='bbox 1920 5520 2176 5582; x_wconf 90' lang='lat' dir='ltr'><strong>virtutis</strong></span> <span class='ocrx_word' id='word_1_873' title='bbox 2208 5521 2568 5609; x_wconf 74' lang='lat' dir='ltr'><strong>existimat,</strong></span> <span class='ocrx_word' id='word_1_874' title='bbox 2603 5539 2732 5609; x_wconf 83' lang='lat' dir='ltr'><strong>non</strong></span> <span class='ocrx_word' id='word_1_875' title='bbox 2769 5525 2888 5585; x_wconf 91' lang='lat' dir='ltr'><strong>sibi</strong></span> <span class='ocrx_word' id='word_1_876' title='bbox 2918 5544 2998 5586; x_wconf 81' lang='lat' dir='ltr'><strong>ex</strong></span> <span class='ocrx_word' id='word_1_877' title='bbox 3027 5526 3234 5609; x_wconf 82' lang='lat' dir='ltr'><strong>gratia</strong></span> <span class='ocrx_word' id='word_1_878' title='bbox 3266 5515 3598 5609; x_wconf 75' lang='lat' dir='ltr'><strong>largientis</strong></span> <span class='ocrx_word' id='word_1_879' title='bbox 3630 5515 3838 5592; x_wconf 79' lang='lat' dir='ltr'><strong>adve—</strong></span> 
     </span>
    </p>
   </div>
   <div class='ocr_carea' id='block_1_70' title="bbox 551 5595 3838 5687">
    <p class='ocr_par' dir='ltr' id='par_1_70' title="bbox 551 5595 3838 5687">
     <span class='ocr_line' id='line_1_70' title="bbox 551 5595 3838 5687; baseline 0.003 -30"><span class='ocrx_word' id='word_1_880' title='bbox 551 5601 734 5687; x_wconf 62' lang='lat' dir='ltr'><strong>nisse</strong></span> <span class='ocrx_word' id='word_1_881' title='bbox 761 5595 1590 5687; x_wconf 65' lang='lat' dir='ltr'><strong>munus-illndarbitratur,</strong></span> <span class='ocrx_word' id='word_1_882' title='bbox 1639 5596 1758 5687; x_wconf 82' lang='lat' dir='ltr'><strong>se_d_</strong></span> <span class='ocrx_word' id='word_1_883' title='bbox 1788 5615 1872 5687; x_wconf 77' lang='lat' dir='ltr'><strong>ex</strong></span> <span class='ocrx_word' id='word_1_884' title='bbox 1901 5601 2430 5687; x_wconf 89' lang='lat' dir='ltr'><strong>suorum_debito</strong></span> <span class='ocrx_word' id='word_1_885' title='bbox 2481 5602 2895 5687; x_wconf 77' lang='lat' dir='ltr'><strong>meritorum:</strong></span> <span class='ocrx_word' id='word_1_886' title='bbox 2934 5595 3200 5684; x_wconf 77' lang='lat' dir='ltr'><strong>proinde</strong></span> <span class='ocrx_word' id='word_1_887' title='bbox 3243 5595 3612 5687; x_wconf 66' lang='lat' dir='ltr'><strong>bujiismodi</strong></span> <span class='ocrx_word' id='word_1_888' title='bbox 3645 5609 3838 5670; x_wconf 87' lang='lat' dir='ltr'><strong>homo</strong></span> 
     </span>
    </p>
   </div>
   <div class='ocr_carea' id='block_1_71' title="bbox 565 5675 3839 5766">
    <p class='ocr_par' dir='ltr' id='par_1_71' title="bbox 565 5675 3839 5766">
     <span class='ocr_line' id='line_1_71' title="bbox 565 5675 3839 5766; baseline 0.002 -28"><span class='ocrx_word' id='word_1_889' title='bbox 565 5677 827 5766; x_wconf 75' lang='lat' dir='ltr'><strong>inﬂatur</strong></span> <span class='ocrx_word' id='word_1_890' title='bbox 871 5675 1254 5736; x_wconf 89' lang='lat' dir='ltr'><strong>ventositate</strong></span> <span class='ocrx_word' id='word_1_891' title='bbox 1300 5677 1637 5766; x_wconf 62' lang='lat' dir='ltr'><strong>superbiae.</strong></span> <span class='ocrx_word' id='word_1_892' title='bbox 1694 5676 1954 5766; x_wconf 76' lang='lat' dir='ltr'><strong>Idcirco</strong></span> <span class='ocrx_word' id='word_1_893' title='bbox 1989 5697 2144 5766; x_wconf 70' lang='lat' dir='ltr'><strong>ergo</strong></span> <span class='ocrx_word' id='word_1_894' title='bbox 2187 5681 2358 5766; x_wconf 79' lang='lat' dir='ltr'><strong>Deus</strong></span> <span class='ocrx_word' id='word_1_895' title='bbox 2407 5675 3151 5766; x_wconf 11' lang='lat' dir='ltr'><strong>convenienter‘cuncta</strong></span> <span class='ocrx_word' id='word_1_896' title='bbox 3181 5675 3532 5766; x_wconf 70' lang='lat' dir='ltr'><strong>dispensat.</strong></span> <span class='ocrx_word' id='word_1_897' title='bbox 3561 5688 3742 5762; x_wconf 90' lang='lat' dir='ltr'><strong>Quod</strong></span> <span class='ocrx_word' id='word_1_898' title='bbox 3774 5689 3839 5748; x_wconf 86' lang='lat' dir='ltr'><strong>in</strong></span> 
     </span>
    </p>
   </div>
   <div class='ocr_carea' id='block_1_72' title="bbox 566 5754 3843 5835">
    <p class='ocr_par' dir='ltr' id='par_1_72' title="bbox 566 5754 3843 5835">
     <span class='ocr_line' id='line_1_72' title="bbox 566 5754 3843 5835; baseline 0.004 -18"><span class='ocrx_word' id='word_1_899' title='bbox 566 5754 850 5818; x_wconf 76' lang='lat' dir='ltr'><strong>Ecclesia</strong></span> <span class='ocrx_word' id='word_1_900' title='bbox 885 5773 1146 5834; x_wconf 90' lang='lat' dir='ltr'><strong>quoque</strong></span> <span class='ocrx_word' id='word_1_901' title='bbox 1179 5755 1517 5833; x_wconf 84' lang='lat' dir='ltr'><strong>provenire</strong></span> <span class='ocrx_word' id='word_1_902' title='bbox 1553 5757 1910 5833; x_wconf 89' lang='lat' dir='ltr'><strong>conspicies</strong></span> <span class='ocrx_word' id='word_1_903' title='bbox 1945 5777 1959 5815; x_wconf 86' lang='lat'><strong>:</strong></span> <span class='ocrx_word' id='word_1_904' title='bbox 2005 5754 2170 5819; x_wconf 81' lang='lat' dir='ltr'><strong>alius</strong></span> <span class='ocrx_word' id='word_1_905' title='bbox 2206 5758 2462 5835; x_wconf 87' lang='lat' dir='ltr'><strong>quidem</strong></span> <span class='ocrx_word' id='word_1_906' title='bbox 2504 5761 2695 5821; x_wconf 85' lang='lat' dir='ltr'><strong>habet</strong></span> <span class='ocrx_word' id='word_1_907' title='bbox 2739 5762 3103 5826; x_wconf 84' lang='lat' dir='ltr'><strong>facultatem</strong></span> <span class='ocrx_word' id='word_1_908' title='bbox 3144 5754 3458 5828; x_wconf 79' lang='lat' dir='ltr'><strong>sermonis</strong></span> <span class='ocrx_word' id='word_1_909' title='bbox 3497 5754 3843 5829; x_wconf 50' lang='lat' dir='ltr'><strong>ad‘docen—</strong></span> 
     </span>
    </p>
   </div>
   <div class='ocr_carea' id='block_1_73' title="bbox 559 5835 3840 5926">
    <p class='ocr_par' dir='ltr' id='par_1_73' title="bbox 559 5835 3840 5926">
     <span class='ocr_line' id='line_1_73' title="bbox 559 5835 3840 5926; baseline 0.004 -30"><span class='ocrx_word' id='word_1_910' title='bbox 559 5839 759 5911; x_wconf 85' lang='lat' dir='ltr'><strong>dum,</strong></span> <span class='ocrx_word' id='word_1_911' title='bbox 799 5835 963 5897; x_wconf 87' lang='lat' dir='ltr'><strong>alius</strong></span> <span class='ocrx_word' id='word_1_912' title='bbox 997 5840 1210 5896; x_wconf 88' lang='lat' dir='ltr'><strong>autem</strong></span> <span class='ocrx_word' id='word_1_913' title='bbox 1259 5852 1467 5912; x_wconf 86' lang='lat' dir='ltr'><strong>neque.</strong></span> <span class='ocrx_word' id='word_1_914' title='bbox 1499 5852 1569 5894; x_wconf 89' lang='lat' dir='ltr'><strong>os</strong></span> <span class='ocrx_word' id='word_1_915' title='bbox 1617 5835 1869 5913; x_wconf 85' lang='lat' dir='ltr'><strong>aperire</strong></span> <span class='ocrx_word' id='word_1_916' title='bbox 1903 5839 2090 5900; x_wconf 86' lang='lat' dir='ltr'><strong>valet.</strong></span> <span class='ocrx_word' id='word_1_917' title='bbox 2131 5839 2270 5900; x_wconf 82' lang='lat' dir='ltr'><strong>Non</strong></span> <span class='ocrx_word' id='word_1_918' title='bbox 2306 5841 2745 5917; x_wconf 83' lang='lat' dir='ltr'><strong>contristetur,</strong></span> <span class='ocrx_word' id='word_1_919' title='bbox 2781 5843 3013 5921; x_wconf 82' lang='lat' dir='ltr'><strong>inquit,</strong></span> <span class='ocrx_word' id='word_1_920' title='bbox 3046 5847 3188 5922; x_wconf 83' lang='lat' dir='ltr'><strong>iste,</strong></span> <span class='ocrx_word' id='word_1_921' title='bbox 3215 5848 3369 5926; x_wconf 89' lang='lat' dir='ltr'><strong>quia</strong></span> <span class='ocrx_word' id='word_1_922' title='bbox 3403 5849 3678 5911; x_wconf 89' lang='lat' dir='ltr'><strong>similem</strong></span> <span class='ocrx_word' id='word_1_923' title='bbox 3711 5864 3840 5909; x_wconf 82' lang='lat' dir='ltr'><strong>non</strong></span> 
     </span>
    </p>
   </div>
  </div>
