4202 6446
367 334 477 396 959
1045 337 1360 399 MUTIANO
1401 339 1644 399 SCHOL.
1687 339 2026 400 INTERPRE

1994 338 2155 399 ,ETE.
2191 373 2260 384 —
2288 340 2448 401 CAP.
2486 343 2553 398 ll.
2599 341 2835 401 HOMIL.
2886 340 2973 398 ΙΙΙ.
3545 327 3653 384 ίὶῦθ

354 441 552 528 habet
581 434 857 528 gentiam
890 433 1290 528 :Ifnicuique
1319 433 1481 528 eaim
1506 433 2150 528 datm“mani[estatio
2181 435 2467 528 Spiritus
2499 436 2581 496 ad
2606 436 2975 528 ιιρίζὶιαιριηζ
2990 434 3058 528 Si
3090 436 3260 528 θρίω]
3303 437 3494 528 homo
3538 454 3657 528 pa.-

355 514 737 580 lerfamilias
784 514 997 587 novit,
1050 514 1155 595 cui
1203 514 1541 595 negotium
1580 514 2060 595 qualecumque
2103 514 2457 577 committat
2499 537 2513 575 :
2561 516 2763 577 multo
2806 516 3086 593 amplius
3114 515 3314 587 Deus,
3346 517 3458 595 qui
3489 517 3668 576 novit

355 602 745 661 cunctorum
792 600 1037 655 mentes
1083 593 1420 653 hominum
1442 637 1459 667 ,
1488 594 1600 671 qui
1639 600 1873 657 cuncta
1902 593 2235 673 cOguoscit
2265 600 2615 673 antequam
2648 596 2827 657 fiant.
2877 596 3087 657 Unum
3133 603 3229 657 est
3261 593 3505 658 tantum
3540 596 3671 655 tri-

354 679 536 739 stitia
563 676 829 755 dignum
856 719 871 745 ,
909 674 1027 755 hoc
1056 680 1153 734 est
1178 691 1482 755 peccare,
1514 674 1691 734 aliud
1721 692 1873 736 vero
1906 675 2091 735 nihil.
2118 676 2247 736 Nec
2274 676 2447 736 dicas
2474 721 2489 747 ,
2523 677 2740 751 Quare
2794 694 2921 736 non
2956 677 3167 737 habeo
3205 677 3513 755 pecunias
3536 678 3565 734 ?
3617 676 3669 736 si

355 753 705 827 haberem,
740 753 1137 835 pauperibus
1172 753 1565 835 impartirer.
1593 755 1839 825 Nescis,
1865 772 1904 815 o
1928 755 2158 828 homo;
2193 755 2484 816 fortassis
2517 757 2687 815 enim
2716 758 2766 817 si
2802 758 3097 828 haberes,
3128 753 3408 835 amplius
3433 773 3673 817 avarus

354 839 740 900 exsisteres.
776 835 958 895 Nunc
987 833 1248 912 quidem
1286 834 1419 896 haec
1448 834 1632 907 dicis,
1667 835 1776 895 sed
1807 835 1859 896 si
1892 840 1950 896 te
1981 836 2121 913 ipsa
2152 837 2458 913 probaret
2490 838 2918 914 experientia,
2968 838 3136 898 alius
3166 833 3437 899 forsitan
3469 853 3677 913 appa—

357 936 571 980 rercs.
605 917 767 976 Nam
799 918 859 975 et
895 915 1157 997 quando
1187 932 1415 997 sumus
1441 914 1602 997 cibis
1636 917 1944 997 saturati,
1977 917 2466 997 putamusquia
2494 917 2819 997 possimus
2848 918 3042 995 longa
3075 919 3354 979 tolerare
3375 916 3622 997 jejunia
3660 936 3673 971 :

358 1018 515 1061 cum
570 1013 723 1056 vero
776 1013 895 1055 nos
946 994 1357 1055 admonuerit
1410 994 1639 1055 saltem
1682 996 1842 1056 levis
1875 997 2169 1068 esuries,
2220 995 2351 1057 alia
2399 1012 2517 1057 nos
2568 996 2887 1059 desideria
2918 994 3401 1058 subintrabunt'.
3438 997 3677 1057 lterum

411 1077 635 1140 uando
667 1093 894 1138 sumus
924 1073 1006 1134 ab
1034 1074 1340 1155 ebrietate.
1370 1074 1593 1155 liberi,
1628 1080 1932 1153 putamus
1963 1076 2141 1137 illam
2174 1093 2292 1137 nos
2319 1093 2631 1155 superare
2666 1094 2856 1153 posse
2889 1078 3256 1155 passionem
3296 1098 3311 1136 :
3346 1095 3492 1138 cum
3527 1092 3681 1135 vero

392 1153 693 1221 herimus
728 1155 903 1215 illius
935 1154 1139 1213 morbi
1174 1153 1344 1235 capti
1390 1154 1693 1235 libidine,
1738 1156 2004 1217 minime
2052 1156 2237 1217 nobis
2269 1153 2549 1235 primum
2592 1153 2908 1235 judicium
2940 1158 3319 1218 remanebit.
3353 1158 3490 1217 Non
3525 1172 3682 1234 ergo

362 1240 577 1311 dicas,
610 1236 827 1310 Quare
855 1253 985 1295 non
1018 1234 1239 1313 accepi
1273 1234 1544 1313 gratiam
1578 1235 1889 1297 docendi?
1915 1236 1969 1297 si
2000 1237 2171 1296 enim
2202 1234 2535 1307 haberem,
2568 1234 2788 1297 decem
2820 1237 3020 1297 millia
3045 1237 3380 1297 hominum
3412 1235 3684 1297 aedifica-

364 1338 536 1381 rem.
583 1316 806 1378 Nescis
840 1316 995 1396 quia
1027 1314 1079 1374 si
1116 1312 1408 1396 fortassis
1450 1315 1750 1385 haberes,
1784 1316 1863 1377 ad
1901 1316 2217 1396 judicium
2264 1318 2474 1396 majus
2505 1317 2779 1378 haberes
2811 1337 2825 1375 :
2860 1317 3150 1378 fortassis
3182 1318 3352 1377 enim
3398 1315 3643 1376 invidia
3669 1361 3685 1387 ,

366 1398 675 1460 fortassis
703 1394 947 1455 desidia
976 1394 1391 1470 compelleret
1422 1398 1481 1456 te
1508 1396 1821 1457 talentum
1844 1394 1965 1458 sub
1992 1402 2166 1458 terra
2196 1394 2517 1458 defodere.
2550 1398 2737 1458 Nunc
2765 1402 2983 1460 autem
3018 1397 3157 1458 istis
3191 1396 3493 1457 omnibus
3514 1396 3690 1457 libe—

366 1484 560 1542 ratus
600 1495 696 1549 es,
731 1494 848 1536 nec
874 1473 1182 1556 culparis,
1217 1474 1270 1535 si
1299 1492 1433 1556 non
1476 1475 1882 1556 distribueris
1916 1494 2195 1540 annona:
2221 1477 2494 1556 singulis
2525 1477 2894 1555 quibusque
2925 1494 3301 1538 mensuram
3340 1496 3354 1534 :
3392 1476 3444 1537 si
3477 1479 3693 1537 autem

370 1561 659 1621 haberes
689 1556 845 1616 illud
876 1554 1225 1626 charisma,
1252 1555 1548 1632 plurimis
1578 1556 1784 1634 culpis
1808 1575 1983 1618 esses
2015 1554 2367 1618 obnoxius.
2405 1556 2525 1617 Sed
2556 1554 2619 1618 et
2647 1554 2821 1617 nunc
2850 1574 2979 1616 non
3008 1574 3076 1618 es
3109 1557 3246 1617 sine
3277 1556 3692 1618 charismate.

370 1641 449 1702 In
496 1654 704 1718 parvo
735 1635 1109 1718 demonstra
1140 1635 1353 1718 qualis
1383 1652 1536 1718 esse
1558 1653 1823 1718 posses,
1861 1638 1913 1697 si
1947 1655 2198 1718 munus
2221 1637 2376 1696 illud
2404 1636 2676 1718 haberes
2714 1657 2727 1695 :
2758 1637 2833 1697 Si
2855 1637 3031 1718 enim
3056 1683 3071 1709 ,
3106 1636 3349 1718 inquit,
3388 1637 3469 1718 in
3492 1653 3695 1717 parvo

422 1715 591 1781 doles
620 1735 752 1776 non
780 1715 1017 1795 fuistis,
1052 1715 1297 1795 majora
1325 1716 1465 1794 quis
1495 1715 1669 1789 dabit
1697 1716 1874 1777 vobis
1900 1719 1929 1776 ?
1962 1717 2244 1778 Ostende
2280 1734 2437 1795 ergo
2467 1716 2631 1779 sicut
2668 1718 2777 1779 illa
2806 1717 2997 1777 vidua
3035 1737 3048 1775 :
3084 1717 3245 1777 duos
3276 1715 3510 1777 habuit
3534 1718 3701 1795 obo-

398 1817 507 1873 os,
546 1802 611 1859 et
643 1794 851 1857 totum
881 1794 1054 1873 quod
1084 1794 1312 1876 habuit
1342 1795 1551 1866 misit,
1585 1800 1790 1856 totum
1832 1797 2005 1873 quod
2036 1794 2412 1876 possidebat
2440 1797 2736 1858 contulit.
2771 1797 3079 1858 Pecunias
3117 1796 3401 1873 quaeris?
3435 1794 3701 1857 ostende

376 1880 574 1942 nobis
614 1877 770 1955 quia
805 1874 1162 1936 contemnis
1205 1892 1352 1952 quae
1394 1893 1597 1953 parva
1635 1881 1826 1948 sunt,
1858 1884 1929 1937 ut
1957 1874 2215 1939 credam
2258 1877 2370 1937 tibi
2398 1876 2475 1937 de
2516 1877 2815 1939 maximis
2848 1897 2861 1935 :
2898 1877 2950 1937 si
2984 1894 3139 1938 vero
3172 1895 3289 1937 nec
3320 1878 3463 1949 ista,
3497 1876 3702 1937 multo

378 1961 606 2021 minus
636 1957 745 2017 illa
784 1955 1271 2036 contempseris.
1306 1955 1613 2036 Similiter
1640 1957 1921 2017 etiamin
1946 1975 2244 2019 sermone
2270 1963 2379 2016 tuo
2401 1956 2772 2018 demonstra
2792 1956 3003 2028 nobis,
3029 1956 3200 2034 quod
3224 1974 3301 2016 eo
3327 1962 3705 2036 competen-

378 2047 487 2105 ter
511 2037 724 2101 utaris
762 2036 826 2095 in
865 2035 1307 2097 admonitione
1337 2035 1439 2095 vel
1468 2036 1744 2095 consilio
1771 2037 1941 2097 circa
1974 2038 2228 2098 fratres.
2264 2040 2344 2096 At
2386 2037 2436 2097 si
2468 2055 2596 2097 non
2634 2037 2832 2098 habes
2860 2037 3300 2113 eloquentiam
3327 2081 3341 2105 ,
3380 2041 3444 2095 at
3486 2037 3537 2098 si
3572 2052 3705 2095 non

379 2120 595 2182 babes
624 2115 1097 2180 abundantiam
1128 2114 1597 2175 sententiarum
1636 2136 1650 2173 :
1688 2123 2138 2178 verumtamen
2168 2118 2291 2178 scis
2324 2117 2449 2178 ista
2480 2118 2852 2179 communia
2885 2137 2899 2175 :
2936 2116 2988 2177 si
3020 2116 3223 2176 ﬁlium
3260 2116 3479 2184 habes,
3516 2116 3571 2177 si
3601 2116 3707 2176 vi-

389 2201 615 2263 cinum
639 2243 655 2269 ,
691 2197 746 2259 si
779 2197 1096 2266 amicum,
1121 2195 1173 2255 si
1205 2194 1649 2272 propinquum
1674 2240 1690 2267 ,
1724 2197 1777 2256 si
1811 2215 2059 2269 servos,
2090 2197 2388 2269 admone,
2422 2196 2599 2257 doce.
2627 2199 2707 2257 At
2737 2197 2787 2257 si
2824 2214 2951 2257 non
2980 2197 3159 2258 vales
3190 2197 3254 2255 in
3286 2195 3559 2258 ecclesia
3590 2212 3711 2272 pu-

395 2280 563 2342 blice
582 2278 859 2358 longum
882 2275 1206 2358 protelare
1235 2292 1626 2358 sermonem,
1654 2276 1791 2358 istis
1818 2281 2032 2338 tamen
2055 2277 2351 2338 semotim
2381 2282 2560 2358 potes
2582 2277 2921 2338 consulere
2949 2296 2963 2335 :
2989 2276 3067 2337 ad
3090 2277 3212 2337 hoc
3230 2293 3360 2335 non
3386 2276 3712 2358 rhetorica

402 2376 569 2435 opus
601 2353 736 2430 est,
768 2361 830 2417 et
857 2354 1103 2435 majore
1133 2353 1431 2435 facundia
1467 2374 1480 2413 :
1512 2356 1780 2435 ostende
1810 2358 1876 2415 in
1908 2358 2007 2417 bis
2031 2402 2047 2429 ,
2085 2353 2398 2435 quoniam
2429 2357 2483 2417 si
2514 2358 2786 2418 haberes
2816 2358 3185 2418 facultatem
3216 2357 3558 2429 sermonis,
3591 2372 3714 2415 ιιι»-

404 2433 708 2533 gligentia
745 2445 805 2498 te
839 2433 1023 2533 nuila
1044 2433 1585 2533 deprimeret.nSri
1608 2441 1826 2527 autem
1866 2437 1935 2533 in
1968 2433 2172 2516 parvo
2220 2454 2352 2529 non
2396 2438 2566 2515 geris
2612 2438 2821 2533 ullum
2863 2437 3152 2533 studium
3172 2481 3187 2506 ,
3221 2435 3711 2533 quomodontibi

398 2514 653 2599 majora
683 2514 1087 2599 promittenti
1121 2514 1506 2599 credamus?
1528 2515 1703 2599 Quia
1738 2533 1891 2577 vero
1914 2514 2043 2599 hoc
2066 2514 2730 2599 unusquisqueivalet
2751 2517 3047 2599 impiere,
3077 2516 3338 2599 adverte
3360 2515 3517 2599 quid
3544 2515 3715 2575 dicat

383 2594 765 2681 Apostolus,
796 2594 1124 2681 quemodo
1156 2594 1372 2681 hocet
1396 2594 1579 2681 laicis
1611 2595 1993 2681 imperavit:
2028 2597 2502 2681 Unusquisque,
2534 2596 2778 2674 inquit.
2813 2594 3113 2681 cedi/irate
3141 2594 3428 2681 invicem,
3462 2596 3718 2681 sicine:

422 2674 656 2747 licitis;
710 2683 810 2749 et,
871 2674 1300 2738 Consolamini
1351 2674 1726 2745 alterutrum
1770 2677 1839 2739 in
1888 2674 2275 2738 sermonibus
2348 2677 2535 2737 istis:
2569 2674 2894 2753 quomodo
2936 2674 3318 2753 unicuique
3364 2674 3715 2736 distribuit.

452 2757 843 2834 umquidam
881 2762 949 2815 tu
980 2754 1211 2815 melior
1240 2772 1309 2815 es
1336 2755 1561 2817 Mose?
1588 2756 1863 2818 Adverte
1894 2774 2050 2834 ergo
2089 2756 2418 2834 quomodo
2455 2758 2787 2834 mterebat.
2823 2757 2994 2817 Num
3039 2766 3094 2814 et
3138 2774 3272 2831 ego.
3308 2754 3542 2832 inquit.
3573 2755 3720 2813 illas

420 2833 701 2906 tolerare
744 2835 1049 2916 possum?
1074 2850 1370 2916 quomgm
1395 2836 1622 2916 dixisti
1652 2834 1813 2916 _mt_ht
1836 2876 1849 2896 ,
1882 2833 2064 2916 Same
2096 2833 2271 2916 iilos,
2307 2833 2703 2916 sieut__sumit
2744 2834 2996 2916 nutris
3016 2836 3353 2914 parvulum
3405 2837 3487 2897 ad
3536 2837 3727 2899 ubera

414 2910 818 3003 pendentem.
850 2912 1018 3003 Quid
1044 2910 1243 3003 ergo?
1271 2913 1456 3003 Deus.
1474 2910 1695 3002 eduxit
1719 2910 1795 2969 de
1825 2911 2056 3003 spiritu
2070 2911 2250 3003 .ejus,
2290 2916 2351 2972 et
2564 2913 2707 3003 aliis
2731 2910 3120 3003 ;_os_tendens_
3153 2916 3307 3003 quia
3334 2932 3543 3003 neque
3571 2918 3721 2978 dum

419 2990 537 3061 eos
570 2998 709 3074 ipse
739 2997 1049 3074 portaret,
1082 2990 1221 3069 ejus
1245 2990 1751 3074 eratcharisina,
1783 2990 1898 3074 sed
1920 2990 2194 3074 Spiritus
2223 2991 2451 3053 sancti.
2482 2991 2543 3074 Si
2567 2994 2737 3074 enim
2761 2993 3033 3074 haberes
3067 2990 3413 3074 charisma,
3437 2990 3476 3056 ἱ)
3500 2997 3721 3069 homo,

420 3069 705 3140 fortasse
738 3069 1058 3154 superbia:
1091 3077 1149 3130 te
1182 3075 1410 3154 [cutus
1441 3069 1817 3154 extolleret,
1872 3069 2162 3154 fortassis
2213 3072 2559 3154 mutareris
2602 3072 2665 3130 in
2709 3072 2893 3154 pejus
2933 3092 2947 3129 :
2998 3090 3129 3134 non
3174 3073 3263 3135 ita
3311 3077 3721 3154 temetipsum

418 3154 768 3237 cognoscis
789 3148 837 3224 ,⁷
861 3153 1025 3237 sicut
1086 3156 1172 3237 te-
1193 3151 1364 3237 Deus
1395 3149 1708 3237 agnoscit.
1740 3148 1882 3237 Non
1914 3168 2069 3237 ergo
2098 3150 2412 3237 d_i_eamu_s,
2463 3150 2677 3237 Quare
2706 3148 2852 3237 hoc,
2896 3156 2959 3237 et
2989 3170 3107 3228 pro
3146 3170 3276 3237 qua
3315 3171 3513 3237 causa
3534 3148 3727 3217 'hoc?

419 3228 691 3316 quando
720 3229 1176 3316 Deus_aliquid
1206 3229 1535 3316 dispensat
1554 3233 1757 3316 atque
1787 3228 2089 3316 disponit.
2127 3231 2267 3290 Non
2299 3231 2381 3290 ab
2412 3248 2492 3290 eo
2523 3231 2716 3316 etiam
2762 3231 3109 3316 vindictam
3152 3228 3414 3311 exigere
3447 3234 3726 3296 festine—

421 3308 572 3376 mus
609 3335 623 3369 :
658 3314 781 3372 hoc
810 3310 983 3371 enim
1011 3314 1317 3370 extrema:
1352 3308 1693 3389 impietatis
1727 3312 1858 3378 est,
1906 3309 2365 3386 sceleratisque
2410 3310 2752 3385 superbiae.
2801 3310 2978 3371 Servi
3012 3308 3295 3389 namque
3346 3332 3569 3375 sumus
3597 3360 3612 3387 ,
3665 3323 3728 3376 et

420 3394 600 3456 servi
633 3393 905 3451 multum
933 3389 1242 3473 distantes
1276 3405 1310 3448 a
1344 3388 1641 3473 l_)_omino_,
1677 3405 1886 3473 neque
1916 3393 2067 3473 ante
2096 3390 2286 3473 pedes
2319 3393 2575 3473 nostros
2608 3389 2880 3473 scientes
2924 3391 3094 3469 quod
3128 3388 3365 3473 agitur.
3404 3394 3541 3454 Non
3572 3413 3726 3473 ergo

420 3478 919 3553 perscrutemur
943 3468 1159 3553 divina
1191 3468 1456 3553 consilia
1478 3513 1493 3541 ,
1528 3466 1843 3553 sed_quod
1878 3467 2062 3553 nobis
2087 3468 2329 3529 donare
2361 3468 2659 3553 dignaius
2688 3475 2784 3530 est
2807 3514 2822 3541 ,
2857 3466 2980 3531 hoc
2998 3466 3271 3553 servare
3304 3466 3681 3535 festinemus
3708 3521 3723 3542 ,

420 3546 503 3616 ac
532 3553 586 3613 si
618 3566 892 3632 pai'vum
915 3548 1031 3632 sit,
1063 3563 1138 3632 ae
1166 3547 1613 3632 si__min_imum.
1652 3546 1801 3632 Haec
1825 3547 1995 3632 enim
2027 3552 2314 3626 agentes,
2346 3546 2712 3625 probabiles
2745 3551 3246 3632 apparebimus:
3278 3555 3484 3632 magis
3508 3561 3726 3615 autem

419 3625 741 3712 quiequid
788 3627 1037 3712 venerit
1083 3626 1160 3687 de
1205 3626 1403 3712 divini
1453 3625 2122 3712 mun_c_ris_lﬂrgitate,
2154 3625 2893 3712 nequaquam_parvu_m
2922 3647 3063 3712 esse
3102 3625 3486 3708 judicemﬁs.
3533 3635 3725 3695 voles

421 3703 953 3790 (inia'charisma
974 3706 1249 3790 docendi
1282 3722 1413 3790 non
1446 3703 1779 3790 possides?
1808 3703 1921 3790 pic
1950 3704 2120 3790 enim
2152 3706 2346 3790 mihi,
2567 3703 2676 3765 tibi
2710 3708 2918 3790 majus
2956 3703 3226 3790 videtur,
3261 3712 3585 3775 charisma
3616 3714 3726 3773 do-

421 3783 655 3859 cendi,
694 3806 780 3849 an
810 3786 1132 3867 charisma
1162 3786 1422 3867 morbos
1454 3788 1517 3844 et
1562 3784 1971 3867 aegritudines
2020 3783 2397 3863 effugandi?
2444 3785 2674 3867 Utique
2724 3783 2918 3867 istud.
2967 3789 3132 3862 Quid
3182 3793 3389 3867 ergo?
3418 3792 3575 3852 Item
3627 3793 3728 3851 dic

420 3870 613 3941 mihi,
645 3884 867 3929 nonne
890 3865 1100 3944 majus
1126 3868 1220 3924 est
1244 3865 1466 3945 oculos
1500 3863 1850 3945 reformare
1884 3881 2225 3936 czecorum,
2248 3881 2445 3942 quam
2476 3864 2885 3945 (egritudines
2920 3863 3347 3945 pr0pulsarE?
3370 3871 3522 3932 item
3556 3889 3727 3931 mor-

420 3957 575 4009 tuos
618 3947 968 4016 suscitare,
999 3942 1216 4004 nonne
1251 3943 1501 4004 videtur
1530 3942 1641 4002 tibi
1686 3942 1896 4021 majus
1929 3961 2094 4016 esse,
2129 3961 2324 4020 quam
2362 3942 2555 4005 caecis
2582 3946 2789 4005 visum
2845 3942 3158 4008 reddere?
3209 3948 3373 4022 Quid
3410 3952 3559 4011 item
3593 3951 3728 4012 haec

422 4030 601 4090 ista?
632 4043 848 4086 nonne
879 4024 1094 4105 majus
1118 4027 1216 4084 est
1247 4027 1419 4105 tactu
1451 4022 1693 4105 sudarii
1719 4065 1735 4091 ,
1769 4023 1871 4083 vel
1901 4024 2129 4105 umbra
2173 4024 2313 4105 sola
2344 4023 2633 4099 corporis
2654 4069 2669 4094 ,
2704 4041 2903 4101 quam
2935 4028 3130 4088 verbo
3174 4027 3483 4105 perficere
3504 4032 3531 4088 ?
3556 4031 3722 4104 Quid

422 4109 632 4186 ergo?
662 4108 780 4175 vis,
814 4101 1523 4186 diemihilsudario‘el
1558 4103 1805 4186 umbra,
1828 4101 1916 4160 tui
1948 4103 2237 4178 corporis
2269 4108 2557 4186 mortuos
2588 4106 2924 4177 suscitari,
2959 4124 3042 4165 an
3082 4101 3349 4168 docendi
3401 4101 3723 4171 charisma

424 4180 762 4267 possidere
785 4186 813 4243 τ
842 4183 1074 4261 Utique
1115 4182 1272 4242 illud
1307 4181 1516 4260 eligis,
1546 4186 1618 4241 ut
1648 4185 1936 4240 mortuos
1967 4185 2138 4242 tactu
2185 4180 2596 4241 sudariorum
2629 4186 2887 4243 tuorum
2908 4229 2923 4255 ,
2958 4191 3019 4244 et
3052 4186 3281 4248 umbra
3312 4189 3602 4267 corporis
3635 4192 3729 4251 lui

425 4285 536 4327 res
545 4266 799 4325 uscites.

503 4426 569 4486 Si
602 4427 820 4487 autem
861 4418 972 4480 tibi
1011 4419 1460 4477 monstravere
1484 4457 1499 4486 ,
1532 4410 1842 4489 quoniam
1872 4408 1995 4489 isto
2025 4406 2410 4489 charismate
2442 4399 3112 4489 est‘aliudjcharisma
3140 4402 3341 4489 multo
3383 4404 3684 4480 superius
3708 4448 3725 4474 ,

416 4482 781 4584 quodﬁti‘bi,
812 4500 965 4559 dum
995 4513 1250 4584 sumere
1279 4482 1503 4562 liceat,
1539 4482 1950 4584 non_appetis
1984 4507 1998 4546 :
2035 4504 2252 4579 nonne
2282 4484 2453 4565 juste
2486 4483 2903 4584 istisczetei‘is
2937 4482 3441 4584 charismatibus
3476 4500 3728 4543 vacua—

421 4562 729 4647 :ig‘lflloc
768 4562 1002 4639 Iautem
1057 4574 1378 4635 charisma
1437 4571 1610 4649 quod
1663 4562 1829 4649 dico,
1889 4584 2017 4649 non
2078 4566 2232 4649 uni,
2282 4562 2409 4624 non
2457 4562 2691 4632 alteri,
2741 4562 2846 4621 sed
2899 4563 3147 4649 eunetis
3206 4573 3733 4649 concess_u_m_e_st

420 4641 783 4743 possidere.
817 4658 958 4743 Scio
982 4655 1231 4743 quippe
1273 4641 1475 4743 quod.
1506 4651 1728 4743 attenti
1784 4647 2139 4743 facti‘estis
2169 4690 2183 4715 ,
2233 4650 2323 4743 eti
2352 4649 2637 4743 stupore
2676 4642 2981 4743 possessi.
3040 4641 3103 4702 Si
3157 4659 3315 4721 ergo
3370 4642 3729 4743 audieritis,

421 4722 587 4821 triuia
648 4742 797 4801 licet
852 4722 1032 4795 vobis
1089 4722 1311 4811 majus
1357 4732 1679 4821 charisma
1752 4726 2081 4821 possidere
2135 4741 2333 4821 quam
2388 4728 2678 4821 mortuos
2743 4722 3101 4821 suscitare,
3168 4739 3367 4821 quam
3416 4738 3730 4821 caecorum

423 4800 658 4883 oculos
704 4800 1059 4878 reformare
1084 4857 1099 4885 ,
1133 4800 1331 4890 quam
1363 4811 1474 4870 illa
1506 4800 1979 4890 caetera—iacere
2005 4851 2021 4877 ,
2054 4800 2198 4890 qua}
2231 4806 2351 4863 sub
2388 4801 2716 4890 apostolis
2751 4802 2916 4890 [aeta
2965 4809 3447 4890 niemo_rantgr,_
3487 4800 3724 4890 fortas-

424 4880 531 4964 sis
554 4880 750 4960 etiam
782 4880 1094 4956 credibile
1142 4880 1270 4951 non
1322 4890 1584 4967 putatis.
1635 4886 1800 4961 Quid
1848 4902 2003 4963 ergo
2027 4880 2303 4967 _es_t_hoc
2329 4880 3003 4967 _charisma?_Scilicet
3033 4882 3294 4967 caritas.
3333 4880 3734 4967 Sedcredito

426 4960 634 5051 mihi,
678 4975 835 5054 quia
884 4973 1003 5054 iste
1071 4988 1284 5054 sermo
1316 4960 1464 5054 :nen
1496 4971 1612 5054 est
1661 4960 1891 5054 incus,
1929 4960 2049 5054 sed
2098 4962 2379 5054 _Christi.
2432 4979 2546 5054 per
2597 4960 3280 5054 Pauiumﬂapostolum
3315 4961 3514 5054 nobis
3572 4977 3741 5050 prte—

424 5037 719 5120 dicatus:
775 5053 939 5128 Quid
983 5068 1139 5129 ergo
1197 5049 1428 5129 dixit???
1464 5044 1877 5129 Emittamini
1937 5044 2312 5129 charismata
2370 5037 2752 5129 maiorm-ct
2800 5039 3001 5129 adhuc
3046 5039 3524 5129 eminentiorem
3577 5037 3742 5129 riam

424 5117 610 5203 65bit
641 5117 1259 5203 rdembnstronuid
1312 5128 1486 5198 dicit,
1547 5124 2049 5188 Eminentiorem
2100 5121 2314 5203 viam?
2370 5119 2683 5203 Corinthii
2724 5120 2964 5203 quippe
3003 5119 3203 5203 altum
3262 5117 3603 5203 sapiebani
3634 5136 3742 5178 su-

428 5196 765 5299 pervdonis
797 5196 1308 5299 muneribusque
1340 5196 1841 5299 charismatum!
1875 5209 1944 5299 et
1982 5207 2045 5262 et
2073 5202 2184 5299 qui
2224 5201 2599 5299 linguarum
2645 5199 2970 5299 horibebaint
3018 5196 3341 5299 cherisina
3365 5242 3380 5271 ,
3406 5196 3605 5299 lquod
3646 5203 3747 5258 est

430 5275 804 5363 minimum,
836 5293 1008 5354 circa
1040 5275 1325 5365 reliquos
1358 5285 1771 5365 arrogantius
1801 5275 2218 5365 inﬂarentur._
2241 5275 2406 5365 Dicit
2435 5296 2589 5356 ergo
2618 5297 2632 5335 :
2668 5278 2727 5337 Si
2762 5276 3044 5365 studium
3076 5275 3539 5365 charismatum
3571 5294 3747 5354 qum-

430 5356 603 5447 ritis,
638 5379 702 5435 et
728 5356 848 5451 ego
881 5369 1060 5451 vobis
1092 5356 1426 5429 ostendam
1458 5356 1627 5451 viain
1648 5361 2076 5451 charismatis
2090 5359 2486 5451 eminentem
2521 5374 2698 5451 :'non
2731 5356 3107 5451 simpliciter
3158 5356 3560 5451 superiorem
3584 5401 3598 5423 ,
3634 5366 3745 5417 sed

433 5436 803 5519 eminente;
815 5450 1063 5512 caeteris
1089 5450 1521 5526 priestantem.
1552 5443 1791 5526 Deinde
1817 5442 2002 5526 dicit:
2030 5440 2102 5500 Si
2130 5438 2368 5516 linguis
2388 5436 2751 5526 angelorum
2772 5437 3018 5526 loquar,
3050 5436 3371 5495 caritatem
3394 5444 3595 5526 animi}
3617 5454 3754 5495 non

434 5513 715 5600 Etiam,
747 5530 909 5591 nihil
940 5513 1126 5589 sum':
1157 5534 1211 5585 et
1243 5525 1299 5585 si
1330 5523 1579 5585 habeam
1604 5522 1805 5602 fidem,
1838 5522 1932 5581 ita
1951 5527 2023 5602 ut
2049 5513 2287 5602 montes
2319 5517 2708 5602 trans/eram,
2737 5513 3056 5602 caritatem
3085 5523 3287 5602 autem
3319 5513 3751 5602 non_hab_enm,

436 5594 603 5678 nihil
641 5594 800 5672 sum.
843 5610 1005 5668 Ecce
1044 5607 1157 5667 tibi
1203 5606 1527 5675 charisma
1565 5594 1736 5678 q'uod
1778 5600 2027 5661 cunctis
2075 5598 2360 5657 eminet:
2396 5594 2701 5678 aemulari:
2740 5594 2937 5678 illud:
2975 5594 3095 5653 hoc
3140 5594 3756 5678 quippeArha‘risma

439 5673 651 5773 majus
682 5696 803 5761 est,
835 5703 1035 5773 quam
1067 5690 1358 5773 mertuos
1398 5673 1716 5773 Euscit'are
1749 5727 1764 5744 .
1796 5679 2275 5773 meiius__quain
2306 5675 2573 5773 -reiiqua
2616 5674 2785 5773 dn'na
2811 5676 3151 5773 Iirtutum.
3200 5674 3277 5734 Et
3304 5673 3459 5773 quia
3503 5674 3595 5735 sic
3634 5684 3756 5770 est,

441 5754 707 5835 adverte
743 5754 896 5847 quid
946 5765 1182 5825 dixerit
1224 5765 1363 5841 ipse
1391 5761 1684 5847 Christus
1715 5805 1729 5831 ,
1777 5758 2108 5847 diseipuiis
2138 5757 2269 5816 suis
2306 5756 2578 5847 Ipquens
2613 5775 2627 5810 :
2665 5754 2784 5847 _Inn
2803 5754 3573 5847 hoccoqnoscentvomnes
3605 5759 3757 5836 quia

443 5833 892 5930 discipuli-mei
925 5845 1091 5905 estis.
1129 5845 1203 5903 Et
1234 5833 1510 5902 ostendit
1541 5841 1606 5898 in
1639 5856 1770 5917 quo
1798 5886 1811 5908 ,
1855 5833 1981 5898 non
2014 5838 2231 5896 dicens
2261 5881 2274 5907 ,
2318 5834 2378 5892 Si
2415 5833 2723 5892 miracula
2757 5833 3070 5899 feceritis,
3108 5833 3215 5892 sed
3242 5877 3256 5905 ,
3293 5834 3363 5893 Si
3399 5833 3699 5895 caritatem
3734 5878 3752 5903 ,
