2101 3229
281 170 335 198 260
645 171 673 198 S.
693 171 720 198 ιΙ.
739 170 981 199 CHRYSOSTOMI
1002 170 1109 199 IlOlllL

1069 171 1156 199 llLIJE
1180 170 1212 199 ΙΝ
1231 171 1341 199 EPIST.
1362 171 1408 198 AD
1428 170 1531 199 llEBR.
1843 168 1898 198 270

278 227 373 249 vocas
388 220 420 248 et
434 218 607 258 psallentes
615 218 629 247 τ
644 226 752 247 nonne
762 219 798 247 ut
807 216 1064 258 consolationem
1071 217 1230 258 recipias?
1241 225 1348 258 nonne
1359 220 1397 258 ut
1410 217 1549 248 honores
1559 217 1793 249 discedentem?
1804 218 1912 256 Quare

277 259 377 298 igitur
394 256 484 288 illum
501 258 662 298 injurias?
676 265 778 298 quare
792 265 866 287 eum
880 256 1045 298 exemplas
1055 257 1069 286 ?
1081 265 1183 295 quare
1199 257 1281 286 ludis
1295 257 1378 298 sicut
1391 257 1433 298 in,
1444 259 1565 288 scena?
1580 258 1745 298 Nosienim
1766 258 1913 289 venimus

277 295 316 328 de
329 295 565 328 resurrectione
578 296 855 336 philosophantes,
870 295 978 326 omnia
991 296 1152 336 docentes,
1167 298 1198 326 et
1215 305 1270 326 eos
1285 296 1435 336 quirnecd
1442 306 1493 326 um
1516 297 1659 335 percussi
1676 299 1763 333 sunt,
1779 306 1836 336 per
1850 298 1915 328 ho-

279 346 390 368 norem
404 337 459 375 qui
476 337 522 366 illi
538 336 708 371 tribuitur,
726 335 752 365 si
772 336 901 374 quando
917 335 1038 373 aliquid
1059 336 1122 366 tale
1136 336 1324 374 contigerit,
1342 335 1425 365 ferre
1443 336 1567 366 fortiter
1580 347 1588 366 :
1603 339 1636 366 tu
1653 340 1761 367 autem
1781 335 1914 368 adducis

278 386 345 411 eos,
359 377 415 415 qui
431 379 542 406 nostra
558 376 792 410 condemnant,
807 378 965 413 quantum
984 375 1110 405 interim
1126 375 1164 415 ad
1178 375 1264 414 ipsos
1279 376 1442 413 pertinet?

318 415 401 452 Quid
421 415 482 445 hac
503 415 653 445 irrisione
669 418 700 445 et
714 414 900 444 inductione
925 415 1039 453 pejus?
1058 414 1134 452 quid
1160 415 1220 444 hac
1241 415 1425 452 aequalitate
1451 415 1606 453 gravius?
1625 415 1862 446 Confundimini
1884 418 1915 446 et

278 455 458 485 crubescite
472 465 479 484 :
497 455 522 484 si
540 457 723 484 autemnon
739 454 848 489 vultis,
864 463 922 484 nos
941 463 1006 484 non
1020 454 1161 492 patimur
1175 454 1313 492 amplius
1328 454 1404 484 talia
1418 453 1582 484 mortifera
1598 455 1629 484 in
1639 455 1810 486 Ecclesiam
1822 455 1916 485 indu-

278 495 307 524 ci
324 504 331 523 :
348 494 526 527 Peccautes,
543 494 666 532 inquit,
682 494 716 523 in
730 498 896 532 conspectu
911 493 1047 523 omnium
1061 502 1167 532 argue.
1185 493 1223 522 Et
1236 493 1425 523 mulieribus
1443 493 1505 523 illis
1524 494 1649 525 miseris
1664 503 1722 532 per
1735 504 1790 524 vos
1808 495 1917 532 prohi-

281 534 433 564 bitionem
452 533 535 564 hanc
549 533 637 568 dico,
658 535 694 563 ut
714 541 891 571 numquam
908 534 940 562 in
956 533 1111 563 mortibus
1128 533 1287 569 ﬁdelium,
1302 535 1359 562 aut
1377 534 1657 571 exportationibus
1676 534 1915 572 ingrediantur,

280 582 319 603 ne
342 581 459 603 revera
481 573 612 611 propria
631 573 717 602 mala
732 581 787 603 eas
802 581 954 611 cogamus
971 573 1100 610 lugere,
1120 575 1151 602 et
1170 572 1341 602 doceamus
1362 575 1397 602 ut
1423 581 1488 602 non
1512 573 1546 603 in
1559 573 1675 604 alienis
1690 573 1757 604 haec
1776 572 1915 610 faciant,

279 612 333 642 sed
344 613 492 651 proprias
511 612 612 651 magis
628 612 825 643 calamitates
842 612 1069 642 lamententur.
1083 612 1209 642 Etenim
1224 616 1316 648 pater
1329 611 1522 648 misericors,
1538 613 1668 651 quando
1681 613 1782 642 tilium
1798 612 1909 642 inordi-

280 650 389 682 natum
406 652 517 686 habet,
535 650 599 681 non
618 651 709 681 illum
724 651 827 681 solum
841 654 968 686 monet,
987 653 1024 681 ut
1043 661 1108 681 non
1124 650 1341 688 conjuugatur
1354 651 1516 689 malignis,
1535 650 1589 681 sed
1607 652 1702 681 etiam
1721 652 1792 682 illos
1807 655 1913 682 terret.

273 697 354 727 Ecce
368 696 467 736 igitur
479 698 511 727 et
523 695 612 736 vobis
629 697 660 725 et
670 695 736 736 ﬁlis
749 695 940 736 mulieribus
949 703 1013 736 per
1025 703 1080 736 vos
1093 693 1270 736 admonens
1281 693 1412 736 dico_,_ut
1427 701 1532 731 neque
1549 701 1604 736 vos
1619 692 1803 736 convocelis
1822 694 1916 729 tales,

275 731 457 778 nequevilla}
471 735 656 778 adveniant.
670 734 708 778 Et
721 734 886 778 contingat
900 731 1029 772 quidem
1050 734 1111 763 hoc
1125 734 1258 778 verbum
1275 732 1558 778 ampliusopcrari
1570 753 1579 767 ,
1595 731 1698 778 etii-as
1714 732 1824 778 minas
1836 742 1918 772 pra:-

274 771 381 807 valere
398 785 406 804 :
425 776 452 805 si
469 784 556 808 vero,
572 774 658 813 quod
674 774 778 809 absit,
799 771 1060 811 contemnamur,
1084 771 1401 813 compellimurrjam
1417 772 1579 813 inhactum
1604 771 1763 813 adducere
1783 771 1887 803 minas
1906 784 1914 803 :

272 824 329 860 vos
344 815 474 860 quidem
489 811 614 860 legibus
628 813 1067 860 ecclesiasticis‘coerqente‘s,
1086 811 1167 860 illas
1175 815 1283 843 autem
1297 812 1380 860 sicut
1394 811 1520 860 legibus
1536 811 1745 860 competit..Si
1762 821 1839 842 vero
1852 813 1917 860 ali:

272 854 345 893 quis
354 851 514 893 pervicax
524 851 677 893 inventus
689 855 890 889 contemnat,
902 852 1012 883 audiat
1023 852 1187 893 Christum
1204 860 1291 881 nunc
1306 851 1573 893 etiain_dicentcm
1586 861 1593 879 :
1606 851 1642 881 Si
1653 851 1722 890 quis
1735 853 1916 890 peccaverit

272 889 307 924 in
322 889 468 927 tefvade,
486 902 581 932 argue
597 892 687 923 illum
700 893 783 922 inter
798 897 825 922 te
844 896 872 922 et
887 892 989 930 ipsum
1002 892 1103 922 solum
1119 902 1128 921 :
1142 892 1170 921 si
1184 896 1286 921 autem
1298 889 1540 932 nongbuudiat,
1558 889 1677 920 assume
1692 895 1791 932 tecum
1804 901 1913 928 unum,

271 937 325 963 aut
347 933 426 964 duos
447 943 456 962 :
476 933 504 963 si
524 930 618 963 ctiam
637 932 682 962 sic
700 932 869 965 restiterit,
892 932 944 962 dic
964 931 1114 962 Ecclesia
1127 944 1137 960 :
1155 932 1183 962 si
1198 935 1298 961 aulem
1313 934 1342 960 et
1364 930 1540 960 Ecclesium
1553 931 1785 969 contempserit,
1798 931 1840 961 sit
1856 932 1916 963 tibi

270 973 353 1003 sicut
367 972 506 1003 ethnicus
526 976 552 1002 et
562 971 764 1011 publicanus.
784 972 815 1001 Si
838 980 915 1010 ergo
931 980 1006 1001 eum
1028 972 1083 1009 qui
1104 971 1135 1000 in
1160 980 1210 1001 me
1225 970 1428 1011 peccaverit,
1452 979 1525 1011 cum
1551 978 1617 1011 non
1642 970 1839 1011 obaudierit,
1866 972 1915 1002 sic

269 1012 414 1043 aversari
427 1011 519 1051 jubet
533 1022 540 1040 :
556 1009 612 1050 qui
628 1012 660 1041 in
677 1012 819 1050 seipsum
834 1009 1013 1050 peccaverit
1028 1011 1103 1041 etin
1118 1011 1232 1051 Deum,
1245 1010 1407 1051 quomodo
1421 1010 1541 1051 habere
1554 1010 1667 1051 debeo,
1684 1018 1738 1040 vos
1749 1009 1890 1051 judicate
1904 1022 1912 1041 :

271 1060 326 1082 vos
341 1049 436 1082 enim'
448 1059 507 1082 nos
523 1051 661 1090 culpatis
683 1049 735 1081 sic
745 1059 811 1081 non
829 1049 969 1080 molliter
983 1053 1115 1089 agentes
1133 1050 1309 1080 vobiscum.
1326 1049 1357 1079 Si
1374 1052 1480 1090 autem
1497 1049 1615 1090 aliquis
1630 1050 1806 1090 contemnit
1824 1050 1913 1090 liga—

269 1091 372 1122 tiones
386 1100 458 1130 qua:
471 1099 491 1121 a
506 1089 598 1120 nobis
615 1090 712 1126 ﬁunt,
729 1090 846 1120 iterum
866 1093 897 1121 ct
912 1091 1017 1128 ipsum
1036 1090 1182 1120 Christus
1201 1090 1342 1124 docebit,
1364 1089 1473 1119 dicens
1489 1098 1495 1117 :
1514 1089 1720 1130 Quwcumgue
1737 1089 1914 1130 liguecritis

269 1132 304 1161 in
317 1128 411 1164 terni,
425 1134 516 1160 erunt
529 1130 629 1168 ligata
639 1135 666 1160 ct
678 1131 712 1160 in
726 1130 799 1160 εωιο
815 1140 824 1159 :
840 1134 867 1159 et
888 1139 1083 1169 quaecumque
1093 1130 1251 1160 solveritis
1261 1137 1355 1168 super
1370 1133 1494 1169 terram,
1510 1132 1601 1158 erunt
1615 1128 1719 1159 soluta
1733 1134 1761 1169 et
1776 1129 1811 1158 in
1825 1130 1911 1160 mlo.

269 1170 335 1200 Etsi
347 1170 444 1201 etiam
459 1179 518 1200 nos
533 1170 641 1200 miseri
661 1172 692 1199 et
712 1169 791 1199 nulli
814 1168 926 1199 sumus
949 1172 981 1199 et
995 1168 1157 1200 contemni
1170 1169 1257 1208 digni
1271 1191 1279 1205 ,
1294 1169 1378 1199 sicut
1392 1170 1424 1198 et
1439 1168 1527 1207 digni
1551 1176 1664 1208 sumus
1675 1190 1682 1202 ,
1698 1168 1752 1198 sed
1769 1178 1833 1198 non
1852 1179 1912 1200 nos

270 1211 356 1249 ipsos
379 1210 598 1246 vindicamus,
618 1217 725 1247 neque
740 1209 822 1249 iram
837 1209 1014 1244 reddimus,
1031 1209 1087 1239 sed
1101 1209 1139 1239 de
1154 1212 1262 1239 vestra
1277 1208 1381 1249 salute
1396 1208 1584 1246 cogitamus.
1604 1207 1724 1238 Pudeat
1740 1217 1794 1238 vos
1810 1217 1890 1248 rogo
1902 1232 1911 1245 ,

268 1248 299 1280 et
316 1249 590 1280 verecundamini.
608 1249 639 1279 Si
655 1248 741 1278 enim
753 1248 892 1279 amicum
908 1248 982 1287 quis
998 1251 1121 1287 portat,
1135 1248 1356 1278 vehementius
1373 1256 1472 1285 quam
1484 1249 1610 1285 oportet
1621 1256 1729 1277 secum
1748 1252 1910 1287 agentem,

268 1289 481 1320 intentionem
498 1288 568 1328 ejus
584 1288 776 1324 discutiens,
793 1290 825 1318 et
838 1289 917 1327 quia
931 1289 1068 1327 benigne
1082 1311 1090 1324 ,
1115 1297 1180 1318 non
1207 1296 1249 1317 ex
1272 1287 1428 1328 jactantia
1440 1287 1513 1328 hoc
1535 1287 1608 1328 facit
1624 1296 1636 1328 ε
1654 1287 1756 1317 multo
1770 1288 1910 1326 amplius

266 1329 430 1359 doctorem
440 1350 448 1365 ,
464 1330 496 1358 et
511 1326 617 1367 ipsum
633 1336 698 1358 non
714 1337 756 1358 ex
770 1336 830 1358 sua
841 1326 1033 1358 auctoritate
1045 1328 1215 1361 dicentem,
1232 1335 1296 1367 non
1312 1327 1381 1356 vice
1392 1326 1522 1367 judicis,
1534 1326 1589 1356 sed
1602 1326 1668 1357 vice
1681 1327 1780 1365 patris
1797 1336 1910 1358 curam

267 1368 420 1407 gerentis.
437 1368 508 1397 Non
523 1366 609 1407 enim
622 1369 811 1406 potestatem
826 1369 972 1397 nostram
982 1368 1205 1407 demonstrare
1215 1366 1373 1402 volentes,
1390 1367 1456 1396 haec
1469 1366 1604 1407 dicimus
1620 1366 1805 1407 Iguomodo
1819 1376 1911 1398 nam-

268 1405 332 1446 que
347 1407 404 1446 qui
419 1416 526 1445 neque
544 1406 583 1437 ad
598 1405 856 1446 eiperimentum
868 1416 997 1442 eorum,
1015 1415 1088 1445 qua;
1100 1406 1247 1441 dicimus,
1263 1410 1413 1446 optamus
1431 1405 1542 1446 venire
1553 1406 1568 1435 εἰ
1588 1405 1644 1446 sed
1661 1415 1719 1444 pro
1737 1407 1828 1437 vobis
1844 1407 1909 1437 do—

267 1445 370 1492 lentes
395 1449 427 1492 et
448 1446 606 1492 lugentes.
632 1445 791 1492 Ignoscite
813 1448 921 1492 autem
935 1469 942 1482 ,
968 1449 1008 1492 et.
1021 1455 1114 1492 nemo
1136 1448 1320 1492 contemnat
1338 1445 1466 1492 vincula
1475 1445 1698 1492 ecclesiastica
1715 1455 1807 1492 :_‘n_on
1821 1447 1910 1492 enim

267 1487 427 1527 homoest
441 1485 496 1527 qui
511 1486 604 1527 ligat,
617 1485 670 1516 sed
684 1486 849 1527 Christus,
864 1486 919 1527 qui
934 1486 1026 1527 nobis
1039 1486 1122 1527 hanc
1132 1487 1324 1527 potestatem
1336 1485 1436 1519 dedit,
1454 1488 1485 1514 et
1500 1485 1655 1527 Dominus
1671 1485 1744 1515 fecit
1760 1486 1908 1517 homines

268 1526 349 1557 tanti
364 1525 509 1556 honoris.
526 1526 565 1555 Et
582 1534 640 1556 nos
655 1526 785 1565 quidem
799 1525 838 1556 ad
854 1525 1043 1556 solvendum
1056 1525 1207 1555 volumus
1223 1525 1269 1565 uti
1284 1525 1344 1555 hac
1364 1527 1540 1565 potestate;
1559 1525 1661 1565 magis
1676 1528 1785 1556 autem
1801 1535 1908 1564 neque

268 1565 365 1605 hujus
378 1565 426 1596 rei
441 1564 669 1596 necessitatem
687 1565 808 1596 habere
828 1565 978 1595 volumus
1000 1565 1192 1605 :rneminem
1212 1564 1332 1603 quippe
1347 1564 1565 1605 desideramus
1582 1564 1716 1605 ligatum
1736 1574 1807 1595 esse
1822 1566 1907 1605 apud

268 1575 365 1605 nujus
378 1575 426 1596 rei
441 1575 665 1596 necessnatem
687 1575 808 1596 nabere
828 1575 978 1595 votumus
1000 1575 1007 1593 :
1031 1575 1192 1595 neminem
1212 1575 1332 1603 quippe
1347 1575 1565 1594 ueswcramus
1583 1575 1716 1603 ligatum
1736 1575 1807 1595 esse
1822 1575 1839 1595 a
1853 1575 1907 1596 >uu

268 1614 327 1635 nos
344 1615 351 1634 :
368 1613 433 1636 non
445 1605 531 1635 enim
544 1607 669 1635 tantum
684 1613 796 1635 sumus
811 1604 920 1635 miseri
934 1604 1130 1639 etinfelices,
1146 1612 1185 1634 ac
1200 1605 1227 1634 si
1243 1604 1334 1634 valde
1348 1604 1427 1634 nulli
1441 1612 1564 1634 sumus.
1578 1603 1610 1633 Si
1629 1612 1705 1635 vero
1721 1605 1822 1636 coacti
1839 1575 1908 1635 liue—

267 1645 369 1684 rimus
381 1667 389 1681 ,
406 1644 561 1684 ignoscite
579 1654 586 1674 :
604 1653 669 1684 non
687 1644 775 1675 enim
787 1644 890 1679 ultro,
908 1653 1015 1682 neque
1033 1644 1191 1680 volentes,
1213 1644 1266 1674 sed
1282 1644 1354 1682 plus
1376 1643 1466 1674 vobis
1489 1644 1545 1682 qui
1570 1643 1715 1684 ligamini
1740 1644 1883 1684 dolentes
1897 1667 1905 1681 ρ

268 1683 436 1724 ligationes
453 1683 632 1724 inferimus.
648 1683 681 1724 Si
696 1686 804 1714 autem
818 1684 936 1724 aliquis
952 1684 1126 1714 contemnit
1141 1684 1231 1719 istas,
1248 1684 1381 1714 instabit
1402 1686 1527 1724 tempus
1546 1683 1674 1724 judicii,
1691 1684 1746 1714 ubi
1762 1683 1904 1714 docetur.

266 1722 388 1755 Cietera
409 1727 518 1755 autem
539 1723 634 1754 modo
654 1723 760 1753 dieere
783 1723 875 1759 nolo,
897 1732 937 1753 ne
959 1723 1137 1762 percutiam
1154 1726 1276 1754 mentes
1292 1726 1428 1753 vestras.
1444 1722 1508 1753 Nos
1524 1723 1610 1753 enim
1624 1723 1763 1762 primum
1776 1724 1906 1761 quidem

266 1772 410 1798 oramus,
425 1772 490 1793 non
504 1762 543 1794 ad
556 1763 640 1793 hanc
655 1763 876 1793 necessitatem
888 1763 997 1793 venire
1012 1773 1020 1792 :
1035 1763 1061 1793 si
1078 1766 1185 1793 autem
1198 1763 1390 1798 venerimus,
1405 1762 1490 1802 quod
1503 1765 1649 1793 nostrum
1661 1766 1710 1793 est
1723 1763 1905 1802 implemus,

266 1803 521 1834 circumferimus
539 1802 677 1833 vincula.
697 1802 729 1832 Si
745 1805 853 1832 autem
868 1802 1029 1841 quispiam
1042 1803 1108 1833 haec
1123 1803 1257 1841 ruperit.
1270 1811 1330 1842 ego
1341 1802 1426 1841 quod
1438 1811 1543 1832 meum
1556 1805 1605 1832 est
1620 1802 1678 1833 feci
1689 1824 1697 1838 ,
1710 1805 1741 1832 et
1751 1803 1905 1833 innoxius

266 1852 337 1873 sum
352 1852 359 1872 :
377 1842 415 1872 de
431 1845 546 1873 caetero
561 1842 622 1872 erit
635 1843 744 1872 autem
760 1842 816 1871 tibi
827 1842 910 1872 ratio
925 1843 1008 1881 apud
1024 1843 1143 1879 Deum,
1160 1843 1216 1881 qui
1234 1842 1309 1872 mihi
1324 1842 1421 1881 jussit
1434 1842 1546 1881 ligare.
1564 1842 1675 1881 Neque
1692 1842 1778 1872 enim
1795 1843 1820 1872 si
1843 1843 1907 1872 im-

289 1884 415 1913 eratore
435 1881 626 1921 praesidente
650 1881 885 1921 armigerorum
907 1882 1068 1921 quispiam
1083 1882 1278 1913 adstantium
1294 1882 1447 1921 jubeatur
1461 1881 1603 1920 aliquem
1617 1891 1658 1912 ex
1679 1882 1791 1912 ordine
1809 1882 1904 1913 ofﬁcii

289 1891 415 1913 eratore
435 1891 626 1921 praasmente
650 1891 885 1920 armigerorum
907 1891 1068 1921 quispiam
1083 1891 1278 1913 aostanuum
1294 1891 1447 1921 jubeaiur
1461 1891 1603 1920 anquem
1617 1891 1658 1912 ex
1679 1891 1791 1912 oruine
1809 1891 1904 1913 omen

264 1891 378 1961 ligare,
394 1924 426 1953 et
437 1921 569 1953 vincula
583 1920 800 1961 circumferre,
817 1921 871 1951 ille
886 1925 993 1952 autem
1008 1930 1073 1952 non
1088 1922 1193 1952 solum
1209 1922 1344 1960 repellat
1359 1922 1414 1952 illa
1424 1921 1566 1956 vincula,
1581 1921 1634 1951 sed
1651 1921 1746 1952 etiam
1762 1921 1907 1951 confrin—

264 1960 319 2000 gat
334 1971 341 1991 :
360 1961 517 2000 numquid
540 1961 680 1999 armiger
696 1960 748 1991 ille
764 1963 813 1991 est
826 1983 833 1995 ,
850 1961 906 1999 qui
921 1961 1074 2000 injuriam
1089 1970 1205 2000 passus
1220 1964 1285 1997 est,
1308 1969 1374 1991 non
1390 1963 1498 1991 autem
1513 1961 1690 1999 imperator
1713 1962 1814 1991 multo
1830 1970 1907 1992 am—

263 1999 349 2039 plius
365 2001 420 2041 qui
432 1999 554 2040 jussit?
571 2000 607 2041 Si
618 2000 667 2036 ei,
682 1999 738 2038 qui
753 2008 825 2041 quae
846 2001 886 2038 [l.
900 2001 930 2030 Si
952 1999 1038 2031 enim
1054 1999 1145 2040 quin]
1168 2000 1254 2041 circa
1280 2000 1445 2041 credentes
1471 2000 1568 2041 ﬁunt,
1594 2000 1663 2041 ipse
1690 2010 1749 2031 sua
1776 2001 1906 2040 propria

262 2041 350 2071 ducit
363 2039 510 2079 :‘quanto
526 2040 646 2079 magis,
663 2039 793 2078 quando
812 2040 881 2075 ille,
899 2041 955 2079 qui
969 2039 1085 2071 docere
1100 2040 1293 2070 constitutus
1312 2043 1371 2075 est,
1386 2040 1573 2079 injuriatur,
1589 2040 1687 2070 veluti
1704 2041 1730 2071 si
1745 2039 1783 2070 ini
1797 2050 1832 2071 se
1849 2040 1907 2070 in—

260 2081 402 2120 jurietur
414 2079 575 2120 accipiat?
590 2079 648 2120 Sed
665 2088 730 2109 non
743 2080 909 2119 contingat
920 2088 1119 2120 quemquam
1135 2088 1248 2110 eorum
1261 2102 1269 2115 ,
1284 2079 1340 2118 qui
1358 2080 1390 2109 in
1406 2080 1467 2110 hac
1483 2080 1618 2120 ecclesia
1634 2083 1725 2115 sunt,
1742 2080 1782 2110 ad
1795 2089 1907 2111 neces.

263 2118 390 2151 Sitatem
405 2120 521 2149 horum
534 2118 739 2150 vinculorum
754 2118 883 2150 venire:
900 2119 983 2149 sicut
997 2120 1083 2150 enim
1104 2128 1168 2149 non
1193 2127 1325 2157 peccare
1349 2119 1470 2149 bonum
1486 2122 1551 2154 est,
1568 2119 1614 2149 sic
1635 2120 1776 2150 tolerare
1795 2128 1908 2150 corre—

261 2160 406 2198 ptionem
422 2159 512 2189 utile.
528 2159 717 2190 Toleremus
730 2159 841 2197 itaque
852 2159 1119 2196 increpationem,
1132 2162 1163 2189 et.
1175 2159 1362 2189 festinemus
1374 2159 1504 2197 quidem
1514 2167 1580 2188 non
1592 2168 1725 2198 peccare
1738 2170 1746 2188 :
1759 2160 1785 2189 si
1797 2162 1906 2189 autem

261 2199 517 2238 peccaverimus,
526 2198 666 2230 feramus
676 2199 923 2236 correptionem.
934 2198 1114 2229 Sicutenim
1125 2199 1245 2229 bonum
1256 2200 1304 2228 est
1312 2207 1376 2228 non
1387 2198 1563 2234 vulnerari,
1574 2199 1601 2229 si
1611 2202 1720 2230 autem
1728 2199 1905 2238 contingat,

262 2237 530 2270 medicamentum
544 2239 711 2277 imponere
729 2238 853 2268 vulneri
871 2238 1090 2278 necessarium
1109 2241 1157 2278 est
1173 2247 1180 2266 :
1195 2238 1242 2278 sic
1256 2241 1287 2268 et
1301 2237 1363 2278 hic.
1376 2238 1436 2268 Sed
1448 2239 1695 2278 nonicontingat
1708 2237 1906 2277 quemquam

262 2278 380 2310 talibus
404 2287 498 2318 egere
514 2276 764 2318 medicamentis.
786 2277 980 2318 Cori/ﬁdimus
998 2277 1088 2318 enini
1100 2277 1137 2306 de
1161 2276 1248 2318 vobis
1263 2277 1408 2311 meliora.
1432 2282 1461 2307 et
1485 2277 1526 2307 ad
1544 2276 1674 2308 salutem
1691 2276 1906 2317 pertinentia.

262 2318 384 2348 tametsi
407 2316 452 2348 sic
476 2319 639 2357 loquimur.
677 2316 896 2346 Vehementius
922 2316 1056 2357 lortassc
1081 2316 1206 2357 loquuti
1229 2326 1342 2347 sumus
1366 2326 1425 2354 pro
1447 2318 1605 2355 ampliore
1630 2316 1767 2348 cautela.
1792 2318 1908 2348 Melius

260 2359 380 2400 quippe
396 2361 444 2389 est
458 2355 609 2400 asperum
627 2365 823 2400 quamquam
836 2359 891 2400 ,ct
912 2356 1028 2400 durum
1051 2358 1082 2386 et
1098 2355 1253 2400 audacem
1271 2358 1377 2400 putari
1395 2359 1538 2400 avobis,
1556 2368 1655 2399 quam
1677 2370 1734 2392 vos
1751 2370 1823 2400 quas
1838 2362 1905 2393 Deo

261 2396 389 2439 placent
403 2407 468 2428 non
492 2399 606 2439 facere.
623 2397 789 2426 Credimus
806 2398 910 2439 autem
927 2396 994 2425 Deo
1005 2417 1012 2431 ,
1023 2396 1185 2439 quoniam
1201 2404 1266 2439 non
1289 2397 1351 2427 erit
1368 2398 1460 2429 vobis
1477 2396 1600 2430 inutilis
1616 2400 1685 2431 haec
1704 2396 1884 2439 increpatio
1895 2425 1904 2435 .

261 2435 316 2468 Sed
331 2438 376 2468 sic
394 2438 610 2471 mutabimini,
626 2439 663 2466 ut
680 2444 846 2466 sermones
863 2436 1092 2477 istos_nostr_o_s_
1107 2435 1139 2464 in
1164 2435 1274 2477 laudes
1295 2439 1418 2467 vestras
1441 2439 1663 2477 expendamus
1681 2451 1688 2470 :
1706 2444 1739 2470 ut
1757 2435 1904 2472 oblinere

260 2478 365 2508 cuncti
382 2486 564 2507 mereamur
580 2477 676 2510 bona,
693 2483 766 2513 quae
781 2474 928 2514 promisit
942 2475 1027 2504 Deus
1039 2474 1244 2514 diligentibus
1255 2485 1341 2511 eum,
1355 2477 1387 2506 in
1399 2474 1526 2507 Christo
1539 2479 1616 2509 Jesu
1627 2480 1765 2509 Domino
1778 2484 1902 2514 nostro.

260 2526 334 2558 cum
350 2525 416 2555 quo
431 2516 515 2558 Patri
531 2524 596 2558 una
614 2523 686 2544 cum
702 2517 814 2544 sancto
829 2513 948 2556 Spiritu
964 2514 1086 2553 gloria,
1102 2513 1286 2555 imperium,
1305 2515 1421 2549 honor.
1440 2526 1527 2548 nunc
1538 2521 1571 2548 et
1587 2527 1728 2558 semper,
1742 2523 1774 2550 et
1797 2520 1829 2550 in
1842 2529 1903 2550 sas—

260 2557 333 2587 cula
347 2556 552 2587 saeculorum.
568 2555 681 2586 Amen.

959 2656 1134 2690 HOMlLlA
1156 2656 1194 2686 V.

297 2721 373 2753 Non
397 2718 479 2748 enim
496 2725 677 2757 quamquam
696 2714 881 2757 angelorum
897 2713 1114 2757 apprehendit,
1133 2711 1186 2757 seti
1204 2719 1305 2757 semeu
1324 2710 1481 2757 Abraham
1493 2710 1710 2757 qpprehericlit.
1739 2713 1828 2757 [[mie
1849 2714 1904 2744 (le—

246 2751 328 2793 Vbuit
342 2751 512 2790 secundum-
532 2751 636 2786 omuia
649 2751 804 2795 fratribus
819 2751 1000 2795 assimilhri,
1016 2757 1052 2795 ut
1071 2751 1249 2795 misericors
1272 2751 1377 2795 ﬁeret,
1395 2755 1422 2780 et
1438 2751 1538 2795 ﬁdelis
1557 2752 1706 2793 ponti/ca;
1720 2753 1761 2795 _ad
1787 2754 1902 2788 Deum,

261 2791 321 2832 clo.
337 2798 472 2830 Multam
485 2796 543 2827 Dei
561 2791 818 2835 misericordiam
837 2794 949 2835 volens
964 2793 1083 2835 Paulus
1098 2792 1334 2835 demonstrare,
1349 2794 1380 2821 et
1394 2791 1563 2835 caritatem
1583 2791 1683 2835 quain
1699 2793 1785 2825 circa
1801 2803 1902 2835 genus

260 2831 440 2872 humanum
453 2836 567 2867 habuit
582 2845 590 2863 τ
603 2837 776 2874 postquam
791 2833 893 2874 dixit,
905 2833 1062 2870 Quo-niam
1077 2840 1149 2874 ergo
1164 2831 1260 2874 pueri
1268 2831 1683 2874 communicaverunicami
1698 2831 1903 2874 etsunguini,

262 2870 295 2911 et
305 2880 371 2919 ipse
384 2877 529 2909 similiter
539 2870 755 2916 participutus
770 2877 814 2904 est
829 2870 1316 2919 eisdemLexseqluituramplius
1331 2871 1417 2900 hunc
1428 2870 1546 2916 locum.
1560 2871 1629 2901 Non
1645 2870 1835 2919 simpliciter
1845 2882 1905 2903 au-

265 2911 331 2954 dias
346 2917 431 2961 quod
446 2911 565 2949 dictum
581 2919 647 2954 est,
660 2911 766 2955 neque
785 2913 908 2946 nudum
925 2912 1047 2951 aliquid
1069 2912 1130 2943 hoc
1145 2920 1216 2943 esse
1240 2913 1349 2951 putes,
1369 2911 1526 2951 quoniam
1543 2919 1675 2943 carnem
1690 2921 1728 2945 ex
1746 2913 1840 2945 nobis
1851 2921 1905 2945 as-

475 2605 1030 2620 μ...-
