2101 3230
261 182 317 209 275
627 187 655 213 S.
675 185 701 214 J.
721 183 963 212 Clllll’SOSTOMI
986 185 1139 214 llUllllJAS
1162 186 1192 213 IN
1214 185 1322 213 EPIST.
1344 186 1389 213 At)
1409 184 1509 213 llEBll.
1830 186 1883 216 274

257 233 285 258 et
301 223 384 259 Filii
395 228 705 269 etVSpiritussancti.
718 227 800 269 Cum
813 229 921 269 autem
933 235 1063 269 carnem
1087 228 1334 269 apprehenderit
1347 230 1478 265 Paulus,
1492 230 1601 261 omnia
1612 231 1679 269 jam
1691 230 1824 262 humilia
1837 233 1891 263 lo—

256 269 378 307 quitur,
394 266 473 297 nihil
485 266 669 308 formidans.
689 266 920 308 Attendeenim
940 266 1015 305 quid
1025 266 1090 308 jam
1107 267 1182 297 dicit
1197 278 1203 296 :
1224 267 1338 304 Quare,
1354 268 1467 308 fratres
1480 270 1597 303 sancti,
1612 266 1790 301 comitante
1799 272 1892 301 arte——

255 308 312 351 stis
326 307 508 346 participes,
526 306 692 351 intelligi!!!
706 306 900 351 apostolum,
912 310 939 335 et
954 306 1362 351 sacerdotemcon/essionis
1376 313 1491 351 nostrae
1504 310 1609 339 Jesum
1622 309 1791 351 Christum,
1810 312 1892 351 ﬁde—

255 347 313 377 lem
327 345 498 377 exstantem
513 350 540 375 et
554 346 608 384 qui
622 355 653 387 se
665 346 749 387 fecit,
766 346 847 375 sicut
863 345 967 387 Moses
983 346 1017 387 in
1032 347 1116 376 omni
1130 345 1221 376 domo
1237 347 1314 386 ejus.
1329 348 1563 387 Prtepositurus
1584 359 1657 379 eum
1672 350 1751 379 Mosi
1771 345 1892 380 secun—

252 387 329 429 dum
345 385 664 429 connparatione_inin
681 386 750 424 lego
765 385 979 429 sacerdptum,
997 386 1083 429 hunc
1096 385 1278 429 sermonem
1295 385 1425 429 induxit
1439 398 1446 417 :
1465 396 1528 429 non
1544 389 1630 418 enim
1642 390 1800 419 minorem
1820 391 1891 429 opi—

254 427 384 456 nionem
399 425 561 467 habehant
574 425 611 454 de
626 425 715 455 Mose
729 425 907 467 omnes.
921 425 1084 467 praemittit
1096 425 1162 467 jam
1180 427 1304 457 semina
1325 427 1523 457 excellentia:
1540 432 1589 457 :ct
1604 429 1716 467 incipit
1727 425 1855 467 quidem
1870 439 1889 461 a

251 474 370 501 carne,
404 464 549 506 ascendit
580 467 693 506 autem
721 464 760 494 ad
794 464 1104 506 divinitatemLubi
1138 465 1204 506 jam
1230 474 1293 495 non
1323 468 1542 506 comparatio.
1583 464 1683 506 C(Bpii
1716 464 1842 498 interim
1870 478 1887 500 a

251 513 366 545 carne,
382 503 469 543 quod
485 505 609 545 mquale
622 506 670 545 est
684 513 814 542 ponere,
831 507 865 545 et
876 504 957 533 dixit
973 504 1124 545 :rﬁicutet
1137 505 1241 534 Moses
1257 506 1291 535 in
1307 505 1397 536 domo
1407 503 1489 545 'ejus.
1501 507 1539 536 Et
1551 516 1614 536 non
1627 503 1733 537 statim
1751 508 1783 537 in
1796 509 1890 538 initio

249 544 449 575 demonstrat
462 544 700 578 excellentiam,
719 552 757 573 ne
777 544 904 573 auditor
921 543 1061 578 exsiiiat,
1081 547 1112 573 et
1132 545 1261 574 obturet
1280 543 1431 575 auditus?
1448 554 1486 575 ac
1504 547 1527 576 si
1546 547 1631 576 enim
1659 547 1767 577 ﬁdeles
1782 553 1887 583 erant,

252 587 471 625 verumtamen
488 583 593 613 adhuc
609 583 752 625 _multam
770 583 1154 625 devotioricm_li_al_)ebant_
1165 586 1250 614 circa
1265 585 1388 625 Mosen.
1406 585 1557 619 Fidelem.
1585 586 1701 625 inquit,
1718 592 1889 617 exstantem

248 625 277 655 ei
291 624 346 664 qui
360 633 391 653 se
403 623 674 664 fecitrapostolum
691 625 722 664 et
737 623 946 664 sacerdotem.
972 622 1057 664 lﬁ'ihil
1074 623 1176 664 hicidie
1192 624 1333 654 essentia
1349 625 1505 663 loquitur.
1520 622 1638 664 neque.
1649 626 1687 656 de
1708 626 1886 662 divinitate,

248 662 306 705 sed
326 663 455 705 interim
473 663 511 692 de
520 662 766 705 dignationibus
787 662 950 705 humanis.
963 662 1066 705 ‘Sicut
1078 667 1106 705 et
1121 663 1227 692 Moses
1243 663 1277 693 in
1292 664 1377 693 omni
1391 662 1565 705 domorejus
1577 662 1590 694 ':
1611 665 1670 695 hoc
1687 669 1744 702 est,
1767 667 1800 695 iu
1830 676 1888 705 po-

250 703 326 745 pulo
342 706 374 733 et
385 702 648 745 intemplo.__Hzee
666 702 761 735 enim,
779 702 819 731 In
834 701 924 745 domo
940 701 1022 745 ejus,
1037 701 1128 745 dixit.
1146 705 1309 745 tamquam
1334 704 1359 732 si
1372 704 1449 745 quis
1464 701 1559 738 dicat,
1572 705 1651 735 etde
1665 706 1715 736 his
1728 707 1784 745 qui
1810 701 1886 736 sunt

250 743 282 772 in
295 743 401 772 domo.
421 742 520 772 Sicuti
537 742 654 779 aliquis
670 745 810 777 curator,
827 741 1031 779 dispensator
1044 741 1170 776 domus,
1188 743 1232 771 sic
1241 746 1310 771 erat
1325 747 1357 772 ct
1371 743 1488 773 Muses.
1504 744 1585 780 Quia
1600 753 1676 775 vero
1689 741 1818 775 domum
1832 757 1886 786 po-

240 785 354 826 pulum
367 785 454 821 dicit,
466 786 574 816 intulit
592 796 598 815 :
618 786 677 816 Dei
688 786 798 826 domus
817 796 922 816 sumus
937 796 995 816 nos
1007 797 1017 816 :
1034 786 1094 816 hoc
1117 789 1175 820 est,
1190 786 1220 816 in
1237 790 1388 817 creatura
1405 787 1473 826 ejus
1500 796 1623 817 sumus.
1643 787 1762 817 Deinde
1786 785 1881 818 etiam

240 825 465 855 excellentiam
482 826 652 866 signiﬁcat,
669 825 793 866 Majori
807 826 1017 866 enimrdignus
1030 827 1133 866 factus
1150 830 1192 855 cst
1208 826 1323 865 gloria,
1341 825 1432 865 quam
1458 826 1575 856 Moses.
1593 827 1713 856 lterum
1740 828 1820 857 redit
1842 829 1881 858 ad

241 871 367 905 cainen'
385 874 392 893 :
408 865 584 895 Secundum
597 865 680 904 quod
695 866 875 904 ampliorem
888 865 1035 895 honorem
1050 865 1149 898 habet,
1168 875 1260 904 quam
1276 866 1394 898 domus,
1409 866 1464 905 qui
1480 866 1661 896 construxit
1674 875 1748 895 eam.

281 903 320 933 Et
335 904 412 942 ipse,
430 904 545 942 inquit,
561 903 707 934 de’domo
721 903 800 934 erat.
812 905 851 934 Et
862 913 925 934 non
940 905 1031 940 dixit,
1042 904 1104 934 Iste
1113 903 1240 943 quidem
1257 903 1558 940 servus,illeautem
1567 905 1734 940 Dominus,
1751 905 1805 935 sed
1822 906 1882 936 hoc

239 942 376 983 latenter
393 943 594 983 signiﬁcavit.
619 944 648 973 Si
672 944 785 974 domus
805 946 875 974 erat
890 945 1040 983 populus,
1053 947 1085 974 et
1102 942 1168 983 ipse
1182 947 1289 974 autem
1312 944 1349 974 de
1365 945 1484 983 populo
1500 948 1585 980 erat,
1605 947 1636 974 et
1648 945 1716 983 ipse
1731 945 1830 983 igitur
1843 946 1881 975 de

239 981 333 1012 domo
349 981 441 1013 eratv:
458 984 503 1013 sic
512 984 595 1013 enim
612 986 643 1013 et
659 984 750 1013 nobis
766 992 845 1014 usus
859 981 1027 1014 estdicere
1045 994 1052 1013 :
1068 981 1124 1013 llle
1140 992 1178 1013 ex
1193 984 1287 1013 domo
1298 981 1384 1013 illius
1401 981 1459 1014 est.
1474 985 1532 1014 Hic.
1545 981 1804 1022 quippe—domuum
1816 994 1880 1015 non

240 1022 344 1059 ipsum
359 1023 511 1061 templum
526 1023 599 1053 dicit
617 1033 624 1052 :
646 1033 709 1052 non
735 1025 820 1053 enim
843 1023 921 1053 illud
943 1024 1029 1053 Deus
1055 1023 1253 1056 construxit,
1273 1024 1326 1053 sed
1346 1023 1503 1053 homines.
1521 1024 1580 1060 Qui
1602 1032 1678 1053 vero
1698 1024 1770 1053 fecit
1793 1033 1879 1059 eum,

239 1061 323 1091 Deus
336 1066 385 1091 est
399 1072 406 1091 :
422 1063 531 1092 Mosen
545 1063 630 1092 dicit.
647 1063 684 1092 Et
700 1064 824 1093 intuere
835 1063 997 1101 quomodo
1010 1065 1041 1093 et
1057 1063 1194 1093 ostendit
1209 1063 1431 1093 excellentiam
1448 1064 1594 1093 latenter.
1614 1063 1744 1096 Fidelis,
1763 1064 1879 1101 inquit,

240 1101 273 1142 in
281 1102 367 1142 omni
382 1102 471 1132 domo
488 1103 564 1142 ejus.
580 1103 618 1132 Et
631 1104 697 1141 ipse
713 1106 813 1132 estex
825 1102 931 1137 domo,
947 1103 1007 1132 hoc
1024 1105 1083 1137 est,
1099 1111 1138 1132 ex
1156 1103 1287 1140 populo.
1304 1102 1458 1142 Majorem
1475 1103 1570 1133 habet
1586 1102 1741 1132 honorem
1759 1103 1812 1141 qui
1831 1103 1881 1133 fa—

240 1140 373 1180 bricavit
388 1151 472 1177 eam,
489 1140 586 1180 quam
600 1140 725 1172 domus.
742 1143 778 1171 Et
793 1151 856 1171 non
874 1142 965 1177 dixit,
980 1143 1108 1179 Quanto
1125 1142 1279 1180 majorem
1296 1140 1392 1172 habet
1410 1142 1565 1172 honorem
1581 1143 1622 1172 ab
1632 1140 1783 1180 operibus
1799 1144 1882 1172 arti—

239 1179 303 1215 fex,
320 1181 386 1221 sed,
404 1179 506 1219 Quam
529 1182 649 1214 domus.
675 1182 730 1221 qui
746 1182 929 1211 construxit
950 1192 1024 1211 eam.
1051 1181 1113 1219 Qui
1133 1179 1234 1211 autem
1261 1181 1368 1211 omnia
1395 1182 1588 1217 'construxit,
1613 1179 1696 1211 Deus
1709 1186 1764 1211 est.
1785 1181 1881 1212 Vides

238 1220 392 1260 quoniam
413 1230 476 1251 non
499 1221 536 1252 de
561 1222 679 1260 templo
694 1221 780 1254 dicit.
807 1221 862 1251 sed
882 1221 921 1252 de
944 1221 1031 1251 omni
1049 1221 1188 1260 populo?
1208 1221 1256 1250 Et
1277 1222 1380 1251 Moses
1395 1221 1517 1260 quidem
1534 1221 1634 1260 ﬁdelis
1644 1221 1679 1251 in
1692 1222 1775 1252 omni
1789 1221 1879 1251 domo

239 1259 315 1298 ejus,
339 1260 419 1290 sicut
445 1270 551 1290 servus
571 1261 606 1290 in
620 1259 830 1291 testimonium
849 1259 1183 1300 loquendorumsEcce
1206 1261 1269 1291 alia
1286 1259 1477 1290 excellentia
1503 1259 1575 1299 qua:
1591 1263 1639 1291 est
1660 1269 1679 1290 a
1698 1260 1792 1296 Filio,
1816 1263 1847 1290 et
1860 1269 1881 1292 a

238 1300 352 1329 servis.
373 1300 516 1330 Attendis
528 1301 643 1330 iterum
658 1300 813 1339 quoniam
827 1301 1055 1339 proprietatem
1071 1309 1127 1339 per
1143 1300 1214 1329 Filii
1227 1300 1476 1339 appellationem
1488 1300 1657 1339 signiﬁcat.
1674 1300 1814 1330 Christus
1826 1310 1882 1330 au-

238 1342 297 1368 tem
307 1340 389 1369 sicut
405 1340 510 1370 Filius
524 1341 558 1370 in
568 1341 657 1370 domo
673 1341 749 1380 ejus.
768 1340 860 1370 Vides
872 1340 1034 1379 quomodo
1050 1340 1204 1370 facturam
1222 1343 1252 1369 et
1275 1340 1426 1369 factorem
1442 1339 1615 1380 discernit?
1627 1339 1788 1378 quomodo
1804 1349 1881 1370 ser—

238 1387 326 1413 vum,
345 1381 376 1408 et
392 1380 529 1409 Filium?
544 1383 574 1409 et
591 1380 642 1409 ille
656 1379 783 1418 quidem
808 1380 841 1409 in
857 1382 1008 1418 paternas
1029 1388 1080 1409 res
1096 1380 1179 1409 sicut
1202 1379 1357 1409 Dominus
1384 1379 1571 1418 ingreditur,
1597 1379 1655 1409 iste
1674 1381 1781 1410 autem
1799 1380 1882 1410 sicut

238 1426 352 1448 servus
366 1419 434 1449 Dei.
452 1420 568 1449 Domus
581 1428 686 1448 sumus
699 1420 756 1449 Dei
770 1428 837 1452 nos,
853 1419 881 1448 si
891 1419 1013 1459 quidem
1023 1419 1168 1458 ﬁduciam
1179 1441 1186 1454 ,
1206 1423 1234 1447 et
1250 1419 1385 1456 gloriam
1401 1420 1467 1459 spei
1485 1428 1581 1458 usque
1600 1419 1635 1448 in
1651 1420 1741 1459 finem
1762 1420 1882 1458 firmam

239 1462 403 1488 teneamus.
421 1459 479 1488 Hic
491 1460 605 1489 iterum
621 1468 675 1488 eos
694 1459 933 1489 hortaturstare
949 1459 1083 1495 fortiter,
1099 1461 1129 1489 et
1141 1467 1204 1488 non
1221 1459 1388 1488 subruere.
1405 1458 1527 1488 Domus
1540 1459 1659 1497 quippe
1674 1459 1730 1488 Dei
1746 1458 1880 1494 erimus,

238 1497 325 1537 quod
340 1500 410 1528 erat
420 1498 537 1534 Moses,
554 1498 579 1528 si
593 1498 740 1528 ﬁduciam
756 1501 787 1528 et
801 1499 937 1537 gloriam
952 1499 1019 1537 spei
1033 1507 1137 1536 usque
1155 1498 1193 1528 ad
1209 1497 1300 1527 ﬁdem
1317 1497 1441 1527 ﬁrmam
1453 1501 1632 1528 teneamus.
1644 1498 1705 1535 Qui
1719 1498 1804 1527 enim
1818 1498 1883 1527 do—

238 1536 293 1577 let,
311 1537 427 1575 inquit,
453 1539 484 1567 in
507 1538 749 1570 tentationibus.
771 1536 873 1577 et’qui
889 1536 1028 1573 subruit,
1044 1546 1109 1568 non
1125 1537 1304 1577 gloriatur:
1321 1538 1376 1575 qui
1398 1538 1568 1573 erubescit,
1589 1537 1645 1576 qui
1660 1537 1881 1574 absconditur,

239 1576 389 1617 ﬁduciam
408 1586 472 1617 non
489 1577 607 1607 habet:
630 1578 685 1616 qui
701 1577 796 1611 dolet,
821 1587 887 1608 non
910 1578 1078 1617 gloriatur.
1100 1576 1221 1607 Deinde
1233 1577 1354 1617 laudat
1375 1577 1553 1617 etiamrcos,
1569 1577 1698 1608 dicens:
1716 1577 1752 1608 Si
1761 1577 1883 1616 quidem

238 1614 386 1663 ﬁduciam
397 1621 424 1645 et
436 1616 569 1663 gloriam
583 1614 648 1656 spei
663 1626 757 1663 usque
771 1617 808 1663 in_
817 1619 904 1663 ﬁnem
912 1614 1029 1663 firmam
1044 1621 1207 1663 teneamus:
1224 1616 1457 1663 Ostenditquia
1470 1616 1535 1655 jam
1559 1620 1733 1663 emperunt.
1750 1614 1884 1663 onrtet

239 1657 348 1696 autem
364 1665 468 1694 usque
484 1657 515 1685 in
532 1657 638 1692 ﬁnem,
653 1660 684 1686 et
705 1666 769 1686 non
783 1656 971 1696 simpliciter
985 1659 1083 1692 stare,
1105 1656 1158 1686 sed
1183 1656 1309 1696 ﬁrmam
1331 1656 1449 1686 habere
1468 1665 1556 1694 spem
1572 1657 1604 1685 in
1630 1656 1882 1687 satisfactionem

239 1693 311 1724 ﬁdei
329 1703 392 1724 non
404 1693 579 1726 commotos
601 1705 619 1726 a
640 1693 882 1727 tentationibus.
907 1697 988 1726 Dicit
1002 1696 1087 1726 enim
1100 1695 1264 1734 Scriptura
1282 1695 1321 1725 de
1339 1697 1442 1726 Patre.
1459 1693 1514 1733 qui
1532 1705 1597 1725 non
1613 1699 1662 1727 est
1676 1696 1881 1726 incarnatus:

242 1735 285 1763 De
301 1734 374 1765 caelo
386 1735 551 1774 prospexit
569 1736 731 1769 Dominus,
748 1740 775 1766 et
788 1736 869 1766 vidit
887 1736 989 1766 Filios
999 1735 1159 1765 hominum
1173 1745 1182 1764 :
1199 1735 1258 1765 hoc
1269 1737 1327 1771 est,
1343 1735 1451 1764 omnia
1467 1736 1590 1774 integre
1601 1735 1767 1775 cognOVit;
1780 1738 1811 1765 et
1823 1735 1884 1766 ite-—

239 1782 324 1809 rum,
349 1775 540 1804 Descendens
562 1775 690 1808 videam,
716 1776 882 1806 secundum
907 1776 1070 1805 clamorem
1088 1784 1193 1804 eorum
1216 1775 1244 1804 si
1262 1779 1482 1807 consumatur:
1501 1778 1531 1804 et
1546 1776 1672 1808 iterum,
1698 1775 1773 1805 Non
1782 1779 1884 1813 potest

240 1814 322 1854 Deus
333 1815 415 1853 ferre
429 1815 585 1854 n7quitias
595 1815 764 1845 hominum.
783 1815 1021 1845 Abundantiam
1037 1815 1092 1844 iraa
1115 1814 1254 1844 ostendit
1277 1814 1442 1853 Scriptura
1461 1814 1581 1844 divina.
1606 1815 1706 1845 Multo
1727 1814 1829 1854 magis
1845 1815 1884 1844 de

239 1853 376 1888 Christo,
396 1855 450 1892 qui
472 1853 571 1885 etiam
587 1863 700 1893 passus
726 1858 774 1884 est
791 1855 823 1883 in
841 1863 949 1888 carne,
974 1854 1125 1884 dicuntur
1140 1854 1211 1884 ista.
1228 1854 1311 1890 Quia
1333 1854 1417 1883 enim
1440 1854 1606 1883 hominum
1627 1853 1884 1893 experimentum

242 1893 389 1922 omnibus
405 1895 501 1923 rebus
516 1895 698 1924 credibilius
714 1897 815 1925 nutat.
833 1897 863 1923 et
886 1894 1120 1925 urmscientiam
1136 1894 1204 1923 vult
1217 1893 1397 1926 ostendere.
1416 1894 1499 1928 Quia
1521 1894 1576 1931 qui
1599 1902 1712 1931 passus
1728 1896 1775 1923 est
1787 1915 1795 1928 ,
1811 1895 1879 1933 scit,

233 1934 349 1972 inquit,
366 1933 443 1972 quid
457 1933 589 1972 patitur,
615 1933 677 1964 hoc
691 1936 750 1967 est,
775 1933 918 1964 humana
943 1935 1071 1963 natura.
1089 1936 1193 1970 Quare
1211 1934 1327 1972 fratres
1344 1934 1456 1964 sancti.
1474 1934 1565 1970 Quod
1580 1934 1671 1968 dixit,
1688 1935 1802 1972 Quare,
1817 1944 1875 1973 pro

231 1976 431 2020 quapropter
442 1973 560 2020 posuit.
580 1973 761 2020 l’o‘cationis
772 1973 1085 2020 sanctmparticipcs‘.
1100 1973 1185 2020 Nihil
1204 1973 1256 2020 hic
1276 1973 1440 2020 quaeratis,
1457 1973 1483 2020 si
1498 1974 1575 2004 illuc
1590 1974 1693 2020 vocati
1709 1974 1786 2020 estis
1805 1984 1813 2004 :
1830 1974 1877 2020 il—

233 2012 275 2054 lic
287 2015 335 2043 est
353 2022 488 2054 merces,
505 2013 632 2054 illicest
646 2012 826 2054 retributio.
843 2013 925 2049 Quid
940 2014 1040 2054 ergo?
1053 2013 1254 2054 Considerate
1267 2013 1444 2054 apostolum
1458 2018 1486 2054 et
1500 2013 1690 2054 sacerdotem
1704 2014 1880 2054 confessio—7

232 2053 283 2083 nis
297 2057 413 2093 nostrw
425 2053 532 2082 Jcsum
547 2052 704 2093 Christum
721 2051 839 2091 ﬁdelem
849 2061 912 2082 esse
923 2052 960 2086 ei,
977 2051 1032 2092 qui
1047 2062 1077 2093 se
1092 2052 1177 2092 fecit,
1194 2051 1318 2093 sicutiet
1333 2052 1438 2093 Moses
1453 2053 1487 2083 in
1503 2053 1587 2082 omni
1602 2053 1692 2083 domo
1709 2051 1785 2093 ejus.
1797 2053 1879 2090 Quid

233 2095 293 2127 est,
307 2092 446 2123 Fidelem
461 2096 633 2121 exstantem
651 2092 742 2130 siqui
751 2101 781 2121 se
795 2092 892 2132 fecit?
909 2091 1046 2127 Hoc’cst,
1060 2091 1222 2126 devotum,
1234 2091 1456 2132 defendentem
1474 2101 1512 2123 ea
1529 2101 1602 2131 quae
1615 2092 1684 2132 ejus
1698 2091 1792 2128 sunt,
1811 2102 1877 2123 non

234 2132 468 2171 permittentcm
485 2131 659 2169 corrumpi.
677 2132 765 2161 Sicut
780 2136 807 2161 et
824 2133 928 2162 Moses
941 2132 975 2162 in
990 2132 1074 2162 omni
1084 2131 1174 2162 domo
1185 2131 1262 2171 ejus.
1281 2131 1471 2170 Cognoscilc
1486 2132 1562 2171 quid
1574 2135 1621 2162 est
1633 2131 1757 2171 primus
1771 2141 1878 2163 sacer-

232 2172 290 2202 dos
308 2174 338 2201 et
350 2171 469 2210 qualis,
484 2175 513 2200 ct
528 2180 592 2200 non
611 2171 767 2201 habebitis
784 2180 866 2211 opus
882 2171 1103 2202 consolatione
1117 2171 1192 2201 alia.
1207 2171 1396 2211 Apostolum
1411 2174 1518 2201 autem
1531 2172 1620 2201 illum
1637 2175 1731 2202 vocat
1747 2174 1880 2210 propter

233 2211 319 2250 quod
334 2211 452 2241 missus
466 2214 525 2241 est.
542 2212 684 2241 Primum
699 2214 808 2241 autem
823 2211 1021 2242 sacerdotem
1035 2233 1042 2246 ,
1065 2210 1182 2248 inquit,
1197 2210 1408 2241 confessionis
1430 2214 1547 2241 nostra;
1560 2233 1568 2248 ,
1584 2211 1645 2242 hoc
1663 2215 1710 2241 est
1733 2211 1803 2242 ﬁdei
1824 2221 1831 2240 :
1848 2215 1882 2242 et

233 2251 285 2281 isti
302 2251 439 2290 populus
462 2251 654 2281 commissus
673 2253 731 2285 est,
749 2251 831 2280 sicut
843 2253 874 2280 et
890 2250 936 2280 illi
955 2250 1167 2290 commissum
1180 2253 1250 2279 erat
1271 2250 1414 2290 regimen
1438 2251 1568 2289 populi;
1587 2251 1641 2281 sed
1663 2251 1738 2281 huic
1755 2251 1881 2290 majora

233 2291 273 2321 ad
296 2288 443 2321 meliores
460 2299 574 2321 causas
586 2290 758 2320 commissa
772 2293 857 2320 sunt.
878 2291 918 2320 In
934 2289 1146 2319 testimonium
1156 2288 1392 2328 loquendorum.
1405 2288 1594 2327 Quiddicit?
1610 2290 1764 2329 numquid
1783 2288 1881 2321 testi—

234 2330 379 2360 monium
396 2330 535 2360 hominis
551 2331 666 2370 accipit
680 2331 786 2360 Deus?
797 2330 835 2359 Et
849 2330 954 2360 valide
971 2329 1019 2370 :ﬂsi
1036 2329 1121 2359 enim
1135 2329 1246 2370 czelum
1262 2332 1461 2360 contestatur
1476 2333 1508 2360 et
1522 2332 1686 2370 terramret
1702 2331 1812 2366 colles,
1829 2330 1881 2359 di-

233 2380 310 2400 cens
324 2380 380 2409 per
395 2370 583 2409 prophetam
601 2368 718 2402 {Audi}
737 2370 852 2403 emlum,
868 2374 895 2399 et
908 2368 1038 2409 auribus
1053 2369 1187 2407 percipe,
1203 2372 1298 2403 terra,
1315 2369 1464 2408 quoniam
1478 2370 1631 2400 Dominus
1645 2369 1793 2409 loquutus
1809 2374 1854 2399 est
1871 2379 1878 2399 :

234 2413 277 2445 et,
294 2408 418 2443 Audite.
430 2409 535 2443 valles,
549 2410 752 2449 fundamenta
763 2413 863 2441 [εῖναι.
879 2408 1033 2447 quoniam
1043 2408 1199 2449 Domitius
1209 2408 1365 2447 judicium
1378 2409 1447 2447 ejus
1460 2419 1467 2438 :
1481 2410 1580 2440 multo
1593 2408 1693 2449 magis
1706 2410 1852 2440 homines
1871 2419 1879 2438 :

236 2450 296 2480 hoc
311 2452 370 2486 est,
388 2448 588 2485 sicuttcstes,
605 2449 736 2488 quando
751 2448 988 2478 confundentur
1009 2448 1058 2478 isti
1080 2458 1087 2477 :
1107 2448 1251 2478 Christus
1268 2451 1376 2479 autem
1393 2449 1476 2478 sicut
1486 2449 1602 2480 Fﬁius.
1620 2448 1678 2479 llte
1692 2449 1821 2488 quidem
1841 2449 1880 2479 de

235 2489 349 2520 alienis
365 2498 474 2520 curam
490 2489 582 2528 gerit,
598 2487 648 2518 hic
663 2491 772 2518 autem
790 2487 827 2517 de
840 2488 991 2527 propriis.
1008 2487 1069 2528 Sed
1086 2488 1178 2518 etiam
1193 2488 1332 2528 gloriam
1341 2488 1417 2527 spei.
1435 2489 1519 2519 Bene
1533 2489 1625 2523 dixit,
1640 2487 1794 2528 quoniam
1808 2497 1879 2518 om-

237 2530 289 2559 nia
305 2530 434 2559 bunain
449 2527 504 2567 spe
519 2532 622 2558 crant.
640 2528 827 2558 Glorientur
850 2528 988 2566 quieam
1012 2527 1141 2563 habent,
1158 2528 1250 2558 siculi
1265 2528 1303 2557 de
1322 2527 1388 2566 jam
1414 2527 1516 2558 faelis.
1537 2527 1671 2568 Propter
1695 2529 1756 2559 hoc.
1784 2528 1878 2563 dixit,

235 2569 395 2599 Gloriatio
413 2569 497 2608 spei:
512 2572 543 2598 et
558 2568 663 2602 infert,
681 2568 782 2606 Usque
796 2567 830 2597 in
843 2569 933 2607 ﬁnem
944 2569 1063 2607 ﬁrmam
1079 2572 1234 2597 teneamus
1247 2576 1327 2608 :ﬁspe
1339 2568 1423 2597 enim
1436 2568 1517 2608 salvi
1533 2568 1605 2599 facti
1621 2577 1743 2599 sumus.
1758 2568 1789 2598 Si
1802 2577 1880 2607 ergo

237 2618 293 2648 spe
308 2609 389 2639 salvi
405 2607 476 2638 facti
493 2616 617 2642 sumus,
632 2610 664 2637 et
680 2616 736 2645 per
747 2607 934 2648 patientiam
948 2609 1186 2645 exspectamus,
1205 2607 1294 2648 nullo
1311 2615 1447 2648 mcerore
1463 2607 1646 2647 afﬁigamur
1660 2608 1692 2638 in
1708 2608 1880 2648 praesenti-

237 2646 309 2684 bus,
326 2657 432 2688 neque
443 2649 509 2686 jam
526 2656 612 2688 nunc
625 2655 808 2688 quaeramus
825 2656 897 2686 qua:
913 2646 1021 2678 futura
1038 2647 1130 2677 nobis
1146 2647 1306 2685 promissa
1315 2648 1405 2688 sunt.
1421 2647 1497 2686 Spes
1513 2646 1604 2682 enim,
1616 2646 1737 2688 inquit,
1753 2657 1820 2687 que
1832 2647 1880 2677 υἰ-

236 2688 341 2721 detur,’
356 2686 420 2718 non
436 2691 478 2716 est
490 2695 558 2725 spes
575 2687 680 2717 :bona
696 2687 781 2716 enim
798 2687 848 2717 hic
866 2687 1030 2726 percipere
1044 2695 1108 2716 non
1123 2695 1295 2725 possumus
1314 2686 1346 2716 in
1364 2686 1425 2717 ista
1443 2688 1562 2726 poenali
1586 2688 1662 2718 vita.
1677 2686 1785 2724 Quare
1802 2696 1879 2726 ergo

237 2727 330 2757 nobis
346 2736 383 2757 ea
398 2726 562 2766 prmdixit,
588 2727 613 2755 si
639 2735 701 2755 non
718 2729 787 2756 erat
815 2727 866 2756 hic
885 2726 1040 2757 daturus?
1061 2726 1099 2756 Ut
1117 2726 1330 2765 promissione
1357 2727 1481 2757 animas
1505 2729 1631 2757 nostras
1652 2729 1831 2761 recrearet,
1845 2728 1880 2757 ut

236 2765 411 2806 sponsione
439 2765 634 2796 confortaret
657 2766 862 2802 desiderium,
886 2770 921 2796 ut
934 2767 1037 2806 erigat
1061 2770 1204 2796 nostram
1221 2768 1357 2796 mentem
1382 2776 1389 2795 :
1415 2767 1532 2797 idcirco
1556 2767 1642 2797 enim
1670 2767 1778 2797 omnia
1796 2766 1880 2798 facta

237 2810 324 2837 sunt.

276 2845 358 2882 Quid
377 2852 453 2882 ergo
470 2845 659 2875 turbamur?
673 2846 772 2876 Nemo
790 2845 899 2876 videns
913 2845 1071 2884 malignos
1085 2846 1330 2884 prosperitatem
1345 2845 1482 2882 habere,
1499 2847 1646 2876 turbetur
1662 2856 1669 2874 :
1685 2854 1750 2876 non
1767 2848 1815 2876 est
1828 2845 1879 2876 hic

238 2884 406 2915 retributio
422 2892 527 2922 neque
544 2885 768 2923 malignitatis,
787 2895 892 2924 neque
909 2885 1034 2915 virtutis
1052 2895 1058 2913 :
1076 2887 1108 2915 at
1126 2885 1151 2915 si
1168 2885 1343 2924 aliquando
1359 2886 1530 2924 contingit,
1546 2889 1578 2915 ut
1596 2886 1704 2924 aliqua
1721 2886 1762 2915 sit
1778 2885 1877 2924 retri-

239 2924 327 2955 butio
343 2924 390 2954 vel
405 2923 533 2955 [militiae
550 2925 599 2956 vel
613 2926 760 2963 virtutis,
780 2923 845 2955 non
862 2929 967 2957 tamen
984 2925 1159 2955 secundum
1183 2925 1268 2964 quod
1287 2925 1419 2963 dignum
1434 2923 1491 2962 est,
1508 2926 1561 2956 sed
1578 2923 1782 2964 simpliciter,
1802 2923 1875 2954 vel-
