4202 6440
406 340 518 398 233
1062 345 1375 405 ΜΙΙΤΙΛΝΟ
1418 348 1667 406 SCHUL.
1714 349 2065 407 ΙλΤΕιιΡιιΕ·

2025 351 2179 408 HTE.
2224 383 2292 392 ——
2333 351 2489 407 CAP.
2534 351 2626 407 IV.
2671 349 2910 407 HOMIL.
2962 350 3072 407 \‘ll.
3579 352 3684 408 284

394 443 496 502 Ab
521 439 631 502 illa
657 437 858 498 multo
884 436 1004 497 erit
1025 438 1253 498 melior
1271 438 1391 498 ista
1414 439 1844 509 conversatio,
1877 445 2195 516 quantum
2223 445 2395 500 terra
2419 440 2649 500 melius
2671 449 2766 501 est
2797 430 3047 502 caelum.
3081 445 3377 506 Attamen
3401 451 3462 507 et
3491 447 3685 511 aliam

389 518 1346 600 similitudineminquiramus.
1389 517 1450 577 Si
1490 519 2008 600 contingatcum
2037 519 2371 600 quiumodo
2403 520 2698 600 imperat,
2729 538 2984 581 omnem
3023 524 3334 584 mundum
3365 528 3684 600 obtinere,

386 599 621 661 deinde
644 615 854 675 neque
887 597 1225 668 bellorum,
1258 615 1469 674 neque
1495 614 1800 658 curarum
1836 598 2073 659 habere
2104 599 2303 658 ullam
2335 599 2715 671 molestiam,
2749 602 2855 659 sed
2891 602 2953 661 in
2988 603 3232 663 honore
3264 625 3405 666 esse
3437 597 3685 668 tantum

386 685 457 740 et
502 677 789 740 deliciari
816 721 831 747 ,
865 683 926 736 et
969 677 1169 738 multa
1198 677 1456 753 quidem
1500 677 1740 736 habere
1772 677 2014 738 tributa
2060 677 2368 754 undique,
2401 683 2464 737 et
2503 696 2734 738 aurum
2770 680 2859 740 illi
2889 680 3152 742 afﬂuere
3188 690 3249 744 et
3284 687 3684 747 reconditum

387 777 535 839 esse
570 778 585 816 :
616 757 876 839 qualem
908 755 1089 839 illum
1112 756 1360 839 putatis
1395 755 1684 815 animum
1729 755 1991 828 habere,
2025 757 2076 839 si
2125 757 2344 839 omnia
2386 758 2552 839 bella
2588 761 2783 820 totius
2815 766 2998 820 terra:
3037 761 3372 839 quiescere
3420 767 3629 826 videat
3656 771 3685 825 ?

383 835 969 924 Talealiquid‘erit
1001 835 1251 924 majus:
1287 851 1707 924 nequaquam
1719 841 1954 924 autem
1993 836 2072 896 ad
2111 836 2598 924 similitudinem
2645 835 3340 924 illiusu'egni—pcrveni
3373 863 3386 901 :
3423 851 3688 924 prepter

382 917 565 995 quod
597 917 849 993 oportet
878 921 941 975 et
969 914 1164 995 aliam
1195 914 1524 995 inquirere
1556 914 2072 993 intelligentiam.
2111 917 2202 976 Da
2236 917 2390 974 mihi
2419 917 2703 994 aliquem
2734 919 2844 995 qui
2877 914 3149 979 sitsicut
3178 914 3686 985 infantu'lus're-

383 993 489 1079 gis
523 1016 538 1054 :
572 1010 915 1079 usquequo
944 993 1202 1072 quidem
1235 995 1298 1079 in
1328 993 1519 1055 vulva
1550 1000 1669 1066 est,
1704 995 1864 1079 n_ihi_l
1897 996 2130 1079 sentit;
2169 995 2220 1056 si
2249 1001 2468 1079 autem
2503 993 2827 1074 contingat
2863 1017 3011 1079 eum
3043 1000 3190 1060 inde
3249 1004 3490 1079 egredi,
3525 1009 3587 1063 et
3620 1005 3684 1063 in

381 1073 705 1155 thronum
728 1073 1008 1155 regalem
1039 1073 1412 1155 ascendere,
1447 1091 1574 1155 non
1605 1074 1938 1155 paulatim,
1972 1075 2081 1136 sed
2113 1074 2450 1136 confestim
2485 1082 2716 1138 cuncta
2732 1073 3036 1155 accipere
3062 1099 3078 1138 :
3107 1081 3200 1141 sic
3227 1073 3323 1140 est
3353 1084 3544 1143 etiam
3576 1083 3685 1144 ille

381 1161 620 1238 stat-ns.
660 1153 771 1212 Est
807 1152 1014 1238 et_alia
1044 1153 1431 1238 similitudo:
1459 1152 1511 1212 si
1544 1154 1690 1229 quis
1719 1154 1973 1238 vinctus
2000 1160 2062 1213 et
2087 1155 2288 1238 multa
2319 1155 2488 1238 mala
2520 1152 3070 1238 passus,urepente
3101 1159 3178 1218 ad
3208 1162 3424 1238 regale
3451 1163 3684 1223 solium

377 1235 685 1312 rapiatur
717 1251 732 1290 :
778 1232 888 1292 sed
923 1250 1133 1320 ueque
1170 1234 1260 1292 sic
1291 1236 1553 1320 integre:
1572 1233 1937 1320 pertingere
1984 1234 2165 1320 potui
2198 1233 2500 1320 ad_illius
2529 1232 2711 1320 regni
2743 1232 3256 1320 similitudinem.
3286 1232 3413 1300 Hic
3442 1241 3685 1320 quippe

377 1329 816 1400 quaecumque
845 1312 990 1400 quis
1013 1312 1375 1400 perceperit
1399 1314 1562 1400 bona
1587 1357 1602 1381 ,
1638 1313 1705 1371 in
1735 1314 1950 1400 prima
1979 1313 2404 1400 quidemddie,
2440 1332 2515 1376 ac
2555 1312 2626 1374 si
2655 1316 2866 1392 ipsum
2900 1334 3170 1400 regnum
3201 1312 3482 1392 dixeris,
3517 1312 3687 1400 viget

379 1391 450 1454 in
487 1410 565 1476 e_o
607 1408 792 1476 amor
839 1396 900 1476 et
941 1391 1279 1470 gaudium,
1321 1397 1383 1450 et
1415 1391 1478 1450 in
1510 1392 1795 1454 secunda
1823 1392 1921 1476 die
1952 1399 2014 1452 et
2046 1395 2107 1452 in
2141 1393 2371 1476 tertia;
2408 1391 2694 1470 tempore
2729 1413 2880 1454 vero
2924 1391 3308 1473 procedente
3355 1391 3686 1476 permanet

377 1471 650 1551 qunlem
683 1470 749 1529 in
781 1471 1131 1554 voluptate,
1157 1489 1288 1554 non
1315 1477 1531 1531 tamen
1562 1477 1739 1534 tanta
1765 1492 1780 1531 :
1809 1470 2138 1554 minuetur
2162 1473 2405 1554 quippe
2435 1491 2792 1554 semperex
2821 1470 3286 1554 consuetudine
3308 1470 3686 1554 qualecum-

377 1549 790 1638 quebonum
824 1549 995 1610 istud
1038 1550 1142 1610 sit.
1176 1550 1314 1638 Illic
1355 1556 1575 1638 autem
1611 1568 1741 1610 non
1773 1551 1985 1638 solum
2029 1570 2157 1612 non
2204 1551 2549 1638 decrescit,
2580 1549 2704 1613 sed
2756 1553 2947 1638 etiam
2981 1549 3400 1638 augmentum
3428 1561 3682 1638 accipit.

377 1630 681 1708 l’utellige
714 1645 993 1706 namque
1023 1635 1340 1711 quantum
1369 1630 1451 1689 sit
1471 1631 1756 1711 animam
1786 1631 1942 1711 illuc
1971 1637 2369 1711 pergentem,
2396 1649 2812 1709 nequaquam
2845 1633 3037 1694 ﬁnem
3075 1630 3393 1696 bonorum
3423 1630 3685 1700 illorum

377 1716 1008 1790 exspectare‘neque
1040 1709 1498 1790 mutationem;
1532 1709 1689 1790 quin
1726 1710 1938 1788 potius
1967 1709 2437 1771 incrementum
2465 1755 2480 1781 ,
2511 1717 2574 1772 et
2602 1713 2798 1773 vitam
2831 1713 3024 1774 ﬁnem
3058 1732 3186 1774 non
3220 1716 3590 1790 habentem,
3625 1725 3687 1780 et

377 1787 582 1871 vitam
613 1787 1110 1871 omniupericulo
1143 1789 1434 1858 liberam,
1466 1789 1642 1847 omni
1675 1787 1950 1850 micerore
1983 1795 2046 1849 et
2072 1808 2231 1871 cura
2263 1791 2569 1862 alienam,
2602 1793 2860 1870 plenam
2893 1793 3144 1871 gaudiis
3172 1800 3235 1855 et
3264 1796 3437 1857 mille
3473 1787 3681 1860 bonis.

374 1872 437 1930 Si
474 1870 651 1931 enim
677 1869 777 1928 hic
803 1868 865 1927 in
893 1884 1189 1948 campum
1215 1873 1549 1948 exeuntes,
1575 1875 1636 1927 et
1659 1871 2075 1930 tabernacula
2106 1869 2378 1930 militum
2407 1868 2769 1948 spectantes
2797 1890 2878 1932 ex
2900 1868 3340 1934 'velaminibus
3368 1877 3682 1946 confecta,

376 1957 436 2009 el
470 1950 700 2033 tela‘et
747 1948 988 2033 galeas,
1039 1947 1137 2006 vel
1171 1947 1665 2033 umbonibuset
1693 1949 2016 2009 umbilicis
2057 1953 2390 2033 scutorum
2435 1947 2943 2033 resplendentes,
2977 1958 3039 2012 et
3079 1954 3384 2033 rapimur
3427 1963 3686 2033 specta-

378 2030 511 2089 culi
544 2028 895 2108 miraculo;
929 2027 982 2086 si
1017 2043 1167 2108 vero
1197 2026 1546 2108 etiamjam
1577 2027 2038 2108 Imperatorem
2062 2030 2248 2088 nobis
2282 2026 2612 2108 contingat
2644 2031 2962 2090 modicum
2993 2026 3228 2103 videre,
3257 2035 3392 2095 sive
3418 2026 3687 2097 curren-

381 2116 532 2178 tem,
560 2108 702 2192 sive
725 2107 1119 2192 equitantem
1145 2105 1211 2165 in
1238 2106 1436 2192 armis
1469 2105 1684 2192 aureis
1711 2126 1726 2178 ;
1753 2107 2452 2192 universi_tatem_nobis
2487 2105 3069 2192 liabereputamus.
3095 2113 3259 2185 Quid
3286 2132 3440 2192 ergo
3467 2121 3683 2191 putas,

385 2206 529 2269 cum
581 2185 816 2269 videris
865 2190 1237 2246 sanctorum
1285 2185 1703 2246 tabernacula
1751 2192 1994 2248 aeterna
2045 2186 2110 2246 in
2161 2188 2316 2247 caelo
2364 2188 2619 2269 conﬁxa
2653 2191 2681 2247 Ἰ
2710 2185 3102 2267 Suscipiunt,
3154 2185 3409 2269 inquit",
3458 2185 3568 2254 eos
3617 2197 3687 2256 in

389 2265 789 2350 tabernacula
814 2273 1045 2324 aeterna
1074 2282 1274 2350 :_cum_
1287 2282 1836 2350 unumquemque
1865 2283 2092 2350 eorum
2136 2283 2334 2342 super
2364 2267 2576 2328 radios
2607 2270 2762 2350 solis
2791 2265 3026 2330 videris
3058 2265 3480 2350 refulgentem
3502 2318 3518 2344 ,
3552 2293 3684 2336 non

382 2364 468 2404 ex
497 2362 622 2406 iere
650 2351 715 2405 et
760 2344 933 2404 ferro
956 2388 971 2416 ,
1007 2343 1114 2402 sed
1146 2362 1228 2404 ex
1260 2344 1371 2405 illa
1402 2343 1606 2420 gloria
1629 2387 1644 2413 ,
1691 2345 1878 2422 cujus
1909 2344 2256 2406 candorem
2291 2353 2354 2406 et
2393 2349 2876 2409 coruscationes
2919 2351 3147 2410 oculus
3197 2343 3521 2414 hvumanus
3551 2372 3684 2414 non

377 2431 593 2506 potest
620 2425 958 2506 inspicere.
991 2423 1066 2481 Et
1098 2423 1219 2484 hoc
1247 2423 1506 2506 quidem
1538 2430 1855 2506 quantum
1881 2425 2286 2506 aduhomignes
2313 2426 2578 2506 attinet:
2608 2427 2764 2504 quid
2793 2435 3008 2489 autem
3027 2429 3160 2506 jam
3183 2431 3389 2491 dicam
3415 2434 3685 2494 multam

375 2503 678 2565 militiam
710 2503 1118 2580 angelorum,
1150 2503 1716 2580 archangelorum,
1747 2503 2120 2574 Cherubim,
2154 2504 2516 2580 Seraphim,
2547 2503 2840 2579 Sedium,
2878 2503 3440 2579 Dominationum,
3487 2513 3688 2572 Prin-

375 2586 716 2662 cipatuum
747 2627 762 2651 ,
807 2585 1196 2643 Potestatum
1223 2627 1260 2662 ,γ
1289 2599 1571 2659 quorum
1613 2583 2025 2659 pulchritudo
2075 2583 2550 2660 inexplicabilis
2599 2604 2859 2647 omnem
2904 2594 3186 2649 mentem
3231 2591 3524 2651 excedit?
3567 2592 3685 2654 Sed

373 2661 696 2744 quamdiu
727 2679 858 2722 non
888 2663 1217 2744 quiescam
1247 2661 1325 2744 in!
1341 2663 1568 2744 requie
1593 2662 2272 2744 incomprehensibili?
2294 2663 2447 2738 Quae
2473 2663 2713 2731 oculus,
2746 2665 2982 2742 inquit,
3008 2685 3138 2727 non
3161 2668 3346 2736 vidit,
3376 2688 3488 2731 nec
3511 2671 3689 2732 auris

373 2740 652 2810 audivit,
695 2741 986 2821 neq-uein
1015 2758 1124 2821 cor
1159 2740 1429 2821 hominis
1457 2741 1768 2821 ascendit,
1801 2759 1936 2820 quae
1961 2744 2344 2820 prceparavit
2377 2745 2544 2803 Deus
2584 2740 2990 2821 diligentibus
3021 2765 3182 2806 eum.
3214 2748 3491 2808 Proinde
3523 2751 3688 2810 nihil

375 2819 819 2883 miserabilius
851 2820 980 2891 eis,
1012 2819 1123 2893 qui
1155 2822 1237 2880 ab
1266 2820 1405 2880 istis
1437 2819 1827 2880 exciderint;
1851 2819 1976 2880 Sed
2003 2819 2120 2880 nos
2148 2821 2508 2882 efﬁciamur
2536 2841 2614 2884 ex
2656 2819 2832 2899 parte
2876 2828 3248 2892 beatorum,
3281 2833 3354 2886 ut
3396 2831 3689 2890 obtinere

373 2933 755 2977 mereamur
786 2916 955 2976 bona
985 2918 1248 2983 aeterna,
1283 2914 1347 2974 in
1378 2914 1633 2976 Christo
1661 2913 1811 2974 Jesu
1843 2915 2114 2973 Domino
2148 2913 2398 2975 nostro,
2431 2922 2578 2986 cum
2608 2923 2742 2982 quo
2775 2907 2941 2966 Patri
2974 2923 3104 2968 una
3137 2924 3284 2967 cum
3315 2913 3540 2969 sancto
3561 2907 3699 2986 Spi-

374 2998 508 3056 ritu
545 2995 777 3074 gloria,
812 2994 1178 3072 imperium,
1215 2994 1446 3066 honor,
1481 3012 1653 3054 nunc
1685 3000 1745 3053 et
1775 3010 2054 3071 semper,
2087 2996 2150 3051 et
2183 2990 2246 3048 in
2277 2985 2515 3047 saacula
2545 2985 2954 3045 saeculorum.
2989 2989 3224 3052 Amen.

3525 3127 3656 3140 *φ

1762 3234 2112 3296 llOMlLlA
2161 3235 2303 3296 VII.

440 3359 842 3440 Festinemus
865 3357 1069 3436 igitur
1086 3355 1338 3440 intrare
1373 3356 1442 3417 in
1471 3356 1648 3440 illam
1674 3361 1978 3438 requiem,
2012 3367 2082 3421 ut
2113 3379 2188 3420 ne
2220 3360 2287 3420 in
2320 3357 2601 3440 idipsum
2629 3357 2957 3437 quisquam
2999 3357 3258 3440 incidat
3286 3359 3676 3440 inﬁdelitatis

354 3438 733 3518 exempl-um.
771 3438 960 3529 ficus
995 3437 1155 3497 enim
1189 3445 1274 3495 est
1294 3438 1649 3531 Ise‘rm.0_1)ei
1687 3447 1740 3498 et
1758 3436 2022 3531 efﬁcax.
2059 3449 2113 3500 et
2145 3436 2604 3531 penetrabilior
2627 3436 2818 3529 super
2849 3455 3082 3498 omnem
3111 3436 3679 3531 gladiumuncipi-

355 3533 503 3587 tem,
531 3515 594 3578 Et
608 3517 978 3597 pertingens
1005 3535 1198 3596 usque
1227 3515 1309 3577 ad
1333 3515 1706 3578 cli-visionem
1729 3515 1953 3579 auimw
1983 3528 2038 3579 et
2068 3515 2338 3597 spiritus
2359 3564 2374 3584 ,
2403 3517 2839 3596 compaginari:
2863 3515 3189 3597 quoque'et
3219 3515 3630 3584 medullarum
3657 3573 3671 3593 ,

354 3609 418 3681 et
448 3601 764 3681 discretor
785 3597 1243 3681 cogitationum
1269 3605 1325 3655 et
1353 3597 1780 3681 intentionum
1807 3599 2014 3681 cordis
2039 3620 2057 3659 :
2081 3608 2138 3681 et
2164 3617 2295 3659 non
2316 3606 2402 3658 est
2433 3597 2645 3681 aliqua
2669 3606 2956 3681 creatura
2980 3599 3229 3658 occulta
3250 3599 3324 3681 in
3343 3614 3676 3681 conspectu

355 3680 496 3760 ejus
521 3702 539 3742 :
572 3679 784 3740 omnia
807 3675 1012 3760 autem
1040 3675 1214 3760 nuda
1241 3687 1297 3736 et
1326 3677 1658 3760 manifesta
1685 3688 1830 3760 sunt
1862 3679 1930 3739 in
1957 3680 2156 3740 oculis
2188 3675 2660 3760 quantique”:
2682 3675 2863 3760 nobis
2891 3695 3088 3760 sermo
3123 3685 3240 3760 est;1
3263 3675 3505 3760 Magna
3531 3686 3677 3760 qui-

355 3755 508 3820 dem
539 3776 644 3820 res
677 3762 774 3819 est
801 3757 954 3818 ﬁdes
979 3763 1043 3818 et
1074 3757 1406 3826 salutaris,
1435 3755 1662 3818 el’sine
1691 3759 1810 3820 hac
1841 3776 1968 3818 non
2002 3765 2101 3820 est
2125 3755 2362 3820 salvari
2394 3755 2769 3834 aliquando.
2791 3755 2909 3817 Sed
2941 3773 3070 3815 non
3101 3756 3336 3818 sufﬁcit
3367 3755 3506 3821 sola
3537 3755 3674 3826 haec

358 3839 652 3917 operari,
673 3855 838 3915 Opus
861 3843 959 3898 est
983 3843 1046 3898 et
1073 3837 1570 3898 conversatione
1601 3845 1796 3898 recta.
1818 3838 2095 3899 Proinde
2123 3839 2316 3899 etiam
2349 3837 2584 3917 Paulus
2607 3835 3070 3917 admoneteos,
3092 3837 3203 3914 qui
3231 3837 3672 3917 dignationem

359 3915 826 4011 mysteriorum
856 3917 1187 4009 suscipere
1215 3923 1635 4011 meruerunt“,
1669 3918 1888 4011 discus
1917 3939 1930 3978 :
1959 3919 2350 4011 Festinenms
2381 3915 2588 4011 igitur
2619 3917 2858 4011 intrare
2903 3916 2970 3977 in
2996 3916 3174 4011 illam
3207 3915 3677 4011 νεφξᾳίειηκῶἐ..

357 3995 688 4066 stinemus,
724 3997 957 4075 inquit,
988 3996 1296 4074 quoniam
1332 4014 1462 4056 non
1494 3997 1728 4058 sufﬁcit
1761 3999 1939 4067 titles,
1973 3999 2079 4058 sed
2109 3999 2296 4058 debet
2323 3995 2465 4058 addi
2499 4001 2560 4056 et
2591 3995 2750 4067 vita,
2788 4001 2856 4075 et
2881 3996 3152 4055 multum
3178 3995 3462 4062 studium
3489 4000 3676 4062 debet

359 4078 686 4140 adhiberi.
719 4078 907 4170 Opus
931 4083 1026 4138 est
1056 4078 1298 4170 quippe
1326 4094 1560 4170 revera
1589 4084 1714 4170 ,_ut
1758 4078 2070 4170 intremus
2120 4078 2184 4137 in
2229 4093 2430 4170 regna
2475 4076 2803 4170 cmlorum.
2837 4074 2898 4135 Si
2942 4076 3114 4136 enim
3159 4083 3395 4170 terram
3429 4078 3673 4144 intrare

362 4177 501 4220 non
532 4161 950 4228 meruerunt,
983 4157 1098 4234 qui
1134 4161 1346 4218 tantas
1377 4157 1780 4218 calamitates
1815 4158 2219 4234 pertulerant
2254 4160 2320 4216 in
2353 4172 2576 4216 eremo
2601 4199 2616 4226 ,
2652 4160 2712 4214 et
2749 4160 2986 4216 terram
3024 4157 3509 4233 apprehendere
3541 4179 3671 4222 non

360 4242 754 4317 potuerunt,
787 4237 945 4314 quia
980 4241 1555 4317 murmuraverunt
1582 4243 1644 4298 et
1681 4237 1972 4297 fornicati
2007 4241 2157 4297 sunt
2183 4235 2551 4317 {quomodo
2582 4253 2699 4294 nos
2731 4234 2958 4317 centum
2994 4237 3386 4298 merebimur
3417 4238 3677 4302 indiﬁ‘e-

361 4315 589 4379 renter
617 4316 1148 4394 viventes?0pus
1181 4317 1375 4396 igitur
1407 4316 1592 4376 nobis
1623 4323 1719 4376 est
1748 4322 1811 4376 et
1837 4317 2050 4376 studio
2081 4322 2143 4375 et
2179 4316 2322 4374 ﬁde.
2357 4316 2493 4374 Non
2529 4333 2736 4396 usque
2767 4315 2844 4374 ad
2878 4315 2996 4396 hoc
3027 4321 3274 4375 tantum
3305 4323 3400 4377 est
3427 4318 3676 4382 damni-

363 4397 610 4469 ficatio,
641 4403 716 4458 ut
749 4414 876 4456 non
907 4398 1102 4458 intret
1133 4394 1280 4474 quis
1312 4417 1326 4454 :
1360 4414 1488 4455 non
1517 4396 1687 4456 enim
1715 4397 1902 4465 dixit,
1943 4396 2345 4456 Festinemus
2381 4396 2621 4454 intrare
2653 4395 2717 4453 in
2749 4394 2950 4470 requi.
2975 4413 3057 4462 m,
3092 4414 3169 4454 ne
3200 4397 3573 4460 excidamus
3598 4402 3676 4462 de

361 4476 563 4538 tantis
603 4478 811 4547 bonis,
846 4477 956 4536 sed
986 4477 1158 4554 quod
1187 4477 1467 4534 maxime
1500 4477 1794 4536 homines
1828 4477 2038 4553 erigit,
2073 4477 2197 4534 hoc
2235 4475 2493 4534 addidit.
2523 4475 2684 4547 Quid
2727 4480 2940 4534 autem
3001 4482 3094 4534 est
3125 4475 3292 4536 hoc?
3319 4477 3417 4538 Ne
3452 4478 3522 4538 in
3566 4481 3653 4542 id-

361 4559 571 4637 ipsum
601 4557 949 4635 exemplum
978 4557 1303 4636 quisquam
1345 4555 1581 4637 inc-idat
1615 4556 2009 4637 infidelitatis
2033 4576 2050 4614 :
2077 4556 2197 4637 hoc
2228 4561 2346 4637 est,
2381 4561 2452 4614 ut
2483 4556 2546 4614 in
2594 4560 2807 4637 mente
2844 4559 3063 4615 nostra
3098 4555 3450 4637 habeamus
3499 4558 3676 4621 illam

361 4633 550 4714 spem
581 4642 644 4698 et
668 4633 1243 4714 exspectationem,
1279 4654 1359 4695 ne
1391 4633 1694 4696 similiter
1717 4635 2117 4697 excidamus.
2150 4635 2313 4708 Quia
2343 4639 2560 4696 autem
2588 4633 2970 4714 excidimus,
3000 4636 3366 4712 exemplum
3400 4639 3679 4699 manife-

360 4713 494 4779 stat
523 4736 536 4774 :
562 4716 658 4778 Ne
693 4717 763 4776 in
793 4713 1098 4795 idipsum,
1139 4715 1374 4792 inquit,
1412 4715 1784 4776 incidam-us.
1816 4715 2058 4776 Deinde
2088 4733 2166 4774 ne
2202 4713 2470 4775 audiens
2499 4713 2679 4790 quis,
2709 4714 2789 4775 In
2818 4713 3122 4792 idipsum,
3151 4715 3437 4795 eamdem
3468 4717 3677 4795 ipsam

363 4803 552 4876 putet
584 4793 1042 4874 pmnamfaudi
1077 4795 1229 4873 quid
1259 4795 1630 4876 subjungit:
1667 4796 1860 4855 Vivus
1892 4796 2053 4855 enim
2084 4803 2172 4876 est
2197 4812 2398 4876 sermo
2430 4795 2549 4855 Dei
2577 4801 2634 4853 et
2665 4795 2911 4876 efﬁcax,
2941 4793 3464 4876 etpenetrabilicr
3487 4793 3678 4876 super

364 4873 606 4937 omnem
637 4876 918 4954 gladium
948 4875 1282 4954 ancipitem
1308 4921 1322 4941 ,
1355 4873 1409 4934 et
1439 4875 1800 4952 pertingens
1834 4893 2026 4954 usque
2056 4873 2137 4933 ad
2167 4873 2535 4954 divisionem
2565 4874 2869 4954 aniimeuet
2900 4873 3166 4954 spiritus
3194 4919 3208 4939 ,
3244 4873 3675 4954 compaginum

357 4974 608 5036 quoque
633 4952 687 5015 et
723 4952 1155 5022 medullarum,
1178 4963 1234 5014 et
1266 4954 1574 5015 discretor
1596 4952 2079 5036 cogitationum,
2106 4962 2159 5012 et
2185 4953 2607 5036 intentio-num
2636 4952 2878 5036 cordis:
2906 4952 3022 5011 Hic
3052 4952 3328 5012 ostendit
3362 4952 3673 5036 quoniam

360 5031 429 5096 et
465 5031 573 5097 illa
607 5036 773 5096 idem
803 5037 939 5113 ipse
969 5039 1275 5111 Operatus
1307 5039 1426 5103 est,
1455 5040 1519 5094 et
1546 5035 1728 5106 vivit,
1759 5051 1889 5093 non
1919 5038 2016 5094 est
2046 5033 2428 5094 exstinctus.
2459 5031 2990 5113 Igiturquoniam
3022 5049 3382 5113 sermonem
3409 5034 3671 5106 audisti,

361 5134 449 5176 ne
489 5111 870 5193 simpliciter
904 5115 1182 5193 accipias
1218 5134 1232 5173 :
1262 5113 1475 5193 gladio
1505 5114 1678 5174 enim
1705 5119 1800 5174 est
1839 5113 2324 5193 penetrabilior.
2358 5111 3141 5193 Attendeudesceusionem
3176 5111 3355 5170 Pauli
3383 5156 3399 5183 ,
3431 5118 3494 5172 et
3524 5113 3674 5175 hinc

359 5189 705 5258 considera
734 5213 852 5273 pro
877 5212 1008 5274 qua
1035 5189 1235 5257 causa
1265 5189 1429 5270 opus
1464 5189 2196 5274 habuerunt‘prophetie
2223 5191 2459 5262 dicere,
2488 5190 2796 5269 gladium,
2827 5189 3371 5274 rhomphaaam,et
3399 5209 3620 5274 areum
3655 5213 3670 5252 ε

361 5275 515 5338 Nisi
532 5269 1005 5342 convertamini,
1027 5275 1260 5352 inquit,
1279 5269 1691 5352 rhomphwam
1715 5293 1890 5333 suam
1919 5269 2213 5337 vibravit,
2249 5280 2303 5330 et
2335 5288 2550 5330 arcum
2577 5289 2756 5332 suum
2784 5269 3068 5334 tetendit.
3104 5279 3168 5352 et
3183 5271 3438 5348 paravit
3469 5273 3669 5334 illum.

354 5355 422 5414 Si
459 5357 632 5417 enim
665 5361 807 5434 post
837 5359 1014 5416 tanta
1047 5350 1362 5430 tempora,
1396 5350 1633 5434 etpost
1666 5352 2121 5434 perfectionem
2144 5395 2159 5416 ,
2191 5368 2320 5434 non
2351 5354 2562 5434 potest
2593 5353 2852 5411 nomine
2891 5350 3208 5434 sermonis
3243 5354 3492 5434 tantum
3526 5357 3672 5413 ter-

354 5451 529 5502 rere,
560 5429 680 5498 scil
698 5452 863 5504 opus
891 5435 1085 5495 habet
1108 5429 1299 5493 etiam
1339 5429 1748 5498 istis’verbis,
1777 5437 1844 5491 nt
1873 5431 2168 5493 ostendat
2197 5429 2612 5490 eminentiam
2637 5449 2710 5489 es
2740 5429 3221 5503 comparatione
3248 5449 3262 5488 :
3287 5431 3492 5492 multo
3525 5451 3674 5493 nia-

346 5523 448 5600 gis
479 5525 656 5600 tunc,
691 5515 1176 5600 Penetratutior,
1208 5515 1441 5592 inquit,
1471 5534 1665 5600 usque
1692 5515 1778 5600 ad_
1803 5515 2172 5600 divisionem
2196 5515 2415 5600 anima:
2444 5517 2497 5600 et
2529 5509 2819 5600 spiritus.
2849 5509 3013 5600 Quid
3033 5513 3140 5600 est
3172 5509 3291 5600 hoc
3312 5510 3340 5568 ?
3365 5509 3660 5570 Terribi-

345 5589 480 5662 Tius
532 5596 779 5675 aliquid
820 5595 1241 5675 signiﬁcavit,
1272 5589 1386 5658 aut
1423 5589 1578 5672 quia
1627 5596 1923 5674 spiritum
1968 5595 2204 5656 dividet
2254 5594 2336 5654 ab
2381 5589 2595 5675 anima
2625 5635 2640 5660 ,
2670 5589 2974 5675 autuquia
3009 5589 3236 5675 ctripsa
3272 5589 3659 5675 incorporea

353 5669 662 5759 penetrat
684 5682 748 5738 et
777 5669 1109 5759 pertingit,
1145 5693 1274 5759 non
1308 5669 1556 5736 tantum
1586 5669 1751 5737 sicut
1784 5676 2036 5756 gladius
2063 5690 2361 5759 corpora.
2396 5671 2511 5759 llic
2537 5669 2816 5759 ostendit
2840 5669 3090 5759 quia'et
3115 5669 3330 5728 anima
3365 5669 3655 5759 punitur,

352 5749 417 5821 et
441 5758 600 5837 quia
636 5749 953 5837 interiora
985 5749 1474 5837 Examinantur,
1506 5760 1708 5816 totum
1745 5749 1862 5833 per
1894 5761 2097 5816 totum
2125 5749 2420 5837 penetrat
2444 5750 2794 5837 hominem.
2826 5749 3262 5837 Et_(iise_i:etor
3290 5757 3373 5806 est
3409 5749 3659 5835 cogita-

356 5828 608 5901 (ianum
637 5844 692 5898 et
725 5835 1150 5898 inte-alienum
1188 5833 1420 5900 cordis.
1454 5844 1508 5896 et
1543 5853 1664 5896 non
1701 5828 1785 5895 est
1823 5828 2392 5896 creatura—occulta
2433 5828 2498 5890 in
2530 5839 2864 5909 conspectu
2889 5830 3041 5907 ejus.
3074 5829 3190 5888 Hic
3228 5845 3337 5887 ros
3379 5828 3657 5887 maxime
3700 5843 3703 5846 ·
