4198 6450
539 327 645 381 385
1288 325 1344 380 S.
1385 325 1432 381 .l.
1477 322 1969 382 CIIRYSOSTOMI
2016 326 2328 384 l-lOMlleE
2370 324 2436 380 IN
2479 325 2695 383 EPIST.
2736 325 2828 380 AD
2864 324 3070 380 "EBR.
3133 349 3136 352 ’
3689 325 3794 381 286

543 419 794 482 terruit.
829 420 917 480 Ne
951 419 1110 500 forte
1139 419 1441 500 adhucin
1478 417 1597 500 fide
1629 423 1883 500 stantes
1903 437 2032 481 non
2064 439 2211 480 cum
2249 421 2499 500 integra
2530 420 2962 500 satisfactione
2997 418 3350 500 conﬁditis,
3385 421 3520 500 ipse
3551 439 3696 500 qua:
3739 427 3804 485 in

543 499 733 561 corde
764 505 915 559 sunt
952 499 1311 578 discernet:
1343 497 1432 557 ibi
1459 499 1634 558 enim
1659 499 1961 559 ascendet
1989 506 2051 559 et
2083 500 2356 578 puniens
2376 497 2413 568 ξ
2427 504 2491 559 et
2518 499 2922 559 examinans.
2953 500 3032 558 Et
3059 499 3213 576 quid
3242 500 3384 560 dico
3411 497 3488 560 de
3517 497 3809 562 homini-

544 580 713 640 bus?
742 583 808 640 at
835 580 888 639 si
931 577 1194 656 angelos
1232 575 1406 637 dicas
1428 621 1445 648 ,
1479 583 1545 657 at
1573 578 1628 638 si
1663 575 2099 656 archangelos
2122 624 2138 651 ,
2171 585 2238 641 at
2275 580 2328 639 si
2372 578 2719 639 Cherubim
2741 622 2757 650 ,
2787 583 2854 639 at
2894 579 2947 638 si
2995 575 3329 657 Seraphim
3353 624 3371 654 ,
3407 585 3475 641 at
3513 581 3566 640 si
3612 581 3807 642 aliam

543 658 896 736 quamlibet
928 655 1322 736 creaturam,
1355 655 1889 736 omniarrevelata
1917 655 2068 719 sunt
2097 658 2288 720 oculo
2317 657 2455 736 ejus
2477 701 2494 728 ,
2521 657 2738 736 omnia
2769 662 2995 736 aperta
3023 662 3086 718 et
3116 655 3488 736 manifesta,
3522 658 3686 719 nihil
3715 668 3812 721 est

543 735 713 813 quod
746 754 892 795 eum
921 735 1115 812 possit
1140 735 1340 816 latere
1367 755 1382 794 :
1408 735 1633 816 Omnia
1663 737 1833 797 nuda
1863 745 1918 797 et
1945 746 2164 816 aperta
2189 745 2335 797 sunt
2354 734 2561 797 oculis
2582 734 2743 816 ejus,
2772 734 2852 816 ad
2875 754 3049 816 quem
3074 735 3255 796 nobis
3272 755 3475 816 sermo
3504 744 3614 796 est.
3645 739 3809 812 Quid

544 820 760 893 autem
787 817 914 882 est,
943 816 1174 892 Aperta
1198 814 1227 872 ?
1257 815 1353 874 Ex
1383 815 1759 891 metaphora
1793 813 2088 893 pellium,
2120 834 2264 893 qua:
2293 816 2370 875 de
2397 813 2747 893 pecudibus
2778 813 3228 893 detrahuntur.
3259 813 3434 876 Sicut
3462 817 3633 876 enim
3663 835 3811 878 cum

545 892 818 971 pecudes
866 893 1170 952 occiderit
1211 896 1356 970 quis
1384 937 1400 964 ,
1432 899 1495 953 et
1531 912 1613 953 ex
1651 892 1956 956 carnibus
1999 892 2349 956 detraxerit
2382 892 2648 971 pellem,
2693 892 2912 954 omnia
2951 894 3262 958 interiora
3303 896 3718 968 revelantur,
3749 905 3812 958 et

542 976 767 1050 aperta
802 976 954 1065 sunt
981 973 1186 1033 oculis
1215 974 1451 1065 nostris
1478 973 1609 1065 :Isic
1637 979 1699 1033 et
1723 975 1854 1035 Deo
1883 979 2107 1065 aperta
2133 975 2470 1065 subjacent
2496 972 2736 1065 omnia.
2770 973 3117 1065 'i‘unautem‘
3139 972 3394 1065 attende
3425 975 3620 1065 etiam
3648 974 3769 1065 hoc
3791 1020 3807 1044 ,

543 1049 868 1130 quomodo
912 1069 1167 1129 semper
1202 1067 1364 1128 Opus
1409 1052 1602 1112 habet
1634 1049 1962 1130 corporeis
1997 1049 2308 1130 exemplis
2339 1071 2354 1110 :
2383 1050 2556 1128 quod
2583 1050 2652 1110 ﬁt
2680 1069 2761 1130 ex
2793 1049 3162 1130 inﬁrmitate
3192 1051 3613 1113 audientium.
3645 1054 3811 1128 Quia

545 1130 715 1189 enim
747 1129 982 1190 inﬁrmi
1013 1129 1814 1200 erantdeclaravit,diceus
1843 1131 2056 1194 tardos
2085 1129 2203 1192 eos
2225 1149 2392 1198 esse,
2422 1134 2485 1191 et
2516 1146 2679 1206 opus
2709 1129 3016 1190 habentes
3042 1129 3230 1202 lacte,
3255 1148 3386 1190 non
3410 1132 3614 1192 solido
3642 1134 3809 1195 cibo.

544 1209 782 1289 Omnia~
800 1207 971 1289 nuda
998 1219 1167 1289 sunt,
1204 1209 1436 1286 inquit,
1467 1217 1523 1268 et
1552 1218 1769 1286 aperta
1799 1210 2000 1270 oculis
2024 1211 2178 1288 ejus,
2212 1209 2292 1269 ad
2318 1227 2493 1288 quem
2516 1206 2697 1289 nobis
2720 1224 2917 1289 sermo
2949 1217 3060 1269 est.
3083 1209 3248 1283 Quid
3277 1213 3396 1276 est,
3419 1211 3504 1272 In
3536 1210 3813 1289 idipsum

545 1287 893 1364 exemplum
914 1287 1307 1367 inﬁdelitatis
1324 1289 1352 1346 7
1375 1290 1733 1364 Tamquam
1761 1289 1814 1349 si
1839 1286 2104 1361 diceret,
2123 1286 2342 1367 quare'
2361 1305 2490 1348 non
2515 1286 2820 1367 ividerunt
2848 1287 3025 1348 illam
3051 1293 3288 1350 terram
3323 1286 3766 1366 promissionis
3786 1294 3814 1351 τ

543 1367 711 1440 Quia
741 1367 1130 1443 accipientes
1161 1368 1391 1445 pignus
1424 1368 1682 1427 virtutis
1705 1368 1846 1440 Dei,
1874 1366 2214 1446 oportebat
2247 1385 2357 1429 eos
2389 1366 2647 1428 credere
2674 1367 2903 1426 timore
2931 1367 3134 1446 magis
3163 1367 3531 1429 obedientes
3551 1413 3566 1438 ,
3595 1374 3656 1429 et
3681 1388 3812 1430 non

546 1462 782 1522 magna
813 1445 1178 1524 imaginari;
1215 1452 1282 1506 at
1309 1451 1481 1506 certe
1511 1445 2043 1522 pusillanimitate
2073 1447 2425 1524 perierunt.
2453 1447 2668 1506 Potest
2696 1451 2911 1506 autem
2939 1445 3116 1506 aliud
3149 1446 3299 1518 dici,
3331 1448 3485 1524 quia
3516 1454 3580 1508 et
3607 1450 3815 1510 maxi-

547 1541 718 1606 mam
749 1529 996 1606 partem
1036 1524 1284 1606 itineris
1317 1526 1722 1606 ambulantes
1747 1569 1763 1597 ,
1796 1544 1942 1586 cum
1971 1525 2051 1587 ad
2081 1525 2223 1606 ipsa
2255 1525 2927 1606 liminapervenjrent
2953 1568 2970 1596 ,
3003 1542 3150 1606 cum
3171 1524 3269 1606 ad
3299 1526 3509 1604 ipsum
3553 1535 3812 1606 portum

550 1603 908 1685 intrarent,
939 1603 1212 1685 demersi
1241 1608 1413 1685 sunt.
1444 1603 1581 1685 Hoc
1605 1605 1800 1666 etiam
1841 1605 1906 1665 in
1938 1605 2120 1685 vobis
2147 1648 2163 1675 ,
2194 1604 2441 1682 inquit,
2466 1603 2682 1685 timeo.
2713 1604 2850 1685 Hoc
2879 1609 3012 1672 est,
3045 1605 3130 1685 In
3156 1603 3430 1682 idipsum
3472 1603 3814 1685 exemplum

547 1681 940 1762 inﬁdelitatis
961 1703 981 1742 :
1007 1683 1171 1762 quia;
1190 1686 1254 1762 et
1283 1682 1384 1743 isti
1417 1683 1614 1762 multa
1642 1685 1815 1762 passi
1844 1687 2020 1755 sunt,
2040 1684 2207 1744 sicut
2230 1685 2323 1762 eis
2353 1688 2497 1761 post
2527 1683 2865 1760 paululum
2889 1681 3288 1755 testiﬁcatur,
3316 1681 3816 1748 dicens:Reeor-

548 1759 786 1842 eamme
812 1761 1109 1842 priorum
1126 1760 1371 1842 dierum
1387 1807 1402 1827 ,
1426 1761 1499 1842 in
1524 1759 1748 1840 quibus
1778 1761 2124 1842 illuminati
2153 1761 2328 1842 estis,
2353 1759 2654 1842 quantum
2673 1770 2984 1842 certamen
2999 1763 3367 1842 passionum
3392 1765 3812 1826 sustinuistis.

547 1840 746 1922 Nemo
774 1839 950 1922 enim
974 1839 1400 1922 pusillanimis
1423 1839 1763 1922 sit,’neque
1800 1842 1864 1901 in
1894 1841 2022 1903 ﬁne
2051 1839 2429 1922 renuntiatis
2451 1841 2658 1922 cadat.
2691 1840 2855 1922 Sunt
2881 1839 3053 1902 enim
3085 1842 3200 1919 qui
3229 1841 3293 1902 in
3327 1843 3642 1922 principio
3669 1864 3816 1906 cum

547 1918 788 1998 ingenti
821 1918 1136 2000 desiderio
1165 1918 1782 2000 arripiunt_aliquid,
1816 1925 2038 1998 postea
2066 1937 2221 1980 vero
2254 1921 2591 1998 paululum
2621 1919 2923 2000 quiddam
2950 1918 3257 1983 universo
3283 1918 3558 2000 adjicere
3587 1925 3819 1985 volen—

546 1996 642 2058 tes
667 2041 684 2068 ,
722 1998 1100 2078 universum
1131 1997 1452 2058 amittunt.
1485 1996 1888 2060 Sufﬁcienter
1915 2018 1994 2060 ex
2027 1996 2402 2078 parentibus
2443 1999 2684 2060 nostris
2715 1998 3022 2060 docemur
3045 2045 3062 2073 ,
3091 2017 3176 2062 no
3207 2001 3272 2060 in
3303 1996 3818 2078 similia_incida-

547 2093 722 2159 mus.
754 2095 836 2137 ne
863 2077 1100 2159 eadem
1146 2077 1498 2159 patiamur,
1526 2095 1672 2159 quin
1713 2079 1806 2159 illi
1855 2074 2050 2159 passi
2075 2084 2248 2159 sunt.
2279 2079 2424 2159 Hoc
2445 2084 2578 2159 est,
2614 2078 2697 2159 In
2732 2078 3008 2159 idipsum
3044 2079 3390 2159 exemplum
3405 2074 3825 2159 inﬁdelitatis.

551 2156 687 2214 Non
705 2153 1128 2224 resolvantur,
1148 2153 1381 2234 inquit
1413 2175 1428 2214 :
1461 2153 1633 2232 quOd
1661 2153 2054 2218 etiam—circa
2084 2157 2276 2217 ﬁnem
2309 2157 2460 2218 dicit
2491 2178 2507 2217 :
2546 2153 2900 2218 Dissolutas
2942 2176 3162 2218 manus
3192 2153 3246 2217 et
3277 2157 3588 2219 dissoluta
3616 2178 3820 2233 genua

537 2247 780 2324 erigite.
814 2245 1004 2324 Nein
1027 2244 1301 2322 idipsum
1327 2243 1670 2324 exempium
1695 2243 1838 2324 quis
1867 2243 2138 2324 incidat;
2159 2245 2281 2324 hoc
2315 2241 2488 2300 enim
2518 2243 2614 2298 est
2644 2255 2876 2324 revera
2901 2237 3151 2324 cadere.
3175 2239 3265 2299 Ne
3294 2239 3814 2324 deinde_audiens

534 2317 883 2404 quisquam
912 2323 975 2404 in
1015 2317 1291 2404 idipsum
1317 2317 1684 2404 exemplum
1707 2317 1999 2404 incidere
2022 2365 2039 2393 ,
2071 2320 2362 2404 eamdem
2393 2326 2661 2404 mortem
2701 2317 3150 2404 suspicaretur
3171 2335 3368 2404 quam
3411 2323 3473 2379 et
3505 2319 3596 2379 illi
3637 2322 3810 2398 passi

537 2395 990 2490 suun-attende
1029 2395 1182 2490 quid
1212 2401 1375 2490 dixit
1403 2420 1419 2490 ξ
1464 2395 1656 2490 Vivus
1695 2401 1876 2490 enim.
1905 2407 1990 2459 est
2021 2417 2216 2490 sermo
2245 2398 2449 2490 licioet
2480 2400 2706 2476 efﬁcax
2725 2442 2741 2462 ,
2772 2404 2828 2456 et
2863 2395 3327 2489 penetra'bilior.
3349 2415 3538 2490 super
3577 2395 3812 2460 omnem

536 2484 816 2562 gladium
841 2476 1198 2562 mcipitem.
1228 2479 1419 2540 Omni
1445 2480 1684 2558 quippe
1712 2479 1922 2559 gladio
1946 2478 2182 2562 saevior
2210 2482 2341 2562 est;
2370 2477 2432 2562 in
2463 2493 2689 2562 eorum
2717 2491 3005 2562 namque
3026 2477 3277 2562 animas
3310 2476 3546 2538 incidet
3565 2495 3808 2562 _sermo,

535 2555 758 2641 plagas
785 2555 1096 2641 quasi—am
1122 2577 1398 2638 operans
1430 2555 1656 2641 simas,
1689 2555 1749 2641 et
1777 2559 2173 2636 perniciosas
2209 2556 2554 2641 incisiones
2580 2555 2904 2641 importat.
2936 2555 3277 2641 Etharum
3297 2574 3515 2616 rerum
3546 2557 3810 2641 demon-

537 2633 913 2702 strationem
939 2633 1243 2702 adhibere
1274 2655 1404 2698 non
1431 2655 1592 2716 opus
1625 2633 1841 2708 habet,
1874 2655 2086 2714 neque
2115 2635 2430 2716 coniicere
2466 2633 2902 2716 necessarium
2935 2635 3418 2716 putat,_habens
3448 2641 3578 2697 tam
3609 2639 3813 2698 mani-

537 2721 763 2781 festam
804 2719 1266 2779 narrationem.
1298 2711 1502 2790 Quale
1553 2734 1832 2794 namque
1882 2711 2122 2776 bellum
2143 2760 2158 2788 ,
2192 2714 2444 2791 inquit,
2473 2713 2619 2794 illos
2666 2711 2987 2794 perdidit?
3013 2714 3227 2794 qualis
3263 2715 3514 2793 gladius
3537 2716 3566 2775 Τ
3591 2732 3808 2778 nonne

541 2801 709 2859 ultro
749 2799 1184 2858 corruebant?
1209 2797 1348 2856 Non
1390 2796 1561 2855 enim
1592 2790 1748 2873 quia
1789 2795 1944 2856 talia
1981 2812 2112 2856 non
2166 2790 2389 2873 sumus
2419 2792 2636 2870 passi,
2667 2790 2878 2873 securi
2913 2809 3055 2853 esse
3080 2790 3385 2855 debemus
3417 2813 3434 2853 :
3466 2812 3810 2873 usquequo

538 2878 709 2938 enim
741 2877 928 2936 hodie
953 2876 1219 2946 dicitur,
1250 2876 1396 2936 licet
1430 2869 1629 2935 nobis
1643 2875 1947 2936 recreari.
1979 2875 2057 2934 Et
2085 2890 2166 2933 ne
2191 2917 2206 2945 ,
2239 2869 2573 2932 audientes
2603 2888 2750 2948 quae
2779 2869 2859 2931 ad
2887 2873 3169 2932 animam
3201 2869 3650 2950 pertinebant,
3684 2869 3809 2936 ue—

537 2957 850 3048 gligentes
877 2954 1318 3044 efﬁcerentur,
1347 2953 1585 3014 addidit
1612 2970 1690 3014 ea
1708 2971 1868 3048 quae
1897 2953 1976 3044 ad
2007 2969 2240 3030 corpus
2270 2951 2660 3048 aitinerentoz
2684 2951 3045 3048 tuneoenim
3074 2951 3265 3048 sicﬁt
3289 2971 3303 3010 :
3330 2953 3497 3048 sicut
3524 2971 3641 3048 re‘x
3671 2955 3807 3048 ali—

583 3029 682 3095 uis
708 3034 952 3113 judices
989 3051 1142 3095 suos
1179 3032 1424 3113 majora
1446 3029 1798 3113 peccantes
1826 3076 1842 3103 ,
1877 3029 2440 3113 primumqnidem
2471 3030 2707 3113 spoliat
2742 3030 2970 3090 militia
2997 3073 3013 3101 ,
3047 3035 3104 3113 et
3135 3029 3464 3113 cingulum
3493 3032 3809 3113 aufertiac

583 3053 682 3095 IIIS
708 3053 952 3113 judices
989 3053 1142 3095 suos
1179 3053 1278 3093 ma
1309 3053 1424 3094 ora
1463 3053 1798 3111 peccantes
1826 3076 1842 3103 ,
1877 3053 2153 3110 primum
2182 3053 2440 3109 qUIuem
2471 3053 2707 3107 spouat
2742 3053 2970 3090 nnnua
2997 3073 3013 3101 ,
3047 3053 3104 3089 ei
3135 3053 3464 3109 Cingulum
3493 3053 3704 3093 autert
3731 3053 3808 3094 ac

536 3053 934 3193 dignitatem,
963 3118 1029 3193 et
1056 3117 1212 3172 tunc
1238 3053 1568 3193 ulciscitur
1593 3131 1608 3193 :_
1633 3112 1726 3172 sic
1755 3113 1946 3172 etiam
1975 3111 2078 3170 hic
2108 3109 2356 3193 gladius
2387 3109 2660 3193 Spiritus
2691 3115 3024 3193 operatur.
3054 3110 3200 3169 Post
3231 3109 3511 3193 hoejam
3542 3111 3617 3172 de
3643 3112 3808 3193 Filio

535 3187 820 3271 disputat
843 3212 857 3251 :
883 3191 979 3252 Ad
1004 3210 1179 3271 quem
1200 3189 1402 3263 nobis,
1434 3191 1663 3271 inquit,
1695 3208 1889 3250 sermo
1921 3197 2028 3250 est.
2060 3187 2224 3264 Quid
2260 3193 2378 3262 est,
2411 3187 2507 3271 Aid
2528 3207 2702 3268 quem
2729 3187 3128 3271 nobis‘sernio
3158 3196 3256 3271 _es_t_
3275 3190 3304 3249 ?
3332 3187 3470 3250 Hoc
3496 3195 3616 3271 est,
3651 3191 3806 3269 Ipsi,

538 3267 772 3349 inquit,
809 3267 1116 3331 reddituri
1148 3288 1371 3349 sumus
1399 3270 1716 3349 rationem
1743 3274 2432 3349 actuuminostrorumi
2458 3270 2533 3349 Et
2557 3268 2895 3349 quomodo
2911 3267 3033 3327 hoc
3064 3267 3180 3349 ﬁt?
3209 3269 3286 3329 Ut
3319 3286 3449 3349 non
3476 3267 3806 3340 cadamus,

537 3346 769 3428 inquit,
797 3367 1006 3426 neque
1035 3348 1478 3428 pusillanimes
1500 3347 1853 3428 efﬁciamur
1877 3369 1891 3406 :
1915 3348 2305 3428 sufﬁcienter
2325 3347 2583 3428 quidem
2615 3347 2807 3428 etiam
2833 3346 3111 3428 illainos,
3140 3347 3373 3425 inquit,
3399 3348 3648 3410 docent.
3672 3351 3809 3409 Ila-

535 3425 740 3489 bemus
774 3425 977 3489 autem
1010 3425 1068 3488 et
1096 3427 1473 3487 sacerdotem
1501 3444 1792 3505 magnum
1820 3427 2154 3487 intrantem
2181 3426 2380 3505 caelos,
2413 3427 2629 3486 Iesum
2660 3425 2902 3486 Filium
2933 3425 3070 3484 Dei.

613 3508 777 3582 Quia
827 3509 998 3568 enim
1060 3513 1400 3584 propterea
1450 3503 1724 3578 addidit,
1777 3507 1926 3568 Non
1981 3506 2141 3566 enim
2186 3503 2500 3572 habemus,
2563 3507 2816 3584 inquit,
2867 3504 3282 3576 sacerdotem,
3332 3523 3464 3566 non
3509 3506 3810 3568 valentem

537 3587 807 3665 compati
851 3583 1324 3666 inﬁrmitatibus
1371 3587 1606 3645 nostris
1640 3605 1658 3642 :
1695 3584 1931 3646 idcirco
1980 3585 2280 3663 superius
2327 3584 2610 3655 diccbat,
2639 3583 2724 3644 In
2760 3601 2881 3663 quo
2901 3601 3127 3662 passus
3154 3594 3242 3643 est
3261 3585 3390 3722 ipse
3419 3594 3474 3645 et
3502 3591 3809 3653 tentatus,

537 3675 755 3722 nolens
787 3672 871 3722 est
902 3683 1002 3722 eos
1035 3666 1147 3722 aui
1175 3672 1501 3722 tentantur
1530 3663 1850 3722 adiuvare.
1886 3665 2144 3722 Intuere
2171 3680 2326 3722 ergo
2356 3663 2684 3722 quomodo
2718 3671 2780 3722 et
2809 3663 2912 3722 hic
2945 3663 3221 3722 idinsum
3285 3664 3432 3722 acit.
3464 3665 3647 3722 Ouod
3678 3682 3808 3722 au-

530 3663 755 3744 poténs
787 3672 871 3724 est
902 3663 1002 3724 eos
1035 3666 1147 3744 qui
1175 3672 1501 3724 tentantur
1520 3663 1850 3744 adjuvare.
1886 3665 2144 3744 Intuere
2171 3680 2326 3742 ergo
2356 3663 2684 3741 quomodo
2718 3671 2780 3744 et
2809 3663 2912 3724 hic
2945 3663 3221 3744 idipsum
3261 3663 3432 3744 facit.
3464 3665 3647 3740 Quod
3678 3682 3808 3726 au-

534 3740 662 3804 tem
692 3744 878 3815 dicit,
912 3740 1164 3824 tale—est
1192 3763 1208 3801 :
1239 3743 1467 3824 venit,
1513 3740 1753 3824 inquit,
1789 3761 1905 3821 per
1937 3743 2107 3803 viam
2139 3740 2272 3824 qua
2305 3740 2544 3824 etnos,
2577 3742 2782 3820 magis
2822 3747 3038 3824 autem
3069 3740 3574 3824 adprioremjf.
3609 3760 3811 3822 aspe-

535 3824 843 3899 riorem],
877 3827 939 3883 et
963 3823 1252 3882 omnium
1288 3821 1618 3882 hominum
1645 3821 2741 3901 [humanorum?]_experimentum
2777 3821 3046 3901 accepit.
3080 3821 3218 3881 Illic
3243 3821 3484 3901 quippe
3519 3821 3808 3895 dicebat,

533 3901 684 3963 Non
735 3910 821 3960 est
872 3910 1158 3962 creatura
1208 3901 1569 3980 occultaiin
1598 3909 1933 3980 conspectu
1980 3899 2111 3979 ejus
2129 3946 2155 3980 ,ί
2184 3899 2582 3980 divinitatem
2623 3899 2994 3979 signiﬁcans
3028 3919 3042 3958 :
3085 3917 3260 3960 nunc
3293 3899 3508 3963 autem
3547 3902 3701 3980 quia
3729 3901 3808 3962 de

531 3998 726 4041 carne
756 3981 1065 4059 loquitur,
1099 3979 1428 4040 humiliter
1453 3978 1770 4057 disputat,
1803 3978 2060 4059 dicens:
2090 3978 2405 4039 Habentes
2431 3979 2631 4058 igitur
2645 3978 3307 4059 pantiﬁcemmagnum
3330 3978 3670 4040 intrantem
3699 3999 3811 4041 cte-

531 4061 626 4120 los
647 4080 668 4119 :
695 4065 755 4120 et
783 4058 1059 4120 ostendit
1092 4059 1404 4138 majorem
1429 4059 1523 4117 illi
1553 4077 1695 4120 esse
1728 4075 1948 4119 curam
1997 4058 2074 4118 de
2106 4059 2316 4138 nobis,
2353 4065 2416 4119 et
2449 4059 2605 4135 quia
2631 4059 2797 4118 sicut
2837 4058 3121 4136 propriis
3167 4058 3380 4138 adest,
3415 4064 3477 4119 et
3508 4077 3638 4120 non
3672 4060 3810 4120 vult

531 4156 640 4200 eos
677 4138 926 4200 cadere.
964 4140 1174 4199 Moses
1198 4137 1376 4198 enim
1401 4181 1416 4208 ,
1448 4138 1692 4215 inquit,
1724 4155 1854 4197 non
1887 4137 2150 4198 intravit
2191 4138 2258 4197 in
2286 4138 2572 4216 requiem
2597 4181 2613 4210 ,
2646 4139 2781 4215 ipse
2811 4147 3024 4198 autem
3061 4137 3346 4198 intravit.
3378 4139 3456 4197 Et
3485 4138 3810 4216 quomodo

530 4217 654 4278 hoc
684 4235 1008 4294 nusquam
1037 4217 1286 4296 posuit,
1319 4214 1556 4276 mirum
1589 4224 1707 4277 est.
1756 4217 1847 4276 Ne
1891 4217 2260 4277 viderentur
2288 4214 2410 4277 sibi
2441 4214 2930 4279 excusationem
2967 4216 3295 4296 invenire,
3327 4214 3814 4296 comprehendit

529 4302 742 4374 autem
781 4298 972 4374 etiam
1018 4299 1228 4373 ipsum
1264 4315 1278 4354 :
1319 4300 1380 4354 et
1422 4313 1502 4355 ne
1549 4296 1840 4356 videatur
1879 4312 2189 4356 accusare
2220 4296 2402 4355 illum
2447 4296 2655 4356 virum
2679 4340 2694 4364 ,
2730 4301 2951 4374 aperte
2982 4295 3142 4356 illud
3178 4312 3308 4355 non
3338 4295 3511 4374 dicit.
3543 4296 3607 4356 Si
3638 4297 3811 4357 enim

533 4373 689 4432 nihil
730 4373 1094 4450 hujusmodi
1122 4374 1436 4434 dicentem
1470 4374 1624 4436 talia
1653 4374 1961 4436 adversus
1990 4374 2171 4433 illum
2201 4374 2646 4450 proferebant,
2678 4373 2959 4434 (licentes
2996 4394 3010 4433 :
3043 4374 3280 4450 Contra
3311 4373 3535 4435 Mosen
3567 4380 3630 4435 et
3659 4393 3810 4435 con-

527 4449 861 4538 traiegetn
894 4460 1014 4514 iste
1047 4457 1336 4538 loquitur
1368 4470 1382 4510 :
1416 4457 1618 4538 multo
1648 4455 1966 4538 amplius,
1995 4449 2392 4538 sidixisset,
2417 4453 2561 4538 Non
2597 4455 2692 4511 est
2717 4451 3058 4538 Paltestina
3083 4495 3099 4523 ,
3130 4449 3242 4538 sed
3264 4450 3540 4538 gelum,
3568 4450 3814 4527 majora

525 4536 606 4597 de
633 4529 750 4596 illo
777 4532 1084 4593 dicerent.
1133 4529 1252 4590 Sed
1283 4546 1412 4589 non
1442 4532 1645 4588 totum
1675 4529 1959 4606 pontiﬁci
1989 4531 2253 4601 tribuit,
2286 4531 2394 4592 sed
2427 4531 2619 4591 etiam
2651 4547 2689 4590 a
2719 4531 2902 4590 nobis
2944 4529 3175 4606 quierit
3196 4573 3211 4597 ,
3245 4529 3388 4589 dico
3418 4534 3635 4590 autem
3664 4545 3816 4590 con~

528 4611 898 4676 fessionem.
929 4609 1275 4676 Habentes,
1309 4609 1556 4686 inquit,
1578 4609 1944 4687 pontificem
1975 4627 2296 4687 magnum,
2326 4609 2667 4669 intrantem
2699 4609 2900 4674 ccelos,
2927 4610 3141 4669 Jesum
3173 4607 3411 4668 Filium
3439 4609 3583 4675 Dei,
3619 4615 3818 4667 tenea-

527 4690 1137 4784 musfonfessionem
1167 4688 1633 4784 ejus..Qualem
1665 4686 2136 4784 confessinnem
2167 4688 2359 4784 digit?
2385 4688 2706 4784 Quoniam
2749 4692 2847 4780 est
2887 4687 3312 4784 rezsnrrecti‘o,
3361 4687 3671 4784 qna-niam
3723 4693 3820 4747 est

531 4765 896 4843 retributio,
933 4765 1244 4847 quoniam
1275 4767 1448 4826 mille
1480 4767 1674 4838 bona,
1707 4765 1862 4841 quia
1896 4765 2190 4847 Christus
2227 4769 2398 4828 Deus
2429 4773 2559 4839 est,
2589 4767 2902 4847 quoniam
2938 4766 3092 4828 ﬁdes
3126 4772 3296 4827 recta
3329 4772 3457 4847 est.
3490 4767 3622 4826 hinc
3651 4783 3820 4847 con-

531 4851 851 4913 ﬁteamur.
885 4845 1049 4923 Quia
1083 4864 1235 4908 vero
1280 4847 1416 4907 haec
1442 4861 1596 4906 vera
1624 4848 1798 4915 sunt,
1824 4845 2236 4907 manifestum
2272 4866 2354 4908 ex
2385 4865 2461 4908 eo
2491 4847 2662 4924 quod
2694 4845 2982 4924 pontifex
3028 4847 3088 4905 in
3120 4846 3537 4906 interioribus
3569 4845 3822 4906 consti-

533 4936 710 4991 tutus
743 4935 862 4990 est.
890 4930 1030 4989 Non
1061 4925 1470 4997 excidemus,
1505 4924 1950 4984 conﬁteamur.
1997 4926 2058 4985 Si
2091 4927 2262 4986 enim
2295 4927 2486 4987 modo
2520 4927 2843 4997 adessent,
2878 4925 3077 4986 falsus
3109 4931 3277 4985 esset
3311 4925 3422 5003 qui
3473 4925 3768 5002 promisit
3803 4945 3818 4982 :

535 5009 812 5090 proinde
837 5009 1029 5090 etiarn
1060 5007 1183 5067 hoc
1217 5023 1445 5090 verum
1476 5008 1593 5075 est,
1627 5003 1963 5090 Quomodo
1992 5004 2421 5090 diﬂ'e_runtur?
2462 5005 2712 5090 Etenim
2757 5005 3052 5090 pontifex
3093 5011 3314 5090 noster
3343 5021 3624 5090 magnus
3669 5009 3773 5090 est
3804 5025 3818 5062 :

533 5083 685 5152 Non
715 5088 877 5149 enim
904 5085 1190 5147 habemus
1214 5085 1604 5165 pontiﬁcem,
1647 5083 1936 5165 qui_non
1973 5085 2175 5164 possit
2215 5087 2484 5164 compati
2531 5083 3307 5165 inﬁrmitatibusqnostrisi.
3343 5083 3522 5165 Non,
3571 5083 3818 5160 inquit,

533 5169 792 5248 ignorat
818 5185 964 5244 quae
993 5171 1216 5226 nostra
1249 5162 1432 5236 sunt,
1466 5162 1632 5248 sicut
1663 5163 1844 5248 multi
1872 5162 2233 5248 pontiﬁces,
2255 5162 2366 5248 qui
2393 5162 2694 5248 ignorant
2722 5181 2832 5248 eo_s
2863 5163 2975 5242 qui
3016 5163 3081 5248 in
3111 5163 3636 5248 tribulationibus
3665 5179 3817 5248 con-

536 5241 740 5309 stituti
773 5241 948 5316 sunt,
981 5250 1041 5304 et
1073 5261 1285 5321 neque
1313 5259 1458 5320 quae
1489 5242 1571 5302 sit
1599 5243 1929 5303 tribulatio
1965 5244 2030 5303 in
2065 5241 2476 5313 hominibus,
2516 5244 2753 5304 sciunt.
2791 5241 3190 5320 Impossibile
3236 5243 3475 5320 quippe
3518 5248 3614 5302 est
3657 5241 3824 5321 scire

537 5325 919 5388 afﬂictiones
949 5320 1334 5384 afﬂictarum
1361 5323 1416 5382 ci
1446 5367 1461 5393 ,
1495 5323 1605 5399 qui
1641 5323 2156 5400 experimentum
2197 5322 2560 5384 aﬂlictionis
2595 5340 2724 5382 non
2776 5323 3037 5392 habuit,
3083 5326 3146 5382 et
3185 5321 3579 5381 sensibiliter
3603 5320 3825 5400 omnia

537 5423 668 5467 non
690 5403 1000 5465 sustinuit
1027 5422 1042 5462 :
1078 5402 1366 5481 pontifex
1395 5407 1612 5462 autem
1644 5399 1864 5462 noster
1891 5409 2328 5480 competenter
2347 5404 2623 5481 primum
2653 5404 2869 5462 omnia
2892 5401 3299 5474 sustinuit,et
3327 5404 3483 5461 tunc
3510 5399 3820 5481 ascendit,

537 5490 607 5546 ut
641 5482 846 5562 possit
873 5480 1172 5562 compati.
1202 5483 1554 5562 Tentatum,
1587 5481 1822 5562 inquit,
1847 5499 1965 5562 per
1993 5483 2203 5542 omnia
2229 5480 2563 5542 secundum
2586 5481 3063 5562 similitudinem
3093 5481 3224 5562 sine
3249 5487 3536 5562 peccato.
3570 5480 3822 5562 Inspice

537 5557 862 5642 quomodo
895 5557 1087 5622 etiam
1119 5578 1317 5638 supra
1347 5561 1623 5639 idipsum
1653 5605 1668 5632 ,
1702 5557 2012 5622 Similiter
2035 5605 2051 5632 ,
2097 5563 2347 5642 posuit,
2383 5565 2445 5621 et
2488 5561 2593 5622 hic
2635 5561 2911 5642 iterum,
2945 5557 3294 5642 Secundum
3323 5557 3824 5642 similitudinem.

540 5638 676 5702 Hoc
703 5645 830 5712 est,
866 5638 1720 5719 persequutionem’passus,
1753 5646 1941 5718 sputa
1974 5638 2288 5717 suscepit.
2316 5645 2656 5702 accusatus
2692 5645 2819 5712 est,
2852 5639 3312 5719 detractionem
3342 5638 3684 5719 sustinuit,
3717 5654 3826 5719 ra-

541 5720 819 5782 lumnias
863 5717 1092 5800 passus
1134 5725 1263 5789 est,
1314 5717 1614 5800 repulsus
1640 5717 1797 5800 est,
1828 5720 1890 5780 in
1929 5719 2057 5779 ﬁne
2085 5719 2434 5781 cruciﬁxus
2465 5725 2581 5781 est.
2614 5721 2822 5782 Juxta
2853 5718 3387 5800 similitudinem,
3411 5717 3656 5800 inquit,
3693 5717 3827 5776 sine

537 5808 816 5880 peccato.
847 5797 965 5860 Hic
995 5801 1186 5861 etiam
1211 5799 1454 5876 aliquid
1485 5797 1825 5877 signiﬁcat.
1855 5799 2166 5861 Possibile
2201 5805 2294 5860 est
2327 5801 2466 5860 sine
2493 5803 2754 5878 peccato
2784 5798 2976 5860 etiam
3009 5799 3076 5858 in
3106 5797 3633 5858 tribulationibus
3664 5813 3825 5856 eon-
