4198 6468
454 319 558 374 287
1112 318 1161 373 Μ
1175 317 1431 376 [ΞΤΙΑΝΟ
1474 317 1724 376 SClltlL.
1765 317 2112 374 ΙΝΠῙΒΡΠΕ

2075 317 2230 374 ΕΤΕ.
2269 348 2332 360 --
2375 317 2534 376 CAP.
2586 319 2675 375 IV.
2736 318 2970 376 ltOMIL.
3013 318 3127 376 γη.
3627 319 3733 375 £83

438 419 734 496 stitutum
765 415 998 496 degere
1026 434 1040 472 :
1076 415 1241 496 sicut
1278 415 1470 475 etiam
1505 431 1650 475 cum
1679 414 1865 490 dicit,
1892 415 1975 476 In
2000 417 2418 479 similitudine
2448 420 2682 484 carnis,
2723 437 2852 478 non
2894 419 3016 480 hoc
3044 419 3228 490 dicit,
3261 420 3414 496 quia
3443 423 3752 482 sunilitu~

437 497 518 579 de
549 494 766 557 carnis
803 494 922 579 fuit
943 540 958 568 ,
991 495 1290 579 sed_quia
1320 512 1581 579 carnem
1613 496 1921 579 suscepit.
1953 498 2169 579 Quare
2197 515 2351 578 ergo
2387 498 2585 571 dixit,
2624 499 2707 559 1η
2732 498 3191 562 similitudine?
3221 494 3383 574 Quia
3417 499 3494 561 de
3527 520 3752 579 pecea-

438 577 598 637 trice
652 592 850 637 carne
907 575 1320 653 loquebatur.
1374 573 1647 659 Similis,
1701 573 1950 659 inquit,
1997 576 2114 638 fuit
2158 573 2337 639 carni
2385 584 2668 640 nostrae:
2711 585 2948 641 natura
2978 580 3219 659 quippe
3251 573 3485 642 eadem
3519 573 3749 653 nobis,

438 663 704 740 peccato
739 673 890 740 vero
910 662 1347 740 nequaquam
1378 654 2225 740 ead_em._Accedamusergo
2255 677 2393 718 cum
2422 659 2656 739 ﬁducia
2685 659 2767 740 ad
2794 654 3243 739 sedem—gratia:
3271 659 3428 740 ejus,
3459 670 3533 722 ut
3564 664 3747 724 acci-

437 735 688 821 piamus
711 736 1228 821 misericordium,
1255 743 1309 794 et
1336 736 1610 821 gratiam
1629 735 2019 821 inueniamus
2049 739 2112 800 in
2146 735 2508 821 opportuno
2535 739 2810 821 aruwilio.
2839 735 3048 814 Quam
3070 740 3220 800 dicit
3242 735 3456 821 sedem
3487 743 3754 821 gratiae?

437 815 664 879 Sedem
715 817 925 893 ipsam
970 816 1256 896 regalem
1281 859 1296 887 ,
1355 815 1433 876 de
1475 833 1606 892 qua
1663 817 1817 876 alibi
1861 817 2096 878 dicitur
2128 838 2142 876 :
2177 815 2366 879 Dixit
2393 820 2703 880 Dominus
2737 821 3008 880 Domino
3040 839 3171 880 meo
3201 841 3222 880 :
3253 819 3408 882 Sede
3436 815 3750 884 adextris

437 897 610 960 meis.
645 897 977 978 Quidiest,
1019 896 1397 978 Accedamus
1435 914 1574 978 cum
1607 896 1888 978 ﬁducia?
1930 899 2098 971 Quia
2140 899 2510 976 pontificem
2561 900 2700 960 sine
2730 905 2992 976 peccato
3024 901 3364 970 habemus,
3399 907 3752 963 certantem

439 996 585 1040 cum
637 977 904 1059 mundo,
934 975 1282 1059 Conﬁdite,
1335 975 1582 1052 inquit,
1609 975 1722 1056 ego
1757 978 1918 1037 cnim
1947 979 2072 1040 vici
2104 975 2425 1038 mundum.
2466 980 2624 1040 Nam
2659 975 2832 1057 quod
2867 979 3106 1040 dictum
3136 986 3268 1052 est,
3302 980 3571 1059 Oportet
3603 1001 3752 1044 eum

437 1059 661 1120 omnia
707 1058 870 1136 pati,
906 1057 1218 1138 mundum
1250 1060 1467 1138 autem
1500 1075 1647 1116 eum
1679 1076 1822 1118 esse
1854 1074 1893 1118 a
1933 1060 2245 1136 peccatis;
2280 1059 2402 1120 hoc
2430 1059 2784 1138 signiﬁcat,
2817 1075 2893 1120 ac
2937 1060 2988 1119 si
3029 1077 3145 1120 nos
3179 1062 3300 1121 sub
3330 1057 3595 1138 peccato
3627 1080 3750 1123 su-

335 1199 341 1205 .
438 1157 609 1221 mus,
647 1138 889 1221 inquit,
921 1137 1030 1221 s_e_d
1061 1138 1199 1215 ipse
1231 1137 1370 1198 sine
1402 1143 1666 1213 peccato
1695 1141 1811 1221 est.
1844 1138 2240 1221 Accedamus
2265 1157 2418 1221 ergo
2447 1137 2593 1200 cum
2623 1139 2880 1221 ﬁducia.
2911 1138 3102 1221 Sedes
3127 1137 3350 1221 autem
3375 1142 3619 1221 gratim,
3653 1147 3749 1203 est

440 1219 625 1281 sedes
651 1218 900 1300 judicii.
941 1218 1125 1300 Nunc
1151 1222 1498 1300 propterea
1536 1217 1918 1300 accedamus
1948 1237 2092 1279 cum
2123 1217 2393 1300 fiducia,
2430 1225 2502 1278 ut
2530 1220 2923 1300 accipiamus
2957 1217 3459 1281 misericordiam
3491 1222 3753 1300 qualem

440 1295 794 1380 quaerimus
822 1318 836 1357 :
867 1299 1137 1380 largitas
1171 1295 1582 1380 quippe_ejus
1620 1303 1717 1380 e._s_t
1742 1298 2104 1380 haecicausa
2134 1304 2196 1360 et
2228 1299 2471 1359 donum
2498 1295 2865 1380 regal'euEt
2898 1299 3305 1380 inveniamus,
3339 1295 3572 1377 inquit,
3601 1320 3756 1380 gra-

442 1381 596 1440 tiam
622 1379 690 1442 in
716 1377 1389 1458 auxilio’opporl-uno.
1421 1377 1827 1458 Beneidixit,
1866 1379 1942 1437 In
1973 1387 2336 1458 opportuno
2371 1377 2621 1440 auxilio
2657 1400 2676 1438 :
2709 1379 2769 1439 Si
2817 1379 2991 1439 enim
3030 1397 3239 1451 nunc,
3271 1379 3517 1457 inquit,
3559 1377 3758 1444 acce-

439 1460 595 1533 das,
651 1460 930 1538 accipies
977 1457 1055 1520 et’
1089 1458 1364 1538 gratiam
1412 1460 1476 1538 et
1533 1457 2086 1538 misericordiam;
2147 1464 2514 1538 Opportune
2565 1460 2806 1538 quippe
2857 1459 3123 1520 accedes
3170 1483 3186 1523 :
3241 1459 3291 1519 si
3341 1465 3556 1520 autem
3601 1465 3759 1524 tunc

357 1584 366 1591 -
441 1535 836 1613 accesseris,
890 1535 1306 1617 nequaquam
1350 1557 1365 1608 ;
1419 1535 1632 1597 inanis
1701 1538 1945 1616 quippe
1999 1539 2124 1600 erit
2179 1535 2466 1600 accessio
2519 1535 2746 1612 tunc;
2779 1557 2908 1599 non
2959 1541 3131 1600 enim
3186 1539 3308 1600 erit
3367 1545 3521 1601 tunc
3575 1541 3759 1602 sedes

443 1621 690 1703 gratiae.
720 1621 941 1703 Usque
973 1625 1126 1703 tupc
1153 1617 1605 1703 sedebit__Rex;
1640 1635 1786 1678 cum
1830 1624 2049 1703 autem
2077 1620 2348 1703 _venerit
2403 1619 2575 1691 ﬁnis,
2609 1625 2765 1703 tune
2793 1625 3057 1703 _su_rget_
3085 1619 3164 1680 ad
3211 1619 3761 1703 juilieium._E¢—

442 1695 962 1781 surge,inquit,
1028 1700 1234 1781 Deus,
1278 1695 1509 1781 judice
1572 1699 2268 1781 terram.__Accedam_us
2321 1717 2472 1778 ergo
2536 1719 2674 1760 cum
2723 1695 2977 1781 ﬁducia'.
3036 1695 3276 1760 lterum
3330 1695 3512 1781 illud
3545 1700 3760 1773 dixit,

442 1784 516 1840 ut
557 1776 721 1841 nihil
777 1776 1130 1842 habeamus
1184 1776 1692 1859 inconseientia
1741 1778 2138 1859 malignum;
2187 1779 2310 1840 hoc
2350 1776 2482 1854 est,
2535 1797 2667 1840 non
2711 1776 3126 1840 dubitantes:
3161 1797 3289 1840 non
3343 1780 3515 1840 enim
3552 1783 3764 1859 potest

445 1878 593 1923 cum
627 1860 863 1924 ﬁducia
908 1860 1053 1923 talis
1085 1857 1412 1921 accedere.
1464 1856 1710 1940 Idcirco
1745 1856 1948 1940 dixit:
1983 1860 2279 1938 Tempore
2322 1869 2684 1940 opportuno
2731 1859 3033 1920 exaudi-ri
3070 1866 3157 1940 ire,
3203 1868 3257 1919 et
3289 1863 3358 1921 in
3402 1859 3502 1924 die
3535 1856 3763 1940 salutis

351 2001 358 2006 .
445 1940 667 2023 πάλιιυί
694 1951 772 2003 te.
801 1941 1093 2018 Namque
1128 1943 1192 1999 et
1222 1941 1565 2076 nuncfpost
1599 1937 1988 2016 baptismum
2019 1937 2374 2018 peccantes
2399 1937 2701 2000 invenire
2746 1939 3192 2017 pmnitentiam
3213 1983 3227 2010 ,
3261 1941 3486 2018 gratia‘.
3518 1945 3639 2001 est.
3670 1939 3763 2000 Ne

445 2034 662 2076 autem
693 2021 962 2076 audiens
995 2021 1178 2076 illum
1222 2017 1401 2076 nonti
1453 2035 1628 2076 cem.
1667 2023 1853 2076 nutes
1885 2028 2059 2076 stare
2083 2067 2098 2076 .
2133 2022 2349 2076 statim
2391 2037 2538 2076 eum
2571 2019 2650 2076 ad
2683 2019 2900 2076 sedem
2935 2018 3232 2076 adducit:
3266 2019 3552 2076 pontifex
3587 2021 3761 2076 enim

445 2017 663 2085 autem
693 2021 962 2084 audiens
989 2017 1178 2081 illum
1221 2017 1628 2096 pontiﬁcem,
1667 2023 1853 2097 putes
1885 2017 2059 2081 stare
2083 2067 2098 2093 ,
2133 2022 2349 2081 statim
2391 2037 2538 2080 eum
2571 2019 2650 2080 ad
2683 2019 2900 2080 sedem
2935 2018 3232 2081 adducit:
3261 2017 3552 2097 pontifex
3587 2021 3761 2080 enim

448 2121 582 2166 non
614 2102 814 2171 sedet,
843 2103 949 2160 sed
982 2107 1129 2159 stat.
1160 2101 1346 2160 Vides
1377 2102 1688 2177 quoniam
1717 2103 1887 2176 quod
1913 2102 2116 2162 factus
2137 2108 2233 2163 est
2256 2103 2566 2180 pontifex,
2588 2119 2717 2162 non
2743 2109 2992 2163 natura;
3011 2109 3130 2176 est,
3159 2107 3266 2163 sed
3287 2105 3666 2166 humilitatis
3696 2114 3759 2166 et

452 2181 960 2262 exinanitionis?
989 2180 1126 2262 {ioc
1155 2184 1218 2240 et
1263 2181 1448 2240 nobis
1479 2197 1652 2262 nunc
1682 2185 2120 2262 opportunum
2151 2187 2248 2262 est
2275 2183 2512 2253 dicere,
2550 2181 2946 2262 Accedamus
2977 2199 3125 2244 cum
3155 2182 3386 2246 fiducia
3418 2189 3706 2262 petentes
3733 2206 3746 2244 :

453 2267 704 2325 tantum
733 2260 920 2321 ﬁdem
949 2258 1322 2341 afferamus,
1372 2265 1436 2320 et
1465 2259 1680 2341 omnia
1733 2261 1980 2320 tribuit.
2027 2261 2217 2322 Modo
2259 2266 2511 2340 tempus
2559 2265 2656 2323 est
2684 2261 3002 2321 donorum
3024 2305 3041 2334 ,
3077 2280 3266 2324 nemo
3297 2263 3374 2323 de
3401 2258 3613 2341 seipse
3643 2265 3745 2325 de-

458 2347 693 2421 speret.
728 2342 911 2401 Tunc
941 2351 1039 2401 est
1067 2340 1535 2418 desperationis
1570 2345 1849 2421 tempus,
1882 2358 2029 2421 cum
2061 2341 2386 2402 thalamus
2419 2341 2920 2414 fueritclausus,
2955 2360 3103 2402 cum
3133 2343 3465 2404 intraverit
3493 2340 3630 2404 Rex
3657 2346 3750 2405 vi-

453 2419 606 2484 dere
647 2421 1164 2502 discumbentes,
1217 2438 1363 2480 cum
1409 2419 1704 2502 venerint
1746 2420 1824 2480 ad
1870 2420 2086 2480 sinum
2138 2421 2558 2502 patriarchae,
2605 2422 2718 2498 qui
2757 2438 2834 2482 eo
2865 2421 3013 2483 facti
3057 2421 3297 2482 iuerint
3320 2421 3542 2502 digni:
3583 2442 3756 2485 nunc

454 2509 687 2641 autejmt
724 2501 1031 2575 necdum;
1065 2499 1277 2561 adhuc
1327 2500 1568 2578 quippe
1619 2500 1950 2562 theatrum
1994 2502 2330 2569 consistit,
2381 2501 2594 2564 adhuc
2641 2518 2811 2580 agon
2865 2506 3225 2581 permanet,
3280 2499 3492 2565 adhuc
3539 2505 3757 2582 palma

454 2602 578 2641 nen
629 2603 660 2641 ε
697 2627 711 2641 .

500 2587 711 2645 endeL

500 2603 711 2645 enoeL

452 2603 494 2664 Ρ
534 2663 943 2743 Festinemus
975 2661 1207 2743 igitur:
1241 2678 1390 2723 nam
1419 2665 1481 2722 et
1503 2661 1742 2723 Paulus
1768 2661 1928 2724 dixit
1961 2683 1977 2723 :
2010 2663 2118 2725 Sic
2149 2681 2361 2729 curro,
2391 2681 2522 2724 non
2555 2661 2735 2742 quasi
2756 2661 2826 2722 in
2854 2661 3185 2723 incertum.
3212 2661 3421 2725 Cursu
3449 2681 3612 2743 opus
3633 2668 3754 2735 est,

452 2748 517 2806 et
551 2761 746 2804 cursu
779 2741 1021 2805 valido;
1042 2742 1166 2816 Qui
1197 2743 1435 2816 currit,
1471 2743 1795 2823 neminem
1834 2750 2285 2805 occurrentem
2311 2745 2430 2805 sibi
2460 2741 2659 2816 videt,
2694 2743 2830 2804 sive
2855 2761 2970 2820 per
2998 2758 3183 2821 prata
3210 2745 3344 2805 sive
3376 2741 3751 2823 perfaspera

451 2826 599 2886 loca
632 2828 918 2884 transeat
945 2842 958 2881 :
985 2826 1097 2900 qui
1131 2823 1363 2894 currit,
1391 2839 1518 2883 non
1543 2822 1621 2883 ad
1648 2827 2044 2900 spectatores
2078 2824 2388 2896 attendit,
2423 2823 2533 2885 sed
2563 2823 2639 2884 ad
2676 2823 2988 2901 palmam;
3020 2824 3154 2884 sive
3175 2823 3405 2886 divites
3431 2822 3758 2898 sint,sive

453 2921 800 2984 pauperes,
832 2904 966 2984 sive
991 2903 1288 2964 detrahat
1314 2903 1494 2980 quis,
1539 2903 1674 2964 sive
1705 2904 1902 2964 czedat
1925 2950 1939 2976 ,
1975 2905 2111 2984 sive
2142 2904 2440 2982 injuriet,
2475 2903 2613 2964 sive
2643 2902 2918 2984 lapidet,
2953 2904 3088 2965 sive
3137 2902 3399 2963 domum
3448 2903 3753 2984 diripiat,

453 2982 787 3045 sive’ﬁlios
822 2983 1033 3045 videat
1061 2988 1174 3044 aut
1202 2999 1510 3052 uxorem,
1549 2984 1689 3044 sive
1718 2984 1895 3043 aliud
1926 2983 2080 3062 quid
2108 3029 2123 3055 ,
2155 2984 2236 3045 ad
2261 3002 2467 3044 unum
2503 2989 2754 3044 tantum
2795 2982 3056 3044 festinat
3085 2984 3404 3044 currendo
3427 3029 3442 3054 ,
3477 2982 3599 3046 hoc
3626 2990 3756 3056 est,

450 3069 527 3126 ut
556 3065 831 3143 accipiat
860 3063 1165 3144 palmam.
1199 3063 1322 3137 Qui
1357 3063 1600 3144 currit,
1633 3081 1998 3144 numquam
2024 3069 2148 3125 stat
2179 3085 2192 3123 :
2229 3083 2378 3126 nam
2408 3065 2459 3125 si
2495 3064 2590 3123 vel
2631 3063 2956 3144 modicum
2989 3063 3296 3144 negligat,
3332 3068 3533 3123 totum
3565 3065 3762 3125 amit-

450 3145 550 3206 tit.
589 3142 715 3219 Qui
742 3144 968 3216 currit,
993 3143 1156 3203 nihil
1186 3143 1523 3221 anteponit
1545 3143 1653 3203 ﬁni
1677 3188 1692 3215 ,
1727 3145 1835 3203 sed
1869 3142 2072 3223 magis
2105 3145 2183 3205 ad
2211 3164 2357 3206 eum
2391 3143 2729 3222 pertendit.
2753 3144 2892 3204 Hoc
2923 3159 2962 3204 a
2990 3142 3103 3204 me
3123 3142 3362 3204 dictum
3388 3144 3584 3205 estad
3618 3161 3755 3215 eos,

451 3225 566 3304 qui
598 3225 821 3287 dicunt
855 3243 869 3282 :
901 3224 974 3284 In
1015 3223 1369 3304 juventuter
1401 3223 1662 3302 quidem
1709 3241 1852 3285 mea
1894 3222 2176 3284 studium
2223 3225 2458 3294 habui,
2494 3225 2558 3283 in
2602 3223 2942 3302 juventute
2967 3222 3285 3304 jejunavi,
3323 3242 3497 3284 nunc
3540 3229 3760 3287 autem

451 3303 666 3366 senui.
689 3304 974 3366 Maxime
1006 3321 1158 3364 vero
1190 3303 1678 3382 religiositatem
1708 3310 2131 3383 augmentare
2162 3305 2463 3366 debuisti.
2498 3304 2698 3364 Nemo
2722 3304 2877 3363 mihi
2910 3309 3159 3365 veteres
3193 3303 3460 3364 virtutes
3492 3322 3763 3364 enume-

450 3391 552 3447 ret
587 3405 602 3444 :
640 3403 814 3445 nunc
844 3384 1048 3463 magis
1082 3384 1253 3463 viget
1279 3385 1452 3462 quis,
1486 3389 1549 3445 et
1580 3384 2006 3463 injuventute
2038 3385 2259 3446 ﬁrmus
2287 3403 2414 3444 non
2449 3388 2568 3446 est.
2597 3384 2720 3458 Qui
2753 3383 2925 3444 enim
2950 3383 3356 3462 corporalem
3388 3383 3586 3444 istum
3613 3401 3761 3444 cur-

451 3465 537 3526 rit
569 3483 856 3537 cursum,
887 3467 1060 3526 recte
1092 3464 1272 3535 dicit,
1315 3464 1472 3542 quia
1499 3465 1770 3526 canities
1808 3483 1956 3525 eum
1987 3465 2439 3542 apprehendit,
2470 3469 2532 3525 et
2570 3482 2698 3524 non
2747 3464 2917 3525 valet
2946 3464 3244 3524 similiter
3275 3482 3564 3537 currere,
3602 3465 3760 3542 quia

450 3546 664 3606 omnis
696 3559 864 3624 agon
898 3544 960 3603 in
995 3561 1264 3624 corpore
1291 3543 1677 3604 constitutus
1715 3550 1813 3605 est
1846 3565 1860 3603 :
1889 3549 1958 3604 tu
1989 3562 2142 3604 vero
2171 3545 2253 3605 ob
2284 3562 2484 3622 quam
2519 3560 2780 3604 causam
2817 3562 3081 3624 cursum
3113 3544 3413 3604 minues?
3441 3545 3561 3604 Hic
3587 3544 3759 3603 enim

451 3625 675 3685 animo
707 3623 870 3702 opus
903 3630 1022 3696 est,
1057 3623 1274 3684 animo
1306 3629 1559 3684 erecto:
1595 3626 1814 3686 anima
1853 3624 2094 3702 quippe
2125 3624 2191 3684 in
2230 3629 2558 3685 senectute
2608 3623 2822 3701 potius
2869 3623 3311 3695 confortatur;
3353 3635 3508 3684 tunc
3551 3624 3718 3702 viget
3742 3664 3760 3691 ,

449 3711 607 3766 tunc
625 3703 1108 3766 exsultat.Sicut
1125 3703 1295 3763 enim
1315 3721 1550 3781 corpus
1575 3722 1916 3782 usquequo
1936 3703 2220 3766 febribus
2238 3704 2649 3772 detinetur,et
2669 3702 3228 3780 subsequentibus
3246 3703 3757 3782 egritudinibus.

451 3801 529 3846 ac
546 3785 596 3846 si
617 3785 698 3846 sit
720 3784 1023 3856 validum,
1040 3789 1257 3844 tamen
1275 3782 1609 3863 afﬂigitur;
1632 3802 1776 3844 cum
1796 3789 2012 3845 autem
2030 3784 2370 3845 liberatum
2391 3783 2581 3843 fuerit
2597 3785 2678 3843 ab
2696 3782 3069 3842 obsessione
3089 3784 3764 3863 morborum,‘recreat

449 3865 790 3944 propriam
819 3864 1120 3924 virtutem
1158 3883 1172 3923 :
1204 3864 1298 3924 sic
1335 3861 1529 3924 etiam
1559 3864 1776 3924 anima
1809 3865 1873 3923 in
1902 3863 2242 3943 juventute
2272 3863 2558 3925 febribus
2591 3863 2866 3944 laborat,
2900 3867 2961 3944 et
2993 3879 3177 3944 amor
3203 3862 3426 3940 gloriae
3452 3861 3761 3940 opprimit

452 3940 601 4005 cam
633 3949 694 4005 et
723 3944 1104 4004 deliciarum
1135 3949 1196 4003 et
1230 3961 1660 4004 venerearum
1694 3940 1916 4004 rerum
1945 3949 2004 4004 et
2037 3945 2314 4005 aliarum
2353 3944 2708 4003 multarum
2745 3940 3318 4020 imaginationum;
3363 3960 3510 4002 cum
3541 3946 3761 4002 autem

451 4031 754 4085 senectus
777 4023 1134 4094 advenerit,
1157 4041 1389 4104 omnes
1419 4024 1535 4084 has
1563 4023 1897 4101 passiones
1926 4022 2191 4104 effugat,
2221 4025 2385 4086 alias
2414 4041 2526 4102 per
2552 4019 2936 4104 satietatem,
2956 4019 3259 4104 aliasper
3279 4021 3759 4104 philosophiam

452 4104 864 4165 constrictas.
897 4104 1028 4164 Has
1058 4103 1299 4181 quippe
1321 4121 1474 4164 suas
1508 4100 1782 4182 corpore
1817 4100 2430 4175 relaxat'senectus,
2459 4103 2661 4182 necrsi
2692 4100 2842 4162 velit
2863 4100 3081 4182 anima
3115 4101 3242 4161 illis
3273 4101 3367 4161 uti
3403 4101 3757 4182 permittit;

451 4186 562 4244 sed
597 4185 762 4244 sicut
794 4185 1010 4244 hostes
1047 4180 1334 4243 diversos
1360 4180 1723 4254 recludens,
1758 4183 1955 4245 veluti
1986 4184 2050 4243 in
2083 4184 2226 4244 loco
2255 4201 2293 4244 a
2325 4183 2530 4243 turbis
2564 4181 2768 4241 libero
2801 4180 3097 4251 collocat,
3122 4185 3184 4241 et
3206 4182 3477 4244 multam
3514 4181 3572 4241 ei
3605 4197 3751 4257 0pc-

447 4271 640 4324 ratur
669 4263 1231 4340 tranquillitatem,
1262 4267 1326 4324 et
1353 4263 1650 4323 timorem
1671 4262 1915 4324 inducit
1950 4264 2355 4338 ampliorem,
2381 4279 2456 4323 ac
2486 4263 2536 4322 si
2573 4261 2792 4320 nullus
2829 4260 3149 4338 inquietet
3177 4260 3369 4322 alius.
3397 4261 3750 4321 Verumta—

449 4367 601 4410 men
635 4348 745 4424 qui
774 4349 1280 4415 Consenescunt,
1314 4344 1526 4424 sciunt
1567 4343 1879 4424 quoniam
1910 4341 2205 4424 morituri
2261 4343 2445 4424 sunt,
2497 4343 2558 4424 et
2601 4340 3024 4424 quia__utiqu_e
3072 4340 3764 4424 appropinquaveruut

449 4417 672 4519 morti:
699 4425 1213 4519 Quandouilgitur
1250 4417 1631 4519 cupiditates
1679 4420 1871 4519 hujus
1913 4419 2132 4519 saeculi
2179 4419 2652 4519 exeluduutur,
2699 4417 3068 4512 tribunalis.
3094 4420 3760 4519 autemnexspgciatio

451 4497 805 4578 subintrat,
844 4509 907 4565 et
935 4497 1373 4565 difficultatem
1407 4519 1552 4580 qum
1583 4507 1723 4563 erat
1749 4497 1832 4580 ad
1861 4499 2251 4561 credendum
2274 4498 2600 4580 demollit:
2647 4514 2864 4580 nonne
2901 4499 3104 4580 magis
3134 4498 3439 4580 attentior
3462 4497 3757 4570 efﬁcitur,

450 4587 510 4649 si
534 4577 855 4647 voluerit?
883 4585 1048 4660 Quid
1079 4601 1257 4664 ergo,
1294 4577 1527 4664 inquit,
1563 4600 1709 4664 cum
1739 4579 2087 4664 viderimus
2113 4579 2525 4664 a_juvenib_us
2547 4577 2835 4664 seniores
2861 4577 3159 4664 pejores?
3190 4578 3596 4664 Nimietatem
3627 4597 3762 4664 ma-

448 4666 608 4729 litiae
637 4665 790 4726 mihi
829 4657 1028 4726 dicis:
1062 4657 1211 4725 nam
1253 4668 1315 4723 et
1360 4657 1423 4722 in
1459 4661 1704 4721 furioso
1737 4659 2025 4720 videmus
2061 4659 2241 4718 nullo
2271 4659 2638 4735 impellente
2667 4658 2838 4718 ultro
2862 4657 2954 4718 ire
2989 4676 3103 4736 per
3146 4675 3452 4736 praeceps.
3486 4659 3761 4733 Quando

450 4763 614 4827 ergo
642 4763 844 4808 senex
870 4744 1276 4827 curationem
1300 4743 1494 4827 habet
1514 4743 1542 4800 *ἲ
1569 4759 1708 4827 non,
1734 4741 2142 4827 enimpoiest
2169 4739 2404 4827 dicere,
2440 4737 2687 4827 Delium
2705 4737 3064 4827 jueentutis
3090 4757 3252 4827 tnew,
3289 4747 3343 4827 et
3380 4739 3764 4827 ignorantia".

451 4818 934 4888 «evmemineris.
974 4823 1096 4898 Qui
1127 4822 1297 4883 enim
1328 4822 1389 4880 in
1422 4825 1756 4882 senectute
1789 4821 1876 4881 ita
1919 4819 2201 4879 furiosus
2235 4823 2354 4890 est,
2386 4819 2664 4879 ostendit
2711 4818 2868 4898 quia
2902 4822 2964 4879 et
2997 4819 3058 4878 in
3096 4818 3437 4897 juventute
3469 4836 3598 4878 non
3645 4834 3762 4897 per

456 4905 916 4987 ignorantiam,
946 4921 1082 4987 uou
1107 4902 1660 4987 per_imperiti_am,
1686 4917 1812 4960 non
1837 4903 2220 4987 perzetatem
2260 4898 2403 4959 talis
2430 4898 2569 4987 fuit.
2591 4898 2698 4987 sed
2726 4917 2840 4976 per
2859 4899 3344 4987 negligentiam.
3369 4898 3496 4960 Iste
3519 4899 3762 4987 quippe
3827 4965 3831 4986 τ

457 4978 918 5066 p'otestdicere,
942 4978 1557 5066 Delie—taj'uventutis
1578 4999 1737 5066 mete,
1763 4989 1817 5039 et
1854 4979 2255 5066 ignorantia"
2272 4997 2346 5066 ne
2364 4978 2872 5066 memineris,_qui
2899 4978 2962 5066 in
2985 4984 3314 5039 senectute
3335 4979 3764 5066 competentia
3826 4983 3834 5063 ξ

459 5056 668 5145 gerit,
696 5065 807 5145 qui
859 5056 1246 5145 procedente
1269 5066 1461 5145 aetate
1488 5065 1778 5120 mutatur
1813 5056 1918 5145 :__si
1951 5062 2262 5145 autemet
2292 5057 2356 5116 in
2383 5062 2711 5145 senectute
2734 5059 2822 5118 ita
2855 5056 3238 5145 inhonestus
3268 5063 3363 5145 est
3386 5057 3762 5145 2quemede

455 5137 736 5226 ilignum
780 5137 902 5226 est
937 5142 1306 5226 hujusmodi
1367 5159 1588 5226 senem
1661 5138 1971 5218 appellari
2009 5137 2206 5226 ,‘qui_
2257 5137 2700 5226 nequc__ietati
2755 5137 3186 5226 reverentiam
3253 5138 3563 5226 exhibet?
3604 5137 3760 5226 “Qui

459 5216 635 5288 eﬁim
667 5225 844 5299 dicit,
878 5216 1142 5285 Pecc'ata
1165 5221 1524 5301 juventutis
1569 5216 1724 5281 meai
1751 5216 1834 5282 ne
1857 5217 2513 5301 imemineris,_veluti
2561 5218 2622 5277 in
2673 5220 3003 5301 senectute
3034 5221 3391 5301 correctus,
3427 5216 3562 5280 haec
3587 5216 3760 5301 dicit.

458 5307 602 5369 Non
627 5295 837 5386 igitur
851 5302 1046 5386 exiis
1079 5295 1224 5386 quae
1248 5305 1310 5362 in
1338 5305 1668 5386 senectute
1699 5299 2102 5386 contingunt,
2134 5295 2389 5386 fraudes
2422 5296 2698 5386 teipsum
2728 5311 2768 5357 a
2791 5295 2979 5386 venia
3011 5295 3205 5386 etiam
3237 5313 3498 5386 eurum,
3527 5315 3670 5376 qum
3699 5297 3761 5386 in

455 5373 800 5470 juventute
825 5382 1068 5470 fecisti.
1101 5373 1440 5458 Quomodo
1467 5381 1640 5470 enim
1671 5398 1803 5440 non
1818 5373 2337 5470 Aestjabsurdum,
2384 5379 2690 5470 etnsup‘ra
2730 5373 2990 5436 veniam
3033 5374 3207 5470 quod
3240 5373 3438 5470 ﬁ‘t,‘ut
3466 5373 3662 5469 senex
3699 5378 3763 5438 in

461 5453 887 5529 tabernacula
916 5453 1160 5531 sedeat,
1195 5480 1397 5524 senex
1430 5460 1511 5522 ad
1542 5461 1784 5522 circum
1815 5458 2093 5528 festinet,
2119 5473 2320 5518 senex
2356 5455 2434 5518 ad
2459 5456 2784 5517 theatrum
2815 5453 3153 5525 ascendat,
3190 5454 3363 5514 velut
3391 5457 3574 5532 pueri
3612 5475 3768 5518 cur-

459 5551 678 5608 rentes
715 5563 864 5606 cum
891 5545 1099 5622 plebe.
1133 5543 1298 5604 Vere
1320 5540 1616 5622 confusio
1638 5544 1735 5601 est
1759 5544 1820 5600 et
1838 5536 2432 5622 irrisio;ut_cauiiie
2455 5535 2714 5622 quidem
2743 5539 3059 5622 ornentur
3078 5533 3509 5622 extrinsecus,
3536 5535 3767 5596 intrin-

462 5643 651 5709 secus
674 5613 1318 5709 autem'intellectum
1366 5621 1650 5709 habeant
1674 5620 2012 5709 puerilem.
2045 5613 2974 5709 litsitluidem'injurietillum
3001 5615 3283 5709 iuvenis,
3322 5613 3759 5709 statim-cauos

466 5707 530 5768 in
564 5704 844 5767 medium
869 5701 1171 5782 proferet,
1193 5701 1413 5764 dicens
1440 5720 1456 5760 :
1481 5692 1798 5782 Yetcanis
1828 5699 1964 5760 istis
1985 5692 2806 5782 exhibe—reverenti_a_m._S_i
2834 5692 3077 5782 verogtu
3099 5695 3193 5757 eis
3216 5712 3343 5755 non
3375 5692 3768 5782 exhibesre-

468 5772 971 5864 v'erentiamjam
985 5772 1221 5864 senex,
1247 5781 1572 5864 quomodo
1587 5779 1900 5864 jugenem
1916 5785 2060 5864 tuos
2085 5793 2286 5864 canos
2305 5777 2587 5864 revereri
2607 5776 3131 5864 desiderastNon
3157 5772 3497 5864 [evererim
3521 5772 3764 5864 inquis,

469 5864 591 5928 lios
613 5853 858 5928 canos‘?
883 5863 1000 5925 Sed
1033 5867 1101 5924 tu
1127 5879 1238 5924 eos
1261 5853 1607 5924 confundis
1628 5880 1641 5920 :
1668 5861 1839 5922 Deus
1864 5864 1924 5920 te
1949 5856 2315 5934 honoravit,
2339 5857 2683 5919 candorem
2708 5857 2921 5938 capilli
2945 5855 3135 5918 dedit.
3163 5853 3768 5918 Primatum‘habere

791 5967 1066 6025 l‘n‘nm.
1116 5964 1234 6026 Gtt.
1289 5961 1510 6024 LXIII.
2099 6055 2102 6058 4
3383 5967 3455 6025 17
