4198 6516
470 347 577 399 “.289
1195 341 1254 393 S.
1295 341 1343 394 1.
1387 338 1873 392 (ῖεηιγδυεςτολιι
1916 335 2126 389 "0M".

2067 335 2220 391 ILM'I
2266 333 2331 385 ΙΝ
2374 335 2592 390 Εριξςτ.
2641 335 2728 388 AD
2773 332 2976 388 HEBR.
3612 333 3716 386 ερῡ

453 451 793 496 consessus
825 434 975 510 quid
1010 434 1308 511 prodest?
1338 435 1517 493 illum
1551 435 1860 493 honorem
1889 433 2212 510 quomodo
2228 440 2598 494 revereatur
2624 434 3069 512 juvems,enm
3105 441 3161 493 te
3193 433 3411 496 viderit
3445 438 3717 512 amplius

454 514 731 575 lascivia:
778 513 1105 574 deditum?
1141 513 1421 573 Canities
1461 515 1698 592 quippe
1745 520 1894 572 tunc
1919 518 2016 572 est
2048 514 2461 583 venerabilis,
2497 514 2756 589 quando
2794 531 2868 573 ea
2901 513 3067 592 gerit
3097 532 3239 590 qua:
3269 515 3568 578 vanitiem
3598 516 3722 576 de—

452 599 628 664 cent;
660 612 804 653 cum
839 611 987 652 vero
1017 593 1388 669 juveniliter
1428 600 1870 659 conversa-tur,
1906 593 2049 668 plus
2093 592 2438 668 juvenibus
2474 593 2856 651 ridiculosus
2888 593 3027 650 erit.
3066 594 3399 666 Quomodo
3432 596 3720 669 poteritis

451 691 570 735 nos
611 674 881 752 juvenes
926 673 1308 752 admonere,
1356 673 1505 752 dum
1547 690 1660 732 vos
1698 688 1886 752 senes
1924 671 2256 730 ebriemini
2295 690 2437 752 per
2468 671 3000 752 incontinentiam
3038 675 3359 732 vestram?
3390 673 3722 752 Nonenim

452 749 628 812 nunc
657 752 924 812 irridens
949 751 1237 810 seniores
1271 752 1403 812 hmc
1431 751 1595 819 dico,
1629 751 1734 810 sed
1758 751 2028 828 juvenes
2058 752 2260 828 magis
2291 749 2546 830 irrideo.
2577 751 2696 824 Qui
2727 751 2896 830 enim
2925 751 3055 811 haec
3083 753 3294 830 agitis,
3325 753 3438 812 etsi
3468 751 3547 819 ad
3574 771 3724 812 cen-

452 832 748 892 tesimum
782 830 1052 891 veniatis
1081 847 1348 900 annum,
1383 831 1536 889 mihi
1561 831 1835 907 juvenes
1860 829 2184 897 videmini,
2215 835 2274 887 et
2305 829 2543 889 similes
2581 829 2818 906 pueris.
2884 829 3161 890 Juvenes
3190 832 3382 901 enim,
3412 832 3531 892 etsi
3573 850 3723 894 m0—

451 911 655 971 dieam
687 910 1087 986 disciplinam
1127 911 1446 986 accipiant
1481 915 1540 967 et
1571 911 2002 986 corrigantur,
2037 915 2099 968 et
2130 909 2490 968 senioribus
2532 910 2827 968 meliores
2863 915 3034 968 sunt.
3071 911 3146 968 Et
3193 927 3316 968 non
3351 911 3467 970 iste
3511 928 3726 972 sermo

449 1006 654 1057 meus,
679 990 788 1049 sed
816 989 1144 1064 Scriptura
1165 989 1331 1048 hanc
1362 990 1538 1048 novit
1565 989 2013 1048 discretionem
2051 1007 2066 1045 :
2099 988 2392 1046 Senectus
2422 988 2611 1060 enim,
2647 988 2888 1066 inquit,
2940 988 3353 1057 honorabilis,
3385 1006 3514 1050 non
3540 991 3728 1052 multi

454 1069 745 1146 temporis
772 1089 790 1135 ;
821 1076 875 1128 et
903 1077 1047 1127 aetas
1072 1067 1402 1126 senectutis
1430 1069 1564 1128 vita
1595 1067 2007 1127 immaculata.

530 1145 777 1208 Etenim
808 1164 923 1206 nos
955 1147 1349 1206 honoramus
1378 1147 1818 1227 [canitiem?],
1841 1164 1966 1227 non
1994 1146 2147 1221 quia
2171 1145 2450 1227 colorem
2481 1145 2822 1206 candidum
2849 1146 3062 1216 habet,
3096 1146 3240 1208 ideo
3267 1147 3351 1227 ab
3381 1148 3570 1227 nigro
3602 1163 3728 1209 co-

447 1225 584 1291 lore
613 1227 888 1304 amplius
915 1227 1311 1285 honoramus
1336 1247 1351 1296 ;
1381 1226 1490 1286 sed
1519 1227 1672 1303 quia
1697 1225 1999 1285 indicium
2031 1231 2126 1284 est
2156 1226 2299 1284 vitae
2337 1225 2405 1283 in
2440 1227 2672 1285 virtute
2700 1234 3038 1304 provectae.
3085 1233 3147 1285 et
3182 1225 3572 1286 videntes'ex
3605 1227 3728 1290 hoc

437 1307 827 1387 conjicimus
876 1305 1245 1387 interiorem
1298 1311 1752 1387 senectutem_:
1804 1304 1856 1363 si
1890 1320 2040 1362 vero
2089 1305 2413 1387 contraria
2452 1305 2766 1365 senectuti
2797 1306 3146 1387 gesserint,
3186 1305 3520 1387 irrisibiles
3567 1305 3728 1387 ﬁunt

448 1382 712 1462 propter
745 1385 867 1444 hoc
892 1384 1125 1460 potius.
1157 1385 1312 1444 Nam
1345 1392 1404 1443 et
1435 1403 1649 1462 regem
1693 1384 2113 1449 honoramus,
2142 1388 2204 1442 et
2231 1382 2367 1461 ejus
2407 1401 2761 1461 purpuram
2793 1382 2856 1444 et
2900 1383 3192 1444 diadema
3217 1428 3232 1454 ,
3265 1385 3572 1462 quoniam
3607 1385 3729 1452 ista

445 1461 635 1543 signa
665 1469 815 1524 sunt
865 1464 1259 1543 principatus
1304 1465 1398 1522 :si
1435 1461 1978 1543 verorviderimus
2027 1461 2207 1543 illum
2235 1479 2379 1521 cum
2426 1480 2717 1543 purpura
2769 1463 3064 1540 conspui,
3106 1465 3187 1523 ab
3218 1461 3554 1542 armigeris
3593 1465 3728 1534 suis

439 1541 838 1612 conculcari,
874 1542 1225 1616 praafocari,
1274 1543 1339 1601 in
1375 1542 1732 1602 custodiam
1779 1541 1964 1608 mitti,
2013 1541 2347 1614 dissipari.
2398 1542 2710 1614 numquid
2761 1560 3134 1602 reveremur
3163 1547 3317 1602 tunc
3343 1541 3720 1618 purpuram.

435 1637 558 1694 aut
583 1630 920 1692 diadema?
949 1643 1178 1708 nonne
1199 1627 1501 1708 etipsum
1544 1624 1802 1708 schema
1833 1625 2238 1708 _plorabimus
2258 1627 2451 1708 ?7Noli
2491 1645 2644 1708 ergo
2676 1633 2937 1707 propter
2967 1645 3162 1688 canos
3195 1628 3357 1690 velle
3395 1629 3725 1698 honorari,

441 1711 707 1790 quando
739 1711 874 1787 ipse
918 1709 1061 1790 illos
1094 1706 1365 1790 injurias
1395 1726 1410 1778 ;
1439 1721 1590 1790 nam
1619 1709 1682 1764 et
1725 1704 1847 1782 ipsi
1898 1706 2122 1790 ulcisci
2169 1725 2238 1790 s_e_
2272 1707 2526 1790 debent,
2571 1704 2884 1790 quoniam
2933 1708 3190 1769 schema
3235 1709 3635 1786 splendidum
3665 1716 3729 1770 et

445 1784 827 1851 honorabile
857 1784 1216 1847 contundis.
1255 1787 1393 1845 Non
1419 1784 1732 1864 adversus
1766 1801 1992 1864 omnes
2017 1785 2152 1846 hzec
2181 1785 2475 1855 dicimus,
2511 1805 2722 1864 neque
2747 1787 3054 1847 adversus
3101 1784 3491 1849 senectutem
3523 1790 3730 1858 absoe

445 1871 578 1931 lute
613 1869 792 1929 nobis
826 1883 1038 1928 sermo
1068 1871 1196 1934 est;
1234 1883 1361 1924 non
1394 1864 1563 1944 enim
1601 1863 1882 1924 furiosus
1911 1863 2173 1925 effectus
2197 1884 2337 1924 sum
2363 1887 2377 1936 ;
2401 1865 2505 1926 sed
2534 1863 2843 1928 adversus
2868 1869 3151 1926 animam
3178 1867 3553 1944 juvenilem,
3583 1886 3728 1943 qua)

445 1953 839 2009 senectutem
875 1945 1206 2006 confundit
1258 1965 1271 2003 :
1309 1943 1453 2004 inde
1491 1961 1608 2020 pro
1640 1944 1903 2004 senibus
1945 1944 2230 2004 dolentes
2272 1945 2405 2006 haec
2446 1945 2716 2005 dicimus
2749 1943 3284 2006 confundentibus
3333 1964 3553 2010 canos.
3591 1948 3727 2010 Rex

445 2027 701 2104 quidem
728 2031 826 2087 est
854 2043 1048 2086 senex
1081 2024 1133 2084 si
1175 2024 1472 2093 voluerit,
1517 2027 1576 2104 et
1607 2023 1687 2083 ab
1717 2039 1795 2081 eo
1835 2023 1944 2104 qui
1982 2041 2338 2104 purpuram
2378 2024 2592 2095 habet,
2632 2027 2834 2104 magis
2866 2026 3098 2104 regalis
3131 2031 3246 2095 est,
3281 2025 3432 2085 dum
3463 2028 3729 2104 passio—

445 2102 559 2170 nes
591 2105 788 2168 animi
813 2104 1060 2176 vicerit,
1091 2108 1154 2164 et
1197 2104 1366 2162 velut
1388 2102 1742 2180 armigeros
1773 2103 2029 2184 subjicit
2066 2103 2426 2184 passiones.
2466 2104 2525 2163 Si
2561 2102 3176 2180 verofahstrahatur
3219 2109 3281 2164 et
3324 2102 3660 2184 dejiciatur
3689 2124 3722 2165 a

445 2187 634 2256 solio,
673 2189 732 2246 et
759 2184 998 2244 amoris
1031 2183 1476 2260 pecuniarum,
1504 2181 1858 2241 etornandi
1905 2199 2139 2259 corpus
2183 2188 2238 2241 et
2283 2183 2658 2243 deliciarum
2700 2188 2763 2245 et
2809 2185 3133 2245 ebrietatis
3180 2191 3242 2244 et
3289 2181 3636 2251 iracundiae
3667 2193 3728 2249 et

446 2282 870 2326 venerearum
898 2281 1116 2324 rerum
1154 2280 1381 2342 servus
1407 2260 1707 2342 enectus;
1741 2267 1803 2320 et
1845 2261 2078 2342 habeat
2105 2264 2124 2338 [
2138 2262 2282 2321 add.
2318 2263 2618 2342 capillos]
2649 2264 2792 2323 oleo
2820 2270 3131 2340 comptos,
3163 2271 3220 2322 et
3249 2269 3444 2327 totam
3476 2270 3725 2328 (etatem

446 2363 630 2406 suam
666 2362 780 2422 per
804 2341 1468 2422 malamgvoluntatem
1494 2339 1781 2422 injuriet,
1816 2341 1993 2417 quali
2025 2358 2211 2422 poena
2245 2360 2372 2402 non
2398 2339 2499 2422 sit
2530 2342 2761 2421 dignus
2805 2339 3168 2421 hujusmodi
3205 2345 3233 2402 Ὺ
3270 2343 3387 2404 Sed
3423 2361 3549 2404 non
3582 2344 3727 2408 elli~

444 2420 706 2488 ciamini
742 2422 924 2494 tales,
957 2440 996 2482 ο
1033 2420 1327 2500 juvenes.
1369 2438 1581 2497 neque
1627 2421 1808 2480 vobis
1859 2421 2271 2496 peccantibus
2323 2421 2508 2482 venia
2547 2420 2906 2482 tribuetur.
2928 2423 3192 2496 Quare?
3236 2423 3555 2496 Quoniam
3581 2423 3729 2490 licet

447 2505 560 2563 tibi
586 2522 806 2565 senem
832 2502 1056 2563 essein
1077 2501 1440 2580 juventute,
1468 2501 1633 2580 sicut
1659 2501 2076 2580 inisenectute
2106 2507 2256 2580 sunt
2281 2501 2550 2580 juvenes
2588 2521 2602 2558 :
2637 2502 2728 2560 sic
2758 2502 2951 2561 etiam
2979 2520 3012 2562 e
3040 2503 3389 2563 contrario.
3428 2501 3602 2563 Sicut
3635 2504 3726 2564 il-

445 2583 528 2645 lic
557 2583 876 2643 neminem
904 2578 1174 2658 capillus
1207 2581 1393 2640 albus
1425 2578 1658 2659 salvat,
1693 2579 1782 2639 sic
1814 2597 2025 2655 neque
2069 2579 2170 2639 hic
2215 2578 2486 2659 nigellus
2524 2581 2794 2658 capillus
2827 2581 3105 2652 impedit.
3139 2582 3200 2641 Si
3232 2582 3403 2648 enim
3447 2583 3728 2646 inhone-

441 2656 1012 2742 stioremhzecquae
1041 2660 1420 2742 dixisencm
1452 2656 1946 2742 faciunttmulto
1978 2659 2252 2742 amplius
2284 2656 2802 2742 quanijuveiiem
2833 2680 2846 2718 :
2877 2667 3316 2742 verumtamen
3337 2663 3726 2742 necjuvenis

439 2742 699 2803 alienus
730 2747 885 2804 esta
911 2740 1125 2816 culpa.
1157 2738 1422 2800 Iuvenis
1453 2737 1692 2819 quippe
1727 2737 1812 2797 ibi
1843 2744 2090 2797 tantum
2137 2740 2374 2799 habere
2416 2737 2671 2800 veniam
2709 2741 2964 2816 poterit,
2997 2740 3145 2800 dum
3176 2737 3542 2819 imprudens
3585 2741 3723 2816 fuit,

447 2822 600 2882 dum
627 2825 915 2896 tempore
947 2819 1188 2896 indiget
1221 2824 1282 2878 et
1310 2817 1710 2894 experientia
1750 2836 1764 2874 :
1795 2835 1940 2901 cum
1977 2821 2217 2901 autem
2241 2836 2402 2895 opus
2434 2819 3088 2901 erit‘te'niperantiam
3135 2817 3723 2901 autlfortitudinem

445 2901 914 2980 demonstrare,
948 2914 1386 2980 nequaquam,
1420 2914 1627 2980 neque
1663 2896 1920 2980 quando
1940 2913 2102 2980 opus
2130 2899 2249 2956 erit
2273 2915 2316 2980 _a
2354 2896 3006 2980 pecuniis_'abstine_re
3036 2919 3063 2980 ί
3079 2917 3228 2980 nam
3259 2906 3352 2960 est
3381 2900 3488 2960 ubi
3521 2901 3722 2980 magis

443 2981 592 3057 plus
624 2997 777 3040 sene
801 2977 1061 3057 juvenis
1089 2977 1404 3057 culpatur.
1443 2976 1554 3057 llle
1585 2975 1824 3057 quippe
1854 2976 2054 3036 multa
2081 2977 2413 3036 curatione
2446 2995 2606 3054 epus
2647 2977 2859 3042 habet.
2906 2978 3274 3040 debilitante
3299 2980 3478 3040 illum
3536 2975 3730 3044 sene-

448 3054 619 3120 etute
646 3078 660 3117 :
687 3054 818 3118 iste'
836 3062 1048 3118 autem
1078 3056 1257 3116 fortis
1282 3063 1398 3121 est,
1431 3055 1482 3114 si
1510 3054 1781 3135 voluerit
1809 3057 2090 3131 seipsnm
2136 3075 2382 3131 regere.
2405 3057 2674 3129 Qualem
2702 3057 2954 3116 veniam
2985 3065 3307 3121 mereatur
3332 3104 3346 3130 ,
3382 3077 3526 3125 cum
3557 3058 3728 3135 rapit

449 3139 726 3215 amplius
753 3155 949 3214 quam
980 3153 1212 3215 senex,
1237 3152 1380 3215 cum
1401 3140 1574 3215 tenet
1601 3134 1926 3215 malumin
1965 3135 2177 3215 corde,
2206 3136 2356 3194 dum
2389 3153 2514 3194 non
2542 3135 2801 3215 adjuvat
2831 3155 3075 3209 senem,
3105 3137 3255 3197 dum
3283 3139 3480 3206 multa
3503 3134 3726 3214 super-

448 3213 576 3280 llua
603 3213 929 3296 loquitur,
951 3215 1101 3296 dum
1129 3213 1596 3296 injuriat,dun1
1623 3214 1788 3296 male
1820 3214 1997 3296 dicit,
2030 3213 2190 3296 dum
2211 3215 2617 3296 inebriatur?
2646 3214 2706 3273 Si
2739 3220 2951 3296 autem
2983 3216 3057 3276 de
3088 3219 3515 3294 temperantia
3545 3213 3728 3296 putat

447 3314 580 3357 non
605 3293 793 3373 posse
834 3294 1106 3370 culpari,
1138 3293 1393 3354 attende
1431 3293 1608 3352 illum
1641 3297 1704 3353 et
1748 3293 1832 3352 ibi
1867 3293 2066 3373 multa
2093 3293 2411 3371 adjutoria
2450 3294 2812 3364 habentem,
2853 3295 2905 3354 si
2949 3301 3159 3354 tamen
3210 3293 3483 3356 voluerit
3516 3293 3646 3364 {ac
3671 3298 3725 3362 si

446 3372 622 3437 enim
646 3392 773 3436 non
810 3374 1284 3454 validiuseum,
1315 3389 1509 3449 quam
1535 3372 2100 3454 senemicupiditas
2131 3373 2436 3454 stimulet,
2467 3380 2680 3434 tamen
2713 3378 2872 3454 sunt
2893 3375 3094 3434 multa
3123 3376 3185 3434 in
3223 3377 3460 3452 quibus
3495 3376 3724 3454 magis,

450 3471 647 3530 tinam
671 3473 872 3515 senex
903 3452 1133 3530 poterit
1158 3452 1479 3526 laborare,
1501 3457 1573 3511 ut
1618 3453 1885 3512 bestiam
1918 3452 2093 3511 illam
2127 3452 2432 3512 incantet.
2467 3454 2622 3524 Quae
2667 3459 2816 3512 sunt
2861 3453 3024 3514 ista?
3052 3455 3361 3526 Lahores,
3393 3452 3722 3524 lectiones,

455 3533 706 3611 vigilite.
737 3532 850 3593 Sed
877 3531 1030 3608 quid
1057 3531 1134 3591 ad
1166 3548 1281 3591 nos
1317 3531 1472 3601 hac,
1505 3531 1748 3606 inquis,
1795 3531 1906 3608 qui
1940 3547 2068 3589 non
2111 3549 2333 3592 sumus
2377 3531 2722 3591 monachi?
2757 3532 2905 3593 Haac
2941 3533 3096 3592 mihi
3141 3533 3337 3594 dicis?
3373 3533 3470 3594 dic
3501 3533 3722 3606 Paulo,

451 3630 598 3678 eum
625 3612 810 3672 dicit:
860 3611 1201 3693 l’igilontcs
1247 3612 1314 3693 in
1347 3611 1510 3670 omni
1537 3611 1847 3693 patientia
1880 3617 1935 3668 et
1966 3611 2286 3693 oratione;
2331 3630 2475 3670 cum
2527 3611 2698 3693 dicit,
2741 3611 2960 3693 Carnis
3000 3631 3210 3693 curam
3258 3632 3334 3672 ne
3362 3613 3634 3693 feceritis
3660 3611 3728 3676 in

453 3691 1002 3770 concupiscentiis.
1030 3691 1166 3750 Non
1194 3692 1363 3751 enim
1396 3690 1726 3770 monachis
1757 3690 1888 3749 hinc
1907 3691 2237 3770 scribebat
2273 3694 2542 3758 tantum.
2569 3690 2676 3750 sed
2701 3691 2998 3750 omnibus
3037 3692 3148 3768 qui
3175 3690 3371 3752 erant
3397 3694 3459 3751 in
3488 3693 3728 3755 civita—

452 3767 818 3833 tibuston
853 3771 1024 3831 enim
1061 3771 1386 3830 ssern‘aris
1416 3770 1603 3826 homo
1636 3768 1823 3826 debet
1860 3767 2102 3838 aliquid
2141 3770 2416 3829 amplius
2451 3770 2686 3830 habere
2726 3767 3082 3840 monacho,
3117 3789 3310 3842 quam
3341 3790 3484 3831 eum
3517 3783 3721 3835 uxore

449 3853 875 3911 concumbere
912 3857 1186 3913 tantum.
1219 3853 1338 3915 Hic
1357 3853 1530 3914 enim
1554 3854 1748 3913 habet
1778 3852 2055 3920 veniam,
2080 3849 2145 3910 in
2175 3851 2318 3911 aliis
2346 3855 2562 3910 autem
2601 3865 3040 3928 nequaquam,
3077 3852 3183 3908 sed
3213 3852 3430 3913 omnia
3465 3854 3744 3928 aequali-

453 3940 547 3987 ter
579 3930 1068 4011 sicut_monachi
1102 3951 1294 4011 agere
1320 3934 1575 3994 debent.
1606 3934 1766 3992 Nam
1795 3937 1857 3991 et
1881 3930 2318 4011 ibeatitufdines
2352 3947 2497 4006 quin
2531 3945 2568 3989 a
2603 3928 2858 4011 Christo
2888 3927 3223 4011 dicuntur,
3256 3947 3383 3990 non
3413 3927 3748 4011 monachis

451 4014 701 4090 tantum
723 4009 915 4090 dictas
940 4018 1093 4071 sunt
1125 4008 1464 4090 :valioquin
1502 4018 1671 4072 totus
1700 4010 1976 4070 mundus
2008 4010 2264 4087 peribit,
2296 4016 2358 4070 et
2387 4008 2834 4090 accusabimus
2875 4008 3315 4090 crudelitatem
3347 4010 3485 4071 Dei.
3509 4011 3571 4071 Si
3598 4031 3750 4076 vero

456 4088 880 4150 beatitudines
909 4092 1061 4152 solis
1091 4086 1425 4152 monachis
1457 4092 1638 4152 dicta:
1668 4097 1841 4160 sunt,
1875 4086 2247 4150 saecularem
2282 4093 2500 4148 autem
2549 4088 2873 4146 hominem
2903 4086 3301 4164 impossibile
3350 4095 3447 4150 est
3476 4108 3585 4154 eas
3618 4093 3750 4152 im—

453 4167 653 4243 plere,
683 4187 828 4228 cum
861 4170 996 4247 ipse
1031 4174 1288 4248 nuptias
1317 4171 1532 4249 jussit,
1559 4173 1696 4248 ipse
1727 4187 1882 4249 ergo
1914 4187 2136 4229 omnes
2169 4168 2462 4246 perdidit.
2499 4165 2558 4227 Si
2590 4167 2760 4226 enim
2799 4183 2926 4226 non
2961 4172 3271 4249 potestea
3309 4187 3451 4229 cum
3482 4172 3749 4248 nuptiis,

452 4265 597 4336 quae
633 4250 1099 4336 monachorum
1125 4247 1630 4336 sunt,'_implere,
1661 4247 1876 4336 omnia
1908 4249 2242 4336 perierunt
2279 4255 2339 4306 et
2369 4253 2673 4336 corrupta
2712 4252 2885 4319 sunt,
2909 4254 2970 4305 et
3001 4247 3064 4306 in
3106 4254 3454 4336 angustum
3487 4247 3747 4336 conclu:

455 4328 537 4384 sit
559 4343 633 4408 ea
665 4346 809 4403 qua)
844 4329 1093 4390 virtutis
1118 4338 1292 4390 sunt.
1326 4331 1405 4390 Et
1434 4327 1756 4408 quomodo
1787 4329 2203 4389 honorabiles
2235 4332 2387 4408 sunt
2420 4327 2657 4402 nuptite
2699 4343 2844 4402 qum
2892 4344 3008 4408 nos
3059 4332 3304 4386 tantum
3347 4328 3752 4408 impediunt?

450 4405 617 4488 Quid
651 4409 1181 4484 ergo?l’ossibile
1214 4417 1330 4478 est,
1366 4416 1426 4471 et
1453 4405 1634 4470 valde
1669 4409 2000 4488 possibile,
2027 4409 2218 4467 etiam
2250 4407 2563 4488 habentes
2612 4421 2852 4488 uxores
2892 4406 3192 4488 virtutem
3235 4407 3522 4486 aggredi,
3552 4409 3604 4469 si
3640 4429 3742 4470 v0-

456 4485 794 4546 luerimus.
823 4490 1290 4561 Quomodo?Si
1325 4484 2027 4565 habentem—tamquam
2074 4505 2201 4545 non
2247 4486 2553 4546 habentes
2601 4484 2828 4565 simus,
2881 4485 2933 4544 si
2971 4504 3099 4545 non
3147 4484 3539 4564 gaudeamus
3583 4490 3646 4549 in
3681 4491 3754 4554 iis

455 4583 602 4640 quae
630 4567 1052 4642 possidemus,
1084 4571 1134 4629 si
1161 4571 1401 4630 mundo
1427 4576 1711 4639 utamur,
1742 4564 2071 4644 tamquam
2109 4583 2238 4623 non
2271 4569 2547 4623 utentes.
2589 4564 2648 4624 Si
2682 4570 2900 4624 autem
2949 4565 3150 4644 aliqui
3183 4565 3468 4642 impediti
3498 4575 3752 4632 suntex

459 4646 727 4719 nuptiis,
765 4648 971 4714 sciant
1011 4651 1321 4725 quoniam
1372 4667 1499 4709 non
1534 4649 1775 4725 nuplize
1809 4643 1934 4706 illis
1979 4644 2524 4725 impedimentum
2554 4644 2847 4725 fuerunt,
2899 4643 3007 4704 sed
3048 4645 3342 4705 voluntas
3395 4664 3538 4724 quae
3592 4649 3759 4712 male

461 4726 665 4806 utitur
698 4729 960 4804 nuptiis.
988 4723 1143 4788 Nam
1171 4748 1380 4806 neque
1409 4723 1646 4788 vinum
1666 4727 1813 4787 facit
1841 4723 2372 4806 ebrietatem,st
2403 4723 2572 4790 mala
2604 4724 3002 4806 voluntas__et
3038 4742 3343 4806 excessus
3373 4723 3754 4792 moderatio-

462 4803 585 4861 nis.
629 4802 812 4866 Utere
848 4826 990 4867 eum
1025 4802 1465 4868 moderatione
1490 4808 1756 4884 nuptiis,
1788 4812 1851 4866 et
1877 4805 2122 4885 primus
2159 4804 2380 4885 crisin
2409 4822 2632 4885 regno,
2667 4809 2728 4885 et
2751 4802 3050 4885 omnibus
3086 4804 3317 4885 frueris
3348 4807 3533 4869 bonis
3566 4827 3580 4866 :
3617 4827 3757 4885 quae.

460 4885 682 4965 ninnia
707 4903 823 4945 nos
853 4891 1182 4965 contingat
1216 4881 1601 4964 promereri,
1631 4887 1834 4963 gratia
1861 4881 1921 4943 et
1952 4883 2393 4965 misericordia
2425 4881 2680 4941 Domini
2715 4881 2917 4942 nostri
2948 4883 3100 4943 Jesu
3137 4883 3418 4965 Christi,
3454 4903 3597 4950 eum
3629 4881 3763 4963 quo

469 4964 632 5021 l’atri
674 4983 800 5025 una
831 4985 974 5026 eum
998 4963 1226 5029 sanctor
1250 4968 1487 5044 Spiritu
1518 4969 1748 5046 gloria,
1786 4963 2149 5043 imperium,
2181 4965 2411 5033 honor,
2449 4981 2621 5022 nunc
2643 4968 2705 5021 et
2736 4979 3012 5040 semper,
3049 4971 3108 5024 et
3132 4964 3194 5028 iu
3228 4965 3464 5031 saecula
3495 4968 3762 5029 StBCUlQ-

468 5061 630 5101 nun.
674 5048 896 5106 Amen.

624 5131 693 5157 σα

475 5175 1686 5200 μ--ιισ--ι--α-ο--σ--σ-σ-η-ο-ο-ο--σῇ

2237 5184 2903 5202 ..Μ-

1824 5280 2176 5343 HOMILIA
2225 5284 2397 5345 Vlll.

539 5406 758 5498 Olnm's
789 5421 1048 5498 namqgc
1075 5401 1368 5498 ponti/ear:
1399 5419 1476 5498 ea:
1501 5401 1856 5498 horninibus
1883 5411 2392 5494 assumpta-.smro
2424 5403 2776 5498 hominibus
2803 5411 3218 5498 constituitur
3246 5415 3315 5476 in
3349 5416 3430 5479 iis
3449 5434 3590 5498 qua:
3604 5430 3752 5480 sunt

459 5493 541 5556 ad
570 5489 785 5575 Deam,
820 5493 888 5543 ut
918 5480 1358 5575 Iri/ferendond
1392 5489 1446 5541 et
1477 5481 1792 5575 sacri/icio.
1819 5480 2242 5575 propeet-etis
2273 5480 2292 5542 Ξ
2327 5484 2440 5575 qui
2490 5484 2838 5575 condolera
2858 5491 3061 5567 possit
3115 5493 3199 5575 iis
3225 5497 3336 5574 qui
3362 5480 3667 5575 ignorant
3695 5509 3748 5561 et

463 5559 1114 5658 eff-ant:lquonitiin‘et
1148 5560 1274 5638 ipse
1301 5559 1723 5658 ciccumdat'ns
1747 5559 1832 5621 est
1866 5559 2255 5658 infirmitate.
2290 5559 2356 5658 et:
2374 5572 2714 5658 propt‘ercq
2741 5559 2913 5658 debet
2940 5559 3450 5658 quemadmodum
3466 5596 3592 5656 pro
3619 5559 3753 5658 ροέ.

461 5653 640 5741 pulo,
673 5640 767 5708 {to
791 5643 971 5741 etiam
1000 5640 1542 5741 et'pro‘scmctépso
1574 5640 1802 5741 p/ferre
1817 5658 1941 5718 pro
1964 5641 2263 5741 peccatis;
2293 5642 2449 5741 V
2483 5644 2824 5741 ostendere
2850 5640 2985 5741 jam
3022 5651 3248 5741 beatus
3277 5640 3519 5722 paulo}
3551 5640 3749 5741 qﬁam

468 5720 669 5816 inulto
704 5723 931 5816 melius
963 5720 1718 5816 est'l‘cstamentum.hoc,
1748 5737 1943 5816 quam
1964 5726 2183 5816 Vetus.
2216 5721 2396 5813 Facit
2423 5720 2911 5816 hocoergo,‘hoc
2939 5729 3197 5808 longius
3229 5751 3267 5795 a
3299 5720 3749 5816 superioi-ibus

470 5807 911 5893 inst-ruens,_et
943 5800 1400 5893 praeseminans
1430 5800 1997 5893 frumentationes.
2025 5800 2192 5873 Quia
2235 5801 2414 5893 enim
2446 5803 2606 5863 nihil
2637 5800 2776 5866 erat
2810 5800 3197 5893 corporevium
3242 5800 3454 5893 neque
3510 5817 3749 5882 imagi—

472 5886 753 5956 uarium,
787 5889 1039 5962 utputa,
1095 5896 1223 5939 non
1257 5881 1588 5958 templum,
1641 5896 1770 5940 non
1799 5883 2024 5942 sancta
2070 5886 2468 5957 sanctorum,
2513 5901 2642 5943 non
2679 5881 2970 5962 pontifek
3009 5895 3252 5964 tantam
3296 5881 3540 5959 habens
3583 5881 3746 5959 con-

2911 5181 3741 5206 W
