4198 6448
353 393 465 448 539
1056 388 1369 447 MUTIANO
1410 385 1652 445 SCHOL.
1695 385 2162 445 INTERPRETE.
2195 422 2264 433 —
2295 389 2450 450 CAP.
2488 392 2580 447 1X.
2623 393 2859 453 llOMlL.
2901 395 3019 455 XV.
3574 403 3677 456 ΜΟ

358 528 507 572 rum
541 509 642 597 vel
674 522 1021 597 corporum
1048 508 1356 597 captivus.
1379 506 1528 597 esti
1546 522 1765 565 nonne
1789 504 2293 597 immundior‘ab
2320 508 2458 597 istis
2487 511 2789 572 omnibus
2811 517 2931 597 est,
2972 496 3191 578 omnia
3216 522 3403 597 turpe
3436 520 3676 584 faciens

360 599 425 651 et
451 588 753 668 patiens?
776 584 942 660 Quid
974 584 1147 668 enini
1186 586 1442 663 turpius
1470 586 1609 645 viro
1637 584 1944 668 pecunias
1980 588 2291 668 amante?
2319 588 2757 668 Quacumque
2780 584 2952 652 enim
2977 584 3347 660 meretrices
3372 602 3678 664 mulieres

361 664 646 740 faciunt,
672 683 1102 751 quaecumque
1130 666 1197 725 in
1222 681 1424 751 scena
1455 664 1976 751 comminantur.
2030 683 2161 751 non
2190 667 2390 751 evitat
2414 664 2711 751 efficere;
2742 672 2856 733 sed
2895 680 3145 751 quanta
3181 677 3349 751 illie,
3389 685 3568 745 tanta
3617 691 3681 745 et

362 752 484 810 iste
513 754 849 826 Operatur.
885 745 1091 824 Magis
1123 750 1340 826 autem
1373 745 1666 826 fortassis
1694 745 1824 807 illa:
1856 745 2105 824 aliquid
2131 747 2400 819 evitant,
2428 766 2626 826 quam
2657 750 2798 812 iste.
2827 745 2987 813 Na'm
3020 754 3140 816 iste
3173 745 3369 819 etiam
3401 778 3505 821 res
3546 780 3682 823 ser—

367 829 472 917 vis
493 825 725 917 dignas
753 826 1147 917 perpetitur,
1192 825 1468 917 aduians
1499 825 1920 917 quibusnnon
1970 829 2226 917 oportet
2272 847 2287 886 :
2318 825 2749 917 esasperatur
2785 832 3025 917 iterum
3068 836 3176 917 ubi
3213 855 3343 898 non
3379 849 3681 917 Oportet:

362 905 610 991 ubique
633 906 975 991 inaequalis
1008 911 1106 966 est
1138 925 1154 991 _:
1189 905 1497 991 malignis
1518 905 1889 991 hominibus
1927 911 1993 991 et
2018 906 2320 991 senibus,
2372 907 2665 971 fortassis
2717 913 2909 991 etiam
2960 915 3267 991 perditis,
3300 905 3502 979 niui-lo
3538 939 3684 982 am—

369 984 539 1077 piius
574 987 974 1077 pauperibus
1029 990 1093 1077 et
1123 984 1603 1077 infirmioribus
1646 986 1790 1077 suis
1823 986 2115 1077 assidens
2160 987 2509 1077 adulatur,
2571 995 2634 1049 et
2681 990 2869 1077 alios
2898 984 3105 1055 bonos
3150 984 3453 1059 ex'omni
3498 1010 3682 1077 parte

371 1064 676 1156 viriutem
690 1066 1017 1156 habentes
1048 1064 1326 1156 injuriat
1347 1064 1666 1156 ferociter.
1696 1066 1977 1156 intueris
1996 1071 2392 1156 exnuiraque
2416 1075 2596 1156 parte
2619 1070 3066 1156 confusionem
3087 1080 3149 1135 et
3174 1064 3683 1156 impudentiam?

371 1153 438 1210 et
475 1146 739 1228 humilis
787 1153 885 1207 est
908 1149 1143 1228 praeter
1184 1144 1444 1206 modum
1493 1150 1555 1206 et
1600 1146 2009 1228 ambitiosus.
2063 1146 2182 1207 Sed
2218 1144 2586 1228 stant—ante
2616 1149 2841 1212 domos
2874 1144 3291 1228 meretrices}
3327 1165 3389 1219 et
3420 1160 3544 1222 hoc
3581 1168 3681 1222 est

367 1226 888 1313 earumcrimen,
913 1224 1070 1313 quia
1092 1241 1327 1313 corpus
1356 1243 1549 1313 suum
1573 1225 1969 1313 venumdant
1995 1227 2288 1313 pecunia:
2309 1245 2510 1291 causa
2536 1249 2550 1286 :
2572 1230 2680 1291 sed
2708 1239 3081 1313 paupertas,
3116 1224 3351 1313 inquit,
3389 1244 3451 1299 et
3480 1240 3683 1302 fames

370 1306 699 1391 compeiiit
730 1325 745 1364 :
780 1306 943 1391 licet_
982 1322 1195 1391 neque
1221 1306 1345 1391 hoc
1366 1304 1681 1391 idoneum
1731 1305 1809 1367 ad
1842 1311 2336 1391 excusationem
2360 1331 2377 1381 ,
2405 1304 2722 1391 poterant
2743 1304 2915 1372 enim
2956 1304 3120 1391 opus
3166 1304 3475 1379 facientes
3507 1338 3668 1381 enu-

370 1390 534 1476 triri.
565 1387 686 1447 Hic
720 1386 943 1476 enim‘[
963 1386 1451 1476 [.‘autem]_stat
1476 1401 1756 1476 avarus,
1791 1404 1921 1476 non
1954 1386 2020 1476 in
2041 1386 2242 1476 domo
2263 1432 2278 1459 ,
2313 1386 2427 1451 sed
2455 1390 2519 1449 in
2549 1390 2758 1476 media
2790 1386 3081 1476 civitate;
3114 1412 3244 1456 non
3274 1414 3542 1476 corpus,
3576 1401 3684 1461 sed

372 1469 657 1528 animam
689 1482 877 1527 suam
909 1464 1166 1525 tradens
1197 1464 1457 1525 diabolo
1481 1509 1498 1538 ,
1557 1470 1630 1525 ut
1672 1472 1736 1524 et
1771 1466 2140 1544 voluptetur
2166 1485 2314 1528 cum
2348 1485 2423 1530 ea
2452 1515 2467 1541 ,
2517 1475 2581 1531 et
2612 1471 2806 1532 intret
2840 1472 2917 1533 ad
2968 1464 3112 1535 eam
3145 1476 3341 1537 veluti
3370 1464 3447 1537 ad
3480 1464 3675 1542 mere-

371 1548 596 1609 tricem
622 1591 638 1617 ,
692 1544 1421 1629 eicupiditateinsuam
1454 1550 1652 1606 totam
1699 1547 1968 1629 explens
1999 1546 2330 1629 egreditur
2367 1568 2381 1607 :
2416 1554 2481 1611 et
2523 1550 2696 1613 videt
2725 1556 2857 1614 tota
2894 1553 3155 1629 civitas,
3201 1574 3335 1617 non
3366 1557 3495 1619 duo
3528 1560 3674 1621 viri.

368 1632 484 1716 aut
521 1633 673 1688 tres.
731 1626 810 1716 _Et
840 1625 1333 1716 hoc_propriiim
1379 1630 1478 1686 est
1523 1627 1937 1716 meretricum
1962 1670 1979 1697 ,
2014 1626 2171 1703 quia
2200 1628 2411 1716 dantis
2443 1647 2677 1716 aurum
2709 1631 3081 1716 efficiuntur
3113 1625 3244 1716 :isit
3275 1637 3381 1699 ille
3414 1656 3682 1716 servus,

368 1710 453 1768 sit
490 1706 851 1768 monachus
876 1750 891 1777 ,
927 1706 1013 1788 sit
1054 1706 1367 1788 quilibet,
1420 1712 1746 1783 preponat
1779 1719 1996 1768 autem
2042 1709 2434 1782 mercedem,
2483 1711 2870 1788 suscipiunt.
2918 1714 3056 1775 Hoc
3085 1714 3279 1777 etiam
3315 1718 3419 1779 hic
3448 1720 3551 1779 isti
3588 1706 3685 1783 (ει-ί

370 1790 552 1873 ci‘unt
587 1809 602 1845 :
632 1792 841 1873 rectas
864 1786 1127 1873 quidem
1157 1787 1579 1873 cogitationes
1600 1831 1614 1855 ,
1646 1788 2282 1873 quanqopecuniaiii
2317 1786 2706 1873 non_habent
2733 1836 2756 1873 ._
2782 1799 3432 1873 aversantur;_mal_is
3468 1806 3679 1861 autem

380 1870 448 1926 et
473 1879 627 1925 vere
659 1862 1035 1943 bestialibus
1073 1862 1573 1923 commiscentur
1595 1905 1612 1932 ,
1638 1868 1728 1943 Aet
1758 1864 2300 1940 pulchritudinem
2351 1864 2581 1924 animo:
2606 1866 2902 1941 perdunt.
2931 1866 3107 1926 Sicut
3134 1866 3305 1928 enim
3333 1868 3492 1937 illa,
3520 1884 3667 1943 qua:

382 1955 621 2004 natura
653 1940 856 2017 nigrai
881 1944 1033 2020 sunt
1066 1943 1129 2020 et
1166 1945 1541 2020 agrestesct
1589 1941 1860 2019 pingues
1909 1950 1971 2003 et
2017 1944 2332 2005 deformes
2391 1948 2451 2002 et
2490 1940 2656 2002 male
2705 1943 3022 2012 formatis,
3070 1946 3133 2002 et
3169 1961 3251 2003 ex
3281 1944 3453 2002 omni
3481 1940 3663 2020 parte

379 2030 601 2099 turpes
639 2040 653 2078 :
688 2020 780 2078 sic
827 2018 1019 2099 etiam
1063 2017 1347 2099 istorum
1399 2017 1763 2079 efficiuntur
1791 2023 2059 2096 animm,
2118 2028 2184 2083 et
2215 2039 2426 2097 neque
2471 2022 2756 2081 exterius
2792 2020 3147 2080 videntibus
3198 2017 3661 2083 deformitatem

379 2097 566 2162 suam
592 2101 865 2178 possunt
892 2097 1215 2157 obvelare.
1239 2097 1400 2178 Cum
1426 2099 1596 2158 enim
1616 2104 1943 2162 extremus
1969 2102 2158 2162 fuerit
2187 2100 2393 2175 fietor,
2419 2117 2842 2178 quiecuinque
2859 2099 3295 2173 adiiiveniant,
3323 2118 3664 2177 quaacum-

380 2198 509 2257 que
536 2176 947 2259 excogitent,
982 2178 1337 2259 neque‘sub
1368 2176 1626 2259 ﬁctione
1656 2178 1855 2241 latere
1885 2186 2208 2259 poterunt.
2239 2176 2558 2253 Quoniam
2588 2176 3159 2259 verofimpudentia
3188 2176 3662 2242 facit’meretri—

382 2254 527 2341 ges,
560 2254 1119 2341 audiiprophetain
1165 2254 1478 2341 dicentem
1524 2277 1540 2315 :
1578 2254 1917 2341 (mpudens
1953 2262 2121 2341 [acta
2147 2278 2205 2318 es
2236 2260 2588 2341 adomnes,
2626 2257 2818 2338 facies
2844 2254 3185 2341 meretricis
3211 2259 3493 2341 factae.“
3518 2263 3655 2322 tibi.

384 2337 526 2397 Hoc
553 2336 746 2397 etiam
771 2334 850 2395 ad
877 2350 1157 2415 avarum
1170 2334 1289 2415 dici
1321 2340 1563 2411 potest,
1594 2334 1936 2415 [mpudens
1953 2334 2160 2401 factus
2180 2358 2246 2400 es
2270 2338 2348 2399 ad
2368 2334 2639 2411 omnes,
2655 2356 2783 2397 non
2812 2336 2891 2398 ad
2918 2337 3070 2398 istos
3097 2334 3310 2399 aut'ad
3338 2338 3481 2399 illos
3501 2384 3515 2412 ,
3549 2342 3659 2403 sed

386 2416 467 2477 ad
498 2430 767 2498 omnes:
799 2413 1122 2491 quomodo
1140 2414 1336 2498 εἶὴἰξᾶοιι
1372 2421 1618 2498 patrem
1638 2460 1653 2487 ,
1691 2413 1823 2498 non
1860 2417 2061 2498 tilium
2084 2465 2099 2492 ,
2131 2434 2261 2477 non
2291 2417 2630 2498 conjugem
2654 2462 2671 2487 ,
2701 2434 2836 2498 non
2852 2416 3174 2498 amicum,
3213 2435 3341 2498 non
3362 2416 3655 2493 fratrem,

388 2513 514 2575 non
539 2491 1012 2555 benefactorem
1034 2536 1051 2561 ,
1086 2492 1337 2575 nullum
1361 2537 1378 2565 ,
1414 2499 1483 2553 ut
1524 2495 1820 2556 absolute
1853 2491 2103 2569 dicam,
2137 2491 2471 2559 reveretur
2492 2491 2890 2575 hujusmodi.
2920 2496 2997 2556 Et
3023 2495 3177 2573 quid
3206 2496 3346 2557 dico
3377 2491 3655 2560 amicum

385 2579 446 2635 et
480 2573 744 2634 fratrem
775 2580 838 2633 et
868 2572 1156 2652 patrem?
1188 2572 1397 2648 ipsum
1431 2590 1560 2632 non
1591 2582 1924 2635 reveretur
1950 2577 2154 2639 Deum
2178 2622 2194 2648 ,
2233 2576 2340 2637 sed
2376 2572 2603 2637 omnia
2628 2575 2859 2637 fabulae
2891 2575 2981 2634 illi
3018 2572 3314 2635 videntur
3352 2584 3412 2637 et
3440 2579 3653 2652 risus;

385 2671 465 2713 ex
496 2653 696 2734 multa
727 2650 1073 2728 cupiditate
1101 2652 1318 2734 ebrius
1344 2696 1360 2723 ,
1397 2657 1459 2712 et
1486 2670 1697 2734 neque
1718 2654 1949 2734 auditu
1987 2656 2255 2734 percipit
2284 2656 2527 2733 aliquid
2553 2700 2569 2728 ,
2611 2673 2755 2732 quae
2794 2655 2885 2713 illi
2929 2654 3229 2734 prodesse
3265 2664 3553 2732 possunt.
3603 2650 3658 2717 Ο

382 2732 844 2811 absurditatem
870 2734 976 2811 ,et
1021 2731 1243 2811 qualia
1269 2731 1664 2811 loquuntur!
1716 2732 1827 2795 Va:
1856 2731 2356 2808 tibi—mainona,
2395 2731 2473 2795 et
2509 2735 2568 2794 ei
2616 2731 2728 2811 qui
2759 2738 2819 2793 te
2848 2734 2951 2794 hic
2983 2748 3111 2793 non
3144 2731 3359 2795 habet.
3406 2735 3652 2797 Idcirco

379 2812 655 2889 dissipor
689 2828 773 2870 ex
812 2810 1277 2890 indignatione.
1311 2810 1419 2871 Va:
1447 2811 1687 2890 quippe
1717 2812 1839 2875 ista
1871 2814 2227 2875 dicentibus
2248 2858 2264 2883 ,
2301 2832 2375 2875 ac
2403 2814 2453 2875 si
2488 2831 2602 2890 per
2630 2810 2833 2873 risum
2866 2813 3001 2873 haec
3043 2812 3281 2872 dicunt.
3313 2813 3428 2875 Dic
3456 2816 3611 2874 mihi
3638 2861 3653 2889 ,

380 2892 569 2952 talem
592 2889 1621 2972 comminationcmcomminatur
1648 2893 1820 2953 Deus
1849 2937 1865 2964 ,
1894 2894 2110 2954 dicens
2146 2913 2160 2951 :
2201 2893 2352 2955 Non
2390 2889 2652 2972 poiestis
2696 2890 2938 2951 duobus
2969 2891 3236 2952 dominis
3275 2892 3552 2953 servire?
3586 2902 3656 2954 tu

376 2976 592 3031 autem
622 2968 921 3031 dissolvis
954 2969 1562 3029 comminationem?
1592 2988 1809 3031 nonne
1834 2972 2259 3033 idololatriain
2290 2968 2456 3032 hanc
2484 2971 2648 3030 dixit
2672 2972 2909 3031 Paulus
2936 3013 2954 3043 ,
2997 2976 3059 3030 et
3082 2987 3353 3031 avarum
3382 2972 3656 3033 idolola-

378 3057 542 3111 tram
576 3054 808 3111 vocat:
841 3053 907 3130 tu
940 3054 1154 3130 autem
1171 3048 1353 3130 istud
1380 3048 1596 3110 dicens
1641 3051 1660 3125 [
1679 3052 1726 3130 f.
1758 3056 1889 3112 stas
1926 3051 2173 3128 ridens]
2232 3050 2582 3113 secundum
2622 3050 2963 3111 smculares
3008 3051 3306 3110 mulieres
3333 3092 3349 3122 ,
3398 3068 3542 3128 qua:
3590 3053 3655 3111 in

376 3148 569 3192 scena
619 3133 770 3189 sunt
818 3128 1020 3188 risum
1067 3126 1346 3187 faciens?

457 3210 594 3270 Hoc
618 3214 751 3289 est,
772 3206 941 3289 quod
975 3207 1199 3289 omnia
1219 3208 1567 3289 subvertit,
1594 3207 1967 3289 hociomnia
1998 3208 2209 3289 dejicit
2244 3229 2269 3289 εν
2293 3227 2355 3289 in
2381 3208 2669 3289 risum”.
2712 3206 2965 3285 irrisus]
2996 3208 3456 3289 omniarnostra
3492 3209 3651 3269 facta

376 3294 530 3349 sunt
558 3295 623 3349 et
659 3286 1034 3367 urbanitas,
1074 3292 1135 3367 et
1175 3284 1479 3363 facitjam
1508 3287 1578 3365 [Γ.
1614 3292 1677 3346 et
1718 3286 1947 3350 facetia
1986 3284 2183 3367 :jam]
2212 3288 2371 3347 nihil
2403 3284 2663 3359 stabile,
2710 3289 2871 3348 nihil
2916 3284 3134 3367 grave.
3175 3288 3315 3350 Non
3365 3290 3535 3347 enim
3574 3290 3651 3349 ad

376 3369 720 3429 szeculares
749 3366 924 3445 viros
956 3365 1075 3424 ista
1100 3365 1643 3445 loqiioritantum,
1679 3366 1788 3426 sed
1828 3368 1981 3429 novi
2008 3365 2174 3444 quos
2205 3367 2496 3445 signiﬁco
2531 3386 2545 3424 :
2582 3367 2719 3427 risu
2747 3365 3193 3445 enim—repleta
3227 3374 3324 3430 est
3352 3368 3661 3429 ecclesia.

375 3448 439 3507 Si
471 3448 578 3507 ille
620 3451 682 3506 et
732 3445 841 3505 ille
898 3443 1173 3525 facetum
1207 3444 1510 3520 quiddam
1541 3444 1870 3521 loquatur,
1906 3443 2076 3508 risus
2108 3443 2444 3507 confestim
2474 3446 2770 3508 sedentes
2790 3443 3063 3525 occupat
3095 3468 3110 3507 :
3143 3447 3405 3525 etquod
3441 3448 3653 3509 adhuc

374 3526 740 3614 mirabilius
771 3528 907 3614 est,
937 3523 1003 3581 in
1028 3523 1168 3614 ipso
1199 3529 1483 3614 tempore
1514 3525 1827 3614 orationis
1861 3544 1991 3614 non
2024 3525 2576 3614 quiescuntnmulti
2604 3542 2644 3586 a
2666 3526 2826 3586 risu.
2848 3523 3107 3614 _Ubiq_ue
3134 3523 3405 3614 vagatur
3433 3526 3654 3588 diabo-

375 3606 479 3666 lus
501 3652 517 3679 ,
551 3622 777 3665 omnes
820 3602 1131 3680 illigavit,
1176 3603 1349 3661 omni
1391 3602 1760 3665 dominatur
1792 3624 1806 3662 :
1853 3602 2301 3666 exhonoratur
2347 3605 2639 3665 Christus
2666 3648 2682 3675 ,
2715 3602 3147 3666 contemnitur
3171 3649 3187 3676 ,
3222 3602 3465 3665 nullius
3495 3622 3650 3666 mo-

375 3685 575 3745 menti
637 3685 911 3763 habeiur
951 3682 1248 3763 ecclesia.
1288 3681 1522 3763 Nonne
1569 3683 1838 3743 audistis
1875 3685 2146 3745 Paulum
2189 3686 2503 3745 dicentem
2562 3704 2575 3742 :
2624 3683 2981 3760 Turpiludo
3016 3695 3069 3743 et
3116 3684 3545 3763 vaniloquium
3594 3696 3650 3746 et

370 3764 738 3824 scurrilitas
767 3760 1113 3840 abjicialur
1136 3779 1174 3818 α
1201 3759 1377 3821 vobis
1404 3761 1608 3821 ?Cum
1630 3764 2092 3839 turpitudinem
2123 3768 2183 3824 et
2209 3763 2664 3824 scurrilitatem
2692 3759 2927 3839 pesuit,
2956 3768 3023 3822 tu
3051 3768 3263 3823 autem
3279 3759 3490 3823 rides?
3524 3764 3652 3825 Va-

376 3843 743 3921 niloquium
772 3840 927 3919 quid
971 3841 1107 3921 est?
1136 3840 1332 3921 Quod
1376 3841 1625 3921 nullam
1669 3841 1863 3921 habet
1904 3842 2273 3921 utilitatem.
2309 3842 2426 3902 Vel
2468 3841 2732 3921 omnino
2778 3841 2947 3901 rides
2995 3840 3397 3921 etgelfundisg
3418 3840 3648 3921 faciem

376 3918 578 3993 tuam,
610 3921 723 3998 qui
759 3918 1150 3980 monachum
1182 3919 1539 3999 proﬁteris?
1581 3919 1693 3995 qui
1725 3920 2075 3985 crucifixus
2101 3940 2195 3993 es,
2232 3921 2343 3999 qui
2376 3922 2582 3999 luges,
2612 3920 2777 3979 rides
2799 3921 2827 3978 ?
2849 3920 2963 3980 Dic
2990 3920 3143 3980 mihi
3166 3964 3182 3994 ,
3215 3922 3323 3981 ubi
3358 3918 3649 3981 Christus

375 4003 501 4061 hoc
527 4000 673 4061 fecit
694 4003 722 4059 ?
749 3999 982 4060 audisti
1022 4000 1144 4057 hoc
1173 3998 1462 4058 alicubi?
1502 3998 1835 4074 Nusquam
1862 4044 1877 4072 ,
1910 4000 2020 4060 sed
2048 3998 2499 4061 contriStatum
2534 4000 2792 4076 quidem
2845 3999 3078 4076 saepius
3123 4000 3355 4076 legisti.
3401 3999 3649 4059 Etenim

373 4079 640 4158 quando
666 4079 1027 4139 Jerusalem
1073 4076 1227 4158 vidit
1250 4121 1266 4148 ,
1298 4077 1692 4155 lacrymatus
1723 4082 1858 4158 est;
1902 4084 1965 4138 et
1999 4079 2260 4156 quando
2311 4078 3053 4158 traditoremiintellexit,
3084 4076 3377 4158 turbatus
3409 4082 3544 4150 est;
3589 4085 3653 4138 et

373 4156 640 4236 quando
671 4159 989 4219 Lazarum
1018 4156 1447 4236 suscitaturus
1484 4161 1622 4215 erat
1645 4199 1660 4228 ,
1690 4156 2012 4232 ploravit:
2050 4165 2116 4217 tu
2162 4162 2375 4219 autem
2413 4157 2579 4217 rides
2606 4158 2634 4215 ?
2675 4156 2739 4215 Si
2771 4161 3033 4236 propter
3072 4157 3349 4236 aliorum
3389 4161 3651 4236 peccata

428 4239 525 4297 uis
560 4255 688 4297 non
719 4236 911 4305 dolet,
950 4235 1366 4296 accusatione
1389 4235 1620 4311 dignus
1655 4241 1751 4294 est
1783 4253 1798 4292 :
1833 4237 1947 4312 qui
1971 4236 2038 4296 in
2066 4237 2201 4297 suis
2234 4237 2374 4296 sine
2405 4236 2627 4297 dolore
2657 4235 2912 4296 exsistit
2942 4239 3003 4295 et
3029 4235 3226 4307 ridet,
3254 4235 3429 4312 quali
3459 4235 3650 4295 venia

422 4316 610 4391 ignus
638 4316 798 4375 erit?
829 4316 1111 4391 Tempus
1140 4319 1238 4374 est
1286 4314 1495 4373 luctus
1528 4319 1591 4372 et
1626 4313 2063 4375 tribulationis
2092 4358 2109 4385 ,
2149 4316 2270 4375 sub
2300 4313 2644 4374 afﬂictione
2683 4319 2747 4374 et
2771 4315 3079 4376 servitute
3113 4315 3545 4377 certaminum
3590 4322 3653 4375 et

375 4335 439 4375 ui
491 4335 610 4376 nus
638 4335 797 4375 eriii
838 4335 1111 4391 iempus
1140 4335 1238 4374 εει
1286 4335 1495 4373 iucws
1528 4335 1591 4372 ei
1627 4335 2063 4375 tribulationis
2092 4358 2109 4385 ,
2149 4335 2270 4375 sun
2300 4335 2644 4374 aiiiiciione
2683 4335 2747 4374 ei.
2771 4335 3079 4376 servuuie
3113 4335 3545 4377 certaminum
3590 4335 3653 4375 ci

374 4335 498 4457 su?)
524 4395 852 4454 doloribus
885 4411 985 4454 res
1021 4395 1255 4471 agitur,
1289 4397 1350 4452 et
1380 4390 1679 4471 turides?
1706 4392 1844 4451 Non
1874 4393 2142 4454 intueris
2164 4393 2488 4471 quomodo
2531 4394 2862 4471 increpata
2886 4399 2981 4453 est
3014 4394 3221 4454 Sara?
3250 4410 3378 4453 non
3405 4393 3653 4453 adver—

376 4476 460 4535 tis
488 4473 808 4533 Christum
840 4470 1152 4549 dicentem
1183 4474 1342 4549 :“lfze
1368 4470 1704 4549 vobis,_qui
1722 4471 1949 4549 ridetis
1974 4519 1988 4538 ,
2020 4470 2315 4549 quoniam
2347 4473 2659 4549 plangeiis
2683 4470 2862 4532 ?’lsta
2900 4473 3183 4549 psallens
3222 4490 3335 4549 per
3363 4472 3652 4549 singulos

349 4554 517 4636 dit‘s,
550 4551 704 4636 quid
734 4549 948 4636 dicis}:
980 4548 1089 4636 Dic
1126 4545 1317 4636 mihi,
1344 4562 1501 4605 num
1537 4546 1777 4636 alicubi
1805 4547 1990 4636 dicis,
2020 4545 2357 4636 Quoniam
2381 4545 2547 4636 risi?
2576 4545 3004 4636 Nequaquam
3026 4589 3045 4617 ,
3079 4548 3192 4636 sed
3216 4545 3391 4636 :quid
3412 4552 3442 4611 ?
3471 4545 3687 4636 Defeci

353 4635 428 4696 in
451 4624 684 4712 gerriita
713 4649 866 4689 meo.
905 4629 1207 4712 Fortasse
1232 4624 1430 4712 etiam
1460 4631 1614 4712 sunt
1652 4624 1854 4701 aliqui
1900 4625 2412 4712 it:i_diss_olu_ti__et
2442 4624 2726 4712 remissi,
2772 4625 3064 4712 utetiam
3100 4624 3168 4685 in
3215 4624 3337 4712 hac
3369 4624 3686 4710 increpa-—

352 4701 535 4775 tione
568 4710 844 4777 rideant,
870 4707 1182 4785 quoniam
1212 4705 1286 4765 de
1317 4706 1453 4763 risu
1481 4703 1937 4785 disputamus.
1970 4706 2221 4766 Etenim
2254 4703 2403 4785 talis
2433 4706 2527 4785 est
2547 4701 2873 4762 dementia
2902 4747 2917 4771 ,
2954 4703 3100 4764 talis
3133 4709 3232 4764 est
3258 4712 3515 4785 stupor,
3555 4701 3683 4771 iic—

353 4812 485 4872 que
513 4781 1025 4872 increpationem
1054 4786 1273 4872 seiit_it_.
1323 4785 1461 4872 Stat
1495 4783 1797 4846 sacerdos
1834 4784 1942 4872 Dei
1973 4785 2352 4872 orationem
2379 4781 2621 4872 faciens
2659 4786 3084 4872 cunctorum;
3128 4781 3681 4872 tu‘autein‘rides,

354 4860 520 4935 nihil
547 4860 782 4931 time-iis
810 4870 838 4927 ?
869 4875 933 4929 et
961 4867 1066 4944 ille
1099 4865 1362 4944 quidem
1411 4870 1701 4925 tremens
1754 4865 2123 4944 orationem
2173 4880 2292 4941 pro
2338 4868 2397 4924 te
2435 4860 2660 4932 offert,
2698 4866 2765 4944 tu
2804 4866 3025 4944 autem
3071 4868 3432 4928 contemnis
3458 4870 3488 4927 *ἲ
3538 4870 3680 4931 Non

350 4952 641 5015 advertis
674 4941 1073 5025 Scripturam
1102 4941 1422 5006 dicentem
1456 4962 1470 5002 :
1524 4945 1625 5025 Va:
1651 4943 2187 5022 contemptoribus
2212 4945 2241 5025 ἵ
2271 4960 2402 5025 non
2448 4941 2896 5025 contrciniscis
2920 4960 3103 5025 ,_non
3153 4945 3406 5023 colligis
3456 4953 3681 5010 temet-

350 5036 570 5110 ipsum
596 5033 624 5090 ?
653 5030 731 5089 Et
760 5021 1075 5110 iniaulam
1108 5025 1371 5103 quidem
1406 5024 1651 5110 regiam
1680 5021 2069 5110 intraturus,
2111 5032 2176 5085 et
2220 5023 2447 5110 habitu
2480 5026 2542 5082 et
2583 5021 2804 5110 oculis
2842 5028 2906 5082 et
2939 5023 3199 5110 incessu
3236 5021 3391 5110 etin
3425 5030 3678 5110 cunctis

352 5101 502 5174 ειἸιιε
539 5109 876 5186 componis
924 5113 986 5167 et
1028 5101 1225 5165 ornas
1259 5101 1670 5186 temetipsum
1724 5124 1738 5163 :
1784 5105 1908 5186 huc
1955 5111 2172 5186 autem
2222 5104 2661 5186 ingressurus,
2695 5101 2806 5161 ubi
2837 5120 2985 5186 vere
3018 5102 3171 5163 aula
3224 5108 3323 5163 est
3354 5107 3530 5185 regia
3559 5154 3576 5179 ,
3609 5116 3674 5169 ct

355 5194 502 5256 talis
535 5182 750 5269 qualis
779 5187 1051 5269 czelcstis
1090 5194 1211 5255 est,
1248 5186 1417 5245 rides
1441 5184 1576 5269 ?_hit
1607 5191 1675 5269 tu
1716 5184 1985 5269 quidem
2018 5184 2339 5269 scioquia
2386 5182 2725 5269 iion_vides
2765 5201 2779 5240 :
2819 5182 2970 5269 audi
2995 5187 3221 5269 tamen
3266 5182 3673 5269 quiavangeli

354 5262 1197 5352 praise-alessuntubiqiie,
1222 5264 1600 5352 etmaxime
1632 5266 1922 5352 indomo
1952 5265 2064 5352 poi
2098 5263 2358 5352 adstant
2388 5262 2571 5352 lficgi,
2602 5268 2664 5323 et
2696 5262 2921 5352 omnia
2949 5262 3144 5352 plena
3191 5262 3679 5352 sunt‘incor'po-

352 5341 485 5415 reis
521 5352 648 5413 illis
678 5341 1208 5409 virtutibusﬁlste
1236 5344 1388 5403 mihi
1423 5361 1636 5405 sermo
1666 5345 1861 5405 etiam
1898 5344 1977 5406 ad
2022 5343 2330 5403 mulieres
2388 5342 2648 5403 dicitur.
2692 5341 2774 5401 Et
2815 5347 2967 5404 ante
3023 5342 3200 5404 viros
3248 5345 3508 5421 quidem
3545 5341 3676 5410 non

353 5434 546 5495 citius
575 5430 818 5492 audent
851 5428 970 5488 hoc
997 5425 1209 5486 facere
1235 5445 1251 5492 ς
1277 5441 1353 5485 ac
1380 5425 1432 5484 si
1468 5423 1734 5496 faciunt,
1770 5442 1902 5484 non
1936 5430 2150 5485 tamen
2184 5440 2463 5500 semper,
2492 5422 2603 5483 sed
2641 5422 2705 5481 in
2748 5426 3039 5501 tempore
3074 5422 3478 5487 remissionis
3515 5447 3530 5484 :
3576 5428 3679 5490 hic

354 5520 579 5575 autem
612 5517 673 5571 et
705 5509 878 5569 velas
908 5514 991 5572 te.
1023 5505 1303 5565 obnubis
1336 5508 1530 5580 caput
1563 5508 1772 5575 tuum,
1802 5505 1904 5566 die
1935 5504 2115 5576 mihi,
2149 5507 2213 5563 et
2237 5502 2431 5574 rides,
2476 5520 2515 5561 ο
2550 5502 2784 5562 mulier
2826 5501 2893 5561 in
2928 5502 3197 5564 ecclesia
3235 5505 3463 5566 sedens
3489 5509 3518 5566 ‘I
3564 5508 3679 5569 iii-

355 5608 586 5671 gressa
643 5608 727 5671 es
757 5586 1063 5671 confiteri
1101 5590 1376 5671 peccata_
1414 5590 1548 5654 tua,
1583 5584 1917 5661 procidere
1949 5585 2081 5671 Deo
2103 5628 2119 5655 ,
2152 5583 2583 5671 postulareet
2597 5582 2942 5671 deprecari
2976 5600 3094 5671 pro
3125 5581 3374 5671 delictis
3408 5586 3534 5647 tuis
3560 5632 3586 5671 ,_
3611 5596 3678 5649 et

354 5660 503 5733 cum
542 5671 677 5731 risu
715 5670 836 5729 hoc
864 5666 1067 5728 facis?
1097 5660 1423 5743 quomodo
1464 5660 1619 5742 ergo
1651 5682 1801 5725 eum
1834 5660 2191 5742 propitiare
2221 5662 2612 5743 poterisi‘iEt
2643 5660 2845 5743 quid?
2889 5660 3135 5743 malum
3166 5669 3261 5725 est
3309 5665 3480 5726 risus
3512 5710 3528 5738 ,
3572 5668 3678 5727 in-

354 5753 504 5829 quis
531 5753 560 5811 ?
587 5751 728 5811 Non
759 5752 858 5809 est
889 5741 1132 5807 malum
1156 5745 1361 5829 risus.
1387 5741 1574 5829 Itane
1597 5761 1729 5829 non
1779 5741 1877 5805 est
1903 5741 2147 5829 malum
2170 5745 2199 5802 ‘I
2227 5741 2349 5829 Sed
2384 5741 2571 5829 valde
2598 5742 2841 5829 malum
2867 5786 2883 5815 ,
2925 5741 3301 5829 importuno
3340 5750 3633 5829 tempore
3656 5792 3673 5819 ,

356 5822 804 5892 immoderate.
841 5829 1032 5888 Risus
1066 5825 1237 5885 enim
1274 5826 1443 5886 inest
1470 5824 1656 5885 nobis
1684 5869 1699 5895 ,
1730 5830 1801 5884 ut
1830 5824 2096 5901 quando
2127 5824 2370 5885 amicos
2417 5822 2767 5903 viderimus
2796 5866 2811 5890 ,
2847 5826 2991 5899 post
3021 5823 3301 5883 multum
3356 5822 3672 5903 temporis

357 5912 480 5975 hoc
513 5912 827 5976 faciamus
862 5928 874 5967 :
910 5905 1172 5987 quando
1209 5905 1465 5985 aliquos
1514 5903 1967 5984 delinquentes
2020 5910 2083 5967 et
2118 5905 2443 5981 timentes,
2487 5908 2557 5965 ut
2597 5902 3005 5967 refoveamus
3050 5920 3161 5964 eos
3214 5904 3354 5966 risu
3380 5949 3395 5979 ,
3432 5902 3563 5967 nun
3600 5918 3672 5968 ut
