4198 6486
529 391 641 447 349
1383 380 1435 434 J.
1476 378 1961 438 CllﬂYS‘OSTOMI
2006 380 2317 438 li‘OMiLl/E
2363 376 2430 438 IN
2466 382 2687 439 EPIST.
2729 383 2822 436 AD
2862 378 3065 438 llEBii.
3695 394 3804 449 550

534 514 904 596 redargutio
936 508 1348 596 inﬁrmitatis.
1378 506 1452 567 In
1495 504 1749 596 Chrisio
1794 510 2013 596 autem
2039 522 2091 596 _e
2139 505 2468 596 contrario
2508 502 3126 596 semeleblata‘est:
3171 501 3328 596 Nam
3366 521 3511 595 qua:
3542 506 3815 596 formam

538 576 778 658 hab—eiii
817 576 1143 669 alicujus,
1170 576 1787 669 tantumexemplar
1834 584 2382 669 ostendunt,non
2415 583 2630 669 autem
2680 583 2982 669 virtutem
3016 603 3030 641 :
3071 581 3237 669 sicut
3273 583 3337 641 in
3387 576 3817 669 imaginibus,

536 675 872 753 exemplar
907 661 1182 729 ho'minis
1216 668 1407 753 habei
1433 661 1668 753 imago,
1711 681 1838 723 non
1890 663 2097 753 etiam
2125 663 2449 753 virtutem.
2481 661 2757 753 i’roinde
2789 663 3025 723 veritas
3065 663 3494 753 etnexemplar
3527 661 3822 753 commui-

541 740 757 815 nicant
800 751 1075 811 invicem
1109 768 1123 806 :
1157 746 1491 822 exemplar
1530 740 1704 803 enim
1734 744 1982 818 aequale
2011 747 2129 815 est,
2166 743 2367 805 virtus
2400 746 2618 822 autem
2648 758 3085 822 nequaquam.
3122 740 3224 802 Sic
3249 740 3445 804 etiam
3476 743 3543 802 in
3576 744 3731 805 caelo
3760 747 3823 802 et

538 836 600 894 in
631 829 1068 893 tabernaculo,
1103 821 1623 904 quippea‘quale
1652 822 1983 904 exemplar
2011 828 2129 893 est,
2157 827 2381 904 sancta
2411 821 2581 881 enim
2609 828 2828 904 erant;
2864 821 3314 904 virtusautem
3346 828 3408 883 et
3424 826 3657 904 cajtera
3681 839 3823 904 non

536 911 782 974 eadem.
817 908 979 983 Quid
1013 899 1384 973 autemest,
1415 899 1509 963 .{d
1541 901 2026 983 dcstruqlioncm
2044 901 2287 983 )iAeccaii
2312 949 2327 970 ,
2365 900 2887 983 perisacrificium
2917 899 3350 983 manifestatum
3376 901 3508 961 est?
3536 900 3701 975 Quid
3727 904 3825 962 est

536 979 928 1052 destructio?
957 986 1092 1046 Hoc
1121 988 1219 1045 est
1264 988 1693 1059 contemptus.
1733 981 1871 1040 Non
1897 980 2031 1058 jam
2073 979 2373 1040 fiduciam
2404 980 2635 1051 habet;
2666 979 3208 1057 reprobatum‘est
3238 982 3410 1041 enim
3439 986 3771 1058 peccatum
3804 1025 3822 1052 ,

537 1070 775 1130 debens
807 1067 1066 1146 quidem
1111 1064 1400 1141 recipere
1432 1062 1777 1146 ultionem,
1806 1078 1956 1146 non
2005 1060 2328 1146 accipiens
2362 1064 2576 1146 autem
2584 1080 2622 1146 _;
2669 1061 2791 1143 hoc
2820 1066 2949 1146 est‘,
2984 1059 3359 1146 violentiam
3390 1077 3654 1146 passum
3683 1065 3813 1122 est:

539 1148 802 1230 quando
826 1138 1130 1225 sperabat
1154 1138 1377 1230 omnes
1404 1143 1767 1230 absumere,
1796 1143 1950 1230 tnnc
1980 1141 2544 1230 absumptumfst.
2584 1140 2701 1230 Per
2730 1138 3351 1230 sacriﬁcium_suum
3376 1138 3824 1230 inanifestains

541 1218 638 1290 est
667 1249 683 1288 :
716 1228 838 1287 hoc
863 1218 981 1291 est,
1011 1222 1386 1283 manifestus
1414 1225 1515 1282 est
1536 1218 1797 1280 etl'ectus
1830 1220 1963 1279 Deo
1993 1219 2351 1297 etiadstitit.
2387 1219 2517 1297 Nec
2543 1219 2713 1279 enim
2742 1219 2893 1294 quia
2926 1218 3225 1279 sacerdos
3258 1220 3492 1297 sapius
3530 1219 3652 1280 hoc
3678 1218 3829 1279 etii—-

540 1309 753 1369 ciebat
781 1307 844 1365 in
873 1321 1070 1371 anno,
1106 1309 1447 1393 prepterea
1477 1316 1646 1393 vano
1674 1300 1808 1393 iam
1839 1297 1962 1393 hoc
1989 1296 2286 1393 eiﬁcitur,
2316 1313 2388 1358 ac
2421 1296 2619 1393 sisit}
2646 1297 2797 1388 quid
2823 1297 2995 1358 enim
3024 1314 3186 1374 epus
3211 1297 3829 1393 gratomedic-amen-

552 1388 654 1455 tis,
692 1401 820 1443 non
852 1377 1256 1442 exstantibus
1288 1378 1665 1439 vulneribus
1693 1379 1722 1437 ?
1750 1379 2017 1456 Propter
2036 1377 2160 1438 hoc
2185 1378 2553 1455 imperavit,
2589 1377 2804 1455 inquis
2827 1421 2843 1447 ,
2882 1394 3132 1455 semper
3168 1377 3385 1439 oﬁ‘erri
3418 1385 3679 1456 propter
3710 1381 3823 1440 in-

552 1396 654 1455 tis,
692 1401 820 1443 non
852 1396 1256 1442 exstantibus
1288 1396 1665 1439 vulneribus
1693 1396 1722 1437 Υ
1751 1396 2017 1515 rrogter
2036 1396 2160 1438 nec
2185 1396 2553 1455 imperavu,
2589 1396 2804 1455 Inqms
2827 1421 2843 1447 ,
2882 1396 3132 1455 semper
3168 1396 3385 1439 ouerri
3418 1396 3679 1456 propter
3710 1399 3823 1440 in-

552 1464 942 1533 ﬁrmitatem,
960 1466 1030 1520 ut
1047 1458 1432 1519 etmemoria
1447 1460 1856 1534 peccatorum
1918 1457 2251 1529 eret.Quid
2275 1475 2428 1534 ergo
2452 1459 2600 1516 nos?
2626 1474 2839 1535 nonne
2861 1475 2974 1532 per
2999 1457 3288 1535 singulos
3304 1456 3436 1517 dies
3451 1455 3824 1520 offerimus?

551 1542 895 1604 Oﬂ‘erimus
926 1538 1208 1617 quidem,
1251 1536 1357 1597 sed
1388 1537 1464 1595 ad
1497 1535 2008 1617 recordationem
2038 1536 2339 1617 iacientes
2379 1536 2617 1617 mortis,
2641 1534 2780 1617 ejus
2815 1555 2829 1593 :
2862 1542 3084 1617 etuna
3116 1534 3217 1617 est
3253 1535 3387 1597 haec
3416 1537 3659 1617 hostia,
3693 1556 3824 1599 non

553 1623 790 1683 multa}.
822 1614 1155 1694 Quomodo
1181 1632 1313 1677 una
1343 1620 1460 1685 est,
1493 1619 1556 1674 et
1577 1631 1713 1694 non
1746 1615 2010 1675 multis?
2036 1615 2111 1674 Et
2136 1616 2291 1693 quia
2321 1615 2517 1675 semel
2559 1614 2774 1694 oblata
2799 1618 2897 1676 est
2936 1614 3068 1685 illa,
3102 1615 3316 1694 oblata
3361 1621 3457 1675 est
3498 1616 3565 1675 in
3604 1624 3825 1680 sancta

555 1692 927 1762 sanctorum
955 1717 969 1755 :
997 1697 1115 1756 hoc
1141 1700 1356 1755 autem
1387 1692 1771 1754 sacriﬁcium
1805 1694 2138 1770 exemplar
2160 1692 2263 1753 est
2292 1694 2490 1752 illius.
2525 1693 2808 1770 ldipsum
2841 1710 3092 1769 semper
3121 1692 3475 1767 offerimus,
3504 1713 3624 1755 nec
3650 1714 3825 1756 nunc

555 1780 812 1857 quidem
840 1777 1037 1857 alium
1071 1792 1308 1857 agnum
1337 1818 1352 1845 ,
1389 1776 1685 1857 crastina
1733 1773 1934 1857 alium
1959 1773 2116 1857 ,_sed
2154 1791 2410 1857 semper
2436 1773 2734 1857 idipsnm.
2768 1773 3042 1857 Proinde
3069 1790 3270 1857 unum
3291 1780 3397 1857 est
3420 1773 3543 1857 hoc
3565 1775 3826 1857 sacriﬁ-

555 1850 726 1918 cium
756 1878 770 1915 :
798 1855 1087 1932 alioquin
1121 1850 1255 1913 hac
1302 1852 1604 1932 ratione,
1626 1852 1934 1929 quoniam
1979 1853 2048 1932 iui
2088 1853 2303 1912 multis
2341 1852 2512 1932 locis
2543 1850 2832 1921 offertur,
2859 1851 3309 1932 multiChristi
3336 1853 3534 1912 sunt?
3565 1854 3826 1932 Nequa-

555 1955 775 2013 quam,
811 1936 919 1995 sed
950 1930 1120 1993 unus
1151 1932 1393 2013 ubique
1419 1935 1515 2013 est
1539 1930 1857 1998 Christus,
1885 1937 1947 1991 et
1987 1930 2092 1991 hic
2122 1932 2350 2009 plenus
2379 1931 2731 2013 exsistens,
2760 1936 2824 1991 et
2853 1930 2982 1990 illic
3012 1931 3241 2008 plenus
3265 1976 3281 2005 ,
3321 1948 3526 2013 unum
3564 1930 3822 2011 corpus.

556 2008 730 2078 Sicut
754 2016 925 2075 enim
956 2012 1066 2089 qui
1097 2008 1339 2087 ubique
1371 2008 1663 2082 offertur,
1696 2028 1897 2071 unum
1928 2028 2161 2087 corpus
2195 2016 2312 2079 est,
2345 2016 2406 2070 et
2439 2028 2568 2070 non
2596 2010 2797 2089 multa
2828 2027 3103 2087 corpora
3132 2030 3146 2069 :
3178 2013 3263 2074 ita
3294 2010 3487 2073 etiam
3524 2015 3586 2071 et
3622 2008 3825 2074 unum

557 2088 1289 2157 saeriﬁciumIPontifex
1320 2097 1533 2149 autem
1566 2092 1784 2169 noster
1811 2089 1917 2169 ille
1950 2095 2076 2160 est,
2111 2090 2221 2167 qui
2249 2089 2524 2150 hostiam
2574 2088 2989 2169 mundantem
3032 2107 3148 2149 nos
3180 2091 3433 2169 obtulit.
3477 2091 3691 2169 Ipsam
3734 2090 3828 2152 of-

557 2176 819 2244 ferimus
850 2177 913 2232 et
943 2187 1136 2239 nunc,
1161 2187 1303 2247 quae
1331 2175 1482 2228 tunc
1504 2167 1718 2247 oblata
1751 2168 2034 2244 quidem,
2061 2169 2350 2228 consumi
2377 2185 2507 2228 non
2526 2174 2757 2246 potest.
2779 2168 2918 2228 Hoc
2942 2174 3158 2228 autem
3175 2168 3347 2247 quod
3374 2187 3491 2230 nos
3513 2167 3783 2232 facimus
3806 2214 3824 2243 ,

559 2256 624 2314 in
660 2249 1332 2314 commemorationem
1367 2246 1624 2327 quidem
1666 2246 1733 2305 ﬁt
1771 2246 1907 2327 ejus
1950 2247 2120 2323 quod
2162 2247 2398 2307 factum
2435 2254 2533 2327 est
2572 2267 2586 2305 :
2625 2247 2983 2327 Hocienim
3026 2246 3244 2327 facile.
3279 2248 3513 2326 inquit,
3547 2250 3615 2310 in
3639 2268 3828 2310 meam

560 2329 1213 2393 commemorationem.
1248 2327 1387 2385 Non
1421 2326 1591 2386 aliud
1626 2325 2036 2405 sacriﬁcium,
2069 2327 2233 2387 sicut
2262 2325 2575 2404 pontifex,
2610 2325 2718 2387 sed
2749 2325 3034 2405 idipsum'
3058 2346 3313 2405 semper
3341 2325 3646 2404 facimus;
3680 2346 3825 2391 ma-

558 2414 653 2490 gis
677 2418 898 2490 autem
916 2406 1423 2490 recordationem
1451 2404 1753 2490 sacriﬁcii.
1782 2422 2149 2490 operamnr.

639 2491 757 2551 Sed
793 2488 946 2566 quia
979 2484 1273 2547 sacriﬁcii
1307 2484 1497 2562 hujus
1530 2483 1918 2543 mentionem
1962 2484 2125 2566 feri,
2150 2483 2293 2566 volo
2326 2501 2531 2566 pauca
2585 2484 2665 2544 ad
2705 2501 2821 2548 vos
2849 2483 3091 2566 dicere,
3137 2503 3281 2562 qua:
3331 2485 3755 2548 recordamini
3807 2508 3822 2546 :

560 2586 765 2648 pauca
807 2562 1061 2648 quidem
1090 2568 1417 2648 mensura,
1448 2579 1747 2648 magnam
1779 2568 1992 2622 autem
2025 2563 2325 2648 habentia
2360 2564 2757 2648 virtute_m_et
2786 2562 3126 2648 utilitatem
3174 2585 3188 2621 :
3225 2583 3351 2625 non
3386 2567 3555 2648 enim
3607 2572 3829 2648 nostra

561 2641 753 2719 sunt,
787 2641 895 2707 sed
927 2643 1123 2721 divini
1155 2643 1449 2719 Spiritus,
1480 2658 1624 2721 quin
1654 2641 1977 2721 dicuntur.
2028 2642 2183 2714 Qua:
2212 2660 2367 2719 ergo
2417 2644 2607 2701 sunt?
2656 2642 2917 2702 Plurimi
2966 2662 3046 2703 ex
3102 2644 3225 2704 hoc
3265 2645 3583 2706 sacriﬁcio
3631 2647 3829 2707 semel

561 2729 883 2804 accipiunt
914 2726 977 2783 in
1007 2720 1137 2782 toto
1173 2738 1369 2789 anno,
1403 2720 1658 2804 alubis
1682 2764 1698 2791 ,
1733 2720 1841 2804 alii
1884 2722 2138 2804 saepius.
2174 2721 2266 2780 Ad
2318 2739 2543 2804 omnes
2585 2722 2965 2804 ergonohis
2997 2740 3207 2782 sermo
3237 2728 3354 2804 est,
3416 2742 3546 2785 non
3600 2725 3678 2785 ad
3717 2743 3827 2786 eos

562 2807 675 2884 qui
702 2798 810 2865 hic
844 2806 996 2884 sunt
1025 2806 1296 2884 tantum,
1331 2799 1437 2884 sed
1470 2801 1661 2884 etiam
1697 2798 1774 2859 ad
1805 2816 1916 2884 eos
1944 2801 2055 2875 qui
2090 2800 2155 2859 in
2189 2817 2418 2884 eremo
2439 2798 2709 2884 sedent’:
2744 2800 3039 2884 illi_enim
3083 2803 3293 2884 semel
3326 2803 3390 2862 in
3428 2821 3602 2864 anno
3631 2804 3829 2881 parti-

563 2878 903 2961 cipantur;
963 2880 1251 2961 fortassis
1287 2880 1458 2938 enim
1500 2882 1571 2961 et
1609 2884 1757 2961 post
1801 2878 1960 2938 duos
2020 2896 2249 2961 annos.
2300 2878 2463 2953 Quid
2517 2898 2671 2957 ergo
2701 2881 2873 2961 est?
2911 2898 3074 2961 quos
3130 2881 3330 2961 magis
3375 2878 3831 2960 acceptamus?

563 2957 761 3024 eosne
792 2962 900 3039 qui
935 2959 1165 3039 semel,
1203 2975 1283 3017 an
1318 2975 1425 3017 eos
1463 2957 1572 3033 qui
1607 2958 1877 3039 smpius,
1919 2974 2001 3039 an
2032 2959 2175 3018 illos
2224 2961 2335 3036 qui
2380 2976 2529 3018 raro
2578 2960 2946 3039 accipiunt?
2969 2959 3192 3038 Neque
3243 2957 3390 3021 illos
3439 2957 3551 3038 qui
3597 2964 3826 3031 semel,

565 3060 774 3119 neque
802 3035 911 3118 qui
942 3038 1174 3119 saepius
1202 3081 1218 3107 ,
1270 3054 1479 3119 neque
1510 3035 1834 3119 quiraro,
1862 3037 1971 3119 sed
2013 3055 2122 3097 eos
2152 3035 2265 3115 qui
2295 3057 2442 3119 cum
2485 3035 2735 3119 munda,
2773 3035 3203 3119 conscientia,
3246 3042 3354 3118 qui
3401 3035 3546 3101 cum
3593 3042 3829 3103 mundo

564 3114 777 3189 eor-de,
809 3114 952 3179 cum
981 3114 1755 3198 vitairreprehensibilii
1773 3114 1877 3175 isti
1908 3134 2161 3198 semper
2187 3117 2532 3198 accedant;
2562 3117 2673 3193 qui
2704 3134 2860 3179 vero
2889 3118 3049 3198 tales
3081 3136 3216 3198 non
3265 3114 3438 3192 sunt,
3479 3139 3691 3198 neque
3730 3140 3830 3182 se-

566 3200 714 3259 mel.
752 3199 915 3273 Quid
946 3198 1031 3257 ita
1055 3197 1082 3253 ?
1111 3194 1273 3268 Quia
1294 3194 1604 3274 judicium
1638 3193 1759 3253 sibi
1789 3193 2114 3274 accipiunt
2138 3200 2201 3255 et
2224 3195 2700 3256 damnationem
2733 3201 2796 3257 et
2821 3196 3231 3274 supplicium.
3263 3199 3341 3259 Et
3369 3217 3500 3259 non
3529 3193 3780 3261 mireris
3811 3222 3824 3260 :

568 3280 734 3339 sicut
764 3278 938 3337 enim
984 3276 1165 3357 cibus
1214 3273 1597 3357 naturaliter
1627 3273 2305 3357 nutritoriusAesstans
2326 3320 2340 3341 ,
2375 3274 2525 3357 siin
2557 3292 2711 3357 eum,
2744 3274 2857 3357 qui
2882 3273 3110 3357 pravis
3142 3277 3297 3337 cibis
3343 3289 3686 3357 corruptus
3735 3287 3830 3340 est

570 3357 841 3425 incidat,
870 3355 1087 3435 omnia
1118 3352 1323 3430 perdit
1352 3360 1413 3413 et
1449 3353 1827 3435 corrumpit,
1860 3357 1921 3414 et
1946 3352 2219 3435 efﬁcitur
2245 3354 2500 3435 occasio
2557 3353 2763 3435 morbi
2794 3374 2807 3411 :
2842 3352 2935 3415 sic
2988 3356 3180 3417 etiam
3226 3357 3344 3418 ista
3395 3352 3645 3435 quae-ad
3694 3357 3828 3419 hinc

568 3436 878 3497 terribilia
930 3433 1252 3514 pertinent
1281 3439 1706 3514 sacramenta.
1758 3431 2026 3514 Frueris
2051 3449 2271 3493 mensa
2314 3432 2660 3514 spiritualj,
2695 3450 2918 3514 mensa
2945 3436 3182 3514 regali,
3212 3442 3276 3495 et
3318 3431 3546 3496 iterum
3591 3436 3824 3514 polluis

568 3532 753 3576 caeno
787 3531 857 3574 os
891 3510 1116 3573 tuum?
1161 3511 1467 3590 perungis
1500 3518 1834 3592 unguento
1870 3511 2187 3592 pretioso,
2221 3516 2284 3592 et
2315 3513 2547 3592 iterum
2596 3510 2925 3574 fmtoribus
2976 3510 3133 3573 illud
3176 3514 3401 3592 imples
3424 3517 3452 3574 ?
3496 3510 3612 3574 Dic
3642 3514 3819 3580 mihi,

569 3611 753 3672 rogo,
791 3599 932 3671 post
959 3608 1208 3673 annum
1251 3590 1727 3673 perceptionem
1759 3590 2163 3673 participaris
2198 3591 2276 3670 [f.
2312 3590 2740 3673 participans]
2775 3611 2789 3648 :
2823 3590 3427 3673 quadraginta—dies
3474 3600 3661 3671 putas
3713 3593 3824 3653 tibi

572 3668 865 3733 sufﬁcere
900 3671 978 3731 ad
1010 3668 1486 3749 inundationem
1518 3676 1925 3749 peccatorum
1958 3670 2150 3729 totius
2185 3668 2516 3747 temporis,
2548 3675 2609 3749 et
2634 3668 2865 3729 iterum
2897 3668 3254 3749 septimana
3285 3668 3653 3734 transeunte
3692 3678 3826 3734 tra-

571 3749 680 3811 des
713 3753 989 3828 teipsum
1036 3748 1330 3809 sordibus
1363 3747 1630 3831 primis?
1667 3748 2165 3831 Dic__enim_mihi
2189 3749 2289 3831 ,_si
2322 3749 2538 3831 salvus
2572 3748 2772 3808 factus
2802 3747 3228 3831 quadraginta
3252 3750 3490 3831 diebus
3523 3753 3604 3814 ab
3650 3751 3833 3831 aagrie

573 3826 1035 3909 tudine—longa,
1068 3831 1301 3909 iterum
1330 3832 1388 3886 te
1421 3826 1544 3885 illis
1574 3827 2152 3909 mortiﬁcatoribus
2169 3829 2324 3909 cibis
2359 3828 2844 3909 t_radas,_non_ne
2866 3836 2928 3891 ct
2951 3826 3224 3907 primum
3251 3830 3539 3891 laborem
3562 3826 3833 3909 perdes?

578 3914 638 3974 Si
666 3909 837 3971 enim
869 3905 1189 3969 naturalia
1218 3906 1309 3965 sic
1334 3910 1688 3974 mutantur,
1713 3911 1955 3980 quanto
1985 3907 2264 3983 amplius
2298 3905 2705 3967 voluntaria?
2733 3905 2966 3982 Utputa
2995 3908 3189 3985 veluti
3221 3908 3375 3985 quid
3406 3905 3594 3970 dico}
3622 3911 3834 3970 Natu—-

582 3990 803 4049 raliter
837 3988 1157 4056 videmus,
1216 3990 1278 4045 et
1325 4004 1516 4047 sanos
1562 3987 1873 4048 habemus
1920 3987 2140 4049 oculos
2190 3987 2542 4049 secundum
2592 3993 2927 4055 naturam;
2982 3984 3091 4046 sed
3141 3984 3493 4063 aliquando
3542 4006 3623 4047 ex
3659 3988 3828 4049 mala

583 4068 856 4144 quadam
883 4063 1215 4125 affectione
1240 4064 1490 4126 laeditur
1513 4072 1729 4126 noster
1757 4069 2038 4127 obtutus.
2073 4062 2135 4125 Si
2168 4065 2362 4144 igitur
2388 4064 3083 4144 naturaliamutan‘tur,
3106 4062 3352 4140 quanto
3383 4065 3658 4143 amplius
3685 4082 3828 4142 qua:

581 4140 659 4205 ad
689 4147 1077 4206 voluntatem
1109 4144 1472 4221 pertinent?
1493 4145 1930 4223 Quadraginta
1956 4146 2087 4205 dies
2111 4140 2357 4204 tantum
2383 4145 2609 4223 tribuis
2641 4140 3228 4223 salutianimaaituag
3253 4162 3267 4200 :
3289 4140 3568 4205 arbitror
3587 4140 3825 4223 autem,

583 4224 738 4300 quia
764 4242 971 4301 neque
1000 4219 1425 4301 quadraginta
1454 4223 1611 4295 dies,
1647 4228 1705 4284 et
1742 4219 1963 4300 speras
1996 4223 2329 4301 prepitiari
2373 4222 2615 4282 Deum?
2641 4219 2886 4280 Jocaris
2937 4220 3162 4298 magis.
3197 4221 3310 4301 Dic
3339 4223 3493 4281 mihi
3517 4267 3532 4293 ,
3566 4224 3697 4282 haec
3727 4222 3829 4281 di—

585 4299 734 4362 cens
765 4299 892 4360 non
925 4302 1006 4361 ab
1033 4317 1165 4379 una
1194 4299 1458 4362 in‘anno
1486 4299 1895 4379 perceptione
1931 4299 2046 4362 nos
2078 4299 2247 4371 veto,
2281 4302 2389 4362 sed
2429 4302 2572 4359 volo
2595 4315 2846 4375 semper
2903 4315 3014 4358 vos
3046 4299 3349 4360 accedere
3380 4321 3393 4358 :
3429 4302 3662 4361 sanctis
3695 4302 3830 4360 haec

586 4395 887 4440 concessa
918 4385 1088 4439 sunt.
1122 4378 1257 4438 Hoc
1283 4380 1475 4439 etiam
1504 4378 1810 4440 diaconus
1842 4380 2101 4442 insonat
2130 4380 2194 4439 in
2223 4380 2332 4441 illa
2369 4380 2529 4440 hora
2557 4382 2812 4439 sanctos
2860 4393 3094 4456 vocans
3118 4421 3134 4448 ,
3166 4383 3228 4438 et
3274 4396 3388 4456 per
3422 4380 3587 4441 hanc
3616 4390 3830 4440 vocem

590 4458 782 4537 veluti
827 4457 1112 4517 maculas
1139 4457 1506 4537 inspiciens.
1549 4458 1723 4519 Sicut
1765 4460 1934 4518 enim
1974 4458 2039 4517 in
2086 4477 2314 4537 grege,
2360 4458 2470 4518 ubi
2516 4459 2733 4537 multae
2776 4455 3033 4532 quidem
3084 4455 3292 4537 salva!
3321 4463 3472 4537 sunt
3516 4458 3826 4535 pecudes,

589 4535 800 4614 multa:
820 4541 1031 4614 autem
1060 4535 1269 4595 scabie
1300 4536 1503 4611 plenae
1543 4543 1716 4608 sunt,
1751 4553 2012 4597 necesse
2044 4535 2138 4596 est
2176 4535 2245 4596 ut
2285 4537 2382 4598 hee
2420 4536 2948 4614 prohibeantura
2977 4535 3150 4596 sanis
3183 4556 3195 4595 :
3258 4537 3349 4597 sic
3394 4536 3584 4597 etiam
3627 4538 3691 4596 in
3721 4555 3830 4597 ec-

589 4613 805 4692 clesia,
836 4613 1142 4692 quoniam
1171 4614 1313 4692 alia:
1336 4613 1591 4691 quidem
1617 4620 1768 4676 sunt
1794 4616 1986 4676 salva:
2013 4615 2284 4692 pecudes
2304 4660 2320 4688 ,
2352 4613 2495 4676 alia;
2536 4619 2751 4675 autem
2782 4613 3042 4692 vitiatis,
3077 4632 3193 4691 per
3225 4614 3391 4676 hanc
3417 4633 3639 4675 vocem
3670 4632 3829 4692 pro-

590 4691 888 4772 bibentur
915 4691 1010 4751 hee
1047 4691 1305 4772 abillis,
1332 4698 1672 4768 penetrans
1708 4694 1943 4772 ubique
1975 4711 2089 4772 per
2129 4711 2346 4755 vocem
2373 4695 2547 4755 illam
2578 4691 2966 4772 tremendam
2989 4694 3283 4755 sacerdos
3312 4700 3565 4754 sanctos
3595 4691 3830 4754 vocans

588 4774 654 4848 et
679 4770 1028 4831 attrahens.
1070 4769 1233 4842 Quia
1263 4771 1431 4831 enim
1476 4769 1867 4848 impossibile
1896 4769 1995 4834 est
2040 4774 2361 4833 hominem
2392 4774 2557 4835 scire
2602 4771 2907 4832 interiora
2935 4772 3266 4848 proximi:
3303 4773 3459 4847 Quis
3510 4773 3671 4832 enim
3713 4774 3833 4832 scit

589 4847 932 4915 hominum,
974 4849 1219 4926 inquit,
1254 4847 1581 4931 gumisunt
1624 4851 1914 4931 hominis,
1963 4853 2090 4913 nisi
2135 4853 2402 4931 spiritus
2452 4852 2719 4931 hominis
2760 4848 2870 4929 qui
2918 4847 2989 4909 in
3032 4850 3171 4928 ipso
3216 4852 3352 4931 est?
3403 4852 3569 4931 hanc
3606 4852 3832 4931 emittit

592 4943 812 4987 vocem
865 4933 1205 5004 postquam
1254 4927 1637 4988 sacriﬁcium
1681 4929 2027 5006 perﬁcitur,
2076 4927 2413 4992 ut_nullus
2453 4927 2826 5006 simpliciter
2859 4931 2922 4988 et
2968 4927 3448 5005 quemodolibet
3488 4929 3566 4990 ad
3595 4929 3833 4990 fontem

591 5006 985 5090 spiritualem
1014 5006 1248 5090 veniat.
1290 5006 1540 5090 Etenim
1580 5008 1881 5090 ingrege
1922 5008 2125 5090 (nihil
2156 5011 2453 5088 prohibet
2484 5006 2704 5090 eodem
2746 5008 2974 5090 iterum
3017 5010 3311 5086 exemplo
3348 5009 3476 5088 uti)
3512 5009 3831 5068 morbidas

591 5084 845 5161 quidem
896 5084 1064 5145 intro
1096 5084 1481 5145 recludimus
1504 5132 1518 5151 ,
1551 5091 1613 5145 et
1652 5083 1718 5146 in
1762 5083 2038 5148 te—nebris
2076 5083 2384 5150 habemus
2416 5133 2430 5160 ,
2462 5094 2524 5147 et
2560 5086 2758 5147 altera
2800 5083 3593 5164 nutrimenta'tribuimus,
3624 5103 3834 5164 neque

591 5181 671 5222 ex
704 5179 853 5223 aere
893 5164 1156 5244 mundo,
1186 5181 1396 5244 neque
1445 5181 1525 5223 ex
1573 5165 1826 5242 pascuis
1877 5167 2093 5242 puris,
2148 5184 2360 5243 neque
2414 5185 2494 5226 ex
2553 5166 2721 5225 fonte
2741 5162 2863 5244 qui
2921 5162 3071 5224 foris
3107 5171 3245 5240 est,
3275 5184 3381 5227 eas
3412 5162 3834 5244 permittimus

591 5258 868 5322 sumere.
896 5243 975 5302 Et
1009 5243 1111 5303 hic
1143 5242 1336 5320 igitur
1371 5243 1511 5318 ipsa
1541 5260 1665 5303 vox
1702 5262 1819 5321 pro
1854 5245 2124 5305 vinculis
2165 5242 2549 5322 quibusdam
2588 5249 2703 5304 est.
2734 5243 2875 5303 Non
2908 5246 3086 5317 potes
3128 5244 3338 5306 dicere
3369 5265 3383 5302 :
3413 5242 3831 5317 Nesciebam,

592 5317 966 5398 ignorabam
1011 5317 1560 5398 quia'periculum
1599 5317 1891 5398 seq—uitur
1942 5323 2109 5384 hanc
2168 5317 2453 5383 causam.
2502 5322 2778 5382 Maxime
2806 5330 3020 5382 autem
3071 5326 3134 5382 et
3175 5324 3411 5385 Paulus
3461 5322 3833 5385 testiﬁcatus

594 5400 691 5482 est
730 5395 893 5482 hanc
937 5395 1223 5482 causam;
1265 5399 1382 5459 Sed
1422 5401 1609 5482 dicis,
1652 5395 1790 5482 Non
1836 5401 1980 5482 legi.
2032 5402 2170 5461 Non
2211 5409 2309 5482 est
2356 5403 2490 5462 haac
2537 5402 2899 5472 excusatio,
2939 5399 3047 5458 sed
3093 5401 3358 5462 crimen.
3388 5405 3506 5463 Per
3546 5401 3833 5482 singulos

594 5420 691 5455 est
730 5420 893 5455 nunc
937 5420 1217 5458 causam.
1265 5420 1382 5459 aea
1422 5420 1609 5470 (llClS,
1654 5420 1790 5460 non
1836 5420 1893 5460 1e
1940 5420 1980 5459 ι.
2034 5420 2170 5461 non
2211 5420 2254 5460 e:

594 5472 727 5558 dies
756 5473 955 5558 intras
993 5476 1325 5536 ecclesiam
1349 5522 1365 5546 ,
1399 5484 1460 5537 et
1502 5478 1710 5558 adhuc
1753 5420 2254 5558 istutiignoras?

675 5550 1124 5639 Verumtamen
1153 5559 1225 5639 ut
1250 5571 1459 5639 neque
1506 5556 1674 5639 hanc
1722 5558 1835 5617 tibi
1867 5550 2350 5639 excusationem
2394 5556 2708 5623 invenias,
2745 5558 3180 5639 preptereajn
3236 5560 3446 5621 altiori
3485 5559 3629 5620 loco
3659 5574 3835 5621 stans

595 5643 827 5719 magna
858 5644 1015 5719 voce
1059 5636 1120 5689 et
1148 5634 1435 5719 trementi
1467 5637 1844 5719 conclamat,
1874 5637 2075 5719 veluti
2096 5636 2356 5713 quidam
2386 5634 2887 5719 prteco_,__ma'nus'
2917 5636 3258 5719 sustollens
3287 5639 3359 5719 in,
3382 5640 3604 5710 altum,
3644 5639 3833 5699 altius

598 5710 786 5793 etiam
809 5710 944 5782 ipse
966 5712 1141 5793 stans
1175 5710 1472 5793 omnibus
1518 5714 1889 5793 manifestus
1917 5710 2230 5784 efﬁcitur;
2264 5723 2327 5775 et
2363 5710 2556 5775 manu
2590 5716 2699 5775 illa
2728 5718 3074 5785 tremenda,
3105 5723 3164 5776 et
3194 5718 3498 5777 continua
3534 5735 3684 5777 voce
3730 5736 3836 5777 re-

595 5781 906 5871 clamans,
939 5782 1099 5875 aiios
1131 5786 1386 5875 quidem
1432 5796 1638 5875 vocat,
1670 5792 1830 5875 alios
1858 5799 2069 5875 autem
2097 5781 2394 5875 prohibet
2424 5813 2438 5851 :
2470 5810 2596 5875 non
2629 5812 2819 5875 manu
2852 5796 2971 5857 hoc
3011 5781 3273 5867 faciens,
3314 5796 3416 5855 sed
3456 5796 3676 5875 lingua
3708 5797 3836 5856 cla-

595 5864 730 5921 rius
760 5878 953 5939 quam
983 5864 1037 5922 si
1070 5880 1263 5922 manu
1300 5864 1418 5925 hoc
1446 5867 1699 5930 faceret.
1740 5870 1879 5929 Vox
1925 5864 2232 5932 enim-illa
2278 5872 2343 5931 in
2372 5872 2656 5933 auditum
2700 5872 2953 5935 irruens
2998 5864 3313 5949 nostrum,
3365 5864 3586 5935 velutiv
3605 5888 3831 5935 manus
