4198 6460
444 420 553 476 559
1086 418 1404 479 MUTIANO
1447 417 1693 476 SCHOL.
1738 415 2207 475 INTERPRETE.
2254 451 2317 462 -—
2363 420 2517 476 CAP.
2560 421 2627 478 Χ.
2672 418 2907 477 HOMIL.
2956 419 3096 479 XIX.
3626 425 3737 479 δευ

432 547 557 607 hoc
577 545 771 607 etiam
796 547 915 616 est,
945 563 1077 628 non
1100 545 1463 628 vericordes
1486 547 1555 628 If.
1584 548 1718 608 veri
1742 542 2012 625 cordis]:
2043 563 2173 609 non
2197 544 2715 628 credendoenim
2739 544 3749 628 piisiilaiiiinitasefﬁcitur.[Quid

428 633 650 709 autem
682 631 857 709 erat,
886 626 1393 709 piusillanimitas
1435 624 1787 709 ctiicilur?r]
1821 627 2162 709 Quomodo
2188 635 2407 709 autem
2446 624 2570 709 erit
2606 625 2767 687 hoc?
2796 625 2857 685 Si
2892 625 3370 709 satisfaciamus
3420 630 3603 690 vobis
3635 648 3751 709 per

428 706 643 768 ﬁdem.
676 704 938 784 Aspersi
971 707 1188 767 corda.
1221 708 1441 782 Quare
1468 725 1599 767 non
1633 704 1823 780 dixit,
1852 707 2193 770 Mundati?
2215 706 2659 768 Differentiam
2691 706 3092 784 aspcrsionis
3121 706 3351 767 volens
3375 704 3744 784 Ostende—re,

428 786 608 848 aliud
636 786 900 864 quidem
927 804 1072 849 esse
1096 787 1234 860 Dei,
1262 787 1438 851 aliud
1464 793 1682 849 autem
1707 792 2027 849 nostrum.
2055 788 2338 849 Abluere
2368 787 2611 865 quippe
2644 790 2707 846 et
2735 802 3084 865 aspergere
3111 787 3603 863 conscientiam,
3633 790 3743 854 Dei

427 872 568 940 est;
600 884 751 929 cum
785 865 1057 928 veritate
1094 872 1314 930 autem
1345 867 1656 930 accedere
1685 873 1749 931 et
1780 869 1847 929 iii
1879 867 2323 931 satisfactione
2367 866 2553 936 ﬁdei,
2587 871 2885 927 nostrum
2927 871 3043 927 est.
3078 866 3325 929 Deinde
3357 869 3549 930 ctiam
3595 870 3741 933 ﬁdei

427 947 540 1010 dat
569 946 904 1027 propriam
946 947 1246 1010 virtutem
1293 967 1377 1011 ex
1413 949 1681 1010 veritate
1724 948 2111 1027 proﬁtentis.
2143 948 2308 1023 Quid
2354 952 2495 1019 est,
2533 944 2755 1027 Abluti
2794 964 3042 1027 corpus
3063 964 3229 1027 aqua
3270 948 3554 1008 munda?
3586 950 3743 1025 Quin

427 1025 710 1109 mundos
749 1025 901 1089 facit
929 1046 945 1086 :
974 1044 1058 1109 an
1089 1027 1278 1109 forte,
1302 1029 1485 1109 quod
1518 1045 1650 1109 non
1681 1025 1920 1091 habeat
1944 1030 2356 1109 sanguinem.
2388 1025 2999 1109 Deindesubjungit
3022 1025 3154 1106 jam
3187 1028 3359 1107 quad
3389 1028 3741 1109 perfectum

428 1112 551 1181 est,
587 1107 708 1190 hoc
722 1111 836 1190 est
861 1107 1219 1190 caritatem.
1252 1106 1405 1170 Non
1444 1107 1941 1190 derelinquentes
1964 1155 1978 1176 ,
2008 1106 2245 1187 inquit,
2285 1106 2836 1190 congregationem
2861 1114 3155 1190 nostrain
3178 1128 3192 1166 :
3213 1106 3400 1190 :quod
3432 1108 3737 1174 facientes

431 1187 1337 1280 nonnulli,ocongregationes
1369 1186 1716 1280 scindunt.—
1732 1190 1970 1280 Ifrater
1996 1186 2245 1280 quippe
2274 1210 2313 1249 α
2336 1186 2553 1280 fratre
2582 1186 3066 1280 adjiitus.“sicut
3097 1186 3323 1279 cipitos
3351 1190 3594 1280 "nauita
3627 1201 3736 1280 est.

425 1268 552 1330 Sed
580 1266 1011 1347 intelligamus
1038 1266 1302 1332 invicem
1331 1268 1414 1330 ad
1438 1270 1956 1348 provocationem
1986 1266 2296 1332 caritatis.
2328 1266 2492 1343 Quid
2525 1266 3118 1349 cst,’lnteiligamus
3153 1267 3464 1349 invicem?
3502 1270 3562 1330 Si
3592 1273 3740 1349 quis

428 1349 627 1410 fuerit
655 1349 1261 1429 virtutcpraiditus,
1291 1347 1466 1411 hunc
1493 1350 1847 1425 imitemur,
1876 1350 2116 1411 incum
2147 1350 2555 1411 intendamus
2578 1393 2594 1423 ,
2630 1355 2702 1408 ut
2748 1347 3094 1428 diligamus
3130 1354 3194 1409 ct
3233 1348 3582 1429 diligamur
3607 1347 3629 1410 ἱ
3656 1371 3743 1413 ex

424 1429 778 1491 dilectione
803 1428 1047 1508 quippe
1078 1430 1251 1492 bona
1279 1446 1480 1509 opera
1510 1429 1696 1491 ﬁunt.
2175 1466 2177 1469 τ

508 1506 1090 1590 Μδςηυιηηιὶἰῂρθ
1123 1506 1366 1571 bonum
1399 1515 1497 1572 est
1524 1510 1946 1590 congregatio
1980 1530 1995 1570 :
2029 1510 2171 1590 ipsa
2204 1527 2487 1588 namque
2522 1512 2879 1590 caritatem,
2901 1512 3212 1588 Operatur
3242 1506 3698 1571 ferventiorcm
3721 1559 3739 1587 ,

425 1597 492 1652 et
519 1608 606 1653 ex
630 1589 714 1652 ea
745 1594 981 1651 cuncta
1011 1590 1259 1667 optima
1289 1589 1690 1670 generantur
1717 1611 1733 1650 :
1769 1589 1933 1651 nihil
1966 1589 2248 1670 namque
2279 1591 2677 1670 bonumest,
2710 1589 2885 1668 quod
2918 1607 3049 1651 non
3087 1607 3205 1669 per
3257 1589 3594 1655 caritatem
3645 1591 3734 1653 fit.

428 1672 626 1733 Istam
657 1669 862 1749 igitur
902 1668 1362 1732 conﬁrmemus
1390 1671 1457 1731 in
1505 1671 1782 1733 invicem
1816 1691 1831 1730 :
1872 1668 2218 1734 Plenitudo
2262 1670 2506 1750 quippe
2536 1668 2693 1749 legis
2718 1670 2955 1732 caritas
2978 1668 3095 1750 est.
3123 1670 3265 1731 Non
3305 1670 3479 1731 enim
3511 1670 3740 1735 labore

423 1768 595 1829 opus
627 1749 974 1821 habemus,
1016 1754 1132 1812 aut
1156 1750 1509 1813 sudoribus
1547 1771 1563 1811 :
1596 1751 1650 1812 si
1678 1751 2104 1813 dilexerimus
2133 1749 2436 1823 invicem,
2467 1754 2831 1829 spontanea
2872 1749 3061 1812 nobis
3116 1750 3223 1814 via
3273 1751 3735 1829 prosternitur,

423 1831 673 1893 ducens
705 1829 785 1891 ad
813 1829 1138 1892 virtutem.
1168 1829 1346 1907 Sicut
1377 1831 1551 1893 enim
1580 1831 1645 1892 in
1682 1831 1915 1892 itinere
1948 1831 2296 1911 contingit,
2321 1831 2376 1892 si
2402 1831 2550 1909 quis
2574 1830 2830 1892 initium
2859 1829 3386 1911 comprehendat,
3417 1832 3591 1892 recta
3634 1833 3741 1897 via

421 1911 711 1983 ducitur,
740 1914 804 1972 et
831 1927 962 1971 non
994 1913 1250 1989 oportet
1276 1911 1604 1974 declinare
1631 1932 1647 1972 :
1680 1912 1773 1974 sic
1799 1912 1995 1973 etiam
2031 1912 2099 1973 in
2124 1910 2431 1983 caritate;
2464 1915 2715 1971 tantum
2741 1911 2961 1989 arripe
2992 1910 3410 1989 principium,
3433 1911 3735 1973 etstatim

425 2008 693 2085 manum
736 1991 849 2085 tibi
897 1993 1194 2085 pi'aibeiis
1228 1990 1372 2085 ipsa
1399 1996 1470 2085 te.
1490 1992 1746 2085 deducit
1780 1996 1843 2053 et
1864 1991 2106 2085 dirigit.
2129 1991 2376 2054 Caritas
2403 1990 2936 2085 pfoxiii‘iimalum
2962 2008 3095 2051 non
3122 1998 3443 2083 operatur,
3479 2009 3609 2051 non
3633 2012 3736 2085 ςρτ

425 2071 595 2165 gitat
641 2069 896 2132 malum.
931 2069 1315 2134 Consideret
1358 2071 1641 2150 quisque
1680 2069 2102 2150 semetipsum
2127 2115 2144 2143 ,
2175 2070 2513 2150 quomodo
2547 2069 2827 2132 afficitur
2856 2087 3013 2151 erga
3065 2069 3351 2149 seipsum
3384 2090 3398 2129 :
3434 2089 3564 2131 non
3611 2072 3731 2134 sibi

426 2150 706 2241 invidet,
736 2151 960 2241 omnia
991 2150 1057 2211 in
1078 2170 1156 2241 _s_e
1184 2152 1477 2241 continet
1500 2153 1698 2241 bona,
1731 2152 2035 2241 omnibus
2072 2170 2141 2241 se
2164 2151 2603 2241 praiiionorat,
2632 2151 2854 2213 omnia
2889 2153 3012 2241 sub
3032 2168 3116 2241 se
3148 2151 3293 2241 vult
3310 2151 3728 2241 constituere.

429 2232 495 2292 Si
522 2232 721 2311 igitur
749 2230 1004 2293 etcirca
1034 2232 1201 2293 alios
1228 2232 1321 2293 sic
1344 2230 1985 2304 afﬁciamur,ofnnia
2015 2232 2191 2293 mala
2215 2231 2564 2311 solvuntur
2601 2250 2616 2290 :
2651 2249 2784 2292 non
2814 2235 3007 2292 erunt
3029 2230 3406 2303 inimicitia},
3433 2250 3563 2292 non
3606 2251 3734 2294 cu—

433 2310 667 2390 piditas
698 2331 714 2371 :
742 2311 889 2390 quis
925 2312 1100 2372 enim
1127 2329 1256 2373 non
1281 2314 1299 2388 [
1317 2313 1364 2392 f.
1395 2312 1515 2376 dei.
1544 2315 1712 2390 non]
1742 2312 1895 2392 velit
1914 2311 2204 2391 seipsum
2234 2311 2514 2390 amplius
2545 2310 2835 2392 habere?
2864 2312 3117 2382 nullus;
3151 2311 3260 2372 sed
3290 2329 3325 2392 e
3347 2320 3570 2392 contra
3603 2313 3732 2374 ha—

436 2391 727 2453 bebimus
763 2392 1198 2471 communiter
1222 2390 1486 2467 cuncta,
1510 2398 1575 2453 et
1612 2390 2031 2454 cessabimus
2059 2397 2533 2471 congregantes
2564 2391 2939 2470 nobisipsis.
2967 2392 3047 2452 Et
3094 2392 3220 2453 hoc
3258 2390 3312 2453 si
3361 2390 3735 2457 fecerimus.

433 2471 705 2533 retentio
732 2472 883 2534 mali
912 2471 979 2532 in
1007 2470 1201 2534 corde
1231 2472 1447 2533 locum
1489 2489 1619 2532 non
1650 2472 1936 2534 habebit.
1966 2471 2127 2546 Quis
2172 2470 2391 2533 autem
2421 2472 2575 2534 velit
2606 2472 2890 2534 retinere
2931 2472 3218 2533 malum?
3252 2472 3400 2550 quis
3458 2474 3608 2534 velit
3646 2475 3731 2537 si—

432 2551 619 2630 biipsi
639 2551 844 2644 irasci
864 2553 894 2612 ?
925 2569 1147 2614 nonne
1174 2553 1458 2614 maxime
1481 2551 1859 2644 nobisipsios,
1891 2569 2090 2644 quam
2121 2552 2427 2644 omnibus
2451 2597 2467 2627 ,
2499 2552 2944 2644 ignoscimus?
2972 2552 3035 2644 Si
3078 2568 3234 2632 ergo
3272 2553 3378 2644 sic
3413 2551 3478 2613 in
3512 2555 3734 2644 [ιιι-θώκ-

424 2649 565 2693 mos
591 2631 981 2705 aﬂiciamur,
1012 2649 1374 2710 numquam
1403 2632 1767 2695 remanebit
1790 2631 1857 2692 in
1900 2631 2094 2693 corde
2129 2631 2285 2693 mali
2316 2631 2617 2693 retentio.
2647 2632 2727 2695 Et
2752 2633 3080 2711 quomodo
3111 2631 3421 2711 passibile
3450 2631 3550 2694 est
3580 2634 3727 2703 hoc,

426 2711 668 2790 inquis,
700 2712 971 2791 diligere
999 2713 1372 2792 proximum
1404 2712 1574 2774 sicut
1601 2711 1933 2790 seipsum?
1967 2712 2031 2773 Si
2065 2729 2194 2772 non
2229 2711 2521 2773 fecerunt
2550 2712 2744 2775 etiam
2768 2713 2891 2775 hoc
2917 2713 3054 2786 alii,
3078 2714 3243 2775 bene
3269 2717 3458 2792 putas
3490 2713 3731 2792 impos-

425 2791 614 2854 sibile
644 2811 660 2852 :
693 2792 744 2853 si
777 2790 1349 2872 autem’fecerunt.
1378 2792 1794 2854 manifestum
1828 2797 1947 2866 cst,
1979 2792 2137 2871 quia
2175 2810 2292 2871 per
2322 2792 2783 2872 negligentiam
2812 2809 2850 2855 a
2882 2794 3068 2854 nobis
3096 2810 3230 2854 non
3264 2790 3560 2854 efﬁcitur.
3586 2790 3728 2854 Sed

421 2877 487 2934 et
514 2871 680 2934 alias
705 2871 869 2954 nihil
896 2871 1298 2954 impossibile
1327 2873 1605 2954 imperat
1630 2871 1953 2954 Christus,
1978 2873 2055 2954 in
2090 2876 2351 2954 tantum
2377 2871 2449 2934 ut
2478 2871 2673 2954 etiam
2708 2873 2893 2934 multi
2933 2873 3558 2954 supergrederentur
3585 2872 3727 2953 ejus

424 2958 772 3032 praecepta.
800 2952 960 3026 Quis
983 2946 1163 3030 ergo,
1201 2946 1446 3030 inquis,
1477 2952 1621 3014 fecit
1653 2952 1821 3014 hoc?
1842 2946 2016 3015 Fecit
2036 2953 2159 3014 hoc
2203 2952 2465 3027 Paulus,
2495 2946 2744 3025 Petrus,
2776 2954 2987 3015 omnis
3014 2946 3264 3015 chorus
3323 2946 3721 3032 sanctoru'm.

422 3028 543 3094 Sed
574 3028 659 3094 si'
679 3032 892 3095 dicam
919 3028 1085 3111 quia
1105 3028 1444 3110 proximos
1466 3032 1861 3104 dilexerunt,
1898 3033 2057 3095 nihil
2089 3052 2397 3115 magnum
2433 3034 2577 3096 dico
2605 3053 2620 3093 :
2660 3032 2960 3096 inimicos
3011 3033 3105 3095 sic
3146 3038 3535 3095 amaverunt
3563 3028 3729 3113 qud-

414 3119 607 3202 modo
639 3137 782 3202 non
805 3120 1429 3202 amavitiquisquam
1465 3119 2013 3202 snos‘unanimes.
2033 3119 2206 3202 Quis
2229 3118 2405 3181 enim
2438 3117 2754 3202 suscipiat
2783 3135 2902 3202 pro
2920 3119 3251 3181 unanimis
3276 3121 3343 3182 in
3367 3122 3734 3202 gehennam

415 3201 546 3273 ire,
583 3217 735 3262 cum
769 3201 865 3261 ire
902 3199 1108 3277 possit
1140 3199 1219 3278 ad
1255 3200 1582 3276 regnum?
1627 3199 1859 3260 Nullus
1895 3202 2003 3262 :at
2032 3200 2274 3261 Paulus
2308 3216 2427 3278 pro
2470 3197 2750 3278 inimicis
2803 3197 2928 3278 hoc
2981 3197 3731 3277 susceptum'habebat,

418 3297 541 3360 pro
569 3279 1110 3360 lapidantibusget
1138 3277 1618 3360 flagellantibus
1677 3296 1851 3340 eum.
1890 3279 2117 3354 Qualis
2164 3296 2322 3360 ergo
2360 3279 2561 3360 nobis
2582 3277 2707 3360 erit
2747 3277 2980 3360 venia,
3029 3279 3241 3356 qualis
3273 3283 3643 3356 excusatio,
3677 3286 3730 3347 si

418 3357 521 3423 vel
551 3357 842 3441 minime
873 3358 1041 3441 parii
1070 3357 1689 3441 caritatissimilem,
1722 3375 1921 3437 quam
1959 3357 2443 3441 ostendit'circa
2473 3357 2773 3441 inimicos
2815 3359 3081 3441 Paulus,
3112 3377 3240 3441 non
3287 3378 3442 3441 erga
3486 3364 3730 3424 amicos

330 3442 337 3447 ⁷
414 3437 946 3503 ostenderimus?
971 3439 1052 3499 Et
1089 3440 1320 3501 beatus
1360 3437 1514 3500 item
1543 3438 1757 3501 Moses
1780 3443 1932 3501 ante
1968 3438 2161 3500 istum
2186 3457 2306 3518 pro
2340 3438 2620 3500 inimicis
2652 3437 2861 3499 voluit
2887 3438 3327 3518 lapidantibus
3353 3437 3504 3504 eum
3532 3443 3729 3505 deleri

412 3520 493 3583 de
523 3520 693 3601 libro
721 3519 861 3601 Dei.
898 3519 978 3579 Et
999 3519 1204 3601 David
1222 3518 1612 3601 rebellantes
1640 3518 1957 3581 adversus
1975 3518 2291 3601 sc‘videns
2320 3518 2993 3601 intei'emptos,ili_iiit:
3025 3519 3166 3601 Ego
3191 3529 3418 3600 pastor
3438 3528 3726 3601 peccavi.

414 3611 473 3663 et
506 3599 620 3663 isti
648 3598 808 3681 quid
828 3602 1116 3681 fecerant
1135 3600 1179 3681 fi
1199 3603 1263 3661 et
1293 3598 1553 3681 Saiilem
1582 3598 1756 3661 inter
1786 3616 2021 3681 manus
2036 3589 2300 3681 habens
2324 3643 2342 3671 ,
2371 3589 2665 3681 occidere
2697 3589 2906 3681 neluit
2932 3618 2949 3671 ;
3000 3589 3158 3681 quin
3191 3589 3385 3662 etiam
3429 3589 3727 3675 salvaiit,

413 3677 779 3762 praesertim
811 3677 963 3741 cum
993 3679 1133 3762 ipse
1164 3680 1249 3762 iiii
1266 3679 1562 3762 periculo
1591 3684 1778 3762 esset
1796 3679 2213 3741 constitutus.
2237 3679 2299 3740 Si
2322 3682 2539 3742 autem
2567 3677 2702 3740 haec
2729 3679 2795 3738 in
2826 3679 3025 3740 veteri
3059 3681 3476 3762 Testamento
3497 3728 3512 3755 ,
3559 3702 3731 3762 qua—

415 3759 546 3824 tem
578 3760 840 3822 veniam
867 3775 988 3821 nos
1021 3759 1404 3821 habebimus
1437 3761 1503 3820 in
1533 3776 1705 3819 novo
1732 3761 2149 3821 Testamento
2182 3762 2671 3829 conversantes,
2706 3762 2770 3819 et
2814 3776 3027 3836 neque
3063 3759 3143 3821 ad
3178 3779 3551 3823 mensuram
3583 3759 3728 3824 illo-

418 3858 568 3920 rum
597 3840 1098 3918 pervenientes?
1124 3838 1191 3920 Ν
1198 3838 1307 3920 isi_
1330 3839 1499 3920 enim
1532 3837 1971 3920 abundaverit,
2015 3839 2254 3920 inquit,
2291 3838 2561 3919 justitia
2602 3846 2809 3920 vestra
2842 3837 2993 3920 pius
3044 3858 3231 3920 quam
3277 3840 3627 3903 scribarum
3672 3855 3728 3905 ct

417 3919 907 3987 Pharisworum,
940 3937 1073 3980 non
1109 3918 1434 3998 intrabitis
1461 3922 1531 3980 in
1552 3935 1816 3997 regnum
1853 3919 2169 3981 cwlorum.
2203 3918 2366 3998 Cum
2410 3936 2566 3998 ergo
2608 3918 2803 3980 etiam
2834 3918 3072 3980 minus
3099 3920 3414 3982 habemus
3451 3923 3535 3984 ab
3569 3923 3721 3989 illis.

415 3999 747 4076 quomodo
782 3998 1223 4061 intrabimus?
1249 3997 1541 4077 Diligite,
1576 3996 1820 4077 inquit,
1854 3999 2153 4061 inimicos
2184 3996 2447 4059 caetras.
2489 3996 2699 4078 Dilige
2737 3998 2937 4077 igitur
2961 3999 3333 4072 inimicum;
3388 4020 3516 4061 non
3555 4005 3728 4065 enim

415 4079 511 4141 illi
543 4084 838 4159 praestas,
878 4078 991 4141 sed
1021 4079 1160 4140 tibi.
1195 4078 1836 4154 Quomodo?Similis
1869 4079 2167 4142 efﬁcieris
2202 4081 2358 4140 Deo.
2388 4079 2505 4140 llle
2534 4078 2733 4157 igitur
2759 4078 2811 4139 si
2848 4084 3105 4140 ametur
3130 4086 3275 4153 ate,
3312 4081 3476 4141 nihil
3509 4082 3730 4145 lucra-

417 4167 557 4233 lur;
591 4176 628 4221 a
659 4177 982 4221 conservo
1013 4159 1258 4238 quippe
1277 4159 1548 4220 dilectus
1583 4164 1720 4219 est:
1756 4163 1824 4218 tu
1853 4165 2072 4221 autem
2104 4159 2157 4220 si
2190 4159 2496 4221 dilexeris
2527 4176 2921 4238 conservum
2944 4204 2961 4233 ,
2994 4177 3304 4238 magnum
3334 4161 3591 4223 lucrum
3624 4164 3729 4225 fa»

416 4240 574 4314 cies,
604 4243 669 4302 et
698 4239 999 4301 efﬁcieris
1028 4237 1261 4299 Similis
1288 4239 1447 4300 Deo.
1471 4238 1663 4299 Vides
1690 4238 1848 4319 quia
1878 4239 2043 4299 nihil
2069 4240 2295 4318 gratiae
2325 4239 2416 4319 illi
2459 4243 2730 4319 praestas
2754 4283 2770 4311 ,
2803 4237 2916 4319 sed
2963 4237 3125 4300 tibi?
3162 4239 3377 4319 ipsum
3426 4243 3727 4304 meritum

415 4322 593 4414 enim
625 4337 756 4414 non
789 4318 1049 4414 illi,_sed
1084 4319 1197 4380 tibi
1230 4335 1595 4414 comparas.
1627 4318 1795 4392 Quid
1830 4324 2012 4414 ergo,
2054 4319 2298 4414 inquis,
2325 4318 2395 4414 lsi
2426 4319 2511 4381 sit
2542 4317 3162 4414 m‘alrigniisi‘Tanto
3187 4317 3488 4414 amplius
3521 4323 3729 4414 majgr

415 4339 593 4383 enim
625 4337 756 4381 non
789 4337 907 4391 iiii,
941 4337 1049 4381 seu
1084 4337 1197 4380 iini
1230 4337 1595 4410 comparas.
1627 4337 1795 4392 Quia
1830 4337 2012 4398 ergo,
2054 4337 2298 4397 inquis,
2341 4337 2395 4379 sn
2426 4337 2511 4381 sn
2542 4337 2694 4380 maii
2747 4337 2910 4379 nusz
2940 4337 3148 4381 lanio
3187 4337 3469 4414 amplius
3521 4342 3725 4403 major

415 4400 547 4462 eris
602 4405 666 4461 et
716 4399 1009 4461 meritis:
1066 4416 1185 4478 pro
1215 4399 1624 4480 malignitate
1665 4416 1785 4461 sua
1829 4399 2021 4460 debes
2076 4399 2169 4460 illi
2201 4398 2503 4479 gratiam,
2550 4402 2616 4480 et
2658 4337 2752 4480 [ἕ
2774 4399 2947 4477 etsi]
2988 4401 3193 4463 multa
3237 4402 3440 4464 millia
3472 4404 3725 4466 beneﬁ—

419 4481 672 4542 ciorum
720 4480 1106 4558 suscipiens,
1153 4479 1365 4540 adhuc
1394 4479 1604 4541 malus
1637 4496 1980 4559 permanes
2013 4480 2090 4559 [f.
2117 4478 2513 4558 permanet].
2549 4478 2612 4540 Si
2654 4478 2826 4559 enim
2859 4497 2995 4541 non
3056 4486 3229 4543 esset
3261 4482 3445 4544 valde
3493 4485 3729 4558 malus,

419 4578 635 4639 neque
654 4560 770 4622 tibi
801 4578 1046 4645 merces
1072 4559 1260 4645 valde
1287 4563 1628 4645 cresceret.
1656 4558 1927 4645 Proinde
1958 4558 2159 4622 causa
2185 4577 2315 4645 no‘n
2351 4558 2610 4622 amandi
2635 4564 2697 4645 et
2725 4558 3013 4632 dicendi,
3046 4561 3214 4636 Quia
3242 4563 3569 4645 niaiignus
3599 4571 3730 4637 est,

415 4657 621 4704 causa
650 4639 934 4703 amandi.
966 4639 1168 4701 Aufer
1201 4639 1604 4701 contrarium
1635 4643 2046 4712 certatorem,
2075 4644 2138 4701 et
2164 4639 2423 4702 auferes
2455 4640 2833 4703 occasiones
2868 4659 3288 4704 coronarum.
3319 4639 3463 4706 Non
3512 4647 3735 4707 intue~

419 4721 510 4804 ris
542 4737 877 4804 praecones
894 4719 1230 4804 quomodo
1261 4720 1558 4804 sacculos
1587 4736 1793 4781 arena
1821 4720 2171 4804 replentes,
2202 4719 2293 4782 ita
2325 4720 2814 4804 exercitantur?
2849 4722 2946 4783 Tu
2979 4727 3200 4804 autem
3233 4742 3398 4804 apus
3430 4744 3561 4787 non
3607 4726 3731 4787 ha—

418 4802 535 4863 bes
562 4801 848 4863 studium
893 4800 989 4861 his
1029 4800 1399 4878 impendere
1433 4821 1447 4860 :
1478 4801 1674 4879 plena
1703 4807 1803 4862 est
1834 4801 1966 4862 vita
1990 4800 2281 4864 humana
2310 4801 2811 4863 exercitantium
2842 4808 2934 4875 te,
2969 4809 3032 4864 et
3073 4800 3447 4866 facientium
3492 4807 3733 4867 fortio—

420 4899 585 4962 rem.
616 4881 760 4962 Non
813 4879 988 4962 vides
1039 4881 1300 4962 quiaiet
1361 4882 1632 4962 arbores
1683 4887 1933 4962 quanto
1983 4880 2201 4962 ventis
2249 4890 2789 4954 commoventur,
2838 4888 3024 4946 tanto
3086 4885 3369 4962 amplius
3421 4884 3727 4947 fortiores

420 4958 799 5043 efﬁciuntur
824 4966 890 5023 et
918 4958 1177 5043 densae?
1204 4961 1283 5021 Et
1311 4978 1431 5043 nos
1466 4961 1690 5043 igitur,
1714 4958 1779 5043 si
1829 4961 2144 5043 fuerimus
2174 4962 2619 5043 longanimes,
2653 4963 2954 5043 fortiores
3001 4958 3270 5025 erimus.
3320 4966 3435 5027 Vir
3490 4968 3731 5043 longa-

423 5042 648 5110 m'mis,
678 5042 925 5125 inquit,
953 5039 1194 5125 multus
1238 5047 1328 5101 est
1374 5041 1443 5102 in
1475 5039 1977 5125 sapientia_:__qui
2017 5051 2224 5102 autem
2261 5039 2360 5125 est
2381 5040 2854 5125 λίζιιείἰζαιῃίηἰεξ
2908 5044 3099 5125 fortis
3146 5046 3404 5108 stultus.
3445 5039 3729 5106 intueris

424 5127 675 5202 quanta
706 5121 902 5201 hujus
936 5121 1055 5202 viri
1085 5121 1232 5183 laus
1264 5125 1382 5192 est,
1418 5126 1481 5181 et
1509 5125 1759 5202 quanta
1782 5120 2365 5202 illiusiaccusatio?
2393 5122 2640 5190 Fortis,
2672 5120 2927 5201 inquit,
2958 5125 3216 5192 stultus,
3247 5125 3371 5187 hoc
3391 5130 3512 5196 est,
3547 5126 3730 5186 valde

422 5200 687 5264 stultus.
721 5200 997 5263 Proinde
1024 5218 1154 5261 non
1186 5201 1389 5281 simus
1425 5201 1877 5281 pusillanimes
1908 5201 1989 5263 ad
2029 5202 2306 5264 invicem
2336 5222 2352 5263 :
2387 5219 2517 5281 non
2551 5203 2725 5263 enim
2766 5203 2891 5265 hoc
2929 5223 3014 5265 ex
3061 5203 3413 5267 inimicitiis
3477 5206 3729 5268 contin-

422 5284 539 5355 git.
572 5284 683 5345 sed
716 5301 797 5344 ex
837 5279 1374 5363 pusillanimitate
1396 5281 1654 5343 animae.
1684 5280 1748 5342 Si
1787 5300 1941 5345 vero
1969 5284 2163 5347 fuerit
2192 5285 2400 5363 fortis.
2431 5285 2649 5345 omnia
2680 5284 2864 5344 facile
2894 5284 3154 5351 tolerat.
3179 5288 3238 5345 ct
3263 5286 3426 5346 nihil
3448 5302 3733 5363 eampo-

414 5368 990 5458 terifdeniergere,
1024 5359 1671 5458 sedadnti‘anquillos
1698 5378 1842 5458 eain
1874 5367 2103 5458 politus
2128 5362 2401 5458 adducet
2434 5385 2447 5423 :
2483 5383 2648 5458 quos
2682 5365 3016 5458 contingat
3045 5383 3164 5426 nos
3192 5380 3419 5458 omnes
3444 5359 3741 5458 adipisci,

415 5449 628 5528 gratia
662 5450 728 5528 et
754 5439 1204 5528 misericordia
1233 5439 1489 5501 Domini
1526 5441 1730 5528 nostri
1761 5439 1918 5503 Jesu
1952 5441 2217 5528 Christi,
2252 5462 2399 5528 cum
2441 5439 2574 5524 quo
2595 5446 2778 5528 _Patri
2816 5439 2948 5507 una
2994 5464 3143 5508 cum
3179 5450 3407 5508 sancto
3472 5440 3741 5523 Spiritu,

413 5520 652 5608 gloria,
685 5524 1061 5606 imperium,
1090 5520 1327 5594 honor,
1355 5537 1531 5582 nunc
1558 5526 1614 5582 et
1644 5539 1923 5599 semper,
1958 5528 2023 5584 et
2052 5523 2116 5584 in
2150 5524 2391 5587 saecula
2421 5520 2837 5588 saeculorum.
2872 5528 3100 5588 Anien.

1747 5825 2278 5866 ———---:=o==»--——-
