2099 3221
198 169 252 196 387
503 166 662 198 MUTIANO
680 167 805 197 SCIIOL.
825 166 1057 197 lNTERI‘RETE.
1077 185 1114 190 —
1128 168 1205 197 CAP.
1226 166 1277 196 Xl-
1295 167 1411 197 llOJllL.
1434 167 1529 197 XXiV.
1788 168 1842 196 5M

195 227 306 255 vocari
322 221 419 253 Deus.
436 221 505 251 Non
520 221 625 252 solum
641 222 761 253 mundo
775 223 930 261 aequales,
947 223 1002 253 sed
1017 217 1104 252 mille
1119 222 1238 252 talibus
1252 228 1457 260 :quparant.
1471 219 1661 261 meritorum
1676 226 1839 254 momenta

196 267 382 295 sanctorum
398 272 405 291 :
420 262 460 292 Μ
461 261 540 303 clior
553 262 674 301 quippe
682 272 771 303 unus
784 260 902 303 fulciens
917 262 1265 303 voluntatemiDomini,
1284 271 1376 303 quam
1390 261 1490 291 decem
1505 260 1606 291 millia
1621 261 1739 303 iniqui,
1750 263 1843 300 Quod

198 312 276 335 vero
289 304 335 334 sic
349 312 382 333 se
396 302 582 341 peregrinos
599 302 759 333 vocabant
771 301 978 333 manifestum
991 306 1051 333 est.
1065 302 1125 332 Sed
1138 305 1220 337 esto,
1235 301 1288 332 isti
1304 301 1384 332 forte
1401 303 1533 340 propter
1544 301 1843 340 peregrinationem

197 344 349 374 dicebant
363 342 486 381 seipsos
503 342 691 381 peregrinos
707 351 714 371 :
730 342 807 381 quid
830 346 939 373 autem
962 344 1059 373 etiam
1073 341 1199 373 David?
1214 351 1322 372 nonne
1337 350 1396 371 rex
1418 341 1510 371 erat?
1530 350 1638 371 nonne
1661 343 1845 380 propheta?

197 392 307 414 nonne
324 383 357 412 in
373 391 433 423 sua
451 382 556 421 patria
571 382 726 423 degebat?
738 391 841 423 quare
854 392 933 423 ergo
946 383 1029 413 dixit
1045 393 1053 412 :
1069 382 1261 421 Peregrinus
1275 386 1312 423 ret
1330 381 1439 423 hospes
1456 391 1522 411 sum
1533 381 1630 423 (Dic,
1649 386 1759 412 sancte
1773 385 1844 414 Da—

198 423 270 460 vtd,
286 422 449 462 quomodo
467 431 502 453 es
516 422 731 462 peregrinus?
745 422 836 453 Sicut
846 421 955 463 patres
968 445 975 459 ,
992 423 1117 462 inquit,
1133 422 1211 457 mei,
1225 422 1303 461 quia
1319 425 1350 452 et
1366 422 1412 451 illi
1433 421 1594 463 peregrini
1610 426 1713 452 erant.
1730 422 1836 454 Habe-

199 472 283 500 mus,
298 461 428 501 inquit,
455 461 607 501 patriam,
632 470 748 494 revera
761 461 911 502 patriam.
927 461 1097 501 Quombdo
1119 470 1197 501 ergo
1213 465 1247 492 tu
1274 462 1466 501 peregrinus
1487 463 1544 492 es?
1558 461 1595 491 In
1611 464 1708 497 terra,
1726 463 1840 502 inquit.

197 504 337 537 Proinde
354 505 452 535 etiam
475 503 521 533 illi
538 503 571 533 in
586 504 685 534 terra.
705 503 793 533 Sicut
810 503 869 540 illi,
885 503 1003 542 inquit,
1020 504 1067 534 sic
1081 503 1180 534 etiam
1200 512 1271 543 ego.
1302 503 1390 534 Sicut
1411 511 1488 543 ergo
1514 503 1585 540 iste,
1611 503 1658 534 sic
1683 504 1778 534 etiam
1795 504 1853 534 illi.

235 545 425 576 Efﬁciamur
448 544 559 582 itaque
582 543 679 574 etiam
700 551 759 573 nos
775 543 955 582 peregrini,
972 553 1012 574 ne
1027 544 1244 574 confundatur
1264 544 1350 574 Deus
1367 543 1473 574 vocari
1491 543 1575 573 Deus
1591 546 1711 574 noster.
1730 544 1855 574 Confu—

194 587 243 618 sio
259 585 381 624 quippe
402 584 448 614 illi
473 587 537 620 est,
557 583 687 622 quando
704 583 921 624 malignorum
941 583 1110 614 hominum
1129 586 1282 620 vocatur,
1308 586 1339 614 et
1354 583 1523 613 confundit
1545 583 1617 613 illos
1640 584 1736 614 etiam
1759 584 1826 622 ipse
1844 594 1851 613 :

195 623 278 658 sicut
291 623 390 656 etiam
402 623 618 664 gloriﬁcatur,
634 623 764 662 quando
784 623 998 664 benignorum
1014 626 1045 654 et
1060 624 1257 663 optimorum
1274 623 1445 654 hominum
1464 628 1598 664 vocatur
1623 626 1654 664 et
1677 624 1853 654 colentium

194 668 359 698 virtutem.
373 663 507 695 Si’enim
524 672 582 693 nos
605 664 766 693 evitamus
782 663 891 693 vocari
906 663 1030 694 domini
1044 665 1206 694 malorum
1231 672 1420 698 servorum,
1447 666 1479 693 et
1493 663 1709 702 relinquimus
1728 673 1803 702 eos;
1823 667 1856 694 et

197 709 220 738 si
238 715 296 737 nos
312 705 480 744 appellans
495 704 614 742 aliquis
628 703 730 739 dicat,
746 703 824 742 quia
840 703 943 744 multa
958 704 1044 735 mala
1058 706 1232 743 operatur,
1248 713 1326 734 num
1338 712 1451 744 servus
1469 706 1542 744 tuus
1560 704 1629 744 est?
1644 713 1753 733 nonne
1769 714 1846 734 con-

194 747 301 778 festim
312 743 448 776 dicimus
465 744 544 783 quia
557 751 764 783 nequaquam
776 766 784 778 ,
801 743 994 782 repellentes
1009 744 1221 783 opprobrium
1233 744 1247 773 ?
1259 743 1415 774 habitudo
1431 743 1516 773 enim
1532 743 1679 782 quietiam
1696 747 1743 773 est
1760 753 1854 774 servo

194 787 235 818 ad
258 786 444 822 dominum,
462 787 493 815 et
515 784 632 815 transit
647 784 825 823 ignominia
839 784 879 814 ab
895 783 951 814 illo
976 784 1017 815 ad
1041 785 1178 815 illum'“
1202 783 1261 814 Sed
1283 784 1328 814 illi
1349 786 1443 814 erant
1463 784 1563 817 clari,
1589 784 1632 814 ita
1659 783 1853 815 conﬁdentia

195 827 283 867 pleni
297 828 356 867 ,rut
369 834 436 855 non
456 824 563 867 solum
580 832 644 854 non
667 823 936 867 confunderetur,
960 833 1035 855 cum
1054 825 1096 867 ab
1117 825 1180 867 illis
1200 825 1379 867 vocabatur
1397 824 1483 867 Deus
1496 824 1703 867 ,_se~d_—_et_iam
1724 824 1797 867 ipse
1815 825 1854 855 ad

195 863 283 907 ipsos
299 866 427 907 diccbat
445 875 452 907 ς
470 865 554 907 Quia
564 873 700 907 ego_st_tm
717 864 797 894 Deus
810 863 964 907 Abraham
975 887 983 899 ,
1004 869 1031 895 et
1049 865 1132 895 Deus
1148 866 1241 907 Isaac
1253 888 1269 907 ,_
1278 868 1307 894 et
1326 864 1409 907 Dens
1423 863 1741 907 Jacob._l3f[iciamur
1757 865 1855 904 igitur

194 904 253 938 nos
267 930 276 943 ,
299 915 318 936 ο
346 905 566 940 dilectissimi,
583 904 763 935 efﬁciamur
779 904 959 944 peregrini,
981 907 1017 935 ut
1040 913 1106 935 non
1129 904 1348 936 confundatur
1370 904 1409 935 de
1425 904 1519 934 nobis
1538 904 1624 934 Deus
1638 927 1645 939 ,
1662 906 1694 934 et
1722 913 1781 934 nos
1799 914 1855 944 ge-

195 949 311 978 hennae
326 945 508 977 contradat.
524 945 619 975 Tales
636 944 756 983 quippe
771 948 864 975 erant
877 945 940 981 illi,
955 945 1011 984 qui
1025 945 1176 976 dicebant
1192 956 1199 975 :
1216 945 1350 975 Domina
1361 965 1368 978 .
1384 953 1488 974 nonne
1503 945 1537 975 in
1551 945 1676 975 nomine
1697 948 1752 974 tuo
1773 953 1855 984 pro-

192 986 417 1032 elii-{autimas}
440 994 548 1030 nonne_
568 985 603 1016 in
622 985 823 1032 nominentuo
837 985 971 1032 virtutes
992 986 1107 1032 inultas
1121 984 1276 1032 fecimus?
1298 984 1357 1032 sed
1381 984 1535 1030 attendite
1551 984 1729 1032 quidudicit
1745 984 1783 1032 ad
1797 993 1853 1015 eos

194 1024 344 1058 Christus
362 1025 459 1057 :Non
474 1025 611 1056 novivos
626 1025 733 1063 :quod
748 1024 993 1064 faciuntutique
1007 1024 1130 1056 domini
1147 1026 1251 1057 servis
1273 1024 1426 1094 malignis
1446 1025 1717 1055 concurrentibus
1743 1024 1782 1055 ad
1798 1034 1852 1061 se,

195 1068 343 1094 volentes
361 1075 379 1094 a
396 1074 431 1094 se
447 1065 659 1094 onnrobrium
682 1065 835 1094 amoliri:
855 1065 969 1094 Nescio
994 1075 1070 1094 vos.
1099 1066 1263 1094 inquiunt.
1286 1065 1358 1094 Ouit
1387 1073 1465 1094 ergo
1489 1065 1585 1094 punis
1613 1073 1695 1094 uuos
1726 1065 1852 1094 nescis?

195 1068 343 1098 volentes
361 1075 380 1096 a
396 1074 431 1096 se
447 1065 659 1105 opprobrium
682 1065 835 1095 amoliri:
855 1065 969 1096 Nescio
994 1075 1070 1102 vos,
1099 1066 1263 1105 inquiunt.
1286 1065 1368 1102 Quid
1387 1073 1465 1105 ergo
1489 1065 1585 1103 punis
1613 1073 1695 1104 quos
1726 1065 1858 1095 nescis?

197 1108 310 1138 Nescio
326 1106 420 1137 aliter
435 1106 516 1136 dixit
530 1116 537 1135 :
556 1106 616 1135 hoc
632 1107 697 1141 est,
710 1106 837 1144 abnego
850 1114 905 1135 vos
921 1108 951 1136 et
967 1107 1063 1137 evito.
1075 1106 1135 1136 Sed
1150 1106 1264 1137 absita
1281 1105 1374 1136 nobis
1387 1127 1395 1142 ,
1409 1109 1446 1135 ut
1460 1105 1545 1136 hanc
1556 1105 1728 1136 audiamus
1744 1114 1854 1136 vocem

199 1146 443 1187 abnegatoriam
458 1147 489 1176 et
503 1146 748 1187 peremptricem
762 1148 793 1175 et
808 1146 1019 1187 tremendam.
1035 1146 1067 1176 Si
1083 1146 1169 1176 enim
1178 1146 1234 1185 qui
1246 1145 1408 1187 daemones
1424 1145 1652 1187 excludebant,
1665 1148 1696 1175 et
1710 1145 1854 1185 prophe-

201 1185 515 1226 liasdperabantur,
533 1185 610 1226 quia
631 1186 727 1215 vitam
742 1194 817 1226 non
842 1186 1004 1226 habebant
1024 1186 1291 1223 convenientem,
1312 1186 1564 1226 abnegatiisunt
1581 1188 1725 1224 :quanto
1749 1187 1852 1225 magis

201 1235 270 1258 nos.
288 1225 456 1264 Quomodo
477 1225 632 1265 possibile
648 1229 698 1255 est
711 1248 718 1259 ,
732 1225 807 1255 dicit
823 1225 960 1264 aliquis,
978 1229 1013 1257 ut
1026 1227 1082 1265 qui
1101 1226 1287 1265 prophetias
1306 1230 1337 1256 et
1359 1226 1451 1265 signa
1469 1225 1613 1256 fecerunt
1633 1229 1664 1256 et
1691 1225 1853 1257 dannones

198 1267 433 1302 excludebant,
449 1266 675 1305 abnegentur?
687 1265 845 1295 Fortassis
863 1265 970 1297 ﬁdeles
982 1270 1075 1297 erant
1088 1289 1095 1303 ,
1113 1269 1144 1297 et
1159 1269 1270 1305 postea
1293 1266 1407 1297 mutati
1424 1268 1500 1296 sunt
1515 1268 1544 1296 et
1561 1265 1634 1296 facti
1650 1268 1726 1296 sunt
1740 1266 1852 1305 pravi:

198 1311 330 1348 propter
343 1306 431 1346 quod
445 1306 525 1348 nihil
542 1305 893 1348 eisprofuitdeprima
903 1307 1032 1348 virtute.
1049 1308 1118 1337 Non
1134 1307 1220 1348 enim
1238 1306 1372 1348 exordia
1387 1306 1457 1348 sola
1473 1308 1601 1344 oportet
1615 1306 1739 1348 habere
1751 1306 1853 1348 clara,

197 1346 365 1379 sed’etiam
391 1348 422 1377 et
448 1346 545 1376 ﬁnem
572 1346 756 1376 clariorem.
772 1346 828 1377 Dic
844 1346 929 1376 enim
951 1347 1049 1382 mihi,
1068 1356 1175 1377 nonne
1192 1347 1303 1376 rhetor
1320 1346 1406 1376 circa
1431 1346 1527 1375 linem
1545 1346 1701 1376 orationis
1726 1346 1856 1376 festinat

195 1388 317 1419 clarior
333 1395 510 1427 apparere,
539 1388 573 1427 ut
591 1395 664 1427 cum
689 1386 857 1425 plausibus
873 1386 1038 1417 discedat?
1053 1396 1162 1417 nonne
1185 1386 1373 1425 perfunctor
1396 1386 1482 1427 circa
1499 1386 1595 1427 ﬁnem
1617 1386 1854 1425 perfunctionis

196 1437 264 1459 suae
279 1426 455 1467 operasua
469 1426 608 1457 clariora
622 1426 842 1456 demonstrat?
856 1435 963 1457 nonne
977 1427 1099 1458 athleta
1110 1450 1117 1463 ,
1137 1427 1198 1457 nisi
1215 1427 1311 1457 linem
1326 1426 1475 1467 ostendat
1491 1426 1661 1456 clariorem
1674 1448 1681 1462 ,
1699 1429 1729 1467 et
1749 1435 1855 1465 usque

196 1468 237 1500 ad
254 1466 569 1498 consummationem
583 1475 710 1505 semper
724 1470 919 1504 exsuperet,
935 1476 974 1497 ac
989 1467 1014 1497 si
1030 1476 1142 1497 omnz's
1158 1466 1290 1502 vicerit,
1311 1466 1461 1496 vincatur
1481 1468 1590 1496 autem
1613 1475 1631 1496 a
1657 1466 1834 1496 novissimo
1846 1488 1854 1502 ,

196 1517 306 1539 nonne
322 1507 432 1537 omnia
447 1507 493 1537 illi
509 1506 710 1536 infructuosa
725 1506 825 1536 ﬁent?
844 1515 952 1537 nonne
966 1508 1165 1544 gubernator
1176 1529 1183 1543 ,
1208 1507 1234 1537 si
1258 1506 1392 1545 pelagus
1410 1508 1512 1543 totum
1528 1508 1752 1544 pertranseat,
1768 1506 1856 1537 circa

203 1551 332 1585 portum
348 1550 456 1589 autem
471 1545 779 1589 confringatratem,
792 1554 921 1589 munem
940 1548 1080 1586 perdidit
1095 1549 1287 1589 anteriorem
1303 1549 1468 1589 laborem?
1484 1549 1569 1586 Quid
1583 1548 1679 1589 etiam
1696 1549 1858 1580 medicus?

203 1594 313 1616 nonne
328 1585 368 1629 _si
395 1584 544 1615 liberavit
570 1588 775 1629 aegrotantem
804 1584 1027 1629 morbofcum
1053 1591 1160 1618 autem
1185 1587 1223 1618 ad
1242 1588 1481 1629 perfectionem
1497 1584 1618 1619 salutis
1640 1592 1858 1629 perventurus

201 1625 532 1668 eratmg‘rotusttunc
548 1625 619 1668 ejus
643 1629 827 1668 corrumpat
842 1626 1079 1668 valetudinem,
1101 1635 1220 1668 nonne,
1239 1625 1384 1667 inquam,
1402 1632 1504 1658 totum
1526 1636 1609 1667 opus
1635 1625 1812 1667 corrumpit
1828 1634 1860 1658 el.

205 1664 331 1703 perdit?
347 1664 399 1695 Sic
412 1664 551 1695 etiamin
572 1664 689 1706 virtute
706 1665 874 1704 contingit.
888 1666 1054 1706 Quotquot
1070 1667 1215 1698 exordiis
1232 1664 1325 1698 tinem
1344 1675 1409 1698 non
1428 1664 1607 1706 posuerunt
1622 1664 1858 1706 compete'ntem

204 1708 236 1734 et
260 1707 576 1749 consequentem‘et'
594 1704 832 1749 concinentem,
852 1704 1017 1749 perierunt
1041 1710 1071 1737 et
1095 1711 1239 1745 corrupti
1264 1711 1361 1749 sunt._
1380 1704 1480 1749 Tales
1493 1715 1633 1749 namque
1649 1704 1726 1738 sunt
1746 1707 1803 1746 qui
1819 1715 1861 1738 ex

204 1742 387 1774 carceribus
407 1743 488 1783 ipsis
501 1742 577 1773 clari
594 1746 625 1773 et
637 1744 816 1784 gestientes
833 1742 1018 1782 prosiliunt,
1035 1750 1147 1784 postea
1163 1742 1240 1777 vero
1261 1746 1456 1777 dissolutius
1474 1742 1646 1778 laxiusoue
1666 1742 1834 1778 moveatur
1850 1759 1858 1778 :

199 1787 321 1818 idcirco
336 1782 445 1824 palma
466 1784 659 1815 fraudantur
671 1805 679 1819 ,
693 1791 713 1814 a
732 1782 871 1824 Domino
892 1792 958 1813 non
974 1782 1210 1824 agnoscuntur.
1227 1784 1406 1815 Audiamus
1421 1784 1519 1823 igitur
1533 1785 1601 1815 hinc
1613 1807 1621 1821 ,
1639 1786 1695 1824 qui
1714 1794 1863 1819 amamus

199 1823 356 1867 pecunias
373 1836 380 1855 :
397 1824 503 1867 major
517 1824 639 1867 quippe
654 1825 703 1854 est
716 1823 900 1867 cupiditatis
918 1824 1073 1867 iniquitas
1091 1835 1098 1854 :
1117 1823 1224 1854 Radix
1237 1824 1318 1867 enim
1336 1823 1473 1867 omnium
1483 1825 1641 1867 malorum
1651 1823 1864 1867 festinent-irim

201 1863 417 1898 hdvertamus
435 1863 491 1904 qui
507 1863 657 1895 volumus
672 1863 828 1904 majorem
843 1864 1060 1895 substantiam
1072 1867 1218 1894 nostram
1242 1863 1365 1900 facere,
1379 1864 1585 1894 advertamus
1602 1867 1634 1896 et
1654 1866 1863 1904 quiescamus

201 1908 244 1939 ab
255 1906 404 1943 avaritia,
422 1903 463 1935 ne
477 1904 648 1943 audiamus
663 1903 749 1943 quod
765 1903 810 1933 illi
826 1912 957 1943 quoque
968 1904 1153 1935 audierunt.
1167 1904 1258 1934 Nune
1278 1912 1317 1935 ea
1333 1904 1503 1934 audiamus
1518 1903 1862 1944 ett-ontre’miseamus,

202 1956 245 1978 ne
260 1950 335 1977 tunc
349 1955 388 1976 ea
406 1945 489 1976 male
506 1943 678 1976 audiamus
696 1953 703 1973 :
723 1953 811 1974 nunc
826 1943 1031 1974 advertamus
1048 1953 1121 1975 cum
1136 1944 1251 1974 timore
1264 1966 1271 1978 ,
1288 1953 1327 1974 ne
1342 1946 1419 1974 tunc
1434 1953 1506 1973 cum
1520 1945 1687 1983 suppliciis
1703 1943 1864 1978 advertat;

203 1997 276 2018 mus
294 1997 300 2016 :
319 1985 477 2016 Discedite
491 1995 510 2014 a
525 1994 587 2018 me,
603 1991 770 2023 numquam
785 1984 904 2023 agnovi
914 1993 980 2017 vos.
998 1993 1057 2015 nec
1074 1987 1151 2014 tunc
1164 2007 1172 2020 ,
1184 1984 1307 2023 inquit,
1324 1984 1454 2022 quando
1466 1984 1651 2023 prophetias
1665 1987 1863 2018 ostendeba—

203 2028 244 2058 tis
259 2030 288 2058 et
304 2027 466 2057 daemones
483 2023 687 2065 effugabatis,
699 2023 871 2065 Fortassis
887 2025 984 2065 etiam
1001 2024 1034 2054 in
1052 2025 1123 2055 loco
1141 2027 1172 2054 et
1188 2024 1275 2054 aliud
1300 2024 1452 2062 quiddam
1475 2024 1636 2064 significat.
1648 2048 1655 2060 ,
1681 2029 1711 2056 et
1731 2028 1807 2065 quia
1833 2031 1881 2057 et,

202 2071 282 2098 tunc
295 2067 368 2097 VlltB
382 2068 476 2097 erant
491 2065 660 2104 pessima:
678 2064 711 2093 in
727 2064 805 2103 ipsis
817 2064 938 2104 quippe
952 2064 1051 2095 initiis
1073 2067 1103 2094 et
1117 2074 1174 2103 per
1190 2065 1338 2103 indignos
1363 2065 1561 2103 operabatur
1580 2066 1695 2104 gratia.
1722 2064 1752 2096 Si
1777 2068 1864 2097 enim

203 2118 263 2147 per
278 2107 409 2138 Balaam
424 2108 559 2147 operata
581 2104 767 2147 est,_multo
783 2105 885 2144 magis
914 2107 1024 2147 et__p_er
1038 2104 1192 2147 indignos
1207 2127 1215 2141 ,
1237 2106 1370 2147 propter
1393 2104 1473 2147 alios
1494 2105 1679 2147 lucrandos.
1697 2106 1728 2136 Si
1753 2110 1862 2137 autem

204 2144 299 2187 signa
316 2153 347 2177 et
362 2146 508 2186 prodigia
533 2153 598 2187 non
612 2144 787 2187 valuerunt
814 2153 833 2174 a
854 2145 1021 2187 suppliciis
1038 2144 1193 2187 liberare,
1212 2144 1314 2187 multo
1330 2144 1469 2183 amplius
1483 2144 1532 2187 .Asi
1553 2146 1584 2174 in
1601 2146 1791 2177 sacerdotali
1811 2148 1865 2177 di—

204 2184 326 2228 giiitate
353 2184 528 2228 quisquam
550 2185 593 2228 sit
610 2184 805 2228 constitutus
820 2206 828 2220 ,
853 2193 892 2215 ac
915 2185 941 2215 si
966 2184 1004 2215 ad
1021 2184 1224 2228 superiorem
1246 2184 1598 2228 honorempertingat,
1619 2194 1657 2216 ac
1671 2187 1697 2216 si
1724 2187 1755 2216 in
1771 2188 1864 2218 ordi—

206 2224 339 2259 natione
359 2224 429 2266 ejus
441 2224 606 2265 ’operetur
627 2225 752 2266 gratia,
776 2228 907 2263 propter
920 2233 975 2255 eos
990 2224 1046 2263 qui
1062 2224 1246 2266 praepositis
1259 2234 1341 2264 opus
1361 2224 1481 2255 habent
1499 2235 1506 2254 :
1524 2225 1633 2256 audiet
1646 2229 1752 2257 tamen
1768 2228 1865 2259 etiam

206 2269 276 2308 ipse
288 2290 295 2304 ,
312 2264 692 2308 Numquamtecoguovi
704 2287 712 2300 ,
728 2273 834 2303 neque
848 2269 942 2308 tunc,
960 2264 1211 2308 neq_ue_quan_do
1239 2264 1272 2295 iu
1291 2266 1551 2308 eo_operabatur
1564 2266 1680 2308 gratia.
1698 2266 1724 2296 Ο
1742 2272 1866 2306 quanta

206 2305 255 2339 e'st
276 2308 350 2338 vita:
372 2306 548 2336 munditia!
577 2307 735 2343 quantum
760 2305 919 2346 quaeritur
947 2305 1033 2344 apud
1057 2305 1177 2346 Deum!
1204 2305 1368 2346 quomodo
1384 2305 1454 2344 ipsa
1475 2305 1636 2346 sufﬁcitin
1654 2305 1790 2346 regnum
1807 2318 1865 2339 nos

207 2347 570 2387 introducere?Absens
587 2348 696 2387 autem
712 2345 968 2387 prodetvirum,
984 2354 1023 2376 ac
1038 2345 1065 2387 si
1087 2344 1197 2376 decem
1223 2345 1325 2387 millia
1344 2345 1559 2387 possitrsigna
1586 2349 1617 2387 et
1646 2344 1792 2387 prodigia
1807 2349 1866 2379 de—

208 2390 403 2419 monstrare.
429 2386 580 2427 Nihiliita
603 2384 743 2427 laetiﬁcat
756 2385 975 2427 Deum‘,‘sicut
987 2385 1109 2425 optima
1120 2385 1336 2427 conversatio.
1353 2385 1391 2416 Si
1406 2386 1485 2427 enim
1499 2386 1636 2425 diligitis
1647 2384 1722 2420 ﬁne.
1742 2384 1847 2427 inquit
1858 2411 1874 2423 ..

208 2439 273 2459 non
290 2428 387 2463 dixit,
404 2427 502 2465 Signa
518 2426 622 2462 facile,
642 2425 698 2465 sed
711 2424 1083 2464 inquityMandata’mea
1096 2430 1236 2459 servate;
1252 2428 1282 2456 et
1301 2426 1415 2456 iterum
1427 2448 1435 2462 ,
1447 2425 1549 2457 Amici
1561 2424 1620 2457 inci
1635 2427 1722 2458 erilis
1734 2451 1741 2461 ,
1759 2424 1822 2458 non
1838 2430 1864 2459 si

208 2469 369 2500 daemones
386 2464 591 2498 eucluserilis
607 2489 613 2501 ,
630 2464 703 2502 sed,
718 2465 746 2496 si
766 2465 954 2496 custodiatis
965 2465 1059 2496 verba
1072 2475 1149 2496 mea.
1167 2466 1225 2496 Illa
1238 2466 1368 2505 quidem
1390 2466 1488 2495 divini
1517 2469 1593 2496 sunt
1608 2469 1769 2503 muneris,
1796 2469 1863 2499 llit‘t:

208 2512 317 2540 autem
335 2511 408 2547 post
432 2506 487 2537 Dei
514 2506 634 2547 donum
648 2506 745 2536 etiam
765 2506 874 2547 nostri
890 2508 966 2547 sunt
982 2506 1091 2537 studii.
1116 2506 1319 2547 Festinemus
1335 2506 1444 2544 itaque
1461 2506 1529 2536 ﬁeri
1548 2506 1642 2537 amici
1661 2507 1717 2537 Dei
1733 2530 1740 2542 ,
1755 2510 1864 2538 etnon

209 2545 606 2589 permaneamusinimici.
619 2545 751 2589 Semper
764 2546 832 2576 haec
847 2546 1002 2589 dicimus_,,
1022 2555 1150 2589 semper
1166 2546 1231 2589 haec
1254 2555 1423 2589 monemus
1449 2549 1480 2576 et
1499 2555 1555 2577 vos
1575 2549 1606 2576 et
1626 2548 1865 2589 nosmetipsos;

209 2586 263 2620 Sed
282 2588 422 2628 amplius
440 2586 567 2628 nihilﬁt
583 2596 590 2616 :
607 2587 650 2628 ob
663 2594 762 2625 quam
774 2595 843 2628 rem
861 2586 957 2628 etiam
970 2586 1079 2617 timeo.
1093 2586 1133 2616 Et
1148 2586 1262 2628 vellem
1276 2586 1406 2628 quidem
1425 2590 1532 2628 tacere
1545 2609 1552 2622 ,
1568 2587 1715 2628 ne_vobis
1737 2589 1867 2626 pericu-

209 2630 277 2660 lum
292 2625 433 2660 crescat:
454 2627 572 2666 saapius
594 2626 713 2665 quippe
733 2626 915 2662 audiendo,
937 2629 970 2657 et
988 2635 1094 2665 neque
1112 2627 1158 2657 sic
1180 2625 1343 2662 faciendo,
1370 2627 1586 2656 exacerbatur
1612 2625 1782 2657 Dominus.
1807 2629 1864 2659 Sed

209 2670 308 2700 timeo
324 2669 421 2699 etiam
434 2665 508 2707 ipse
523 2667 609 2697 aliud
625 2666 805 2707 periculum
822 2677 829 2696 :
845 2667 907 2697 hoc
920 2669 967 2696 est
979 2689 986 2703 ,
1002 2666 1119 2697 silentii
1133 2667 1214 2702 mei,
1230 2666 1256 2697 si
1272 2665 1401 2707 quidem
1418 2668 1549 2696 lacuero
1564 2667 1596 2696 in
1617 2667 1703 2697 verbi
1723 2668 1868 2699 minisle~

212 2710 295 2740 rium
320 2708 525 2740 constitutus.
547 2707 628 2744 Quid
649 2715 726 2748 ergo
743 2706 916 2743 faciemus,
940 2710 975 2736 ut
1000 2706 1445 2748 salvemurtAggrediamur
1470 2707 1632 2748 virtutem
1648 2716 1722 2737 cum
1740 2711 1866 2748 tempus

212 2750 370 2781 habemus
382 2772 390 2785 ,
404 2748 636 2778 distribuamus
654 2747 789 2777 virtutes
806 2748 913 2783 nobis,
929 2748 1012 2777 sicut
1027 2747 1086 2777 sibi
1101 2747 1300 2781 distribuunt
1316 2747 1553 2786 agriculturam
1565 2747 1716 2786 agricola:
1732 2758 1738 2777 :
1757 2748 1788 2778 in
1806 2747 1868 2780 hoc

212 2799 323 2821 mense
339 2790 507 2820 vincamus
523 2787 737 2818 detractiones
748 2809 755 2823 ,
772 2786 908 2827 injurias
920 2810 927 2823 ,
941 2787 1140 2818 iracundiam
1154 2810 1161 2824 ,
1179 2786 1387 2826 injustitiam;
1404 2790 1436 2817 et
1453 2787 1597 2817 dicamus
1610 2811 1617 2823 ,
1632 2787 1790 2826 Hodieyab
1806 2789 1868 2821 hoc

211 2839 271 2861 nos
287 2829 364 2875 vitio
374 2828 574 2875 corrigamus
591 2827 836 2875 :.in_illo'autem
851 2836 962 2873 mense
977 2828 1166 2875 patientiam
1179 2827 1352 2875 doceamus
1364 2849 1371 2863 ,
1388 2830 1418 2857 et
1435 2828 1467 2857 in
1488 2827 1557 2875 alio
1568 2827 1666 2875 aliam
1688 2828 1837 2875 virtutem
1859 2841 1866 2859 :

211 2873 330 2901 etcum
347 2870 431 2900 hanc
447 2867 596 2899 virtutem
609 2867 642 2897 in
657 2867 768 2908 habitu
783 2868 1022 2906 perceperimus
1037 2890 1045 2904 ,
1062 2868 1100 2899 ad
1118 2868 1213 2898 aliam
1230 2870 1434 2908 transeamus
1454 2877 1460 2896 :
1478 2867 1562 2908 sicut
1576 2867 1681 2898 :olent
1696 2868 1845 2908 discipuli
1861 2892 1868 2906 ,

211 2911 268 2949 qui
284 2919 358 2949 qua)
371 2907 826 2949 acquisierunt,custodiunt:
839 2916 912 2946 quae
929 2917 1004 2949 vero
1019 2908 1153 2938 necdum
1168 2908 1367 2943 didicerunt,
1383 2907 1534 2938 discendo
1545 2908 1743 2949 acquirunt,
1760 2907 1866 2941 disca-

212 2947 400 2982 mus’etiam
420 2947 490 2980 nos.
521 2949 593 2979 Post
617 2948 711 2983 istam
740 2947 890 2978 virtutem
916 2948 1083 2979 veniamus
1117 2949 1153 2979 ad
1186 2950 1404 2987 contemptum
1434 2948 1659 2987 pecuniarum.
1688 2950 1734 2980 Ac
1760 2950 1867 2988 primo
