4198 6454
530 374 636 430 43.5
1120 379 1438 436 MUTIANO
1478 378 1723 436 SCIIOL.
1769 380 2232 437 INTERPRETE.
2282 416 2348 424 --
2391 384 2544 442 CAP.
2591 384 2706 442 Xll.
2752 386 2989 449 llOMIL.
3034 387 3224 443 XXIX.
3722 391 3822 444 ιρι

606 477 1149 563 Disciplinaergo
1173 478 1584 563 participatio
1615 479 1975 541 sanctitatis
2006 486 2136 553 est,
2169 484 2233 563 et
2275 481 2582 563 maxime,
2617 481 2669 542 si
2707 481 2795 542 ita
2828 482 3283 561 negligentiam
3327 484 3526 562 pellit,
3564 486 3825 563 cupidi—

525 563 687 644 lelles
731 556 1048 644 εᾎίυιυάίὶ,
1079 558 1494 644 εωουιιεινίιιιη
1512 576 1727 644 rerum
1745 576 1997 644 amores
2022 561 2353 644 emolitur,
2375 556 3033 644 animamconver'tit,
3052 562 3201 624 facit
3222 556 3364 623 eam
3383 566 3602 626 omnia
3628 556 3823 644 liujus

528 641 671 722 vitae
689 638 955 714 culpare
977 657 990 695 :
1011 636 1391 722 hucquippe
1407 637 1689 722 estquod
1710 638 1853 713 [ἀεὶ.
1879 640 2075 722 quod]
2099 642 2461 722 tribulatio:
2488 659 2634 722 cum
2661 640 2996 722 haecfiunt,
3023 660 3238 703 nonne
3254 636 3825 722 sanctumpertici-

520 720 658 801 tur?
676 734 895 801 nonne
919 716 1263 793 specialem
1280 715 1347 792 [ι.
1371 716 1800 801 spiritualem]
1818 715 1983 801 ad’se
1998 715 2271 799 gratiam
2286 721 2640 798 pertrahit?
2657 720 3151 782 Consideremus
3165 722 3400 801 justos,
3419 715 3591 786 unde
3606 728 3823 787 cuncti

518 797 876 881 claruerint
910 816 924 853 :
959 812 1176 854 nonne
1194 812 1308 872 per
1328 796 1782 881 tribulationes
1804 801 1831 857 ?
1860 796 2361 881 Enumeremus,
2378 801 2437 881 usi
2464 801 2697 878 placet,
2727 802 2811 881 ab
2831 801 2970 878 ipso
2992 796 3380 874 initioAbel,
3406 805 3619 881 ipsum
3641 806 3777 865 Noe
3802 826 3815 863 :

519 895 649 958 uon
683 877 856 958 enim
902 881 1137 958 potest,
1170 875 1548 958 cumusolus
1566 878 1648 936 sit
1685 876 1751 936 in
1786 879 2196 939 multitudine
2238 875 2674 958 malignorum
2715 875 2956 958 justus,
2992 875 3523 945 tribulationibus
3555 901 3687 944 non
3720 883 3824 947 af-

518 953 673 1037 ﬂigi.
709 956 849 1018 Noe
879 955 1129 1047 quippe,
1166 954 1624 1047 inquit,ns_olus
1657 961 1972 1047 perfectus
2022 967 2155 1047 erat
2186 959 2254 1047 iu
2295 953 2879 1047 gerieratione'sua,
2913 968 2969 1047 e_t
3003 962 3146 1047 _Dco
3196 963 3468 1047 placuit.
3522 964 3819 1047 Intellige

516 1034 801 1115 namque
830 1034 987 1115 mihi
1017 1034 1191 1111 quod
1220 1034 1383 1096 dico.
1419 1035 1483 1095 Si
1516 1034 1689 1097 nunc
1721 1034 1847 1099 tam
1885 1038 2197 1115 plurimos
2228 1034 2569 1110 habentes,
2607 1056 2890 1115 quorum
2921 1034 3227 1101 debemus
3262 1044 3556 1104 zemulari
3598 1034 3819 1105 virtti-

513 1113 797 1188 tem,’sic
827 1113 1176 1198 affligimur
1205 1135 1219 1172 :
1253 1114 1410 1198 quid
1462 1113 2057 1198 putasgpatiebatur
2106 1117 2214 1178 ille
2247 1118 2426 1179 solus
2476 1118 2542 1178 in
2596 1113 2776 1179 tanto
2828 1137 3100 1180 numero
3134 1123 3608 1198 pessimorum?
3652 1124 3816 1184 Num

517 1197 739 1281 vultis,
773 1200 844 1256 ut
870 1194 1082 1256 dicam
1111 1195 1459 1281 quaecirca
1486 1195 1821 1281 diluvium-
1844 1198 2309 1281 contigerunt?
2342 1214 2428 1281 an
2461 1198 2653 1259 vultis
2698 1201 2781 1281 ut
2817 1199 3099 1281 Abrahie
3116 1194 3622 1281 demigrationes
3676 1204 3817 1265 fre—

512 1280 786 1356 quentes
815 1291 1151 1356 enarrem,
1174 1278 1288 1333 aut
1311 1273 1736 1356 direptionem
1767 1275 1906 1355 ejus
1947 1273 2199 1348 ux—oris,
2229 1283 2344 1338 aut
2367 1277 2619 1339 diversa
2650 1278 2963 1355 pericula,
3005 1280 3174 1341 bella
3205 1273 3581 1353 numerosa,
3612 1282 3813 1344 fames

512 1353 727 1419 tantas
760 1360 823 1416 et
853 1354 1061 1441 tales?
1103 1353 1268 1412 Num
1304 1355 1504 1441 vultis
1546 1360 1617 1416 ut
1645 1353 1978 1441 revolvam
2021 1362 2269 1435 quanta
2323 1358 2507 1441 Isaac
2550 1353 3456 1441 pertulerit?_7Ex_agitabatur
3495 1362 3808 1441 undique,

509 1444 573 1499 et
619 1433 1160 1519 persequutiones
1212 1433 1601 1519 patiebatur,
1652 1435 2002 1519 laborabat
2043 1433 2459 1519 mercenaria
2490 1433 2837 1519 servitute,
2870 1439 3015 1499 aliis
3068 1433 3346 1519 fructum
3390 1442 3631 1503 laboris
3670 1433 3812 1519 ejus

508 1513 943 1578 sumentibus.
973 1514 1138 1600 Num
1171 1513 1360 1573 vultis
1396 1518 1466 1573 ut
1492 1514 1690 1576 Jacob
1718 1517 1897 1600 vobis
1928 1517 2279 1600 producam
2313 1517 2377 1600 in
2414 1516 2747 1600 medium?
2776 1518 2853 1577 Et
2882 1520 3103 1579 omnia
3138 1518 3398 1596 quidem
3442 1521 3586 1600 ejus
3614 1513 3809 1582 enar-

508 1614 657 1658 rare
689 1594 1297 1677 necessariumesse
1329 1611 1459 1653 non
1487 1599 1679 1677 puto,
1699 1595 1811 1656 sed
1844 1596 2284 1677 testimonium
2314 1595 2455 1675 ejus
2486 1598 2776 1673 proferre
2812 1594 3250 1677 opportunum
3281 1594 3550 1677 prorsus
3580 1601 3815 1662 existi—

508 1695 655 1737 mo:
696 1675 835 1752 ipse
870 1674 1111 1750 quippe
1141 1673 1413 1757 loquens
1436 1691 1582 1734 cum
1617 1675 1954 1737 Pharaone
1990 1696 2005 1735 :
2034 1674 2299 1757 iModiAci
2324 1673 2603 1757 (inquit,
2650 1686 2703 1736 et
2732 1673 2995 1755 ηιαιὶῥηὶ
3029 1678 3188 1757 facti
3218 1673 3364 1739 sunt
3395 1680 3526 1742 dies
3561 1682 3719 1748 mei,
3759 1690 3815 1741 et

503 1774 639 1817 non
677 1750 1101 1837 pervenerunt
1142 1750 1223 1811 ad
1266 1750 1405 1837 dies
1421 1762 1678 1837 patrum
1705 1773 1997 1837 meorum.
2030 1756 2197 1816 Num
2226 1750 2478 1837 Joseph'
2500 1757 2692 1837 vultis
2731 1762 2801 1816 ut
2839 1750 3097 1819 dicam?
3128 1775 3259 1818 non
3290 1759 3505 1837 ipsum
3539 1761 3771 1821 Mosen.
3800 1805 3816 1828 .

506 1832 912 1896 numﬁlesum
943 1832 1138 1915 Nave,
1178 1849 1332 1915 num
1368 1832 1601 1915 David,
1626 1851 1781 1893 num
1810 1835 2084 1915 Heliam,
2118 1853 2270 1915 num
2300 1832 2691 1910 Samuelem,
2716 1854 2872 1895 num
2904 1838 3251 1915 prophetas
3272 1841 3299 1898 ?
3319 1832 3539 1900 nonne
3568 1840 3821 1901 univer-

506 1934 612 1978 sos
672 1916 827 1975 istos
876 1930 958 1973 ex
1017 1910 1545 1986 tribulationibus
1596 1915 1883 1990 reperies
1931 1914 2436 1975 claruisse?Dic
2466 1915 2639 1975 enim
2692 1910 3000 1986 mihiftu
3030 1910 3116 1978 ex
3145 1920 3275 1978 otio
3325 1925 3387 1980 et
3434 1919 3680 1981 deliciis
3724 1920 3822 1978 vis

506 1997 725 2056 clarus
776 1990 1135 2073 exsistere?
1187 1989 1304 2051 Sed
1360 1990 1483 2051 hoc
1535 1989 1793 2073 penitus
1847 2010 1975 2053 non
2034 1994 2303 2054 valebis.
2364 1995 2531 2054 Num
2603 1997 2934 2073 apostolos
2995 1997 3191 2058 vultis
3248 2004 3320 2059 ut
3371 1999 3635 2060 dicam?
3696 1999 3821 2059 Sed

504 2075 700 2137 etiam
749 2071 870 2153 ipsi
913 2088 1181 2153 omnes,
1239 2076 1556 2153 quantum
1612 2072 1689 2153 ad
1744 2073 2225 2153 tribulationem
2290 2071 2915 2153 pertinethaateros
2970 2084 3386 2153 superarunt.
3446 2078 3565 2138 Sed
3621 2079 3820 2139 etiam

505 2148 796 2219 Christus
829 2151 951 2212 hoc
988 2150 1198 2209 dixit:
1233 2148 1315 2209 In
1357 2151 1623 2219 mundo,
1673 2152 1912 2229 inquit,
1956 2148 2427 2214 tribulationem
2471 2152 2813 2221 habebitis;
2865 2161 2929 2215 et
2984 2148 3254 2229 iterum,
3325 2159 3448 2219 Vos
3476 2157 3815 2237 plorabitic

509 2254 560 2305 et
613 2243 924 2324 lugebitis,
985 2245 1257 2307 mundus
1290 2254 1493 2306 autem
1545 2243 1859 2323 gaudebit.
1916 2244 1993 2303 Et
2046 2243 2202 2320 quia
2260 2243 2360 2303 via
2413 2242 2639 2324 salutis
2693 2248 2872 2324 arcta
2908 2248 3005 2324 est
3045 2247 3455 2324 et_angusta,
3510 2244 3645 2321 ipse
3675 2246 3811 2303 Do—

512 2322 718 2385 minus
763 2325 909 2385 vita:
953 2325 1075 2385 hoc
1110 2325 1272 2384 dixit
1305 2344 1321 2383 :
1353 2322 1559 2385 Arcta’
1594 2332 1718 2390 est,
1766 2324 2001 2401 inquit.
2043 2331 2097 2382 et
2144 2330 2413 2399 augusta
2457 2322 2601 2389 via,
2652 2340 2786 2401 qua:
2831 2322 3006 2383 ducit
3043 2322 3125 2383 ad
3174 2323 3390 2382 vitam.
3451 2324 3546 2382 Tu
3589 2329 3807 2383 autem

515 2404 861 2480 spatiosam
888 2405 1128 2480 quaeris
1162 2425 1177 2462 :
1208 2408 1271 2465 et
1299 2402 1626 2482 quomodo
1665 2420 1794 2463 non
1838 2408 1936 2464 est
1976 2402 2145 2482 istud
2176 2401 2580 2482 absurdum?
2621 2403 2970 2482 Propterea
2998 2420 3129 2462 non
3162 2401 3539 2482 adipisceris
3574 2404 3768 2462 vitam
3790 2447 3804 2472 ,

511 2483 663 2559 quia
694 2502 809 2559 per
843 2483 1041 2544 aliam
1072 2481 1425 2562 ingrederis
1460 2483 1660 2555 viam,
1711 2483 1821 2544 sed
1869 2482 1947 2545 ad
1996 2481 2385 2562 perditiones
2431 2481 2689 2562 venies;
2736 2481 2892 2562 illuc
2913 2498 3204 2562 namque
3244 2481 3639 2562 descendens
3691 2483 3811 2543 iter

510 2562 778 2641 elegisti.
817 2563 1026 2623 Vultis
1060 2560 1254 2624 etiam
1284 2568 1354 2623 ut
1390 2562 1824 2640 producamus
1865 2563 1927 2621 in
1962 2561 2239 2622 medium
2285 2579 2422 2631 eos,
2466 2561 2579 2641 qui
2621 2562 2684 2620 in
2717 2560 2959 2641 deliciis
2995 2561 3361 2641 conversati
3399 2566 3574 2631 sunt,
3603 2579 3641 2622 a
3680 2580 3811 2621 no—

514 2640 790 2731 visSimis
816 2642 893 2703 ad
928 2642 1171 2731 primos
1202 2642 1503 2731 superius
1526 2644 1980 2731 recurrentes?
2009 2641 2200 2701 Dives
2233 2641 2339 2731 ille
2365 2640 2477 2718 qui
2506 2641 2838 2731 peruritur
2858 2640 2923 2700 in
2946 2640 3200 2731 camino
3233 2641 3399 2731 ignis
3425 2662 3440 2712 ;
3467 2641 3808 2731 Judaeiqui

513 2722 705 2783 vitam
736 2738 919 2783 suam
954 2724 1158 2784 ventri
1186 2723 1511 2783 donavere
1546 2721 1961 2799 perdendam,
1985 2738 2266 2797 quorum
2296 2720 2452 2781 deus
2484 2726 2707 2781 venter
2731 2724 2859 2792 est;
2890 2720 2985 2781 vel
3018 2721 3109 2779 illi
3138 2721 3248 2797 qui
3276 2720 3340 2778 in
3368 2738 3585 2780 eremo
3608 2721 3809 2781 otium

512 2801 916 2878 requirentes
963 2802 1321 2879 perierunt,
1352 2802 1519 2862 sicut
1570 2802 1763 2863 etiam
1818 2801 1884 2861 in
1931 2800 2245 2871 Sodomis,
2280 2804 2543 2877 prOpter
2569 2799 3090 2938 gastrimargiam
3119 2800 3485 2876 consumpti
3524 2805 3718 2859 sunt:
3750 2806 3811 2862 et

512 2881 602 2938 illi
635 2881 748 2938 aui
775 2882 1173 2938 temnoribus
1209 2883 1339 2938 Noe
1368 2880 1653 2938 fuerunt.
1691 2898 1908 2938 nonne
1932 2880 2090 2938 auia
2120 2880 2447 2938 humidam
2474 2888 2537 2938 et
2613 2879 2950 2938 issolutam
2981 2879 3355 2938 persequuti
3388 2884 3542 2938 sunt
3570 2880 3760 2938 vitam
3784 2882 3811 2938 ?

512 2881 602 2941 illi
635 2881 748 2959 qui
775 2882 1173 2958 temporibus
1209 2883 1339 2943 Noe
1368 2880 1653 2951 fuerunt,
1691 2898 1908 2941 nonne
1932 2880 2090 2957 quia
2120 2880 2447 2941 humidam
2474 2888 2537 2939 et
2569 2879 2950 2941 dissolutam
2981 2879 3355 2959 persequuti
3388 2884 3542 2939 sunt
3570 2880 3811 2941 vitam?

517 2961 594 3020 1η
619 2957 1039 3028 saturitatem,
1072 2962 1307 3038 inquit,
1334 2961 1522 3040 panis
1552 2959 1953 3041 deﬂuxerunt
1974 2959 2205 3041 ,7de_iis
2236 2960 2346 3041 qui
2380 2959 2445 3019 in
2478 2959 3221 3041 Sodomishabitahanl.
3268 2957 3609 3041 Stantem
3627 2960 3810 3041 panis

511 3042 819 3102 saturitas
854 3045 1104 3101 tantum
1140 3038 1501 3119 iniquitatis
1531 3038 1861 3114 operatur,
1895 3038 2049 3117 quid
2085 3038 2424 3098 dicendum
2455 3043 2553 3099 est
2578 3038 2655 3098 de
2699 3038 2865 3119 aliis
2890 3038 3316 3099 condimentis
3338 3040 3365 3096 ?
3394 3038 3557 3112 Quid
3588 3039 3762 3100 Esau
3784 3042 3811 3097 Ἰ

512 3139 730 3181 nonne
758 3120 825 3179 in
852 3121 1007 3180 vitio
1029 3118 1341 3199 degebat?
1369 3121 1523 3198 quid
1547 3121 1673 3193 illi,
1696 3120 1807 3197 qui
1836 3123 2099 3196 aspectu
2126 3119 2547 3199 pulchrarum
2571 3118 2871 3199 captivati
2902 3122 3053 3199 sunt
3082 3118 3427 3199 mulierum
3446 3163 3461 3187 ,
3495 3119 3605 3199 qui
3629 3125 3813 3180 erant

514 3202 577 3259 in
612 3217 889 3261 numero
932 3197 1213 3260 ﬁliorum
1257 3197 1409 3270 Dei,
1443 3206 1506 3261 et
1535 3218 1649 3277 per
1681 3217 1962 3277 praeceps
1991 3199 2069 3260 ad
2104 3197 2428 3259 infernum
2470 3198 2755 3258 libidinis
2800 3197 3214 3258 deciderunt?
3244 3197 3399 3274 quid
3448 3198 3572 3277 illi,
3601 3200 3711 3275 qui
3749 3199 3811 3258 in

512 3280 837 3342 masculos
869 3280 1101 3341 insano
1136 3280 1352 3341 furore
1386 3276 1800 3341 ferebantur?
1829 3278 1982 3355 quid
2022 3296 2248 3338 omnes
2293 3296 2476 3356 reges
2522 3279 2837 3356 gentium,
2884 3277 3425 3358 Babyloniorum,
3466 3276 3813 3358 Egyptio-

514 3378 682 3429 rum,
713 3376 933 3420 nonne
954 3361 1149 3422 vitam
1185 3361 1353 3421 male
1379 3366 1575 3437 atque
1608 3358 1947 3419 infeliciter
1977 3358 2534 3418 terminaverunt?
2575 3375 2791 3437 nonne
2821 3359 2888 3416 in
2911 3357 3246 3417 tormentis
3284 3357 3656 3437 exsistunt?
3692 3358 3810 3418 Sed

516 3457 714 3505 nunc,
748 3439 849 3499 dic
880 3440 1061 3509 mihi,
1097 3457 1314 3500 nonne
1339 3436 1494 3501 talia
1517 3440 1747 3501 iterum
1777 3437 1982 3498 ﬁunt?
2014 3438 2292 3499 Adverte
2314 3437 2641 3498 Christum
2667 3436 2983 3497 dicentem
3016 3457 3030 3494 :
3067 3437 3195 3511 Qui
3220 3436 3512 3497 mollibus
3541 3437 3812 3498 vestibus

515 3518 898 3586 induuntur,
953 3520 1025 3580 in
1070 3519 1354 3581 domibus
1391 3537 1608 3595 regum
1645 3528 1840 3579 sunt:
1872 3518 1984 3595 qui
2030 3536 2183 3579 vero
2221 3535 2350 3577 non
2396 3518 2636 3578 habent
2676 3516 2829 3578 talia
2858 3517 3272 3587 vestimenta,
3308 3517 3372 3576 in
3414 3518 3585 3578 caalis
3636 3524 3809 3578 sunt.

516 3598 710 3658 Molle
743 3616 1027 3676 namque
1061 3600 1510 3661 vestimentum
1554 3600 1747 3661 etiam
1790 3616 2006 3678 veram
2055 3599 2135 3678 [f.
2171 3606 2231 3658 et
2272 3596 2975 3678 austeram]_animam
3020 3596 3371 3678 dissolvit,
3405 3595 3704 3657 diffundit
3732 3603 3815 3678 iet

518 3678 794 3756 frangit:
825 3695 901 3740 ac
937 3679 988 3737 si
1023 3696 1325 3756 asperum
1355 3680 1588 3740 habeat
1617 3693 1851 3756 corpus
1885 3683 1948 3738 et
1977 3676 2173 3747 forte,
2226 3677 2415 3737 citius
2466 3694 2583 3753 per
2628 3676 2967 3756 delicatam
3014 3677 3570 3756 conversationem
3622 3677 3813 3737 molle

517 3754 868 3834 perﬁcitur.
900 3759 1060 3820 Nam
1097 3754 1262 3820 unde
1290 3759 1553 3835 putatis,
1581 3763 1693 3821 aut
1715 3754 1795 3817 ex
1824 3758 2003 3833 quali
2032 3759 2284 3818 ratione
2315 3756 2618 3817 mulieres
2647 3755 2739 3815 sic
2765 3773 2909 3815 esse
2935 3754 3175 3816 debiles
3208 3760 3269 3835 et
3298 3755 3631 3816 infirmas?
3659 3774 3812 3815 num

517 3855 599 3897 ex
628 3838 998 3898 conditione
1064 3852 1255 3899 sexus
1288 3834 1534 3899 tantum
1559 3840 1587 3897 ?
1629 3839 2078 3913 Nequaquam,
2114 3835 2223 3897 sed
2256 3836 2451 3897 etiam
2476 3854 2556 3896 ex
2587 3835 3083 3896 conversatione
3109 3840 3168 3894 et
3192 3834 3595 3895 educatione.
3628 3835 3811 3909 Quod

517 3917 689 3997 enim
721 3919 844 3978 sub
872 3919 1267 3979 umbraculis
1296 3918 1570 3997 degunt,
1593 3917 1763 3994 quod
1793 3917 1937 3976 oleo
1968 3915 2521 3997 unguntur,_quod
2547 3914 2991 3997 frequentibus
3014 3915 3288 3997 lavacris
3319 3919 3612 3997 utuntur,
3642 3915 3811 3997 quod

517 3996 777 4076 assidue
807 3998 1154 4076 unguentis
1178 3994 1656 4059 abundantibus
1685 4001 1747 4057 et
1774 3994 2173 4057 aromatibus
2203 3994 2701 4076 perfunduntur,
2726 3999 2787 4055 et
2802 3994 3020 4076 jacent
3046 3995 3111 4054 in
3131 3994 3549 4076 straminibus
3572 3994 3810 4076 delica—

520 4076 623 4147 tis,
662 4075 785 4137 hoc
812 4073 1108 4154 est'quod
1153 4094 1262 4138 eas
1295 4077 1454 4138 tales
1484 4076 1697 4138 efﬁcit.
1734 4077 1812 4136 Et
1839 4080 1910 4137 ut
1953 4076 2183 4137 melius
2226 4075 2347 4135 hoc
2376 4091 2726 4153 agnoscas,
2758 4074 3014 4135 attende
3059 4073 3230 4151 quod
3275 4073 3416 4134 dico
3447 4094 3461 4132 :
3498 4092 3581 4134 ex
3630 4074 3814 4134 horto

519 4155 743 4233 aliquo
773 4157 838 4215 in
866 4174 1085 4217 eremo
1112 4158 1486 4229 constituto,
1520 4157 1631 4234 qui
1668 4156 1871 4217 ventis
1900 4160 1962 4215 et
1992 4154 2478 4233 tempestatibus
2516 4156 3133 4234 verberatumsume
3156 4155 3492 4234 arbustum
3523 4154 3811 4231 aliquod,

521 4245 582 4295 et
612 4254 779 4312 pone
812 4237 877 4295 in
908 4254 1114 4314 epaco
1141 4241 1203 4298 et
1225 4253 1477 4314 aquoso
1512 4232 1681 4305 loco,
1715 4242 1775 4296 et
1806 4234 2053 4296 videbis
2089 4232 2264 4312 quod
2293 4235 2563 4294 multum
2600 4250 2655 4314 a7
2683 4232 3057 4314 fortitudine
3090 4239 3151 4293 et
3181 4233 3491 4312 dignitate
3521 4251 3638 4295 sua
3674 4251 3814 4294 mu-

521 4315 785 4394 tabitur,
817 4312 1017 4394 quam
1055 4312 1332 4377 habebat
1358 4317 1422 4376 in
1467 4315 1590 4377 hoc
1620 4315 1763 4375 loco
1802 4314 1970 4375 unde
2000 4318 2253 4375 constat
2282 4331 2427 4394 esse
2460 4313 2867 4374 translatum.
2897 4312 3065 4386 Quia
3096 4332 3322 4394 verum
3354 4317 3417 4374 et
3442 4318 3687 4394 certum
3720 4319 3817 4394 est

522 4393 668 4465 hoc,
700 4392 957 4456 attende
984 4398 1314 4467 mulieres,
1347 4412 1494 4473 quae
1526 4395 1590 4454 in
1622 4395 1796 4473 agris
1833 4398 2037 4473 agunt
2060 4394 2305 4473 vitam:
2341 4392 2641 4455 fortiores
2672 4410 2956 4471 namque
2988 4392 3143 4453 viris
3176 4397 3361 4465 sunt,
3396 4393 3508 4473 qui
3552 4398 3705 4453 sunt
3748 4392 3813 4473 in

521 4474 888 4536 civitatibus
921 4476 1285 4547 constituti;
1311 4472 1456 4536 etsi
1491 4492 1600 4536 eas
1631 4472 1962 4552 permittas
1999 4491 2147 4533 cum
2179 4472 2306 4533 illis
2339 4473 2643 4534 athletico
2673 4489 2853 4552 more
2886 4476 3159 4543 certare,
3183 4473 3420 4532 multos
3443 4472 3814 4551 hujusmodi

522 4554 697 4614 viros
737 4554 862 4615 illae
892 4556 1034 4615 sine
1068 4555 1265 4615 dubio
1296 4551 1721 4632 superabunt.
1755 4552 2041 4631 Corpore
2078 4569 2359 4628 namque
2396 4552 2574 4612 molli
2607 4551 2854 4612 reddito
2898 4557 2959 4612 et
2988 4552 3285 4623 delicato,
3331 4570 3599 4632 necesse
3630 4556 3727 4612 est
3758 4559 3819 4613 et

519 4633 804 4695 animam
836 4635 1223 4712 participare
1250 4654 1332 4697 ex
1365 4631 1657 4711 corporis
1682 4635 1934 4693 morbo.
1968 4633 2043 4693 In
2071 4632 2291 4693 multis
2314 4636 2607 4709 namque
2638 4632 3126 4712 compatiuntur
3155 4637 3219 4693 et
3247 4631 3623 4693 afficiuntur
3649 4649 3819 4710 epe—

520 4714 807 4791 rationes
845 4711 1086 4775 animae
1111 4715 1524 4791 passionibus
1562 4717 1625 4774 et
1664 4712 2114 4774 affectionibus
2161 4711 2474 4790 corporis.
2522 4712 2778 4772 Etenim
2825 4711 2892 4771 in
2941 4711 3429 4791 eegritudinibus
3476 4712 3665 4773 aliter
3696 4728 3815 4773 nos

520 4790 859 4872 habemus,
902 4790 1187 4871 propter.
1210 4794 1380 4872 quod
1431 4794 1657 4853 morbo
1686 4793 2166 4863 mollescimus;
2199 4795 2263 4852 et
2290 4792 2525 4852 iterum
2561 4810 2707 4872 cum
2743 4790 3058 4872 valemus,
3101 4792 3288 4853 aliter
3321 4809 3437 4852 nos
3473 4792 3811 4872 habemus.

519 4871 694 4932 Sicut
722 4874 893 4932 enim
931 4873 1010 4952 (/2
1046 4871 1279 4951 etiam)
1313 4873 1377 4933 in
1408 4873 1662 4933 chordis
1696 4872 2009 4951 contingit
2040 4892 2053 4927 :
2084 4890 2230 4933 eum
2261 4872 2435 4931 enim
2470 4876 2623 4933 sunt
2652 4871 3067 4952 ipsisonitus
3108 4872 3331 4952 molles
3365 4877 3435 4952 et
3460 4871 3712 4931 delicati
3753 4877 3811 4952 et

521 4968 650 5010 non
695 4950 1160 5012 convenienter
1190 4950 1430 5014 extenti
1457 4998 1471 5025 ,
1511 4954 1702 5013 etiam
1735 4969 1841 5012 ars
1891 4952 2306 5029 depravatur,
2341 4956 2402 5010 et
2448 4952 2703 5029 cogitur
2745 4950 2900 5010 vitio
2947 4953 3192 5012 servire
3242 4950 3634 5011 chordarum
3675 4970 3689 5007 :
3724 4951 3817 5011 sic

518 5031 710 5091 etiam
748 5032 817 5091 fit
850 5032 911 5090 in
945 5050 1215 5110 corpore
1251 5052 1264 5090 :
1296 5034 1533 5093 multas
1566 5034 1647 5093 ab
1688 5049 1764 5091 eo
1792 5031 2009 5092 anima
2037 5030 2306 5107 suscipit
2332 5031 2626 5091 laesiones
2666 5030 3031 5108 multasque
3070 5029 3510 5091 necessitates.
3541 5029 3817 5102 Quando

516 5111 690 5169 enim
721 5113 922 5171 multa
948 5130 1111 5189 opus
1144 5112 1445 5173 habuerit
1471 5112 1547 5173 ad
1583 5112 1681 5172 sui
1710 5112 2139 5182 curationem,
2175 5126 2463 5170 amaram
2497 5113 2711 5169 anima
2735 5111 3011 5170 sustinet
3040 5110 3438 5189 servitutem;
3466 5110 3807 5186 Pmpterea

514 5191 810 5259 obsecro,
842 5196 911 5251 ut
940 5187 1231 5251 nostrum
1260 5209 1495 5269 corpus
1530 5191 1690 5251 forte
1717 5190 2083 5255 reddamus,
2114 5208 2231 5249 nec
2258 5189 2415 5249 illud
2448 5189 2791 5269 delicatum
2820 5195 2881 5269 et
2909 5188 3279 5269 mgrotabile
3301 5187 3812 5269 faciamussNon

511 5270 590 5330 ad
628 5272 799 5332 viros
824 5275 1096 5343 tantum,
1129 5270 1235 5332 sed
1269 5272 1461 5331 etiam
1493 5271 1571 5330 ad
1603 5270 1905 5329 mulieres
1933 5270 2088 5327 mihi
2117 5278 2213 5329 est
2241 5286 2472 5328 sermo.
2506 5268 2671 5342 Quid
2700 5268 2855 5327 illud
2889 5268 3120 5344 sumius
3155 5269 3356 5339 lavas,
3386 5268 3539 5345 quid
3567 5268 3814 5330 deliciis

510 5351 905 5428 corrumpis,
939 5357 1001 5411 et
1030 5350 1271 5428 gracile
1303 5350 1483 5421 facis,
1514 5367 1553 5408 ο
1592 5350 1861 5409 mulier!
1902 5349 2055 5425 quid
2100 5348 2539 5408 fortitudinem
2577 5348 2714 5425 ejus
2744 5347 3039 5407 debilitas
3064 5350 3091 5405 ἵ)
3119 5347 3362 5408 deliciae
3388 5348 3631 5427 quippe
3665 5348 3805 5410 las-

497 5446 848 5510 situdinem
879 5441 1160 5505 faciunt,
1192 5453 1324 5495 non
1366 5433 1830 5495 fortitudinem.
1871 5430 1933 5491 Si
1974 5435 2193 5493 autem
2234 5434 2317 5514 ab
2355 5438 2447 5494 eis
2480 5437 2819 5514 recedens,
2868 5434 3058 5496 aliter
3099 5436 3514 5514 temetipsum
3551 5447 3816 5513 tractas,

501 5535 653 5588 tunc
684 5530 744 5586 et
782 5515 1198 5601 pulchritudo
1224 5515 1332 5601 tibi
1367 5514 1658 5601 corporis
1698 5514 2073 5601 generatur,
2100 5512 2751 5601 quandosecundum
2783 5514 3113 5601 rationem
3131 5521 3193 5575 et
3226 5512 3400 5601 valet
3429 5523 3491 5601 et
3523 5512 3816 5601 habitum

498 5608 746 5668 obtinet
769 5591 1123 5679 salutarem
1158 5595 1261 5679 :_s_i
1292 5612 1447 5655 vero
1466 5591 1783 5679 _pluri_mis
1814 5591 1974 5679 illud
2006 5592 2468 5679 circumsepias
2501 5593 2769 5679 morbis,
2822 5611 3034 5679 neque
3076 5594 3195 5656 flos
3242 5597 3345 5659 vel
3389 5599 3578 5679 vigor
3609 5600 3820 5662 aderit

497 5685 817 5764 corporis,
859 5671 1072 5757 neque
1102 5676 1359 5764 habitus
1389 5671 1720 5764 salutaris,
1755 5671 1875 5764 sed
1897 5689 2152 5764 semper
2182 5677 2479 5764 mmstum
2504 5672 2626 5732 erit
2652 5671 3145 5764 etla'nguidum.

580 5751 766 5826 Scitis
804 5751 1024 5823 autem
1067 5756 1221 5839 quia
1267 5756 1434 5839 sicut
1473 5754 1736 5839 domum
1766 5751 2113 5839 pulchram
2140 5769 2285 5811 cum
2318 5752 2466 5839 quis
2497 5753 2773 5812 eraserit
2801 5751 2883 5839 [/_‘.
2920 5755 3407 5839 aerarriserit],
3437 5757 3629 5821 efﬁcit
3664 5762 3813 5839 pul-

501 5846 825 5907 chriorem
857 5862 871 5899 :
905 5841 997 5901 sic
1045 5831 1236 5897 etiam
1262 5834 1487 5896 faciem
1522 5832 1859 5911 pulchram
1891 5831 2212 5914 splendor
2242 5833 2475 5914 agnisz
2525 5834 2994 5914 superveniens
3026 5838 3305 5914 amplius
3342 5831 3770 5904 conventis-tat
3798 5864 3811 5913 ;

504 5926 556 5989 si
592 5941 746 5988 vero
773 5924 840 5984 in
874 5917 1174 5982 mceslitia
1204 5916 1285 5978 sit
1316 5920 1379 5978 et
1410 5914 1741 5977 doloribus
1776 5912 2149 5987 constituta,
2181 5911 2486 5974 deformis
2520 5912 2815 5974 efficitur.
2850 5911 3155 5979 Mmstitia
3181 5934 3461 5997 namque
3486 5911 3815 5983 ietmtrroé
