4198 6516
436 329 544 384 429
1187 333 1244 391 S.
1287 334 1336 389 J.
1379 333 1867 390 CllRYSOSTOMl
1911 333 2218 392 llOlllLlrE
2261 334 2324 388 ΙΝ
2371 335 2587 391 EPIST.
2633 335 2724 388 AD
2761 331 2965 388 IIEBR.
3595 333 3697 391 45(

429 416 768 498 negligatis
809 414 933 473 hoc
966 409 1308 498 charisma.
1347 406 1804 498 Unusquisque
1837 404 2392 498 uxoremnhahet,_
2415 403 2691 498 amieum
2714 408 2942 498 habet,
2975 429 3238 498 servum
3261 415 3490 493 habet,
3523 423 3696 485 vici-

429 483 583 558 ηυῖη
607 483 861 564 "habet,
920 506 1092 549 nunc
1120 487 1484 567 increpet,
1521 484 1709 545 modo
1748 488 2044 567 moneat.
2103 483 2440 567 Quomodo
2476 485 2649 567 enim
2694 505 2821 548 non
2865 483 2948 550 sit
2985 494 3337 556 absurdum
3362 544 3377 567 ,
3412 483 3696 566 studium

427 593 665 656 gerere
679 578 749 633 ut
778 561 1077 656 convivia
1106 565 1298 656 ﬁant_,
1330 561 1404 656 ut
1427 563 1528 624 die
1557 563 1910 656 constituta
1928 561 1992 621 in
2015 579 2217 656 unum
2249 563 2508 656 plurimi
2538 576 3052 656 congregemur;
3085 579 3148 633 et
3167 561 3404 656 siquid
3426 561 3696 644 unicui:

472 673 554 715 ne
585 653 794 713 minus
826 648 1019 736 fuerit
1042 689 1059 715 ,
1091 644 1472 736 suppleatur
1512 659 1600 736 ex
1651 641 1956 736 societaie
1987 646 2407 736 cunctorum;
2439 646 2515 733 et.
2547 641 2689 736 sive
2711 641 3102 736 ubicumque
3131 641 3476 736 quis-quam
3515 641 3694 725 exire

472 674 554 715 ue
585 674 794 713 minus
828 674 1019 709 luent
1042 689 1059 715 ν
1091 674 1468 736 suppleatur
1517 674 1600 703 cn
1651 674 1956 733 δυυιειξιιξς
1987 674 2407 732 υιιιιμξυινυωδ
2439 674 2515 733 (τι.
2547 674 2682 734 non":
2715 674 3102 727 unicumque
3131 674 3476 732 quisquam
3515 674 3693 725 CXll‘e

423 674 922 811 disponat,‘siv_e
949 724 1317 811 convivium
1345 720 1571 811 faciat,
1603 737 1825 781 omnes
1843 721 1938 811 illi
1968 720 2286 811 aumhum
2309 721 2837 811 subministrant:
2866 727 2930 786 in
2953 728 3241 793 doctrina
3265 751 3420 795 vero
3440 739 3693 802 virtutis

423 799 706 872 stu'dium
733 806 940 868 simile
967 822 1096 885 non
1145 803 1385 885 habere
1407 801 1443 885 ?_
1472 799 1755 885 Obsecro
1791 804 1861 859 ut
1894 799 2111 859 nullus
2144 807 2427 885 vestrum
2461 799 2743 885 negligat
2793 803 2958 885 hanc
3001 825 3296 885 causam;
3334 799 3691 880 mercedem

423 891 660 972 quippe
686 886 952 972 [nul-[qm
981 901 1020 944 ει
1044 879 1532 972 ρρο-ρρτεξρίεῑ.
1567 879 1744 970 Ειοιιι
1771 893 2090 972 agnoscas
2114 897 2130 936 :
2162 877 2303 948 ille,
2326 877 2430 938 cui
2461 876 2722 968 fuerunt
2745 883 2987 972 talenta
3006 876 3296 972 quinque
3322 876 3690 972 commissa,

423 956 560 1046 ipse
586 956 820 1043 estqui
853 961 1118 1024 docendi
1147 956 1290 1048 aliis
1323 957 1603 1048 studium
1644 956 1996 1048 imp_endit_3
2026 957 2133 1017 ille
2165 957 2489 1048 vero-acui
2520 975 2720 1048 unum
2747 967 2844 1021 est
2888 956 3104 1048 datum
3130 1011 3146 1039 ,
3178 956 3473 1048 ᾇίςοίρυη
3505 956 3694 1037 “ac:

422 1035 529 1108 tur
549 1035 801 1128 gestare
828 1057 1194 1128 personam.
1229 1038 1291 1098 Si
1308 1037 1488 1128 dicat
1513 1036 1868 1128 discipulus
1908 1056 1922 1094 :
1950 1035 2084 1114 Ego
2110 1036 2282 1095 enim
2311 1036 2666 1128 discipulus
2700 1056 2842 1128 sum
2869 1084 2885 1113 ,
2918 1035 3168 1104 nullum
3197 1035 3406 1128 habeo
3432 1035 3686 1128 pericu-

423 1115 606 1211 lum";
635 1126 749 1211 iste
766 1115 969 1211 etiam
989 1120 1197 1211 ipsam
1225 1117 1545 1211 rationein
1565 1159 1582 1186 ,
1615 1115 1711 1211 vel
1742 1131 2102 1211 sermonem
2127 1131 2474 1211 queonre.
2493 1115 2878 1211 proferimus
2903 1165 2919 1194 ,
2950 1139 3144 1211 quem
3172 1141 3209 1185 ει
3238 1115 3680 1211 peopércipﬁ,

422 1205 673 1266 obcelat
719 1209 781 1263 et
829 1201 951 1263 sub
990 1191 1232 1259 terram
1265 1193 1593 1265 recondit;
1633 1199 1945 1273 etinequc
1985 1191 2351 1273 admonebit
2390 1191 2629 1273 ullum,
2660 1211 2737 1257 ac
2777 1197 2828 1258 si
2874 1191 3125 1273 val-eat,
3155 1205 3265 1265 sed
3297 1191 3417 1268 sub
3444 1191 3686 1273 {eiad}

420 1283 709 1346 recondit
738 1283 949 1364 (terra
981 1293 1137 1364 vero
1158 1281 1254 1337 est
1284 1280 1348 1364 et
1377 1273 1536 1334 cinis
1566 1289 1677 1364 cor
1704 1272 1980 1364 hominis
2006 1314 2023 1343 ,
2053 1272 2208 1364 quia
2237 1271 2558 1364 charisma
2586 1274 2698 1364 Dei
2728 1279 3057 1364 recondit)
3084 1271 3178 1342 :isi
3207 1301 3359 1364 ergo
3385 1271 3689 1353 recondat

421 1364 588 1424 hanc
625 1351 899 1441 gratiam
925 1400 941 1430 ,
973 1357 1074 1441 vel
1100 1357 1379 1441 propter
1415 1351 1750 1441 segnitiem
1773 1394 1791 1423 ,
1833 1351 1931 1441 vel
1969 1355 2233 1441 propter
2273 1351 2736 1441 malignitatem
2759 1398 2780 1441 _,
2820 1351 3050 1441 dicere
3073 1376 3205 1420 non
3242 1351 3501 1441 valebit,
3528 1351 3688 1439 Quid

419 1429 972 1502 unumvtalentum
1015 1429 1255 1516 habuii
1279 1429 1722 1516 Respondetur
1766 1429 1936 1516 enim
1972 1429 2063 1516 illi
2113 1449 2128 1488 :
2161 1429 2372 1516 Unum
2415 1430 2735 1516 talentum
2757 1433 3078 1516 habuisti;
3114 1445 3451 1516 Oportebat
3485 1429 3685 1510 etiam

422 1523 635 1598 ipsum
666 1536 868 1598 unum
896 1517 958 1575 in
990 1513 1267 1598 inediam
1289 1507 1576 1598 proferre
1597 1553 1614 1581 ,
1644 1514 1708 1598 ei
1728 1507 1939 1598 studio
1970 1514 2080 1598 tu‘o
2107 1525 2182 1569 ac
2207 1508 2535 1598 diligentia
2563 1509 2914 1598 dupiicare.
2959 1515 3022 1574 Si
3043 1507 3212 1598 enim
3242 1521 3454 1598 ipsum
3484 1507 3686 1587 unum

423 1587 742 1676 proferres
793 1597 858 1656 in
903 1593 1230 1678 publicum
1252 1634 1270 1661 ,
1293 1587 1562 1678 minime
1603 1587 2248 1678 cuipareniSLNeque
2274 1587 2364 1678 illi
2397 1588 2568 1678 enim
2601 1590 2872 1678 quiduo
2899 1587 3517 1678 protulerat-dictum
3541 1611 3634 1665 est
3667 1626 3683 1664 :

420 1664 635 1752 Quare
667 1693 796 1736 non
826 1664 1112 1760 quinque
1145 1669 1384 1760 talenta
1414 1665 1732 1760 protulisti
1750 1665 1917 1760 {sed
1954 1664 2185 1744 dignus
2217 1665 2420 1760 factus
2454 1672 2582 1758 est,
2619 1664 2681 1759 et
2710 1669 2833 1731 hoc
2853 1715 2870 1744 ,
2899 1664 3058 1760 quia
3088 1683 3403 1760 quantum
3429 1664 3684 1757 habuit,

421 1745 727 1834 Operatus
775 1745 907 1825 est;
955 1745 1026 1811 et
1061 1766 1188 1809 non
1233 1748 1389 1825 quia
1438 1747 1651 1806 minus
1691 1745 1952 1836 habuit,
1996 1763 2078 1822 qu

420 1836 676 1896 desidiae
707 1851 776 1918 s_e
814 1830 1035 1918 tradit,
1083 1844 1294 1905 neque
1324 1826 1433 1918 illa
1464 1840 1663 1902 parva
1691 1828 2050 1918 quantitate

2023 1761 2194 1822 [uam
2246 1745 2354 1805 ille
2397 1746 2497 1805 cui
2533 1747 2826 1826 quinque
2859 1745 3011 1810 sunt
3031 1745 3306 1828 credita,
3340 1745 3681 1837 propterea

2023 1842 2050 1884 e
2078 1827 2176 1918 es_t
2204 1825 2446 1884 abusus
2473 1825 2552 1916 ad
2585 1826 2827 1918 otium.‘
2856 1829 3128 1918 Proinde
3147 1851 3369 1918 neque
3393 1842 3453 1899 te
3483 1855 3680 1918 Opor-

419 1920 634 1975 tuerat
666 1913 742 1973 ad
767 1928 912 1971 eum
937 1907 1145 1970 solum
1171 1901 1205 1978 ,“
1233 1905 1343 1983 qui
1375 1901 1502 1964 duo
1523 1908 1860 1983 acceperat
1878 1945 1902 1983 ,_
1936 1901 2301 1983 attendere;
2335 1903 2538 1981 magis
2563 1910 2778 1965 autem
2809 1908 3085 1983 teipsum
3128 1901 3391 1976 decebat
3419 1901 3683 1982 intueri.

420 1996 496 2054 Et
544 1995 708 2054 sicut
752 1991 856 2072 ille
900 1988 1183 2072 imitatus
1223 1980 1343 2072 _ést_
1376 1984 1556 2072 i_l_l_um
1582 2026 1599 2054 ,
1648 1981 1750 2072 cui
1790 1980 2276 2072 quinquedata
2307 1980 2556 2072 _erant,
2589 2001 2749 2072 cum_
2781 2003 2848 2046 se
2879 1980 3008 2072 dno
3049 1989 3288 2072 videret
3313 1998 3634 2072 accepisse
3666 1980 3682 2058 ξ

418 2075 510 2133 sic
549 2079 613 2154 et
648 2077 709 2132 te
750 2069 1014 2154 decebat
1055 2063 1346 2154 temulari
1386 2063 1602 2154 illuni,
1634 2060 1748 2151 Ocni
1786 2058 2040 2154 fuerant
2072 2059 2200 2119 duo
2239 2061 2496 2154 talenta.
2521 2063 2887 2154 commissa.
2932 2065 3004 2154 Si
3037 2069 3204 2154 enim
3251 2058 3513 2154 habenti
3562 2058 3689 2154 pe—

417 2151 690 2224 cunias,
723 2155 785 2210 et
828 2164 957 2207 non
992 2142 1329 2224 largienti,
1377 2138 1765 2224 supplicium
1797 2137 2110 2224 Dominus
2155 2139 2627 2224 comminatur:
2663 2141 2720 2224 ei
2750 2144 2861 2224 qui
2905 2145 3074 2207 valet
3101 2150 3465 2224 proximum
3499 2137 3689 2215 edin—

418 2215 681 2290 monere
713 2227 815 2288 vel
843 2215 1132 2303 quolibet
1161 2221 1396 2303 r_nodo,_
1421 2215 1482 2303 et
1506 2215 1779 2303 minime
1815 2215 1998 2303 facit,
2043 2217 2365 2303 quomodo
2390 2235 2536 2303 non
2572 2215 2925 2303 majoribus
2965 2215 3294 2303 suppliciis
3342 2233 3690 2303 punietur?

418 2311 558 2371 Illic
595 2307 766 2368 enim
819 2295 1054 2381 cOrpus
1096 2300 1297 2361 utitur
1322 2343 1338 2371 ,
1379 2298 1483 2360 hic
1523 2301 1737 2358 autem
1768 2295 1985 2358 anima
2019 2316 2033 2354 :
2067 2295 2198 2358 illic
2238 2301 2509 2356 mortem
2546 2295 2812 2378 negligit
2853 2295 3310 2383 temporalem,
3343 2295 3447 2372 hic
3476 2320 3688 2375 autem

418 2389 749 2450 interitum
778 2384 1261 2460 sempiternum.

498 2467 615 2527 Sed
648 2482 777 2524 non
820 2452 1064 2542 habeo,
1101 2458 1351 2542 inquis,
1401 2470 1791 2542 sermonem.
1836 2452 2332 2542 Sednnonnopus
2380 2457 2485 2542 est
2524 2473 2885 2542 εεᾳιξιῃςηιρέ,⁸
2913 2477 3123 2536 neque
3172 2463 3565 2542 eloquentia.
3625 2470 3690 2531 Si

420 2546 653 2607 videris
689 2543 967 2605 amicum
1003 2531 1425 2621 fornicantem
1451 2578 1468 2607 ,
1499 2533 1603 2621 die
1627 2531 1721 2621 ad
1737 2550 1885 2621 eum
1911 2551 1928 2592 :
1956 2532 2294 2621 Negotium
2337 2533 2754 2621 mqlignitaﬁs
2780 2537 2922 2621 μείς
2948 2581 2964 2611 ν
2998 2531 3126 2600 πίση
3158 2531 3489 2621 νεωδθεοίε
3511 2593 3527 2621 ,
3558 2566 3688 2610 non

420 2623 874 2688 confunderis?
917 2619 1161 2702 malum
1196 2631 1476 2702 namque
1515 2616 1633 2673 est.
1663 2610 1848 2702 Quid
1884 2615 2133 2702 autem,
2176 2611 2442 2702 inquis?
2477 2610 2624 2702 ipse
2951 2610 3113 2702 esse
3150 2620 3306 2681 illud
3342 2610 3525 2702 opus,
3557 2644 3687 2688 non

419 2706 702 2784 ignorat.
731 2702 828 2784 ita
856 2704 983 2767 est,
1021 2695 1130 2757 sed
1154 2690 1502 2784 cupiditate
1523 2690 1960 2784 pertrahitur.
2011 2690 2169 2784 Nam
2220 2695 2284 2750 et
2317 2691 2430 2766 qui
2474 2691 2540 2750 in
2563 2693 2959 2784 aegritudine
2990 2695 3347 2784 detinetur,
3387 2690 3508 2765 scit
3542 2724 3693 2769 vere

423 2770 578 2860 qvuia
611 2780 839 2859 frigida
865 2792 1034 2855 aqua
1062 2770 1303 2835 malum
1328 2779 1444 2848 est,
1485 2770 1540 2832 si
1573 2774 1869 2852 potetur;
1900 2773 2342 2830 verumtamen
2373 2785 2536 2846 opus
2559 2770 2788 2846 habet,
2819 2773 2932 2851 qui
2959 2792 3107 2835 eum
3133 2770 3494 2856 prohibeat.
3529 2785 3692 2846 Nam

415 2886 561 2926 cum
592 2867 968 2946 quisquein
1003 2866 1301 2944 passione
1326 2866 1683 2946 detinetur,
1715 2883 1844 2926 non
1879 2865 2064 2946 facile
2095 2866 2217 2927 sibi
2245 2866 2421 2927 solus
2451 2867 2587 2942 ipse
2615 2865 2908 2927 sufﬁciet.
2939 2865 3198 2946 Oportet
3227 2867 3424 2946 igitur
3455 2873 3548 2940 te,
3579 2873 3698 2944 qui

416 2947 636 3007 salvus
663 2963 730 3006 es
756 2988 774 3019 ,
806 2945 886 3007 ad
913 2945 1181 3024 alterius
1205 2945 1586 3007 medicinam
1616 2945 1826 3006 dicere
1851 2945 2024 3022 quod
2056 2946 2252 3006 saluti
2278 2945 2651 3015 conveniat,
2681 2961 2759 3024 ac
2789 2946 2842 3005 si
2864 2945 3086 3024 verbis
3112 2947 3239 3006 tuis
3262 2945 3392 3006 non
3416 2946 3696 3024 obediat,

417 3025 671 3086 interim
705 3023 994 3097 custodi,
1031 3025 1282 3084 intuere
1308 3041 1439 3102 quo
1474 3024 1712 3102 pergit,
1742 3028 1806 3084 et
1833 3025 2092 3084 contine
2132 3040 2170 3085 a
2205 3025 2488 3101 maligno
2524 3023 2817 3102 negotio;
2851 3023 3141 3085 fortassis
3169 3025 3339 3085 enim
3363 3023 3702 3087 reverebi-é-

419 3112 546 3164 tur.
576 3105 655 3162 Et
687 3103 841 3181 quid
871 3147 887 3175 ,
934 3103 1152 3180 inquis
1179 3146 1195 3174 ,
1226 3101 1542 3181 proderit,
1589 3101 1851 3180 quando
1883 3112 2146 3180 prOpter
2174 3121 2276 3163 me
2301 3103 2504 3180 magis
2539 3102 2696 3162 illud
2726 3101 2959 3163 efficiet
2987 3147 3004 3174 ,
3039 3109 3101 3162 et
3126 3104 3282 3180 quia
3309 3105 3491 3164 illum
3521 3106 3698 3167 volui

419 3183 742 3244 retinere?
768 3182 1028 3242 Interim
1068 3181 1197 3242 noli
1229 3184 1653 3260 scrupulosus
1691 3199 1834 3242 esse
1864 3182 1926 3240 in
1962 3183 2177 3243 verbis
2211 3201 2226 3240 :
2255 3198 2669 3258 quocumque
2699 3181 2865 3242 facto
2894 3183 3101 3242 retine
3135 3183 3316 3242 illum
3343 3185 3425 3243 ab
3451 3185 3703 3245 actibus

419 3263 606 3322 malis
627 3306 642 3332 ,
675 3266 736 3322 et
765 3277 992 3322 revoca
1032 3281 1047 3319 :
1077 3268 1411 3322 assuescat
1445 3278 1570 3320 non
1610 3262 1702 3320 ire
1740 3261 1819 3321 ad
1850 3260 2030 3320 illum
2062 3265 2374 3322 tartarum
2405 3304 2420 3331 ,
2456 3261 2594 3320 sive
2620 3265 2884 3337 prOpter
2913 3266 2974 3320 te
2998 3306 3015 3334 ,
3061 3262 3198 3321 sive
3229 3267 3490 3339 propter
3525 3264 3702 3324 aliud

419 3341 686 3419 aliquid.
717 3341 794 3400 Et
823 3359 967 3400 cum
1000 3356 1377 3402 assuescere
1411 3341 1634 3402 feceris
1663 3357 1809 3399 eum
1841 3339 1995 3400 illuc
2026 3357 2154 3400 non
2188 3356 2452 3419 pergere
2478 3382 2493 3408 ,
2532 3346 2686 3399 tunc
2714 3339 2954 3417 poteris
2988 3339 3325 3417 paululum
3357 3343 3690 3418 respiran-

423 3418 549 3479 tcm
580 3420 810 3482 docere
845 3419 1114 3480 meliora
1146 3439 1161 3478 :
1196 3425 1258 3480 et
1287 3419 1439 3497 quia
1471 3423 1724 3496 oportet
1750 3425 2014 3496 propter
2037 3421 2240 3479 Deum
2262 3418 2384 3478 hoc
2404 3419 2775 3489 Observare,
2817 3424 2880 3480 et
2905 3436 3031 3478 non
3055 3425 3320 3496 propter
3349 3419 3701 3482 hominem.

422 3499 561 3560 Non
607 3499 763 3560 velis
813 3498 878 3558 in
927 3515 1004 3559 eo
1044 3501 1260 3578 subito
1309 3505 1542 3560 cuncta
1569 3498 1928 3578 corrigere,
1974 3498 2217 3578 alioqui
2250 3497 2554 3578 minusid
2603 3497 2877 3578 poteris,
2911 3497 3020 3558 sed
3052 3499 3362 3578 paulatim
3394 3517 3546 3578 gere
3572 3543 3588 3571 ,
3623 3519 3704 3562 ne

425 3577 762 3669 repentina
792 3577 1192 3669 correctione
1220 3583 1681 3669 praa‘grave‘tur.
1719 3575 2050 3669 Si_videris
2095 3577 2379 3669 aliquem
2398 3575 2486 3666 .ad
2540 3577 2841 3669 convivia
2889 3577 3378 3669 comessationis
3401 3575 3472 3638 et
3493 3581 3710 3669 ebrie:

425 3657 570 3718 tatis
620 3657 813 3736 plena
855 3661 1266 3736 pergentem,
1305 3655 1499 3736 etiam
1545 3661 1700 3716 tunc
1753 3655 2052 3736 similiter
2089 3671 2246 3736 age,
2299 3660 2360 3716 et
2396 3655 2604 3736 ipsum
2632 3656 2862 3716 iterum
2904 3655 3282 3736 cohortare,
3314 3661 3417 3729 ut,
3457 3657 3507 3717 si
3534 3659 3704 3734 quod

423 3736 490 3795 in
536 3741 596 3798 te
623 3734 866 3796 ivitium
917 3734 1178 3806 viderit,
1216 3735 1474 3813 adjuvet
1521 3739 1584 3795 et
1629 3734 1912 3813 corrigat
1953 3739 2016 3794 et
2061 3735 2425 3796 admoneat.
2475 3735 2576 3794 Sic
2612 3735 2784 3794 enim
2809 3740 2871 3794 et
2898 3735 2965 3794 in
2995 3735 3208 3812 seipso
3243 3737 3708 3797 correctionem

429 3820 607 3875 tuam
638 3815 1109 3893 patientissime
1143 3815 1475 3887 tolerabit,
1514 3831 1666 3893 cum,
1700 3813 1929 3874 viderit
1958 3817 2018 3875 te
2047 3831 2210 3892 Opus
2238 3813 2580 3893 habentem
2607 3813 3006 3893 correctione
3031 3858 3047 3885 ,
3085 3819 3146 3874 et
3175 3831 3304 3874 non
3337 3815 3530 3875 veluti
3559 3835 3713 3893 per—

426 3892 660 3955 fectum
689 3895 755 3953 in
781 3894 1082 3954 omnibus
1109 3936 1126 3965 ,
1167 3912 1378 3971 neque
1408 3893 1606 3955 veluti
1635 3892 1960 3953 doctorem
1986 3936 2002 3964 ,
2047 3893 2157 3954 sed
2199 3892 2395 3971 veluti
2432 3893 2711 3953 amicum
2741 3897 2804 3953 et
2831 3892 3094 3952 fratrem
3125 3893 3444 3954 auxilium
3476 3892 3706 3956 confe-

426 3978 674 4034 rentem
701 3993 716 4030 :
749 3977 811 4033 et
844 3973 942 4032 dic
972 3973 1051 4034 ad
1082 3991 1229 4033 eum
1255 3970 1276 4031 ξ
1300 3973 1436 4051 Ego
1469 3978 1526 4033 te
1551 3971 1806 4050 adjuvi,
1836 3971 1902 4031 in
1930 3977 2206 4051 mentem
2232 3970 2344 4051 tibi
2366 3971 2680 4031 reducens
2703 3988 2848 4048 qua:
2876 3971 2990 4051 tibi
3019 3971 3325 4048 prodesse
3355 3974 3663 4035 valebunt
3693 3995 3708 4033 :

427 4059 489 4114 te
521 4069 784 4189 quoque
811 4051 1070 4124 hortor,
1111 4060 1182 4112 ut
1212 4049 1522 4129 quidquid
1561 4049 1645 4111 in,
1667 4069 1768 4111 me
1807 4050 2170 4129 inspexeris
2219 4049 2522 4112 vitiosum
2556 4049 2988 4127 reprehendas
3026 4055 3089 4110 et
3116 4052 3428 4131 corrigas.
3459 4053 3522 4112 Si
3554 4070 3710 4113 vero

428 4133 654 4189 iracun
705 4149 810 4189 um
837 4132 1103 4189 videris.
1136 4131 1190 4189 si
1217 4147 1521 4189 avarum.
1546 4131 1675 4189 liga
1707 4130 1892 4189 illum
1913 4135 2025 4189 tua
2055 4129 2492 4189 admonitione
2525 4148 2540 4187 :
2571 4129 2696 4189 hoc
2725 4130 2895 4188 enim
2918 4133 3015 4189 est
3043 4129 3348 4189 amicitia.
3379 4131 3480 4189 Sic
3512 4131 3710 4189 frater

428 4129 810 4193 iracundum
837 4132 1103 4204 videris,
1136 4131 1190 4191 si
1217 4147 1521 4203 avarum,
1546 4131 1675 4210 liga
1707 4130 1892 4210 illum
1913 4135 2025 4191 tua
2055 4129 2492 4210 admonitione
2525 4129 2696 4210 :Ahoc
2725 4130 2895 4188 enim
2918 4133 3015 4210 est
3043 4129 3348 4210 amicitia.
3379 4131 3480 4192 Sic
3512 4131 3710 4192 frater

429 4227 468 4271 a
495 4211 690 4273 fratre
715 4210 998 4288 adjutus,
1032 4211 1197 4272 sicut
1219 4211 1449 4272 civitas
1478 4207 1658 4270 fortis
1688 4209 1981 4270 efficitur.
2012 4210 2148 4268 Non
2180 4208 2353 4288 enim
2379 4207 2772 4288 manducare
2804 4214 2866 4268 et
2895 4209 3115 4270 bibere
3147 4208 3297 4269 facit
3325 4211 3709 4282 amicitiam;

430 4290 622 4350 talem
653 4286 934 4366 namque
969 4295 1031 4349 et
1081 4290 1362 4351 latrones
1410 4289 1650 4350 habent
1688 4292 1752 4348 et
1790 4288 2159 4367 homicidae;
2199 4286 2309 4347 sed
2350 4287 2402 4347 si
2443 4287 2634 4367 amici
2679 4305 2904 4367 sumus
2932 4333 2947 4360 ,
2976 4289 3030 4349 si
3081 4305 3230 4349 vere
3276 4289 3551 4350 invicem
3593 4307 3710 4367 pro

431 4370 617 4429 nobis
643 4365 866 4428 curam
895 4369 1210 4446 gerimus,
1242 4368 1308 4427 in
1335 4369 1434 4428 his
1464 4368 1648 4427 nobis
1691 4367 1973 4446 invicem
2009 4366 2414 4427 conferamus
2437 4409 2454 4435 ,
2497 4365 2632 4446 haac
2672 4366 2752 4426 ad
2792 4367 3139 4446 amicitiam
3166 4385 3300 4446 nos
3345 4365 3666 4430 adducant
3692 4413 3709 4440 ,

431 4465 578 4525 quae
619 4447 801 4507 nobis
857 4445 1044 4507 utilia
1077 4447 1206 4506 sint
1242 4466 1257 4504 :
1301 4447 1758 4524 prohibeamus
1789 4446 1900 4507 illa
1942 4445 2078 4505 ﬁeri
2109 4489 2124 4517 ,
2163 4461 2310 4525 qua)
2339 4446 2416 4506 ad
2449 4445 2809 4524 gehennam
2839 4445 3101 4509 ducunt.
3154 4445 3231 4505 Et
3259 4464 3337 4508 ne
3362 4447 3473 4524 qui
3505 4447 3715 4507 corri-

432 4523 609 4604 pitur
640 4525 1045 4602 indignetur;
1079 4523 1369 4585 homines
1399 4526 1638 4602 quippe
1666 4542 1922 4604 sumus,
1953 4531 2016 4584 et
2044 4541 2082 4585 a
2116 4523 2282 4604 vitiis
2307 4541 2435 4584 non
2465 4523 2931 4604 ’sumnsalieni
2969 4545 2985 4596 ;
3017 4543 3228 4601 neque
3261 4527 3372 4603 qui
3396 4523 3665 4604 Corripit
3693 4571 3710 4598 ,

433 4602 600 4666 sicut
627 4606 738 4682 qui
772 4605 1148 4680 pronuntiat
1173 4609 1287 4663 aut
1315 4605 1647 4682 praedicat,
1680 4603 1802 4664 hoc
1828 4602 2050 4675 faciat,
2095 4609 2158 4663 et
2184 4603 2526 4681 divulgans
2555 4603 2758 4680 magis
2785 4619 2982 4679 quam
3006 4602 3312 4677 monens,
3351 4605 3459 4665 sed
3496 4602 3715 4664 remo—

434 4685 547 4744 tim
578 4702 726 4744 cum
759 4684 1020 4744 lenitate
1060 4683 1284 4744 multa.
1315 4682 1517 4744 Multa
1547 4682 1791 4761 quippe
1813 4682 2078 4743 lenitate
2121 4699 2286 4761 opus
2323 4683 2515 4742 habet
2553 4682 2665 4757 qui
2712 4682 3010 4759 corripit,
3062 4688 3128 4742 ut
3169 4685 3280 4760 qui
3327 4684 3711 4761 corripitur,

434 4763 883 4840 aequanimiter
912 4763 1137 4822 toleret
1165 4763 1537 4822 sectionem.
1568 4759 1706 4821 Non
1741 4760 1962 4821 videtis
1998 4759 2274 4820 medicos
2305 4761 2567 4837 quando
2589 4765 2820 4840 urunt,
2852 4761 2950 4820 vel
2983 4759 3203 4821 secant
3236 4759 3531 4840 aliquos,
3566 4783 3712 4825 cum

435 4839 682 4922 qnanta
721 4840 989 4922 lenitate
1018 4858 1180 4922 opus
1224 4840 1577 4922 curationis
1614 4845 1919 4922 exercent
1939 4841 1982 4922 ?_
2009 4840 2212 4899 Multo
2258 4840 2536 4916 amplius
2587 4839 3010 4922 corripientes
3055 4845 3309 4917 Oportet
3344 4839 3709 4922 hociagere.

435 4921 689 4981 Etenim
716 4919 1036 4997 correptio
1062 4917 1130 4982 et
1159 4921 1308 4998 igne
1334 4925 1396 4980 et
1423 4919 1592 4979 ferro
1627 4919 2067 4998 vehementius
2097 4923 2403 4996 operatur
2427 4963 2444 4990 ,
2474 4923 2538 4977 et
2565 4917 2814 4998 resilire
2842 4917 2991 4978 facit
3021 4936 3139 4998 eos
3157 4922 3392 4998 quibus
3421 4917 3711 4980 otl‘ertur.

436 5001 587 5062 Haec
614 5000 782 5060 circa
814 5016 1056 5077 aegrum
1083 4997 1277 5060 etiam
1315 4999 1538 5058 medici
1570 4998 1847 5075 primum
1897 4997 2182 5077 student,
2217 5002 2537 5074 quatenus
2571 4997 2820 5077 possint
2850 5014 3090 5075 aagrum
3118 4997 3326 5060 fasere
3366 5001 3715 5060 sectionem

437 5076 892 5155 aequanimiter
929 5079 1238 5150 tolerare;
1282 5084 1345 5137 et
1382 5085 1699 5154 quantum
1744 5081 2018 5153 possunt
2049 5076 2280 5136 leniter
2317 5079 2558 5155 agunt,
2598 5083 2660 5135 et
2701 5076 3178 5152 aliquantulum
3237 5078 3713 5154 requiescentes

441 5153 684 5236 agrum
730 5158 971 5219 faciunt
1015 5156 1319 5218 recreari.
1365 5153 1671 5236 Sicrenim
1697 5160 1952 5236 Oportet
1992 5155 2430 5236 correptiones
2461 5153 2710 5236 efficere
2732 5161 2847 5236 ,_ut
2886 5159 2950 5214 et
2978 5155 3092 5236 qui
3115 5153 3557 5233 corripiuntur
3586 5177 3714 5218 non

444 5232 737 5297 re'siliant
769 5257 784 5294 :
823 5254 898 5297 ac
943 5236 994 5296 si
1041 5253 1151 5296 eos
1188 5235 1488 5313 injuriari
1527 5234 1900 5310 proveniat,
1949 5250 2025 5293 ac
2069 5234 2121 5293 si
2159 5234 2444 5309 percuti,
2487 5249 2618 5313 non
2668 5232 2900 5292 debent
2933 5232 3308 5295 abhorrere.
3342 5236 3527 5295 Enim
3563 5254 3714 5296 vero

443 5317 535 5374 illi
567 5317 681 5393 qui
711 5320 1015 5375 secantur
1039 5359 1056 5390 ,
1085 5311 1393 5376 adversus
1417 5330 1526 5373 eos
1558 5329 1597 5373 a
1628 5313 1865 5390 quibus
1901 5321 2240 5393 secantur,
2271 5313 2470 5393 multa
2493 5311 2884 5393 reclamant;
2914 5313 3022 5372 sed
3055 5313 3144 5372 illi
3172 5314 3331 5374 nihil
3360 5315 3717 5392 impediun-

445 5390 723 5468 tur,'sed
752 5397 1000 5471 tantum
1029 5393 1478 5471 aegrotantium
1505 5393 1853 5451 consulunt
1881 5390 2172 5471 sospitati
2203 5410 2216 5447 :
2246 5390 2337 5449 sic
2367 5390 2683 5471 etiam‘hic
2705 5396 2934 5471 cuncta
2971 5393 3249 5469 gerenda
3277 5390 3470 5454 suntf
3485 5395 3718 5457 Omnia

446 5490 724 5548 namque
747 5470 857 5550 qui
880 5468 1176 5548 corripit,
1209 5471 1286 5531 ad
1315 5471 1487 5530 illius
1520 5471 1629 5547 qui
1657 5469 2004 5546 corripitur
2032 5469 2466 5550 utilitatem_et
2488 5468 2761 5550 tolerare
2784 5468 3059 5550 debet’et
3089 5471 3295 5533 facere
3319 5517 3335 5546 ,
3364 5473 3716 5550 respiciens

447 5552 522 5608 ad
551 5547 938 5620 mercedem,
981 5547 1122 5623 qua:
1152 5551 1262 5610 tali
1292 5550 1606 5611 voluntati
1637 5551 1920 5622 reposita
1949 5553 2342 5609 reservatur.
2371 5547 2649 5608 Invicem
2672 5595 2690 5613 ,
2719 5549 2959 5624 inquit,
2996 5567 3185 5610 onera
3212 5547 3678 5630 vestrapbrtatc
3700 5598 3715 5621 .

445 5666 500 5718 et
523 5661 610 5718 sic
640 5651 1058 5733 adimplebitis
1080 5649 1266 5741 legem
1293 5646 1556 5741 Christi.
1589 5644 1689 5704 Sic
1713 5643 1912 5741 igittir
1935 5645 1996 5741 et
2041 5639 2764 5741 corripientes‘invicem
2805 5647 2868 5700 et
2905 5641 3285 5741 tolerantes,
3339 5640 3719 5741 aedilicaiio-

448 5755 591 5795 nem
618 5718 905 5794 mutuam
950 5718 1302 5808 poterimus
1330 5725 1595 5801 implere
1626 5744 1640 5780 :
1677 5718 1950 5808 et'nobis
1979 5721 2264 5808 lahqreiil
2301 5718 2540 5808 facietis
2573 5719 2878 5808 leviorem
2899 5719 3010 5808 ,_in
3044 5719 3342 5808 omnibus
3370 5737 3490 5808 nos
3522 5719 3720 5808 adjuv—

451 5821 667 5877 vantes
696 5821 757 5875 et
783 5797 1113 5873 dexteram
1144 5797 1544 5885 porrigentes
1571 5842 1583 5874 ,
1611 5808 1671 5862 et
1701 5801 2042 5880 participes
2067 5797 2428 5860 cfﬁciemini
2451 5805 2512 5860 et
2533 5799 2689 5861 socii
2721 5803 2780 5859 et
2801 5803 3040 5860 mutum
3065 5798 3290 5862 salutis
3324 5803 3385 5861 et
3414 5800 3720 5883 propria.
