4198 6502
392 367 494 423 £55
980 369 1293 427 MUTIANO
1334 368 1578 428 SCIlOL.
1624 372 2090 433 INTERPRETE.
2134 410 2204 420 —
2252 377 2408 434 CAP.
2454 376 2569 432 XII.
2617 376 2851 433 llOMlL.
2897 379 3091 438 XXXI.
3579 384 3693 441 4ὖὸ

409 474 811 562 conscientia
874 492 888 531 :
949 490 1066 533 nec
1106 474 1947 562 tantumunospeccatores
1981 489 2148 562 esse
2202 472 2679 562 dicamus,_s_ed
2714 476 2911 538 etiam
2968 478 3110 556 ipsa
3168 488 3430 557 peccata
3459 502 3704 562 speeta-

408 560 557 619 liter
587 554 841 633 singula
864 557 1333 639 computemus.
1364 550 1505 639 Non
1545 548 1655 639 tibi
1686 549 1851 639 dico,
1884 556 2037 639 uite
2072 551 2309 639 prodag
2344 553 2409 611 in
2433 555 2772 639 publicum
2805 601 2818 628 ,
2860 548 3069 639 neque
3107 548 3188 618 αι’
3221 564 3277 621 te
3324 548 3514 639 apud.
3540 548 3702 628 alios

408 625 729 706 accuses",
782 632 888 693 sed
954 625 1215 691 obedire
1261 634 1321 688 te
1358 625 1880 710 v'olo_l’rophet_ic
1915 625 2213 710 dicenti:
2259 625 2484 693 Rcvetlz
2533 625 2812 695 Domino,
2854 625 3018 697 viain
3063 646 3253 698 tuam.
3292 625 3454 703 Ante
3496 625 3700 710 Ι)ρυίῇ

407 734 564 797 ergo
595 721 707 797 tua
736 710 1351 797 conﬁterepeccata,
1376 707 1545 785 apud
1568 725 1790 797 verum
1810 708 2095 797 Judicem
2125 728 2270 770 cum
2292 713 2585 797 oratione
2607 715 2839 797 delicta
2874 722 2984 778 tua
3012 722 3381 794 pronuntia,
3418 740 3547 782 non
3580 707 3700 784 lin;

408 786 562 881 gu‘a,
593 794 702 881 sed
730 786 1141 881 conscientias
1168 795 1292 849 tua}
1320 786 1654 881 memoria,
1686 793 1929 881 etutunc
1962 789 2220 850 demum
2253 807 2443 869 spera
2485 786 3095 881 misericordiamte
3126 817 3315 881 posse
3361 786 3694 881 consequi.

404 868 468 938 Si
507 868 905 953 hiabuerisiin
938 874 1148 953 mente
1176 873 1439 953 peccata
1468 868 1911 953 tuaeontinue
1935 912 1952 943 ,
1995 887 2349 946 numquam
2391 873 2633 933 malum
2661 875 2973 935 adversus
3008 868 3374 953 pro—ximum
3407 882 3473 941 in
3502 868 3694 945 corde

404 954 740 1019 retinebis.
777 951 916 1012 Non
944 949 1109 1031 dico,
1139 950 1188 1009 si
1217 953 1461 1031 certum
1480 946 1595 1031 tibi
1625 948 1706 1007 sit
1732 954 2137 1031 peccatorem
2167 968 2308 1009 esse
2331 958 2390 1031 te
2419 970 2438 1031 εί
2461 953 2581 1012 hoc
2606 955 2849 1031 quippe
2879 946 3116 1017 non-ita
3149 960 3320 1019 valet
3351 960 3697 1025 humiliare

404 1038 724 1107 mentem,
759 1039 822 1112 et
856 1030 1145 1112 sobriam
1175 1026 1712 1112 periieere,_sict_1_t_
1746 1029 1889 1105 ipsa
1934 1046 2048 1105 per
2072 1047 2141 1112 se
2181 1030 2548 1112 specialiter
2586 1026 2996 1096 considerata
3036 1045 3338 1112 peccata:
3374 1042 3687 1104 adversus

406 1117 661 1177 nullum
689 1106 996 1195 retinebis
1022 1109 1263 1195 malum
1293 1106 1578 1195 in__corde
1604 1152 1620 1180 ,
1648 1106 1757 1168 illa
1786 1114 2053 1195 portans
2087 1108 2152 1195 in
2183 1111 2401 1195 animo
2439 1130 2454 1169 :
2486 1128 2614 1169 non
2649 1112 2947 1195 irasceris
2968 1158 2983 1185 ,
3020 1106 3176 1175 nulli
3206 1118 3529 1195 detrahes,
3562 1142 3690 1183 non

405 1197 618 1273 sapies
647 1193 874 1263 altum,
909 1206 1040 1249 non
1071 1187 1316 1251 recidcs
1354 1187 1610 1261 iterum,
1642 1205 1761 1247 nec
1785 1188 2140 1252 revolveris
2192 1189 2258 1250 in
2305 1196 2591 1268 peccata,
2626 1193 2735 1252 sed
2767 1192 2846 1253 ad
2888 1195 3058 1256 bona
3096 1196 3162 1255 in
3198 1215 3311 1275 spe
3351 1187 3692 1263 vehemen-

405 1277 566 1336 tiore
586 1287 964 1350 consurges.

486 1353 765 1417 Intueris
800 1348 1049 1437 quanta
1094 1349 1262 1437 bona
1301 1364 1385 1407 ex
1428 1348 1841 1437 peccaiorum
1896 1348 2342 1437 recordatione
2393 1352 2832 1437 generantur?
2880 1351 3247 1437 Scribamus
3288 1356 3487 1437 igitur
3532 1377 3688 1437 ρειτ-

404 1442 549 1497 cata
589 1426 923 1513 nostra—in
965 1428 1265 1489 cordibus
1308 1427 1571 1513 nostris.
1619 1426 1762 1513 Scio
1801 1427 2058 1503 quidem
2107 1429 2262 1513 quia
2309 1426 2592 1513 nonest
2621 1432 2907 1513 tolerans
2950 1432 3169 1495 anima
3212 1426 3406 1513 huj'us
3448 1426 3688 1504 amara:

405 1512 756 1581 memoriae,
801 1509 909 1569 sed
952 1526 1068 1569 nos
1108 1523 1414 1589 cogamus
1461 1505 1640 1589 illam
1681 1510 1879 1589 atque
1917 1510 2405 1589 compellamus.
2448 1510 2678 1570 Melius
2720 1511 2961 1589 quippe
3004 1514 3187 1573 nobis
3237 1505 3357 1585 est,
3403 1522 3472 1576 ut
3511 1536 3687 1581 nunc

404 1595 626 1655 anima
657 1589 1029 1675 mordeatur
1052 1606 1135 1648 ex
1165 1585 1610 1675 recordatione
1643 1586 1908 1675 peccati,
1942 1604 2135 1675 quam
2172 1588 2234 1647 in
2269 1588 2486 1675 futuro
2518 1585 2804 1675 tempore
2838 1585 3151 1675 supplicia
3183 1595 3419 1655 sentiat
3448 1600 3686 1675 sempi-

406 1680 613 1735 terna.
668 1671 851 1751 Nunc
901 1668 1095 1737 enim,
1144 1666 1200 1751 si
1248 1664 1605 1751 recorderis
1656 1671 2068 1751 peccatorum
2116 1672 2397 1751 tuorum,
2432 1664 3028 1751 etul'requenter'ea
3082 1671 3147 1730 in
3181 1682 3529 1751 conspectu
3568 1664 3681 1739 Dei

404 1749 811 1831 pronunties,
844 1754 907 1808 et
949 1763 1067 1826 pro
1102 1746 1194 1831 eis
1225 1745 1362 1823 ejus
1396 1745 1799 1831 clementiam
1830 1746 2214 1831 depreceris,
2250 1748 2585 1831 citiusilla
2634 1745 2872 1831 delebis
2908 1769 2922 1808 :
2958 1751 3011 1810 si
3043 1757 3259 1812 autem
3303 1745 3477 1816 nunc
3519 1757 3681 1816 obli-

408 1826 672 1893 viscaris
701 1832 1112 1911 peccatorum
1139 1829 1421 1911 tuorum,
1454 1830 1608 1911 tono
1636 1841 1862 1911 eorum
1891 1826 2330 1911 recordaberis
2361 1828 2612 1911 nolens,
2642 1828 2904 1906 quando
2933 1831 2996 1889 in
3032 1836 3164 1891 toto
3195 1833 3436 1892 mundo
3467 1837 3681 1911 publi-

403 1902 747 1979 cabuntur,
780 1912 841 1968 et
875 1908 939 1967 in
970 1910 1318 1982 conspectu
1350 1902 1762 1986 proferentur
1788 1906 2100 1986 omnium,
2131 1910 2263 1965 tam
2294 1902 2966 1978 amicorum—tuorum,
2999 1926 3196 1986 quam
3235 1902 3673 1985 inimicorum,

402 2000 467 2053 et
503 1986 1299 2068 sanctorumiangelorum
1337 1983 1815 2068 caalestiumque
1850 1984 2194 2068 Virtutum.
2225 1986 2361 2068 Non
2399 1988 2586 2068 enim
2607 1987 2684 2046 ad
2716 1988 2913 2048 David
2948 1983 3157 2049 solum
3189 1990 3440 2052 dicebat
3472 2012 3488 2050 :
3523 1983 3676 2068 om

406 2081 477 2130 tu
502 2077 736 2130 secreto
779 2061 1150 2149 fecistifcgo
1186 2062 1430 2149 cunctis
1459 2061 1915 2149 manifestabo;
1950 2063 2074 2149 sed
2121 2064 2243 2124 hoc
2282 2065 2474 2149 etiam
2510 2065 2588 2126 ad
2624 2083 2847 2149 omnes
2872 2086 2999 2149 nos
3042 2068 3297 2129 dicitur.
3342 2061 3661 2149 Timuisti,

406 2151 638 2228 inquit,
668 2142 987 2228 homines,
1018 2142 1087 2228 et
1114 2142 1429 2228 erubuisti
1475 2143 1681 2228 magis
1721 2159 1918 2219 quam
1948 2143 2152 2228 Deum
2181 2163 2196 2203 :
2226 2144 2734 2228 ocul_um_au_tem
2764 2148 2884 2228 Dei
2917 2148 3192 2228 viventis
3224 2167 3355 2209 non
3383 2168 3449 2211 es
3482 2142 3666 2213 revel-

406 2220 590 2300 ritus,
628 2227 739 2289 sed
773 2242 992 2287 coram
1030 2222 1396 2283 hominibus
1426 2220 1686 2302 quidem
1718 2222 2187 2302 verecundatus
2218 2240 2309 2283 es.
2349 2224 2558 2290 Oculi,
2594 2225 2827 2302 inquit,
2861 2225 3181 2286 hominum
3211 2229 3402 2288 timor
3431 2248 3668 2293 eorum.

404 2311 774 2387 Propterea,
806 2304 1038 2382 inquit,
1064 2302 1303 2389 in_hoc
1335 2302 1475 2389 ipso
1522 2300 1808 2376 punieris
1844 2318 1858 2359 :
1894 2302 2286 2389 redarguam
2314 2320 2592 2389 namque
2638 2300 2721 2375 te,
2758 2310 2907 2389 ante
2942 2306 3165 2367 oculos
3211 2309 3503 2369 omnium
3540 2329 3665 2389 ρο..

405 2380 565 2449 nens
594 2390 856 2466 peccata
888 2380 1020 2445 tua.
1051 2382 1229 2466 Quia
1250 2398 1402 2441 vero
1443 2380 1818 2466 hoc_verum
1848 2385 1969 2452 est,
1997 2380 2239 2466 et_q_uia
2270 2382 2334 2441 in
2366 2380 2480 2466 illo
2519 2382 2620 2443 die
2648 2385 2939 2466 omnium
2988 2391 3356 2447 nostrorum
3408 2380 3664 2466 peccata

403 2459 933 2547 publicabuntur,
967 2467 1031 2523 et
1077 2459 1636 2547 producenturjn
1660 2476 1984 2547 pompam,
2016 2460 2139 2520 nisi
2189 2478 2267 2547 ea
2314 2460 2503 2547 modo
2544 2463 2854 2547 continua
2885 2466 3195 2547 memoria
3240 2459 3657 2547 sategerimus

403 2537 669 2608 abluere
705 2565 720 2603 :
753 2544 1014 2605 adverte
1046 2537 1371 2619 quomodo
1404 2537 1831 2619 prol'ertur_in
1862 2556 2164 2619 pompam
2194 2541 2430 2602 duritia
2464 2541 2560 2600 vel
2608 2542 3047 2603 inhumanitas
3082 2537 3439 2606 hominum.
3477 2548 3656 2608 Esu-

405 2558 669 2608 abluere
705 2565 720 2603 :
753 2558 1014 2605 adverte
1046 2558 1371 2619 quomouo
1404 2558 1728 2616 prouertur
1766 2558 1831 2598 In
1862 2558 2011 2617 pom
2060 2558 2164 2599 am
2194 2558 2430 2602 annua
2464 2558 2560 2600 vel
2608 2558 3047 2603 innumanltas
3082 2558 3439 2606 hominum.
3477 2558 3656 2608 Esu-

405 2628 556 2693 rivi,
589 2625 823 2702 inquit,
861 2631 915 2683 et
944 2639 1079 2706 non
1101 2617 1539 2706 dedistismihi
1568 2617 1970 2706 manducare.
1998 2558 2270 2706 (guando
2296 2621 2437 2706 haec
2459 2620 2785 2706 dicuntur,
2818 2621 2917 2682 vel
2944 2623 3057 2706 ubi
3067 2624 3103 2706 _?_
3116 2625 3668 2706 numinangnlo?

407 2725 562 2767 num
594 2706 660 2765 in
681 2697 909 2780 aliquo
938 2700 1198 2762 abdito?
1224 2698 1521 2769 Minime;
1555 2697 1662 2758 sed
1694 2699 1830 2780 ubi,
1864 2706 1926 2759 et
1955 2698 2218 2775 quando
2238 2701 2274 2780 ‘2"
2293 2699 2545 2759 Scilicet
2578 2718 2725 2760 cum
2756 2702 3005 2761 venerit
3036 2703 3238 2764 Filius
3272 2705 3382 2766 Dei
3415 2697 3641 2780 in'glo-

407 2788 504 2847 ria
536 2802 680 2850 sua.
714 2789 775 2843 et
800 2776 1029 2841 omnes
1066 2784 1287 2855 gentes
1331 2783 1735 2854 congregata:
1767 2776 2025 2846 fuerint,
2059 2779 2322 2854 quando
2354 2781 2790 2857 segregaverit
2828 2781 2983 2841 istos
3014 2784 3095 2841 ab
3134 2783 3259 2843 illis
3294 2803 3310 2842 :
3341 2776 3663 2848 tunc'haac

393 2874 559 2933 dicet
579 2871 827 2932 cunctis
850 2868 1384 2949 audienti_bus;_et
1405 2867 1754 2949 constituet
1774 2867 1937 2949 alios
1962 2867 2221 2949 quidem
2250 2883 2286 2949 a
2312 2864 2582 2939 dextris,
2608 2868 2771 2949 aiios
2803 2886 2956 2928 vero
2991 2885 3030 2931 a
3061 2870 3364 2933 sinistris.
3396 2874 3696 2949 Esurivi,

394 2952 631 3030 inquit,
666 2958 723 3009 et
750 2967 879 3009 non
912 2947 1174 3031 dedistis
1193 2946 1771 3031 inihimonducare.
1794 2947 2503 3031 Coniemplareiterum
2536 2952 2598 3031 et
2630 2946 2772 3008 illas
2797 2950 3088 3026 quinque
3122 2950 3429 3030 virgines,
3454 2971 3597 3031 qua:
3630 2946 3694 3016 in

393 3026 746 3109 conspectu
781 3028 1072 3110 omnium
1103 3026 1397 3110 audient:
1420 3026 1649 3110 Nescio
1678 3027 2137 3110 vos:quinque
2166 3027 2435 3110 enimet
2463 3027 2755 3104 quinque
2790 3046 2919 3086 non
2954 3026 3296 3090 numerum
3319 3026 3693 3110 quin’arium

395 3106 646 3173 tantum
670 3107 1059 3189 signiﬁcant,
1086 3106 1195 3189 sed
1221 3106 1424 3189 malas
1448 3110 1509 3189 et
1532 3106 1732 3189 duras
1752 3111 1814 3166 et
1844 3106 2260 3179 inhumanas;
2281 3106 2643 3189 aliasvero,
2666 3124 2811 3183 qua:
2842 3124 2970 3167 non
3003 3114 3157 3169 sunt
3180 3106 3569 3189 liujusmodi.
3593 3114 3695 3176 Sic

395 3192 589 3253 etiam
609 3195 670 3250 et
698 3186 809 3272 qui
834 3205 1037 3272 unum
1060 3188 1182 3272 sub
1202 3186 1391 3272 terris
1413 3186 1630 3272 obruit
1652 3186 1987 3272 talentum,
2011 3203 2230 3246 coram
2254 3186 2558 3272 omnibus
2591 3186 2961 3272 increpatus
2984 3194 3103 3259 est,
3125 3195 3187 3249 et
3209 3186 3359 3272 ante
3381 3192 3559 3253 illum
3580 3198 3691 3272 qui

395 3272 688 3349 quinque
705 3263 1043 3349 obtulit,_et
1060 3271 1210 3326 ante
1230 3266 1412 3349 illum
1436 3265 1547 3341 qui
1566 3263 1694 3324 duo
1713 3265 2001 3349 lucratus
2021 3272 2138 3349 est,
2160 3265 2437 3349 audivit:
2460 3267 2649 3327 Serve
2669 3267 2825 3349 mele
2846 3276 2901 3325 et
2927 3285 3210 3349 nequam.
3233 3270 3309 3328 Et
3328 3289 3457 3331 non
3480 3263 3690 3337 verbis

398 3344 645 3431 tantum
676 3348 810 3431 haec
830 3347 1120 3431 audient,
1138 3344 1247 3405 sed
1272 3362 1538 3423 prorsus
1561 3360 1672 3403 eos
1695 3345 1891 3431 etiam
1915 3346 2070 3431 ipsis
2106 3346 2622 3431 tuneredarguet
2641 3348 2833 3406 rebus
2856 3368 2869 3404 :
2893 3344 3061 3407 sicut
3083 3349 3271 3410 etiam
3294 3354 3691 3431 evangelista

393 3430 569 3500 dicit,
614 3427 924 3490 Videbunt
964 3426 1032 3487 in
1068 3443 1246 3506 quem
1274 3424 1939 3506 pupugerunt.Simul
1970 3426 2140 3485 enim
2174 3426 2298 3486 erit
2330 3424 2789 3506 universorum
2834 3431 3228 3488 resurrectio
3276 3424 3690 3506 peccatorum

395 3508 958 3590 atquenjustorum
990 3525 1010 3590 _:
1046 3505 1239 3590 simul
1276 3503 1467 3590 enim
1492 3503 1962 3590 judicabuntur
2006 3506 2322 3590 universi.
2356 3505 2661 3590 intelligo
2696 3506 2914 3590 itaque
2948 3508 3175 3590 quales
3227 3503 3381 3571 tunc
3411 3528 3691 3590 appare—

398 3583 558 3649 bunt
594 3583 713 3659 illi,
742 3586 854 3662 qui
890 3586 956 3644 in
986 3584 1350 3643 humilitate
1380 3590 1443 3643 et
1480 3583 1812 3643 doloribus
1845 3590 2059 3655 erunt,
2098 3585 2209 3661 qui
2251 3586 2589 3645 trahentur
2633 3585 2696 3643 in
2727 3586 2938 3663 ignem
2986 3587 3131 3646 aliis
3165 3583 3518 3651 coronatis:
3568 3594 3689 3653 Γε-

396 3669 549 3733 nite.
578 3666 813 3744 inquit,
851 3663 1158 3726 benedicti
1198 3663 1587 3744 Patrismci,
1625 3664 1936 3744 percipite
1965 3682 2225 3742 regnum
2254 3664 2423 3743 quod
2469 3663 2647 3744 vobis
2687 3674 2984 3743 paratum
3037 3674 3121 3725 est
3153 3687 3191 3726 α
3234 3671 3688 3733 constitutione

394 3748 614 3807 mundi
638 3741 1008 3828 {etiterum
1037 3762 1051 3800 :
1086 3744 1183 3804 Itc
1211 3762 1250 3803 α
1276 3761 1369 3801 me
1404 3742 1473 3801 in
1504 3742 1720 3828 ignem
1736 3742 1845 3821 qui
1871 3741 2279 3828 preparatus
2301 3752 2389 3828 est
2421 3741 2766 3805 diabolo‘et
2801 3744 3042 3828 angelis
3078 3745 3232 3828 cjys.
3264 3748 3401 3808 Non
3432 3750 3689 3828 simpli-

396 3828 557 3889 citer
583 3826 797 3888 verbis
830 3824 1105 3884 audiunt
1138 3828 1410 3892 tantum,
1449 3822 1556 3882 sed
1602 3821 1759 3898 ipsis
1792 3826 1986 3883 rebus
2014 3821 2206 3883 etiam
2239 3825 2585 3883 verborum
2616 3824 3049 3900 complebitur
3082 3821 3369 3886 effectus.
3415 3821 3687 3889 Deseri-

396 3908 626 3968 bamus
682 3905 879 3983 igitur
911 3904 1045 3963 haec
1076 3908 1226 3963 ante
1253 3902 1494 3983 oculos
1517 3907 1825 3983 “nostros,
1874 3908 1936 3962 et
1972 3910 2272 3981 putemus
2321 3920 2495 3983 nunc
2526 3904 2872 3983 przesentia
2904 3919 3071 3974 esse,
3104 3912 3165 3964 et
3196 3905 3540 3966 Dominum
3574 3911 3685 3973 illa

395 3989 597 4048 verba
632 3980 1121 4065 diéere,ietunos
1148 3981 1377 4042 abduci
1410 3982 1475 4040 in
1515 3980 1695 4065 illum
1729 3980 2066 4065 ignem’ac
2098 3983 2410 4065 pertrahi.
2438 3982 2710 4065 Qualem
2740 3982 3122 4065 habebimus
3153 3992 3455 4059 mentem,
3488 3990 3682 4065 quale

394 4066 741 4127 solatium?
775 4063 929 4141 quid
969 4062 1125 4121 illud
1165 4067 1380 4122 autem
1417 4059 1679 4139 quando
1709 4060 2117 4122 dividemur?
2143 4062 2295 4140 quid
2342 4061 2604 4140 quando
2646 4079 2762 4139 pro
2797 4061 3025 4138 rapina
3065 4082 3282 4124 rerum
3316 4059 3680 4129 alienarum

397 4146 809 4223 culpabimnr
830 4144 858 4202 ?
885 4142 1038 4223 quid
1084 4141 1423 4223 dicemus?
1466 4141 2005 4223 quemcolorem
2028 4142 2469 4223 excusationis
2503 4141 2884 4201 habebimus
2911 4144 2937 4199 Ἰ
2964 4143 3225 4218 qualem
3277 4144 3682 4209 inveniemus

394 4219 738 4295 rationem,
766 4219 916 4301 quae
939 4222 1166 4302 saltem
1199 4220 1564 4302 verisimilis
1593 4219 1927 4302 videatur?
1958 4221 2528 4302 Nullam_scilicet_:
2559 4237 2823 4282 necesse
2849 4226 2951 4302 est
2978 4240 3131 4301 ergo
3162 4229 3230 4282 ut
3265 4224 3466 4302 ligati,
3499 4228 3681 4288 vultu

393 4305 712 4382 deposito,
734 4298 1190 4382 pertrahamur
1218 4300 1296 4360 ad
1324 4298 1626 4382 horriﬁca
1657 4300 2084 4382 caminorum,
2107 4302 2183 4361 ad
2208 4300 2444 4382 [lumen
2478 4300 2764 4382 igneum,
2786 4300 2861 4361 ad
2889 4298 3187 4382 tenebras
3212 4298 3593 4377 exlEriores,
3619 4314 3683 4368 et

393 4378 881 4446 ad—immortale
912 4380 1327 4461 supplicium,
1361 4384 1423 4461 et
1454 4379 1706 4438 nullum
1737 4379 1871 4456 jam
1912 4397 2146 4461 rogare
2197 4378 2578 4442 valebimus.
2618 4381 2755 4439 Non
2790 4386 3023 4461 potest,
3058 4381 3290 4458 inquit,
3319 4400 3446 4442 non
3472 4391 3682 4461 potest

393 4464 659 4525 transiri
690 4462 844 4522 hinc
874 4458 1061 4521 illuc:
1087 4460 1285 4521 chaos
1313 4458 1484 4518 enim
1510 4475 1815 4536 magnum
1833 4462 1928 4518 est
1950 4459 2121 4521 inter
2148 4478 2265 4521 nos
2295 4465 2358 4522 et
2387 4476 2499 4520 vos
2529 4478 2542 4516 :
2570 4465 2630 4519 et
2660 4477 2870 4536 neque
2900 4460 3263 4522 volentibus
3293 4462 3437 4523 licet
3461 4458 3680 4526 trans-

395 4544 513 4615 ire,
533 4557 931 4618 manumque
958 4541 1309 4618 porrigere.
1336 4539 1604 4597 Necesse
1627 4542 1722 4597 est
1746 4555 1900 4616 ergo
1924 4545 1995 4598 ut
2016 4539 2322 4600 ardeatur
2349 4540 2414 4598 in
2435 4539 2924 4617 sempiternum,
2953 4540 3133 4599 nullo
3155 4541 3550 4604 adminiculo
3573 4545 3682 4606 de-

394 4617 931 4701 ferente,siveisit
956 4617 1159 4701 pater,
1177 4619 1316 4701 sive
1344 4618 1427 4677 sit
1456 4617 1853 4701 mater,_sive
1881 4620 2466 4701 quilibet_alius,ae
2498 4619 2551 4679 si
2583 4636 2883 4701 magnam
2910 4619 3208 4681 ﬁduciam
3240 4621 3475 4682 habeat
3505 4626 3676 4701 apud

395 4704 619 4762 Deum.
646 4702 899 4766 Frater,
919 4695 1151 4776 inquit,
1172 4699 1433 4778 fratrem
1453 4714 1583 4778 non
1599 4695 1857 4778 redimet
1873 4719 1893 4755 :
1909 4716 2059 4757 num
2090 4698 2380 4760 liberabit
2400 4697 2580 4758 homo
2597 4699 2627 4758 ἵ
2642 4695 2964 4771 Quoniam
2987 4716 3141 4778 ergo
3166 4695 3567 4778 impossibile
3583 4712 3681 4765 est

394 4782 635 4843 habere
679 4782 745 4840 in
779 4780 1056 4840 alterum
1097 4776 1276 4856 spem
1309 4776 1722 4857 salutis,inisi
1761 4776 1826 4835 in
1858 4780 2203 4857 semetipso
2247 4783 2391 4857 post
2421 4778 2932 4837 misericordiam
2961 4776 3126 4838 Dei:
3161 4776 3431 4841 obsecro
3464 4789 3532 4842 ut
3565 4783 3678 4846 illa

394 4878 721 4941 geramus,
742 4859 979 4937 quibus
1001 4855 1378 4918 vitanostra
1396 4855 1766 4941 mandetur,
1793 4857 2029 4934 quibus
2045 4855 2986 4941 optimaconversationostra
3010 4858 3334 4941 reddatur.
3364 4862 3440 4941 Et
3468 4862 3677 4939 primo

392 4935 652 5019 quidem
682 4935 1004 5019 quantum
1038 4952 1385 5019 possumus
1416 4935 1813 5019 laboremus,
1848 4942 1919 5019 u_t
1950 4935 2162 5019 nullas
2196 4938 2585 5019 recipiamus
2617 4937 2837 5019 sordes
2866 4955 2880 4995 :
2914 4936 2967 4997 si
2988 4955 3156 5019 vero
3181 4938 3348 5019 sicut
3378 4935 3674 5003 homines

392 5014 830 5099 receperimus
858 5017 1136 5099 aliquas,
1171 5032 1301 5075 non
1332 5014 1750 5099 dormiamus,
1785 5014 1897 5075 sed
1931 5017 2271 5099 vigilanter
2298 5017 2631 5099 instemus,
2664 5021 2731 5099 ut
2767 5016 2819 5075 si
2849 5016 3001 5099 quid
3038 5017 3101 5099 in
3147 5018 3331 5078 nobis
3366 5025 3506 5099 erat
3539 5037 3678 5081 sor-

393 5094 593 5169 dium,
634 5116 749 5176 per
785 5096 1248 5176 paenitentiam,
1287 5112 1402 5171 per
1430 5094 1781 5176 orationes,
1820 5112 1937 5176 per
1964 5094 2310 5175 lacrymas,
2344 5113 2460 5173 per
2490 5094 2964 5176 misericordias
2996 5097 3325 5176 abluatur.
3359 5097 3475 5156 Sed
3507 5099 3676 5160 dicet

393 5172 679 5257 aliquis':
705 5172 869 5251 Quid
919 5177 973 5235 si
1019 5191 1148 5235 non
1186 5172 1681 5257 habeam_unde
1719 5174 1961 5251 possim
1982 5172 2488 5257 misericordias
2518 5175 2820 5252 operari?
2850 5174 3215 5257 Sed_habes
3270 5176 3372 5235 vel
3408 5177 3679 5239 calicem

394 5253 582 5337 aquas
619 5257 883 5335 frigidae,
925 5255 1404 5337 quantumlibet
1431 5253 1532 5337 _sis_
1564 5269 1812 5337 pauper
1847 5272 1861 5309 :
1897 5255 1998 5315 vel
2028 5256 2156 5314 duo
2199 5256 2446 5337 minuta
2478 5256 2699 5326 habes,
2734 5253 3137 5337 quantalibet
3164 5262 3544 5337 paupertate
3578 5262 3679 5316 te-

395 5332 614 5399 nearis
644 5358 660 5397 :
692 5332 887 5397 babes
926 5332 1139 5412 pedes,
1174 5339 1243 5392 ut
1274 5334 1478 5409 possis
1518 5332 1807 5393 infirmos
1837 5340 2245 5412 tegrotosque
2280 5335 2565 5406 visitare,
2604 5340 2671 5394 ut
2707 5334 2914 5411 possis
2954 5334 3175 5394 venire
3206 5335 3286 5393 ad
3316 5351 3425 5395 eos
3462 5337 3573 5413 qui
3610 5338 3678 5398 in

395 5417 766 5479 carceribus
797 5415 1166 5495 detinentur
1198 5432 1212 5470 :
1250 5414 1448 5495 habes
1476 5413 1998 5495 saltemiectum,
2033 5420 2105 5475 ut
2136 5415 2344 5492 possis
2368 5414 2699 5495 suscipere
2738 5413 3174 5495 peregrinum.
3207 5414 3399 5495 Nulla
3428 5421 3525 5476 est
3553 5417 3681 5495 igi-

397 5504 524 5569 tur,
557 5497 739 5557 nulla
769 5499 866 5556 est
898 5494 1084 5555 venia
1113 5493 1171 5552 ei
1201 5492 1315 5569 qui
1354 5491 1873 5573 misericordiam
1895 5510 2027 5553 non
2064 5491 2327 5555 exhibet
2359 5491 2692 5572 indigenti.
2726 5494 2804 5553 Et
2844 5491 2981 5573 haec
3017 5492 3277 5573 quidem
3307 5491 3681 5573 frequenter

399 5579 578 5639 vobis
615 5577 910 5648 dicimus,
945 5578 1018 5634 ut
1064 5590 1148 5631 ex
1195 5570 1520 5632 continuis
1550 5571 2116 5651 admonitionibus
2156 5574 2385 5634 saltem
2428 5570 2754 5651 possimus
2797 5572 3043 5651 aliquid
3093 5570 3496 5651 promovere.
3528 5575 3679 5637 Haec

395 5664 615 5719 autem
650 5656 947 5726 dicimus,
981 5670 1113 5712 non
1151 5654 1403 5733 tantum
1430 5651 1507 5711 de
1543 5650 1694 5719 illis,
1734 5651 1855 5733 qui
1872 5658 2128 5733 vestras
2160 5650 2636 5714 misericordias
2676 5657 2828 5714 sunt
2869 5650 3259 5733 percepturi,
3294 5654 3678 5733 cogitantes,

394 5743 719 5814 quantum
748 5752 865 5812 pro
899 5739 1114 5795 vestra
1148 5731 1356 5792 salute
1391 5734 1779 5814 satagentes.
1818 5731 1946 5792 Illis
1984 5734 2223 5814 quippe
2255 5733 2639 5814 temporalia
2669 5738 2731 5793 et
2763 5737 3021 5793 terrena
3052 5737 3115 5792 et
3145 5731 3679 5795 caduca'tribuis-

399 5809 515 5889 tis;
555 5809 881 5893 recipietis
936 5817 1161 5893 autem
1195 5809 1667 5893 vos_pro_istis
1720 5810 1891 5872 bona
1940 5809 2219 5873 caelestia
2271 5809 2665 5893 sempiterna
2700 5831 2713 5870 :
2748 5828 2894 5888 quae
2925 5828 3043 5871 nos
3090 5828 3315 5873 omnes
3349 5815 3680 5891 contingat

397 5888 794 5972 adipisciﬁn
826 5891 1288 5972 ChristoJesu
1324 5890 1598 5972 Domino
1625 5897 1897 5972 _nostro,
1930 5910 2076 5951 cum
2123 5910 2255 5969 quo
2288 5892 2458 5952 Patri
2505 5888 2737 5968 gloria,
2771 5907 2905 5953 una
2940 5908 3087 5952 cum
3139 5896 3364 5953 sancto
3412 5888 3683 5971 Spiritu,

401 5967 576 6039 nunc
605 5985 664 6036 et
696 5992 967 6051 semper,
1007 5977 1067 6032 et
1098 5971 1163 6030 in
1192 5967 1424 6030 δίεωιελ
1452 5969 1859 6031 saeculorum.
1895 5974 2118 6033 Amen.
