4198 6494
391 345 493 402 459
946 343 1266 403 MU'l'lANO
1306 345 1552 403 SCIIOL.
1608 344 2074 403 INTERPRETE.
2118 378 2189 393 —
2228 350 2384 407 CAP.
2428 351 2543 408 Xll.
2592 353 2824 411 llOMlL.
2871 356 3087 412 XXXII.
3567 364 3675 421 ΜΟ

382 475 485 517 res
514 452 784 515 alterius
824 450 1023 529 partis
1057 451 1385 534 emineant
1408 470 1424 509 :
1450 450 1540 511 sic
1575 454 1638 534 et
1667 449 1769 534 hic
1799 467 1879 534 ex
1913 453 2396 534 comparatione
2428 453 2687 514 illorum
2732 463 2955 519 nostra
2987 457 3237 534 majora
3275 456 3693 520 declarantur

381 543 444 597 et
486 534 757 594 meliora
805 537 868 592 et
907 532 1388 613 mansuetiora,
1418 529 2019 613 eteadmirationum
2061 532 2462 613 plenissima.
2498 536 2855 612 Dupliciter
2886 529 3167 613 namque
3199 538 3467 600 meliora
3496 548 3691 610 sunt,

380 615 698 693 quoniam
726 616 795 693 et
842 611 1094 693 majqra
1122 610 1315 693 simul
1354 610 1733 693 et_clarier_a
1774 616 1966 693 sunt;
1996 610 2689 693 undeuaccessibilio—ra
2738 616 3033 693 pluribus
3061 610 3504 678 —exstiterunt.
3556 620 3694 680 Hoc

378 689 624 777 quippe
653 692 847 753 etiam
883 689 958 750 in
980 690 1269 777 Epistula
1294 689 1371 751 ad
1404 689 1773 777 Corinthios
1804 690 2120 777 scribens,
2153 690 2305 777 dicit
2335 713 2349 751 :
2380 689 2857 777 Revelatafacie
2885 696 3155 774 gloriam
3185 698 3442 757 Domini
3468 718 3681 777 specu-

379 769 580 836 lantes
616 777 739 853 :et
763 788 891 853 non
943 769 1369 853 sicut_Moses
1401 789 1416 827 :
1452 771 1763 853 velamen
1791 770 1965 829 enim
2004 773 2287 853 ponebat
2324 790 2522 849 super
2570 769 2795 836 faciem
2831 769 3041 837 suam.
3075 778 3216 836 Non
3258 769 3641 839 meruerunt
3673 825 3688 853 ,

380 854 618 933 inquit,
650 852 745 913 illi
779 851 936 912 talia
967 849 1325 933 percipere,
1358 849 1583 933 qualia
1612 849 1800 933 nobis
1829 851 2199 933 contributa
2232 858 2612 914 noscuntur.
2644 854 2808 929 Quid
2840 856 3011 915 enim
3047 857 3136 916 illi
3171 856 3385 917 videre
3422 849 3693 919 merue-L

380 929 585 997 runt?
612 934 945 997 Tenebras
989 936 1052 990 et
1096 929 1463 1010 caliginem.
1499 929 1863 991 Audierunt
1909 929 2176 1010 quidem
2226 936 2291 989 et
2325 950 2544 993 vocem
2573 955 2585 993 :
2612 935 2719 994 sed
2766 941 2828 995 et
2873 940 2942 996 tu
2986 936 3220 997 audisti
3251 955 3477 997 vocem
3505 983 3520 1010 ,
3558 957 3688 998 non

382 1034 497 1094 per
536 1014 842 1094 nebulam
877 1008 1276 1094 venientem,
1310 1009 1419 1070 sed
1451 1027 1567 1087 per
1598 1026 1862 1094 carnem
1891 1008 2152 1094 ghristi.
2185 1010 2327 1071 Non
2362 1030 2429 1094 es
2474 1015 2903 1075 tumultuatus
2933 1059 2948 1085 ,
2982 1034 3194 1094 neque
3226 1008 3643 1094 perturbatus
3671 1064 3687 1087 ,

380 1089 488 1157 sed
518 1092 792 1165 stetisti,
823 1094 887 1152 et
914 1091 1328 1167 eolloquutus
1379 1105 1448 1150 es
1488 1089 1848 1151 mediatori.
1883 1089 2257 1167 Signiﬁcant
2297 1092 2492 1153 etiam
2540 1095 2822 1155 tenebras
2870 1089 3378 1156 invisibilitatem
3410 1097 3519 1157 Dei
3550 1117 3563 1155 :
3603 1099 3688 1157 Iit

379 1174 627 1240 nebula,
659 1171 895 1249 inquit,
924 1169 1034 1232 sub
1052 1168 1321 1249 pedibus
1348 1169 1501 1248 ejus.
1536 1170 1718 1231 Tunc
1753 1186 1909 1249 ergo
1938 1169 2151 1249 Moses
2186 1172 2420 1242 timuit,
2454 1189 2630 1233 nunc
2654 1177 2870 1233 autem
2905 1177 3131 1235 metuit
3158 1176 3376 1235 nullus
3406 1196 3420 1233 :
3446 1181 3504 1236 et
3538 1182 3690 1238 tunc

383 1255 562 1332 plebs
591 1248 767 1315 stetit
795 1256 927 1312 tota
948 1248 1415 1333 deorsum,_nos
1440 1251 1655 1333 autem
1696 1248 1813 1333 etsi
1847 1266 1886 1310 a
1906 1248 2064 1309 caalo
2094 1249 2399 1311 deorsum
2430 1269 2679 1325 sumus,
2701 1260 3147 1315 verumtamen
3171 1256 3687 1333 prOpinquamus

384 1328 546 1395 Filio
577 1334 690 1395 Dei
720 1352 734 1391 :
761 1336 981 1405 etnon
1031 1330 1197 1391 sicut
1233 1329 1468 1389 Moses.
1498 1329 1639 1388 lllic
1689 1328 1866 1388 enim
1911 1345 2166 1389 eremus
2211 1336 2350 1391 erat
2376 1376 2391 1404 ,
2424 1336 2486 1391 et
2517 1333 2935 1394 circumcirca
2984 1328 3448 1405 desertiofhic'
3472 1341 3687 1396 autem

382 1415 642 1483 civitas,
673 1418 736 1474 et
770 1410 1042 1471 millium
1082 1410 1426 1493 celebritas
1468 1408 1874 1493 angelorum.
1908 1407 2149 1493 ln__hoc
2186 1413 2382 1493 verbo
2422 1412 2731 1493 gaudium
2774 1412 3093 1492 signiﬁcat
3134 1420 3196 1474 et
3221 1414 3689 1493 jucunditatem

384 1513 501 1572 pro
528 1494 827 1573 caligine,
858 1508 977 1569 pro
1005 1489 1288 1552 tenebris
1310 1534 1325 1561 ,
1358 1506 1475 1573 pro
1507 1485 1763 1573 turbine
1794 1488 2175 1573 procelloso.
2214 1485 2652 1573 EtEcclesiam
2677 1540 2691 1561 ,
2726 1485 2975 1571 inquit“,
3007 1485 3483 1572 primit'ivorum
3511 1540 3523 1559 ,
3557 1513 3691 1573 qum

384 1566 453 1634 in
487 1566 1049 1651 cwlis'consc—ripta
1079 1578 1201 1651 est.
1230 1577 1287 1628 et
1312 1568 1394 1651 ad
1407 1566 1687 1651 judicem
1713 1569 1913 1627 Deum
1943 1568 2364 1651 omnium._llli
2394 1587 2520 1651 non
2555 1566 3126 1643 accesseruntfsed
3155 1572 3379 1651 procul
3407 1566 3688 1645 stabant;

387 1673 498 1717 vos
530 1659 745 1716 autem
776 1647 1161 1733 accessistis,
1191 1648 1424 1733 inquit.
1458 1647 1578 1733 ῌὶο
1602 1653 1818 1733 autem
1852 1651 2041 1733 terret
2076 1649 2483 1733 eosdicendo
2508 1670 2522 1709 :
2546 1652 2949 1733 “Etejudicem
2982 1647 3175 1713 Deum
3212 1654 3485 1712 omnium
3514 1701 3526 1720 .
3559 1670 3688 1712 non

383 1739 635 1796 tantum
674 1731 1054 1813 Iudaeorum
1092 1746 1302 1813 neque
1334 1726 1642 1813 ﬁdelium,
1672 1726 1779 1788 sed
1812 1727 2005 1813 totius
2039 1728 2335 1813 videlicet
2366 1731 2610 1813 mundi.
2639 1726 2731 1791 Et
2752 1733 2841 1813 ad
2868 1733 3179 1813 Spiritus,
3213 1733 3693 1813 inquit,justo-

383 1831 525 1875 rum
547 1813 991 1893 perfectorum:
1027 1808 1292 1869 Animas
1322 1807 1474 1893 dicit
1499 1852 1516 1880 ,
1542 1824 1709 1893 quia
1730 1807 1902 1884 apud
1942 1808 2146 1893 Deum
2193 1811 2560 1893 probabiles
2596 1807 3009 1873 exstiterunt.
3039 1812 3134 1873 Et
3165 1807 3692 1893 adimediatorem

386 1886 921 1954 Testdmehtinovi
942 1890 1179 1969 Iesum,
1215 1895 1269 1969 et
1297 1886 1378 1969 ad
1405 1887 1741 1969 sanguinis
1766 1889 2221 1969 aspersionem;
2255 1888 2373 1949 hoc
2404 1894 2523 1961 est,
2558 1892 3107 1954 emundationem.
3142 1892 3376 1953 Melius
3403 1940 3416 1960 ,
3452 1893 3688 1969 inquit,

386 1972 760 2051 loquentem,
789 1986 974 2051 quam
1002 1966 1268 2051 Abel._S_i
1291 2012 1306 2039 ,
1342 1966 1590 2051 inquit,
1619 1968 1900 2051 sanguis
1920 1966 2234 2051 loquitur;
2269 1970 2471 2028 multo
2501 1972 2703 2051 magis
2728 1971 3045 2049 loquitur,
3078 1974 3189 2050 qui
3223 1972 3378 2032 vivit
3409 1966 3687 2032 occisus.

381 2047 547 2127 Quid
593 2047 818 2131 autem
858 2048 1198 2131 loquitur?
1224 2047 1370 2126 Ipse
1401 2093 1415 2113 .
1449 2047 1705 2131 inquit,
1735 2047 2007 2126 spiritus
2052 2047 2340 2131 loquitur
2365 2066 2484 2126 pro
2530 2047 2711 2110 nobis
2753 2047 3686 2131 gemitibus'inenarrabilibus.

381 2130 718 2208 Quomodo
748 2129 1091 2211 loquitur?
1117 2127 1456 2211 Ingressus
1478 2127 1718 2211 quippe
1749 2132 2033 2211 mentem
2055 2128 2423 2211 siuceritate
2445 2127 2813 2211 purgatam,
2842 2132 3033 2211 erigit
3058 2150 3224 2201 eam,
3250 2139 3311 2192 et
3338 2131 3485 2192 facit
3511 2132 3686 2209 loqui

382 2146 718 2208 Quomouo
751 2146 1043 2206 loquitur
1065 2146 1091 2186 τ
1117 2146 1456 2268 ingressus
1478 2146 1718 2205 qunppe
1749 2146 2027 2187 mentem
2055 2146 2423 2188 smceruate
2445 2146 2813 2208 purgatam,
2842 2146 3033 2211 erigit
3058 2150 3224 2201 eam,
3250 2146 3311 2192 et
3338 2146 3485 2192 lacn
3512 2146 3686 2209 loqui

382 2206 1089 2292 magnaliaLAtteudite
1118 2226 1194 2268 υο
1242 2207 1330 2275 is,
1370 2207 1617 2285 inquit,
1646 2225 1725 2265 ne
1751 2206 2065 2292 respuatis
2110 2206 2494 2292 loquentem;
2526 2209 2647 2270 hoc
2686 2214 2813 2283 est,
2848 2227 2978 2271 non
3021 2212 3386 2292 negligatis.
3419 2211 3492 2273 Si
3511 2213 3691 2292 enim

386 2291 486 2355 illi
499 2286 646 2353 'uon
676 2289 1065 2370 eﬂ'ugeruu‘t,
1088 2295 1469 2370 respuent_es_
1488 2303 1680 2370 super
1721 2295 1955 2370 terram
1986 2286 2355 2370 loquentem.
2381 2288 2584 2363 Quem
2617 2295 2807 2367 putas
2854 2292 2921 2350 in
2972 2292 3094 2353 hoc
3110 2286 3275 2352 "loco
3321 2291 3693 2369 signiﬁcat?

383 2371 540 2433 Mihi
599 2364 857 2449 quidem
897 2364 1402 2449 evidetur'quod
1447 2364 1671 2428 MoSen
1739 2364 2082 2449 signiﬁcat.
2142 2365 2326 2440 Quod
2390 2364 2638 2428 autem_
2670 2370 2860 2442 dicit,
2918 2372 3045 2433 tale
3109 2376 3262 2432 est:
3307 2364 3516 2431 Si'illi
3575 2373 3688 2448 qui

384 2447 858 2515 recusaverunt
895 2447 1355 2530 legislaturem
1386 2447 1454 2507 in
1486 2452 1685 2530 terra
1740 2447 2161 2530 constitutum
2186 2490 2202 2517 ,
2235 2463 2367 2506 non
2427 2449 2772 2509 valuerunt
2814 2449 3096 2530 effugere
3131 2472 3146 2509 :
3179 2451 3508 2528 quomodo
3562 2447 3690 2510 va-

382 2531 658 2593 lebimus
690 2545 994 2609 recusare
1028 2546 1176 2609 eum
1199 2571 1214 2602 ,
1247 2527 1579 2609 quinobis
1608 2526 1885 2609 de_caalo
1928 2527 2085 2609 legis
2119 2534 2437 2609 przecepta
2469 2530 2850 2609 constituit?
2878 2526 3005 2592 Nec
3034 2526 3221 2609 putes
3252 2531 3425 2608 quod
3458 2532 3519 2591 in
3570 2530 3691 2591 hoc

382 2613 528 2673 loco
553 2611 832 2691 alterum
864 2608 1335 2691 dicat__la_torem
1367 2607 1551 2685 legis,
1577 2611 1633 2667 et
1662 2606 1939 2691 alterum
1960 2606 2316 2691 Evangelii.
2346 2607 2566 2691 {\bsit,
2601 2626 2730 2668 non
2764 2609 2885 2671 hoc
2914 2606 3101 2691 dicit,
3134 2610 3241 2671 sed
3274 2606 3396 2672 hoc
3426 2610 3690 2691 signiﬁ—

380 2698 507 2767 cat,
539 2690 856 2769 quoniam
884 2687 1192 2769 terribilis
1220 2692 1512 2769 apparet,
1542 2704 1693 2747 cum
1722 2685 1800 2769 dc
1823 2685 1979 2747 caelo
2010 2685 2321 2762 loquitur.
2353 2686 2525 2746 Idem
2553 2689 2691 2769 ipse
2717 2696 2814 2749 est
2843 2689 3103 2766 quidem
3134 2694 3262 2751 tam
3294 2692 3413 2751 iste
3441 2736 3457 2765 ,
3488 2685 3685 2768 quam

383 2772 514 2845 ille,
548 2766 658 2831 sed
690 2768 1044 2831 terribilior
1065 2772 1219 2849 tunc
1255 2767 1706 2849 magis,_quam
1730 2767 1854 2849 ille
1868 2771 2157 2849 tempore
2181 2785 2195 2822 :
2219 2783 2347 2825 non
2378 2766 3006 2849 enimdifferentiam
3029 2788 3321 2848 personae
3343 2766 3687 2849 signiﬁcat,

382 2844 505 2912 sed
524 2849 785 2910 modum
825 2865 959 2926 quo
992 2847 1178 2926 nobis
1209 2844 1446 2907 novam
1480 2847 1685 2924 legem
1716 2844 1921 2917 dedit,
1955 2845 2233 2926 alterum
2269 2864 2411 2906 esse
2442 2846 2614 2909 dicit.
2645 2848 2820 2909 Unde
2854 2849 2975 2909 hoc
3019 2844 3269 2910 certum
3311 2844 3457 2911 est'?
3486 2850 3561 2912 Si
3588 2848 3694 2912 illi

380 2931 562 2994 enim.
597 2924 996 3006 inquitﬁzon
1025 2925 1407 3006 effugerunt,
1440 2934 1797 2985 recusantes
1822 2943 1953 2984 eum
1980 2924 2094 3004 qui
2124 2924 2192 2986 in
2220 2934 2388 2984 terra
2414 2927 2625 2998 fuerat
2656 2928 3294 2989 constitutus:multo
3324 2929 3525 3007 magis
3550 2950 3689 2994 nos.

381 3016 491 3096 qui
520 3015 1164 3108 deuceelisloquentem
1190 3013 1373 3108 nobis
1400 3015 1758 3108 avertimus.
1788 3013 1954 3108 Quid
1983 3031 2138 3106 ergo
2169 3013 2442 3104 dicimus
2461 3013 2491 3072 ?
2514 3012 2812 3108 aliusest
2840 3014 2984 3090 iste,
3009 3014 3696 3108 alius.il_le?qu_0modo

383 3092 541 3176 ergo
570 3096 757 3171 dixit,
785 3092 987 3176 Cujus
1014 3114 1143 3157 vos:
1180 3095 1374 3176 movit
1409 3103 1639 3176 terram
1667 3103 1840 3155 tunc.
1870 3093 2141 3176 Si__enim
2177 3110 2304 3176 vo_x
2347 3093 2490 3172 ejus
2540 3092 3008 3176 movit_terram
3031 3140 3047 3170 ,
3080 3096 3193 3176 qui
3248 3092 3407 3157 tunc
3436 3096 3699 3157 dederat

386 3171 592 3256 legem
624 3198 639 3236 :
673 3171 1113 3240 Nuuc'autem
1158 3173 1481 3256 promittit
1512 3220 1527 3256 ε
1560 3174 1774 3256 dicens
1798 3195 1817 3235 :
1841 3172 2061 3256 Adh‘uc
2089 3172 2270 3256 semel
2292 3218 2307 3239 ,
2334 3171 2536 3256 et’_eg_o
2574 3171 2825 3256 mouebo
2871 3171 3249 3256 non_so:lum
3293 3184 3523 3236 terram
3548 3224 3562 3243 ,
3591 3177 3699 3237 sed

386 3251 569 3316 etiam
591 3257 808 3318 cazlum
829 3277 849 3316 :
872 3261 1118 3317 certum
1144 3251 1239 3315 est
1262 3255 1432 3332 quod
1466 3254 1633 3314 idem
1657 3254 1793 3332 ipse
1820 3255 1923 3314 sit.
1949 3252 2134 3328 Quod
2159 3261 2363 3313 autem
2386 3251 2567 3326 dicit,
2600 3251 2821 3313 Adhuc
2848 3253 3045 3321 semel,
3072 3255 3347 3317 declarat
3374 3256 3699 3317 mobilium
3770 3322 3773 3325 _

388 3336 875 3397 translationem
907 3344 1218 3416 tamquam
1249 3336 1586 3416 factorum.
1617 3334 1793 3416 Quid
1831 3338 1925 3394 est
1953 3332 2127 3416 quod
2170 3332 2270 3393 his
2309 3332 2523 3416 verbis
2555 3333 3014 3416 signiﬁcatur?_
3035 3335 3348 3416 Nimirum
3381 3337 3697 3414 quoniam

387 3416 772 3478 auferentur
801 3413 1139 3479 cuncta'de
1173 3413 1415 3486 medio,
1448 3419 1509 3474 et
1540 3414 1606 3474 in
1648 3414 1881 3475 melius
1918 3413 2228 3473 universa
2258 3414 2686 3474 mutabuntur
2715 3433 2730 3471 :
2761 3413 2884 3475 hoc
2914 3414 3085 3475 enim
3114 3415 3267 3474 mihi
3302 3415 3365 3475 in
3402 3413 3523 3477 hoc
3553 3417 3698 3476 loco

388 3496 740 3574 signiﬁcari
768 3496 1044 3556 videtur.
1066 3494 1230 3569 Quid
1262 3512 1417 3573 ergo
1447 3494 1626 3555 doles
1654 3539 1670 3564 ,
1704 3493 1952 3571 inquit,
1976 3511 2121 3553 cum
2151 3492 2400 3574 pateris
2424 3492 2668 3574 aliquid
2688 3491 2766 3574 in
2789 3493 2922 3574 hoc
2951 3494 3191 3555 mundo
3212 3540 3228 3565 ,
3262 3495 3372 3571 qui
3405 3514 3535 3556 non
3570 3514 3700 3574 po-

390 3571 539 3636 terit
568 3593 952 3654 permanere
981 3619 997 3647 ,
1026 3575 1137 3653 qui
1172 3579 1318 3652 post
1343 3571 1700 3652 paululum
1744 3574 2136 3654 transiturus
2169 3574 2313 3634 est?
2343 3571 2405 3632 Si
2447 3571 2513 3631 in
2553 3572 2925 3654 novissimis
2948 3575 3226 3654 saeculis
3274 3574 3377 3635 hic
3419 3571 3699 3637 mundus

391 3652 663 3718 forsitan
697 3655 988 3734 requiem
1021 3654 1388 3725 habuisset,
1423 3660 1577 3715 tunc
1610 3653 1906 3734 tribulari
1948 3654 2160 3734 potius
2192 3654 2555 3734 Oportebat.
2589 3670 2737 3713 eum
2774 3652 2888 3734 qui
2940 3652 3201 3734 festinat
3231 3654 3308 3713 ad
3362 3655 3579 3715 ﬁnem.
3616 3657 3699 3716 Ut

386 3731 1105 3875 parauerim—tinguit,
1138 3754 1208 3794 ea
1250 3752 1385 3814 qua:
1412 3743 1559 3795 sunt
1590 3732 1954 3797 immobilia.
1987 3733 2143 3807 Quae
2194 3731 2481 3810 namque
2511 3731 2632 3794 ista
2653 3775 2671 3807 ,
2707 3733 2812 3793 vel
2846 3732 3069 3811 qualia
3101 3738 3255 3795 sunt
3302 3735 3653 3797 immobilia
3674 3737 3703 3794 *Ι

445 3836 489 3875 ιι
517 3834 639 3875 ura
668 3836 724 3875 vn
772 3834 806 3875 e
836 3833 931 3875 ice
965 3859 980 3873 .

341 3838 347 3844 ·
392 3815 639 3879 Futura
668 3815 980 3877 videlicet.

477 3899 597 3958 Pro
632 3899 756 3958 isto
780 3896 979 3975 igitur
1010 3893 1138 3954 ﬁne
1172 3897 1405 3956 cuncta
1437 3893 1769 3975 faciamus,
1802 3898 1875 3954 ut
1908 3893 2083 3975 illam
2116 3892 2310 3975 vitam
2341 3890 2610 3970 adipisci
2642 3892 2993 3975 possimus,
3016 3898 3087 3975 ut
3119 3892 3245 3953 illis
3275 3894 3463 3954 bonis
3490 3892 3701 3975 iuelTa-

395 3977 632 4037 bilibus
659 3972 1091 4055 perfruamur.
1117 3974 1236 4048 Ita,
1260 3976 1555 4049 obsecro,
1582 3974 1671 4036 ita
1698 3974 1907 4047 facite,
1932 3972 2011 4055 ad
2043 3973 2167 4055 hoc
2187 3973 2507 4055 deprecor
2529 3977 2599 4033 ut
2624 3978 2907 4055 vestrum
2934 3972 3370 4055 intlammetur
3391 3973 3697 4055 studium.

395 4057 594 4117 Nemo
626 4051 691 4117 in
716 4056 1000 4127 civitate,
1029 4072 1174 4132 quae
1206 4070 1442 4115 casura
1470 4058 1568 4114 est
1592 4072 1768 4116 same
1795 4053 2025 4113 mentis
2055 4051 2347 4114 aediﬁcat.
2383 4052 2499 4113 Dic
2532 4057 2749 4113 autem
2791 4053 2947 4112 mihi
2970 4098 2987 4128 ,
3016 4056 3285 4115 obsecro
3308 4098 3324 4128 ,
3359 4054 3413 4114 si
3460 4054 3700 4131 aliquis

393 4135 636 4197 diceret
664 4136 978 4214 quoniam
1013 4139 1160 4212 post
1188 4150 1434 4195 annum
1467 4134 1693 4214 civitas
1725 4133 1861 4194 haec
1887 4138 2026 4214 tota
2054 4132 2323 4214 lapsura
2344 4137 2473 4214 est,
2507 4132 2894 4214 aliamevero
2920 4134 3276 4214 quamlibet
3303 4150 3703 4214 permansu-

398 4233 537 4276 ram
563 4211 707 4278 esse
730 4211 1057 4276 ﬁrmaret:
1088 4231 1269 4287 num,
1297 4230 1480 4291 rogo,
1506 4212 1851 4275 aadiﬁcares
1881 4212 1946 4272 in
1975 4212 2231 4273 civitate
2256 4211 2555 4292 ruitura?
2580 4212 2854 4272 Proinde
2880 4212 3072 4273 etiam
3106 4213 3229 4273 hoc
3258 4223 3355 4273 est
3380 4213 3552 4291 quod
3582 4231 3703 4292 ego

399 4313 572 4356 nunc
598 4295 765 4368 dico,
801 4295 945 4355 Non
974 4292 1361 4355 aadiﬁcemus
1395 4294 1459 4352 in
1490 4294 1612 4353 hoc
1636 4292 1918 4354 mundo:
1944 4295 2090 4370 post
2120 4291 2459 4369 paululum
2491 4292 2664 4351 enim
2691 4292 2947 4369 lapsum
2975 4292 3187 4353 iturus
3218 4298 3337 4365 est,
3372 4300 3436 4354 et
3469 4291 3703 4353 cuncta

398 4374 719 4453 perditum
746 4376 955 4435 ibunt.
981 4374 1058 4433 Et
1084 4373 1241 4452 quid
1270 4373 1412 4434 dico
1435 4372 1609 4451 quod
1640 4372 1917 4433 mundus
1945 4389 2219 4453 casurus
2241 4370 2377 4453 est?
2401 4388 2516 4432 nos
2549 4377 2762 4453 autem
2784 4372 2854 4453 [1⁸ἶ
2879 4389 2998 4432 nos
3027 4373 3246 4448 etiam]
3266 4377 3417 4434 ante
3442 4372 3701 4453 ruinam

398 4451 539 4532 ejus
570 4454 895 4533 periemus
916 4498 933 4528 ,
963 4457 1030 4515 et
1058 4457 1381 4515 tormenta
1415 4469 1585 4533 saeva
1615 4452 1960 4533 patiemur.
1997 4452 2125 4533 Nos
2160 4451 2309 4533 hinc
2340 4451 2858 4533 itaqueeplurimi
2888 4470 3115 4533 sumus
3153 4452 3501 4533 egressuri.
3537 4452 3703 4533 Quid

398 4530 789 4596 aediﬁcamus
817 4551 1016 4611 super
1037 4548 1307 4593 arenam
1333 4531 1684 4593 mobilem?
1707 4532 1878 4606 Quin
1906 4532 2119 4609 potius
2149 4530 2535 4611 tediﬁcemus
2565 4530 2845 4611 inpetra
2871 4551 2885 4590 :
2913 4532 3225 4609 quidquid
3259 4532 3433 4593 enim
3465 4532 3706 4593 incide-

401 4614 507 4686 rit,
540 4614 783 4675 invicta
810 4610 1051 4675 fabrica
1078 4616 1474 4690 perseverat,
1499 4611 1664 4672 nihil
1689 4629 1832 4673 eam
1860 4614 2242 4682 commovet,
2272 4610 2434 4670 nihil
2456 4610 2710 4691 evertit;
2736 4616 2799 4671 et
2820 4613 3050 4673 merito
3073 4631 3088 4670 :
3113 4611 3191 4673 ad
3215 4629 3439 4691 omnes
3463 4611 3705 4691 quippe

401 4694 566 4755 ictus
611 4693 936 4755 inadibilis
968 4692 1077 4754 ille
1122 4692 1302 4753 locus
1334 4692 1629 4765 exsistit,
1662 4691 1829 4753 sicut
1879 4708 1915 4751 e
1945 4694 2174 4770 contra
2211 4691 2331 4751 iste
2363 4690 2608 4752 cunctis
2644 4696 2819 4768 patet
2861 4690 3117 4752 ictibus.
3150 4690 3270 4752 Hic
3316 4709 3601 4770 namque
3645 4699 3707 4752 et

401 4778 589 4835 terrae
617 4780 831 4833 motus
857 4774 1168 4846 obruunt,
1201 4776 1265 4832 et
1294 4772 1595 4834 incendia
1623 4773 2038 4844 consumunt,
2062 4775 2124 4831 et
2150 4769 2526 4832 infestantia
2551 4771 2719 4832 bella
2745 4770 3107 4844 devastant,
3133 4776 3196 4832 et
3228 4772 3406 4832 vivos
3441 4769 3560 4832 nes
3590 4789 3707 4833 au-

401 4852 640 4925 ferunt,
676 4858 1029 4930 antequam
1057 4851 1334 4912 mundus
1365 4852 1487 4912 iste
1516 4851 1816 4912 concidat
1842 4870 1858 4909 :
1885 4851 2141 4930 aliquos
2170 4854 2389 4930 autem
2416 4854 2995 4930 secumitracturus
3024 4856 3123 4912 est
3153 4850 3230 4911 ad
3263 4856 3562 4911 mortem.
3586 4850 3704 4911 Sed

399 4934 595 4994 etiam
625 4938 836 4995 stante
854 4928 1106 4992 mundo
1139 4933 1404 4993 morbus
1436 4932 1667 5004 irruit,
1697 4936 1762 4991 et
1790 4935 1904 4992 aut
1932 4928 2227 4991 celeriter
2258 4929 2409 4991 hinc
2439 4929 2724 4991 excludit
2752 4975 2767 5003 ,
2801 4937 2917 4992 aut
2950 4936 3402 5009 permanentes
3439 4931 3543 4990 hic
3575 4948 3704 4990 non

399 5012 557 5073 sinit
590 5013 805 5073 vivere
842 5014 1299 5089 congruenter.
1327 5012 1488 5073 Nam
1515 5011 1730 5089 qualis
1762 5011 2060 5087 voluptas
2087 5053 2104 5083 ,
2138 5013 2252 5089 aut
2280 5026 2427 5087 quae
2453 5009 2826 5089 jucunditas
2849 5056 2866 5084 ,
2896 5010 3006 5070 ubi
3036 5011 3244 5069 morbi
3279 5010 3610 5083 continui,
3644 5018 3707 5069 et

399 5092 909 5153 calumniatores
939 5088 1225 5169 plurimi,
1254 5088 1625 5169 frequentes
1655 5090 1944 5151 insidiae?
1970 5090 2098 5149 Aut
2125 5088 2636 5169 sihorumhihil
2667 5089 2771 5162 sit,
2804 5089 2979 5169 quod
3004 5088 3406 5169 impossibile
3435 5094 3554 5169 cst,
3579 5089 3709 5149 ali-

398 5172 667 5250 quando
697 5172 893 5233 etiam
920 5168 1088 5231 ﬁlios
1113 5186 1243 5231 non
1277 5167 1588 5232 habentes
1620 5169 2144 5250 intequanimiter
2170 5167 2461 5241 ferimus,
2491 5169 2877 5250 maeroribus
2913 5168 3256 5250 efﬁcimur,
3291 5184 3432 5250 none
3452 5168 3708 5250 haben-

401 5246 495 5313 tes
530 5253 769 5330 quibus
801 5254 1059 5330 nostras
1089 5250 1313 5330 domos
1341 5255 1403 5311 et
1428 5256 1660 5312 caetera
1690 5246 2201 5330 contradamusr
2220 5251 2283 5330 et
2312 5247 2563 5330 magnis
2595 5252 2978 5330 torquemur
3002 5247 3359 5321 doloribus,
3379 5246 3436 5330 _si
3466 5248 3707 5310 nostris

402 5325 736 5393 laboribus
762 5329 967 5392 exteri
999 5329 1440 5408 perfruantur.
1475 5328 1840 5408 Aliquando
1867 5328 2061 5389 etiam
2082 5325 2679 5408 ad_inimicosvenit
2696 5326 3044 5408 hereditas,
3069 5330 3277 5386 etnon
3300 5326 3511 5408 solum
3536 5344 3711 5408 mor-

402 5412 531 5473 tuis
556 5413 771 5484 nobis,
802 5405 1229 5471 verumetiam
1263 5405 1618 5487 aliquando
1643 5408 2032 5470 viventibus.
2060 5405 2223 5481 Quid
2257 5406 2455 5487 igitur
2482 5406 2602 5487 hoc
2620 5406 2926 5487 miserius
2954 5411 3164 5484 potest
3194 5424 3341 5487 esse
3365 5406 3469 5468 vel
3499 5406 3713 5467 infeli-

400 5493 540 5553 cius
568 5535 584 5561 ,
613 5507 814 5571 quam
838 5489 1119 5550 inimicis
1146 5489 1282 5550 suis
1308 5485 1707 5571 quemquam
1738 5490 2039 5548 laborare
2064 5532 2080 5559 ,
2114 5490 2279 5571 etut
2308 5485 2405 5571 _i_lli
2434 5485 2777 5571 in_del_ic_iis
2809 5486 3085 5571 degant,
3108 5486 3426 5571 pecunias
3459 5504 3713 5571 punge:-

401 5572 588 5631 rere?
615 5565 868 5633 Harum
912 5586 1132 5629 rerum
1179 5565 1477 5646 exempla
1522 5565 1725 5630 inulta
1770 5570 2132 5629 cernuntur
2178 5565 2243 5625 in
2287 5565 2559 5646 diversis
2588 5565 2956 5646 civitatibus
2987 5566 3339 5638 accidisse;
3369 5566 3479 5627 sed
3509 5568 3528 5642 [
3558 5565 3707 5627 add.

400 5653 645 5728 taceo,]
672 5669 754 5712 ne
782 5648 1161 5711 contristem
1191 5645 1488 5722 forsitan,
1517 5649 1756 5726 quibus
1794 5647 1948 5709 talia
1979 5649 2457 5728 provenerunt;
2490 5645 2737 5728 alioqui
2768 5646 3152 5728 nominatim
3182 5646 3714 5728 aliquosprotu-

400 5724 647 5802 lissem,
678 5734 741 5791 et
768 5728 1128 5808 plurimum
1154 5728 1232 5787 de
1259 5727 1381 5789 hac
1398 5746 1478 5808 re
1510 5724 1774 5808 possem,
1797 5727 2125 5808 protelare
2156 5741 2548 5808 sermonem,
2581 5725 2937 5808 pluresque
2969 5727 3193 5808 domos
3223 5724 3573 5808 ostendere
3600 5771 3615 5797 ,
3644 5727 3709 5787 in

402 5808 639 5887 quibus
668 5804 910 5870 inimici
941 5807 1355 5887 dominorum
1386 5804 1532 5870 facti
1564 5813 1716 5868 sunt
1742 5806 2011 5867 domini.
2038 5806 2168 5866 Nec
2202 5804 2325 5865 hoc
2353 5804 2429 5865 de
2461 5804 2832 5887 dominislf.
2864 5806 3187 5887 domibus]
3218 5805 3509 5887 invenies
3552 5808 3711 5866 tan--

403 5884 573 5963 tum,
609 5889 719 5952 sed
759 5890 953 5953 etiam
990 5886 1070 5950 de
1118 5888 1324 5951 servis
1376 5887 1725 5961 contigisse
1772 5902 2127 5962 cognoscas
2161 5902 2371 5962 :szepe
2403 5885 2646 5964 quippe
2685 5886 2766 5949 ad
2783 5884 3096 5949 inimicos
3126 5884 3447 5949 hereditas
3483 5893 3706 5946 nostra
