2099 3262
251 177 301 203 ιιι
619 176 648 204 5.
668 174 693 204 ιι.
713 175 957 204 οηιιῑδοετοδη
979 174 1080 203 llOMll

1059 175 1134 202 [LI/1“.
1155 175 1188 202 IN
1210 175 1319 203 EPIST.
1342 175 1387 202 AD
1408 176 1510 203 HEBK.
1836 176 1888 203 Mi

217 235 221 240 ‘
249 227 404 258 translata
420 229 478 255 est.
494 225 580 255 Talis
597 224 682 254 enim
694 229 741 253 est
756 224 972 254 humanarum
987 233 1098 255 rerum
1113 223 1145 253 in
1162 222 1222 252 hac
1237 221 1498 260 peregrinatione
1509 221 1661 252 conditio.
1675 223 1711 252 In
1727 223 1813 254 uelis
1826 233 1891 255 au—

250 270 313 297 tem
327 266 405 295 nihil
422 266 484 295 tale
502 263 674 294 verendum
690 266 749 297 est,
765 272 805 292 ne
820 262 912 304 forte,
932 264 1043 302 aliquo
1058 264 1226 304 moriente,
1242 261 1391 304 inimicus
1408 261 1558 304 adveniai
1574 264 1605 291 et
1620 262 1806 304 hereditatis
1816 264 1891 304 jura

249 306 426 344 suscipiat:
444 305 508 334 illic
525 304 612 334 enim
627 312 732 344 neque
753 303 924 344 morshulla
941 300 1017 339 erit,
1034 312 1140 341 neque
1153 301 1311 344 inimicus
1323 300 1414 344 ullus
1433 301 1658 344 ex_stabit,_sed
1681 300 1891 344 tabernacula

250 347 319 377 sola
330 340 505 384 j-ustorum.
521 343 555 373 In
570 340 694 384 sanctis
709 345 821 384 autem
839 342 900 372 illis
919 340 1095 384 exsultatio
1114 342 1176 372 erit
1197 344 1225 384 et
1249 340 1401 379 gaudium
1425 344 1456 370 et
1468 340 1890 384 jucunditassempitcrna:

255 380 341 417 Vox:
356 384 471 422 inquit,
488 382 710 413 exsultationis
729 382 762 412 in
777 381 988 412 tabernaculis
997 383 1172 422 justorum.
1189 380 1584 422 Eternanamquesunt,
1601 381 1725 422 nullum
1738 381 1891 414 habentia

250 419 435 454 terminum.
453 423 516 453 Ista
533 431 609 452 vero
623 421 756 452 mdiﬁcia
774 424 919 459 tempore.
933 419 1170 452 consumuntur
1181 443 1188 455 ,
1204 423 1234 450 et
1249 419 1450 458 possidentes
1466 419 1600 449 diversis
1617 421 1891 452 vicissitudinibus

251 466 377 494 mutant
392 473 399 491 :
416 463 470 493 illa
489 471 564 492 vero
580 461 789 491 tabernacula
806 464 996 498 permanent
1020 462 1051 491 in
1073 462 1181 499 vigore
1201 462 1356 498 perpetuo
1370 480 1377 494 ,
1394 461 1425 488 et
1450 459 1584 499 merito:
1601 460 1680 489 nihil
1704 461 1824 491 scilicet
1849 462 1891 492 ibi

251 503 473 541 corruptibile,
489 502 568 532 nihil
583 510 715 540 prorsus
732 500 907 537 temporale
918 523 925 536 ,
938 501 991 531 sed
1009 498 1333 541 cunctarimmortalia
1344 500 1380 541 _et
1396 498 1549 528 inviolata
1573 500 1759 541 persistunt.
1776 501 1812 530 In
1825 502 1893 532 huic

250 537 492 583 igitur-mdilicia
507 537 692 583 studeamus
706 542 831 570 nostras
847 548 1004 570 cvacuare
1018 540 1184 583 pecunias,
1196 548 1261 583 nec_
1270 537 1380 572 fabris,
1395 547 1456 583 nec
1467 539 1691 583 structoribus,
1707 549 1765 570 nec
1778 549 1893 583 opera:

251 577 308 613 riis
323 591 404 621 opus
422 581 915 621 habebimus.rManusinamque
935 577 1114 618 pauperum
1140 580 1219 621 tales
1235 577 1551 621 domosnaadiﬁcani;
1575 579 1700 621 claudi,
1724 577 1817 616 caeci,
1841 581 1892 611 vel

250 616 371 652 debiles
386 622 436 651 isti
453 624 540 655 sunt,
553 620 607 658 qui
622 620 734 660 domos
750 619 819 660 illas
832 616 1042 660 mitiﬁcant—ct
1057 628 1121 649 non
1134 618 1272 660 mireris,
1285 616 1443 660 siquidem
1458 627 1514 655 per
1525 617 1602 648 istos
1614 619 1705 648 nobis
1715 623 1744 649 et
1757 629 1891 660 regnum

252 662 377 692 caeleste
394 657 589 699 providetur,
607 668 664 698 per
680 659 756 688 istos
774 659 868 688 etiam
884 658 1031 689 ﬁduciam
1050 657 1322 699 accipimusapud
1338 657 1451 686 Deum.

292 696 507 739 Eleeniosyna
522 696 640 738 quippe
656 698 771 729 artifex
789 706 906 739 magna
922 698 1082 733 consistit,
1094 701 1138 739 ret
1151 696 1341 739 auxiliatrix
1363 705 1475 726 eorum
1491 696 1547 739 qui
1562 697 1655 728 istam
1676 698 1826 729 ﬁduciam
1841 700 1892 730 fa-

253 741 359 771 ciunt:
374 737 476 771 amica
493 737 632 777 namque
642 738 698 768 Dei
714 738 871 771 consistit,
888 740 919 767 et
934 747 1061 777 semper
1072 738 1099 768 ei
1112 737 1295 777 propinqua
1311 738 1357 765 est
1373 745 1379 763 :
1397 745 1454 777 pro
1468 737 1727 776 quibuscumque
1742 740 1890 776 voluerit,

253 780 346 811 facile
362 780 473 819 gratia:
488 776 610 819 munus
622 778 783 816 impetrat,
801 780 924 819 tantum
942 777 971 819 si
989 786 1008 808 a
1030 778 1123 819 nobis
1139 786 1203 806 non
1218 776 1371 819 laedatur,
1382 776 1408 805 si
1428 777 1707 819 nullam‘patiatur
1721 778 1890 819 iniuriam;

253 815 408 858 injuriam
425 822 532 849 autem
549 815 766 858 patilur,cum
784 826 823 858 ei:
843 817 965 858 rapinis
982 826 1053 847 eam
1074 817 1223 858 volumus
1245 815 1372 858 operari
1389 825 1396 844 :
1413 816 1438 845 si
1459 815 1647 858 veeoifuerit
1664 815 1801 858 munda,
1817 827 1892 849 ma—

253 855 351 898 gnam
366 861 495 897 prmstat
516 855 741 887 conﬁdentiam
763 856 985 898 tribuentibus
1000 865 1090 898 eam,
1108 855 1281 898 intervenit
1305 855 1399 898 etiam
1420 864 1479 898 pro
1501 855 1784 898 delinquentibus:
1804 861 1894 889 tanta

254 895 302 929 cst
317 895 386 938 ejus
404 898 504 927 virtus
522 900 675 935 tantaque
697 896 851 938 potentia.
870 896 928 925 Sed
945 897 1041 926 etiam
1059 896 1187 938 vincula
1209 897 1414 938 peccatorum
1426 895 1499 938 ipsa
1514 895 1671 938 dissolvit,
1688 896 1776 935 fugat
1797 900 1894 938 tene-

254 933 341 974 bras,
357 938 532 975 exstinguit
546 933 663 975 ignem,
677 933 846 965 niortiﬁcat
858 944 1009 971 vermem,
1023 935 1154 974 expellit
1166 935 1334 975 stridorem
1348 933 1502 975 dentium.
1516 935 1598 965 Huic
1613 944 1684 965 cum
1700 933 1800 967 multa
1814 937 1893 967 ﬁdu-

252 979 303 1008 cia
319 973 417 1016 portaa
433 973 500 1006 εαξη
517 973 720 1016 aperiuntur,
740 977 770 1004 et
789 975 885 1016 veluti
900 976 1013 1014 regina
1031 973 1184 1016 intrante,
1199 975 1310 1016 nullus
1324 973 1513 1012 janitorum,
1529 975 1638 1016 nullus
1652 976 1821 1006 custodum
1836 977 1892 1015 qui

253 1013 354 1056 portis
372 1013 546 1050 assistunt,
557 1015 652 1056 audet
666 1014 770 1044 dicere
781 1024 793 1056 i:
810 1014 887 1051 Quae
903 1013 990 1044 tu’es
1002 1037 1010 1050 ,
1035 1015 1085 1045 vel
1100 1015 1209 1044 unde?
1224 1013 1278 1056 sed
1294 1021 1405 1056 omnes
1417 1022 1533 1056 _eam_e
1548 1015 1680 1056 regione
1698 1013 1891 1055 suscipiunt.

252 1052 303 1087 Sic
326 1057 423 1086 etiam
448 1054 690 1089 misericordia;
719 1054 832 1092 regina
850 1062 990 1091 namque
1012 1057 1077 1089 est,
1100 1063 1175 1084 vere
1198 1054 1327 1092 regina,
1352 1052 1473 1083 similes
1497 1052 1616 1083 faciens
1641 1052 1796 1085 homines
1810 1056 1890 1086 Deo.

255 1096 377 1129 Estote,
393 1095 509 1133 inquit,
523 1093 749 1126 misericordes,
764 1094 845 1123 sicut
861 1097 888 1122 et
905 1093 1000 1122 Pater
1010 1098 1110 1124 vester
1121 1093 1259 1123 cwlestis.
1273 1093 1414 1133 Pennata
1431 1101 1570 1133 namque
1584 1095 1632 1123 est
1646 1096 1678 1124 et
1692 1095 1783 1124 valde
1798 1095 1891 1130 levis,

253 1136 375 1166 habens
390 1131 458 1165 alas
473 1142 589 1164 aureas
606 1137 637 1163 et
651 1133 806 1167 volatum,
822 1142 893 1171 quae
907 1134 1030 1173 angelis
1046 1141 1197 1171 magnam
1211 1131 1538 1173 gratiamdilectionis
1554 1135 1721 1171 apportet:
1737 1135 1892 1173 scriptum

252 1178 302 1206 est
316 1175 402 1205 enim
417 1184 424 1203 :
439 1174 553 1204 Pennm
569 1178 640 1206 tum,
656 1173 739 1202 sicut
752 1181 863 1210 penum
880 1171 1026 1203 columbis
1037 1173 1257 1211 deargentatm,
1273 1177 1300 1201 et
1313 1171 1506 1211 eolltmiejus
1520 1172 1554 1201 in
1567 1172 1692 1211 fulgore
1706 1174 1789 1204 auri.
1803 1171 1894 1204 Sicut

252 1215 402 1245 columba
417 1213 564 1252 quaedam
582 1213 699 1246 nitens,
714 1214 744 1241 et
755 1220 856 1252 aurea
865 1215 1040 1252 venustate
1053 1212 1204 1242 decorata
1215 1233 1223 1246 ,
1238 1212 1336 1252 mites
1347 1213 1378 1240 et
1390 1210 1534 1252 affabiles
1551 1210 1661 1252 oculos
1678 1212 1817 1247 habens.
1835 1223 1893 1251 per

252 1257 369 1284 cuncta
384 1250 548 1292 pervolat:
565 1254 611 1282 sic
623 1254 654 1281 et
673 1251 895 1292 misericordia
910 1253 989 1282 nitet
1004 1260 1121 1291 magno
1140 1252 1254 1292 decore
1268 1250 1394 1292 festiva,
1411 1251 1492 1280 nihil
1507 1257 1556 1280 est
1569 1251 1632 1292 illis
1643 1253 1746 1283 oculis
1760 1250 1888 1283 melius.

252 1289 394 1323 Pulcher
408 1292 537 1331 quidem
558 1294 606 1322 est
626 1300 726 1329 pavo.
742 1290 797 1331 sed
813 1291 844 1320 in
864 1291 950 1331 illius
971 1289 1211 1330 comparatione
1233 1289 1385 1331 deformis
1407 1292 1561 1328 apparet:
1579 1291 1623 1321 ita
1641 1291 1726 1321 enim
1741 1292 1808 1322 haec
1822 1293 1892 1323 avis

252 1332 389 1372 pulchra
406 1329 451 1362 est
469 1335 499 1361 et
512 1331 680 1372 mirabilis,
693 1331 733 1360 ab
745 1330 815 1372 ipso
832 1330 923 1360 initio
937 1329 1153 1372 periteinpora
1169 1332 1283 1360 cuncta
1299 1329 1492 1372 perdurans,
1503 1333 1534 1359 et
1550 1331 1649 1361 multa
1665 1331 1773 1372 divina
1787 1332 1893 1371 gloria

251 1370 434 1403 decoratur.
447 1371 547 1410 Virgo
564 1374 612 1400 est
625 1370 746 1399 habens
758 1370 825 1400 alas
838 1378 967 1405 aureas,
980 1371 1209 1408 circumspecta
1226 1378 1284 1410 per
1296 1370 1404 1410 omnia
1420 1372 1618 1408 venusteque
1632 1370 1806 1407 succincta,
1824 1372 1893 1402 vul-

252 1414 321 1442 tum
335 1411 458 1441 habens
471 1408 641 1450 candidum
657 1412 754 1447 atque
770 1412 993 1445 mansuetum;
1009 1413 1150 1448 pennata
1165 1411 1213 1439 est
1227 1413 1255 1438 et
1269 1408 1360 1450 levis,
1376 1411 1407 1450 et
1419 1417 1545 1450 semper
1560 1410 1766 1450 antersolium
1781 1412 1893 1450 regale

251 1450 409 1481 consistit.
426 1449 561 1487 Quando
575 1449 767 1488 judicamur,
782 1451 915 1486 repente
930 1450 1080 1479 subvenit
1095 1452 1127 1479 et
1142 1457 1199 1478 nos
1215 1456 1235 1478 a
1248 1448 1414 1486 suppliciis
1430 1448 1546 1479 liberat
1560 1448 1893 1486 imminentibus,‘alis

249 1492 316 1524 suis
339 1499 397 1521 nos
413 1493 598 1529 contegens.
622 1490 714 1530 Hane
727 1490 865 1529 amplius
881 1490 1040 1521 desiderat
1054 1491 1139 1522 Deus
1155 1500 1253 1530 quam
1270 1491 1427 1522 sacriﬁcia
1443 1500 1634 1528 numerosa,
1650 1492 1751 1523 multa
1771 1492 1809 1522 de
1830 1491 1886 1524 illa

250 1531 412 1571 loquitur;
427 1531 473 1571 sic
488 1538 559 1560 eam
572 1529 685 1571 diligit.
702 1529 868 1571 Scriptum
877 1532 925 1571 est
942 1530 1026 1560 enim
1041 1541 1049 1559 :
1070 1529 1203 1561 Viduam
1219 1535 1246 1560 et
1259 1531 1420 1570 pupillum
1434 1536 1461 1561 et
1470 1541 1640 1570 pauperem
1652 1531 1802 1571 suscipiet
1818 1532 1886 1561 Do—

250 1569 362 1602 minus.
381 1570 430 1600 Ex
444 1569 513 1610 ejus
530 1569 688 1610 vocabulo
704 1569 789 1599 Deus
803 1569 963 1610 desiderat
977 1571 1133 1609 appellari
1149 1581 1156 1600 :
1174 1569 1349 1601 Miserat'or
1360 1575 1388 1600 et
1398 1569 1575 1601 misericors
1586 1572 1680 1604 Deus,
1698 1569 1887 1610 lohganimis

253 1616 279 1641 et
297 1611 427 1650 multum
441 1608 618 1638 misericors
630 1631 638 1642 ,
656 1613 682 1650 et
697 1617 804 1650 vorans.
821 1609 1045 1650 Misericordia
1059 1619 1188 1650 namque
1204 1610 1261 1640 Dei
1275 1619 1370 1649 super
1388 1619 1506 1640 omnem
1523 1614 1646 1640 terram.
1665 1611 1730 1641 lsta
1751 1608 1799 1640 est
1817 1619 1889 1649 quae

253 1650 389 1681 salutem
408 1648 551 1678 humano
564 1648 673 1689 generi
686 1648 821 1678 contulit
834 1658 840 1677 :
855 1649 879 1689 si
895 1649 980 1689 enim
998 1658 1062 1679 non
1073 1648 1282 1680 misereretur
1297 1648 1398 1679 nostri
1414 1650 1512 1685 Deus,
1527 1650 1612 1681 irent
1625 1659 1758 1689 prorsus
1773 1653 1889 1680 cuncta

255 1689 424 1729 perditum.
441 1688 520 1729 lpsar
531 1697 592 1729 nos
604 1688 733 1729 _quippe
745 1709 753 1723 ,
773 1697 845 1729 cum
861 1688 980 1729 inimici
997 1698 1140 1719 essemus
1153 1711 1161 1725 ,
1181 1689 1405 1719 reconciliatos
1427 1689 1561 1719 reddidit
1578 1700 1584 1719 :
1606 1688 1674 1728 ipsa
1695 1690 1789 1728 plura
1805 1690 1891 1719 bona

256 1727 399 1769 perfecit,
415 1728 485 1766 ipsa
504 1728 584 1757 Filio
604 1727 660 1757 Dei
681 1728 859 1766 persuasit,
883 1731 918 1756 ut
937 1727 1026 1769 ﬁeret
1045 1738 1175 1764 servus,
1199 1732 1230 1769 et
1249 1729 1431 1769 exinaniret
1451 1727 1670 1768 semetipsum.
1686 1727 1778 1759 Hanc
1793 1729 1890 1768 igitur

255 1768 457 1803 aemulemur,
472 1775 529 1806 per
544 1776 642 1805 quam
656 1775 715 1796 nos
727 1769 941 1807 constetesse
956 1768 1062 1798 salvos
1078 1778 1085 1798 :
1104 1769 1188 1798 hanc
1200 1768 1370 1807 diligamus
1382 1791 1390 1803 ,
1405 1768 1489 1799 hanc
1503 1770 1648 1807 pecuniis
1664 1777 1891 1807 praeponamus

257 1807 437 1841 universis;
460 1810 497 1847 et
513 1807 583 1836 sine
606 1806 750 1847 pecuniis
769 1806 818 1836 vel
833 1806 950 1847 divitiis
966 1807 1140 1847 habeamus
1157 1806 1299 1838 animam
1315 1806 1566 1839 misericordem.
1582 1806 1673 1839 Nihili
1686 1806 1892 1847 ita’designat

258 1851 289 1878 et
303 1846 453 1877 describit
466 1846 702 1881 Christianum,
719 1846 802 1876 sicut
816 1846 1034 1878 misericordia
1049 1857 1056 1876 :
1074 1847 1154 1877 nihil
1167 1848 1214 1878 sic
1233 1851 1264 1878 et
1277 1847 1385 1878 ﬁdeles
1401 1850 1432 1878 et
1446 1847 1589 1878 inﬁdeles
1613 1848 1708 1878 simul
1727 1846 1894 1878 admiran-

258 1891 321 1923 tur,
336 1886 418 1927 sicut
433 1886 562 1924 quando
575 1885 756 1927 nos_vide_nt
770 1885 991 1927 elecmosynas
1007 1887 1202 1927 impendere.
1217 1887 1253 1917 In
1269 1887 1377 1917 multis
1392 1887 1478 1917 enim
1491 1890 1522 1917 et
1533 1896 1590 1917 nos
1607 1888 1786 1927 indigemus
1799 1887 1894 1917 mise-

258 1925 396 1958 ricordia
411 1935 418 1955 :
436 1934 510 1956 nam
526 1928 557 1955 et
574 1925 612 1955 ad
629 1924 800 1964 Dominum
822 1924 997 1956 clamamus
1013 1935 1019 1955 :
1034 1924 1210 1956 Secundum
1228 1935 1372 1964 magnam
1389 1927 1636 1957 misericordiam
1654 1924 1737 1957 ῑιῖαγη
1753 1928 1894 1957 miserere

259 1965 374 1996 nostri.
389 1965 453 1995 Nos
467 1973 544 2003 ergo
558 1964 686 2005 initium
700 1963 853 2005 faciamus
869 1974 876 1993 :
893 1973 1091 2005 quamquam
1105 1974 1163 1996 nos
1175 1975 1239 1996 non
1256 1963 1389 1996 facimus
1404 1967 1541 2001 initium,
1558 1966 1894 2005 quandoquidemjam

262 2015 319 2036 nos
338 2005 407 2043 ipse
422 2004 611 2039 antecessit,
635 2006 667 2033 et
683 2011 776 2033 suam
798 2003 830 2032 in
848 2004 940 2033 nobis
955 2005 1208 2035 misericordiam
1228 2005 1363 2035 reddidit
1383 2003 1604 2041 manifestam;
1628 2003 1741 2036 saltem
1763 2003 1894 2036 secundi

261 2053 448 2085 sequamur.
478 2043 642 2082 Siquidem
658 2043 805 2085 homines
819 2043 1014 2085 miserentur
1027 2044 1250 2075 misericordes
1266 2045 1458 2085 homineset
1474 2046 1695 2085 eleemosynas
1710 2047 1895 2084 operantes,

262 2082 337 2115 licet
351 2084 638 2124 plurimaipeceata
654 2082 870 2124 committant:
887 2082 987 2124 multo
1000 2084 1139 2124 amplius
1154 2084 1252 2114 Deus.
1272 2083 1409 2124 Adverte
1420 2082 1783 2124 Prophetam'dicent'em
1798 2094 1806 2113 :
1825 2085 1895 2122 Ego

261 2121 363 2154 autem
377 2123 459 2153 sicut
475 2121 560 2153 oliva
573 2121 796 2162 fructiferarin
810 2121 900 2162 domo
919 2121 1064 2153 Domini:
1080 2124 1175 2154 Tales
1195 2132 1271 2162 ergo
1290 2121 1491 2155 efﬁciamur.-
1510 2124 1592 2155 sicut
1609 2125 1696 2154 oliva
1716 2121 1896 2159 fructifera;

263 2173 303 2194 ex
318 2163 467 2193 omnibus
482 2161 627 2200 partibus
641 2161 879 2201 misericordias
892 2162 1120 2201 germinemus.
1135 2163 1205 2193 Non
1221 2161 1306 2193 enim
1319 2163 1436 2193 sufﬁcit
1449 2164 1566 2194 olivam
1581 2173 1663 2199 esse,
1683 2164 1736 2194 sed
1753 2172 1834 2201 opus
1850 2166 1899 2193 est

264 2211 337 2233 eam
353 2211 423 2232 esse
443 2201 656 2241 fructiferam.
671 2200 751 2230 Sunt
764 2201 847 2231 enim
862 2200 1086 2232 misericordes
1097 2225 1105 2238 ,
1121 2202 1174 2232 sed
1191 2210 1289 2241 parva
1306 2211 1364 2241 per
1379 2205 1480 2233 totum
1498 2212 1619 2233 annum
1634 2200 1827 2237 tribuentes.
1843 2205 1900 2233 aut

265 2242 298 2272 in
314 2250 379 2271 una
396 2241 595 2281 hebdomada
606 2262 613 2275 ,
633 2240 658 2270 si
675 2241 911 2281 eoscontingat
925 2242 1107 2279 procedere.
1127 2242 1181 2271 lsti
1193 2240 1290 2272 folivw
1304 2240 1434 2281 quidem
1453 2245 1546 2279 sunt,
1561 2243 1615 2273 sed
1628 2251 1692 2273 non
1709 2242 1898 2278 fructiferae,

266 2281 445 2321 quinetiam
458 2280 575 2311 aridas:
593 2282 623 2309 et
638 2279 898 2321 quandoquidem
914 2280 1119 2321 miserentur,
1135 2281 1227 2311 oliva:
1242 2279 1333 2316 sunt;
1351 2282 1504 2320 quoniam
1521 2290 1598 2312 vero
1614 2291 1677 2312 non
1691 2283 1780 2321 large
1793 2290 1900 2320 neque

267 2319 452 2361 magniﬁce,
469 2328 535 2349 non
556 2321 630 2361 sunt
652 2319 834 2349 fructiferae.
856 2320 918 2350 Nos
934 2320 1111 2361 efficiamur
1130 2322 1221 2350 olivae
1237 2319 1418 2351 fructifera.
1443 2322 1563 2360 Stepius
1577 2321 1644 2361 jam
1658 2321 1724 2351 dixi
1739 2319 1756 2357 ,⁷
1768 2323 1801 2351 et
1815 2319 1902 2351 nunc

267 2369 398 2399 quoque
418 2359 501 2400 dico,
522 2359 677 2400 quoniam
694 2367 759 2400 non
770 2367 924 2400 mensura
937 2360 988 2400 vel
1005 2361 1184 2398 quantitate
1199 2360 1345 2390 datorum
1359 2359 1522 2399 judicatur
1536 2359 1763 2391 misericordia:
1777 2361 1902 2400 magni-

268 2397 345 2429 tudo
359 2420 366 2433 ,
388 2398 442 2439 sed
458 2408 498 2429 ex
520 2397 686 2429 voluntate
707 2397 887 2439 largientis.
908 2398 1000 2429 Scitis
1013 2397 1099 2429 enim
1115 2400 1200 2429 illius
1218 2400 1320 2429 vidua:
1344 2397 1462 2430 factum
1478 2411 1486 2430 :
1503 2400 1703 2430 commodum
1720 2397 1904 2439 quippéest

270 2439 331 2469 hoc
348 2438 492 2476 proferre
507 2447 634 2477 semper
649 2438 850 2478 exemplum,
866 2440 903 2468 ut
921 2447 1027 2476 neque
1042 2448 1166 2478 pauper
1181 2440 1218 2469 de
1233 2448 1331 2478 opere
1346 2448 1406 2469 suo
1419 2440 1584 2478 desperet,
1599 2438 1835 2477 respiciens’ad
1852 2440 1892 2469 vi-

269 2478 366 2508 duam
379 2477 442 2508 duo
456 2479 579 2508 minuta
595 2476 836 2518 conferentem;
845 2486 951 2516 neque
968 2476 1056 2508 dives
1071 2476 1237 2518 glorietur,
1250 2476 1322 2508 cum
1338 2479 1375 2508 de
1387 2476 1511 2518 magn—is
1527 2487 1626 2518 parva
1639 2476 1787 2518 largitur.
1804 2479 1902 2509 Obtu-

270 2518 377 2548 lerunt
392 2518 734 2560 quidam_et_iam_setas
748 2518 780 2546 et
795 2516 876 2560 pilos
899 2519 930 2547 et
948 2516 1085 2560 capillos
1103 2519 1135 2548 in
1158 2518 1266 2556 templi
1290 2516 1579 2560 constructionem,
1600 2522 1638 2560 et_
1653 2516 1752 2560 spreti
1778 2519 1907 2560 penitus

270 2567 335 2588 non
360 2555 435 2587 sunt
453 2568 459 2586 :
479 2556 532 2587 sed
547 2557 596 2592 hi,
620 2556 646 2585 si
663 2564 778 2596 aurem
802 2555 956 2587 habentes
972 2555 1160 2596 capillorum
1184 2555 1319 2588 munera
1338 2558 1560 2596 deportarent,
1577 2555 1734 2588 maledicti
1757 2555 1906 2596 protinus

272 2597 490 2631 exstitissent;
512 2597 538 2627 si
563 2604 639 2636 verp
654 2594 749 2636 istud»
764 2597 887 2625 tantum
906 2594 1059 2627 habentes
1080 2598 1285 2633 obtulerunt,
1309 2594 1524 2636 accéptabiles
1547 2598 1578 2628 in
1597 2606 1656 2628 suo
1676 2594 1811 2628 munere
1832 2597 1904 2627 facti

272 2640 359 2667 sunt.
376 2637 548 2674 Propterea
563 2634 685 2676 etrCain
701 2634 848 2676 culpatus
864 2639 927 2676 est,
948 2645 1012 2665 non
1035 2637 1111 2674 quia
1132 2637 1255 2674 abiecta
1273 2634 1406 2672 obtulit,
1422 2638 1475 2668 sed
1492 2638 1570 2676 quia
1587 2638 1732 2668 omnium
1753 2646 1826 2676 quas
1841 2637 1903 2667 ha-

274 2677 368 2706 bebat
383 2675 557 2716 abiectiora
573 2674 688 2716 obtulit
699 2674 780 2716 Deo.
795 2674 990 2716 _Mule(lictus
1001 2698 1008 2708 .
1030 2676 1135 2716 inquit
1161 2677 1338 2715 Scriptura,
1359 2677 1412 2716 qui
1427 2674 1515 2707 habet
1538 2677 1668 2707 meliora
1679 2700 1686 2709 .
1704 2681 1731 2706 et
1749 2674 1906 2715 sacri/irrit

273 2713 429 2752 corrupte
440 2715 515 2744 Deo.
530 2715 600 2744 Non
617 2713 764 2744 absolute
784 2713 883 2748 dixit,
900 2715 960 2751 Qui
981 2715 1140 2746 sacriﬁcat
1155 2713 1309 2754 corrupta
1323 2713 1390 2747 θέο
1409 2727 1417 2753 ;
1434 2717 1507 2751 sed,
1525 2717 1585 2753 Qui
1602 2717 1715 2751 habet,
1732 2713 1855 2754 inquit,
1875 2718 1906 2745 et

274 2753 411 2794 avaritia
427 2754 636 2794 compellente
651 2756 833 2794 revocatur.
854 2753 884 2784 Si
901 2754 998 2793 igitur
1010 2755 1183 2792 quisquam
1200 2753 1264 2784 non
1282 2755 1395 2789 habet,
1413 2756 1499 2785 omni
1516 2757 1613 2794 culpa
1629 2760 1729 2792 caret,
1745 2753 1827 2786 liber
1840 2757 1907 2791 est;

276 2793 377 2834 magis
391 2795 499 2834 autem
514 2792 798 2834 mercedemfacile
812 2792 985 2831 conquirit.
1004 2794 1086 2830 Quid
1104 2795 1189 2824 enim
1204 2795 1329 2825 duobus
1347 2796 1479 2825 minutis
1495 2792 1669 2834 abjeétius,
1686 2797 1737 2826 vel
1752 2795 1829 2834 quid
1852 2803 1908 2825 ca—

275 2832 360 2874 pillis
371 2831 484 2868 'vilius,
500 2833 550 2861 vel
565 2831 641 2870 quid
657 2831 791 2874 illic-rius
808 2841 908 2874 parva
924 2833 1128 2874 similagine?
1143 2836 1174 2874 et
1187 2835 1455 2874 tameujnvenies
1472 2831 1620 2865 similiter
1630 2831 1810 2874 approbata
1825 2835 1909 2865 sicut

277 2871 393 2914 vitulos
407 2874 571 2914 claurum
587 2871 671 2909 quod
687 2870 798 2914 divites
816 2872 1013 2914 obtulerunt.
1030 2870 1207 2914 Securidum
1225 2873 1309 2914 quod
1328 2875 1400 2914 quis
1415 2874 1519 2908 habet,
1539 2870 1705 2906 secundiori
1719 2875 1776 2906 hoc
1792 2883 1908 2913 accep-

275 2909 381 2955 Labilis
396 2911 543 2955 efficitur,
558 2919 623 2940 non
640 2910 807 2955 secundum
821 2911 904 2950 quod
919 2921 984 2942 non
997 2911 1097 2955 habet.
1111 2909 1269 2955 Quantum
1282 2909 1370 2955 habet
1384 2923 1493 2943 manus
1509 2919 1573 2955 tua,
1590 2915 1706 2953 inquit,
1720 2909 1904 2955 bene/licito.

275 2950 448 2990 Propterea
462 2951 614 2986 obsecro,
635 2952 670 2979 ut
690 2957 883 2980 cvacuemus
902 2960 975 2981 cum
998 2951 1163 2982 alacritate
1186 2953 1383 2983 substantias
1406 2956 1533 2985 nostras
1554 2954 1585 2984 in
1610 2950 1769 2994 pauperes
1791 2950 1801 2984 ε’
1825 2963 1858 2985 ac
1880 2954 1907 2983 si
