4198 6450
431 440 540 496 455
1896 441 2089 495 ΜΟΝΙΊ

2047 441 2237 496 ITUM.
3599 442 3704 497 456

432 558 567 617 sive
606 555 835 629 bestia,
868 558 1003 618 sive
1042 558 1216 617 mille
1258 557 1681 634 muscipulte;
1716 557 2003 634 quandiu
2043 558 2214 616 enim
2248 556 2530 635 quisque
2583 555 2823 635 ignitus
2856 555 3131 625 incedit,
3170 554 3383 635 omnia
3419 565 3703 635 superat,

437 652 648 694 omnia
690 635 958 707 excedit,
1006 638 1220 697 omnia
1254 633 1634 697 contemnit.
1670 633 1949 695 Flamma
1986 636 2227 711 quippe
2268 633 2728 709 insuperabilis
2778 651 2876 693 res
2917 642 3032 703 est,
3072 633 3575 711 ct~itnportabilc
3612 643 3708 692 est

436 714 686 775 cunctis
723 712 915 773 rebus
958 715 1331 775 incendium
1364 737 1376 772 :
1413 713 1580 791 ignis
1612 715 1856 791 quippe
1892 710 2119 774 cuncta
2157 713 2504 773 consumit.
2537 714 2674 773 Hoc
2708 712 2921 790 itaque
2952 712 3104 791 igne
3137 710 3711 787 circumsepiamur

435 792 764 870 exhortor,
804 791 1075 870 gloriam
1112 790 1459 853 offerentes
1488 790 2024 853 Dominonostro
2057 792 2210 851 Jesu
2259 791 2534 870 Christo,
2571 808 2714 870 cum
2751 807 2877 867 quo
2920 790 3111 870 Patri,
3152 806 3278 849 una
3311 807 3456 849 cum
3490 799 3710 850 sancto

437 868 710 947 Spiritu,
753 868 982 948 gloria,
1016 870 1392 950 imperium,
1427 870 1652 945 honor,
1689 888 1862 932 nunc
1892 876 1954 932 et
1986 888 2269 946 semper,
2304 876 2367 930 et
2401 869 2465 930 in
2501 869 2733 930 saecula
2767 868 3175 929 steeulorum.
3226 870 3456 930 Amen.

438 1067 3716 1100 Μ

3480 1086 3714 1099 --ῇο-α

1787 1237 2373 1332 MONITUM

1010 1463 1094 1524 IN
1154 1460 1514 1525 UNDECIM
1582 1461 1645 1522 S.
1710 1460 2050 1523 JOANNIS
2112 1459 2703 1523 CHRYSOSTOMI‘
2749 1460 3151 1524 HOMILIAS

1420 1644 1611 1702 NUNC
1648 1642 1924 1699 PRIMUM
1968 1643 2011 1697 Ε
2050 1644 2397 1701 TENEBRIS
2438 1642 2742 1699 ERUTAS.

520 1820 597 1874 En
666 1821 785 1887 tibi,
844 1821 1037 1878 Lector
1073 1825 1303 1891 erudite,
1364 1840 1579 1890 novam,
1614 1823 1871 1894 amplam,
1928 1823 2262 1893 omninoque
2311 1822 2642 1895 singularem
2685 1821 3030 1876 homiliarum
3089 1823 3467 1893 Chrysostomi
3527 1840 3721 1880 acces«

447 1913 655 1969 sionem
697 1916 1043 1983 proferimus,
1079 1935 1200 1988 quae
1234 1921 1373 1975 haud
1401 1922 1469 1973 ita
1503 1921 1709 1989 pridem
1741 1933 1807 1972 ex
1839 1929 2021 1973 monte
2076 1919 2239 1983 Atho,
2278 1926 2337 1971 ut
2402 1917 2646 1986 quidam,
2692 1916 2773 1971 vel
2810 1931 2875 1970 ex
2913 1915 3082 1969 insula
3135 1915 3345 1980 Patmo,
3407 1926 3465 1969 ut
3517 1916 3604 1970 alii
3642 1917 3724 1969 di-

448 2014 596 2069 cunt,
634 2008 687 2060 in
722 2006 1112 2063 Bibliothecam
1152 2009 1465 2066 Vaticanum
1496 2011 1700 2079 ,allataa,
1735 2024 1765 2062 a
1794 2008 2071 2063 sodalibus
2120 2009 2342 2071 nostris,
2396 2008 2489 2078 qui
2550 2016 2663 2061 tum
2708 2005 2891 2062 Roma:
2945 2006 3396 2075 Congregationis
3455 2005 3513 2060 S.
3550 2006 3721 2060 Mauri

448 2101 678 2167 negotiis
710 2101 1102 2171 advigilabant,
1136 2121 1164 2155 a
1203 2102 1391 2159 Graeco
1419 2104 1734 2158 amanuensi
1768 2103 2078 2171 exscriptar,
2127 2102 2462 2156 transmissae
2503 2101 2635 2155 mihi
2688 2099 2871 2163 fuere;
2916 2098 3169 2151 nimirum
3211 2114 3240 2151 a
3275 2099 3332 2150 ι).
3369 2097 3531 2152 Petro
3601 2101 3718 2153 Ma-

453 2192 578 2256 luct,
626 2194 716 2263 qui
763 2203 887 2247 tunc
918 2195 1289 2261 procuratoris
1311 2196 1580 2261 generalis
1606 2195 1782 2250 oﬂieio
1812 2194 2154 2263 fungebatur,
2188 2196 2379 2264 etiam
2418 2195 2468 2247 in
2502 2198 2833 2252 monasterio
2876 2198 2935 2252 S.
2981 2199 3237 2254 Germani
3273 2217 3303 2252 a
3332 2200 3510 2253 Pratis
3556 2198 3710 2254 Prior

450 2296 569 2352 est;
618 2297 673 2341 et
710 2302 739 2341 a
771 2290 830 2341 D.
860 2286 1303 2356 JosephoAvril,
1336 2288 1452 2354 ejus
1482 2290 1655 2353 socio,
1683 2288 1795 2358 jam
1850 2290 1902 2342 iu
1955 2288 2286 2344 monasterio
2314 2288 2652 2359 _Corbeiensi
2703 2290 2913 2359 Priore,
2966 2293 3059 2363 qui
3089 2299 3250 2349 ambo
3296 2309 3534 2363 seraper,
3590 2295 3716 2349 dum

451 2380 634 2436 Roma:
662 2390 863 2448 essent,
898 2382 1175 2436 assiduam
1205 2381 1334 2435 tuihi
1377 2382 1685 2449 praestitere
1711 2396 1963 2449 operam.

513 2477 774 2545 Qumlque
822 2491 1044 2546 prorsus
1108 2490 1305 2529 novum
1360 2476 1743 2543 insolitumque
1784 2484 1889 2539 est,
1928 2483 2093 2543 atque
2122 2474 2368 2529 utilitatis
2403 2476 2629 2531 multum
2674 2476 2847 2544 all‘ert,
2878 2479 2959 2533 ha:
2996 2479 3229 2535 ltomili:e
3261 2481 3547 2550 descriptae
3573 2482 3724 2536 fuere

443 2588 471 2623 a
501 2573 762 2640 quedam,
792 2570 883 2639 qui
915 2569 975 2623 S.
1010 2568 1261 2622 Doctoris
1293 2566 1445 2623 lateri
1482 2567 1706 2623 laesisse
1735 2568 1971 2631 videtur,
2029 2566 2231 2635 quique
2273 2568 2323 2621 in
2391 2569 2738 2624 homiliarum
2777 2571 2945 2625 titulis
2982 2572 3095 2625 loca
3137 2574 3300 2626 refert
3350 2575 3435 2627 ubi
3479 2574 3717 2627 humilia:

447 2666 646 2719 habitae
678 2674 829 2728 sunt,
861 2672 917 2718 et
944 2678 1088 2731 saepe
1130 2677 1350 2716 causam
1388 2677 1489 2716 cur
1519 2662 1876 2717 concionatus
1916 2661 2249 2725 sitindicat,
2278 2676 2343 2718 ac
2376 2678 2479 2717 non
2531 2679 2699 2733 pauca
2746 2666 2809 2718 ad
2858 2666 3138 2720 historiam
3174 2668 3497 2735 pertinentia
3548 2668 3717 2720 admi-

442 2767 578 2811 scet.
616 2756 1109 2826 Certissitnumque
1148 2766 1234 2810 est
1267 2756 1387 2811 illas
1418 2755 1895 2828 Constantinopoli
1919 2756 2136 2812 habitas
2162 2756 2349 2823 fuisse,
2376 2774 2685 2829 omnesque
2712 2761 2870 2814 annis
2899 2762 3003 2817 598
3040 2771 3094 2816 et
3123 2762 3251 2817 599.
3306 2764 3385 2816 Au
3422 2778 3552 2815 vero
3581 2777 3721 2816 con-

444 2857 682 2909 tinenter
714 2852 883 2907 etillo
911 2867 1018 2921 quo
1046 2851 1243 2906 habitae
1279 2852 1427 2906 fuere
1462 2850 1655 2905 ordine
1690 2852 1778 2905 hic
1832 2852 2155 2919 referantur,
2191 2854 2255 2908 de
2297 2852 2490 2908 multis-
2538 2853 2806 2922 liquidum
2860 2866 2964 2920 est,
3022 2858 3087 2909 de
3117 2856 3373 2911 omnibus
3432 2856 3715 2910 aflirtnare

442 2966 546 3006 non
580 2948 778 3010 ausim,
815 2957 1104 3015 tamenque
1132 2945 1433 3001 verisimile
1461 2955 1545 3000 est
1576 2961 1767 3001 omnes
1804 2946 1914 3011 illo,
1944 2962 2052 3015 quo
2087 2949 2175 3003 hic
2201 2957 2499 3015 ponuntur,
2529 2950 2720 3003 ordine
2755 2950 2928 3005 dictas
2966 2951 3154 3006 fuisse.

511 3066 555 3117 κ
590 3064 771 3118 Prima
807 3062 859 3117 in
891 3062 1176 3133 martyrio,
1210 3076 1307 3116 seu
1337 3062 1389 3115 in
1445 3060 1677 3115 ecclesia
1747 3062 2075 3133 Martyrum,
2105 3078 2227 3132 qure
2260 3064 2311 3116 iu
2346 3064 2581 3132 Antiqua
2610 3063 2798 3127 Petra,
2832 3069 2889 3118 ἐν
2924 3065 3138 3136 Παλαιᾷ
3176 3067 3386 3137 Πέτρᾳ,
3424 3067 3527 3119 sita
3577 3074 3715 3125 erat,

441 3159 582 3212 dicta
616 3159 736 3213 fuit.
794 3157 1026 3223 Quinam
1062 3157 1151 3210 hic
1179 3155 1329 3211 locus
1370 3165 1521 3210 esset
1556 3155 1700 3225 apud
1755 3172 1934 3209 rermu
1970 3155 2703 3225 Constanthmpolilanarum
2734 3160 3031 3228 scriptores
3055 3160 3293 3213 nondum
3325 3159 3526 3225 reperi.
3562 3156 3723 3209 Tem-

440 3265 539 3317 pus
566 3260 746 3305 autem
779 3251 1025 3318 assignat
1055 3248 1499 3318 Chrysostomus,
1531 3264 1654 3303 eum
1714 3249 1877 3318 paqu
1908 3259 2029 3318 post
2056 3250 2266 3303 initium
2308 3250 2439 3305 dicit
2478 3252 2720 3306 habitam
2764 3253 3040 3306 homiliam
3086 3254 3253 3308 fuisse
3304 3269 3426 3306 cum
3485 3251 3720 3304 nondum

441 3344 657 3412 triginta
686 3342 803 3396 dies
832 3341 1172 3397 ellluxissent
1205 3342 1274 3395 ab
1300 3340 1501 3409 ingenti
1536 3339 1628 3393 illo
1658 3348 1820 3394 terra:
1854 3350 2023 3406 motu,
2057 3342 2148 3410 qui
2182 3351 2348 3394 totam
2386 3343 2574 3395 urbem
2609 3353 2965 3399 concusserat
2993 3362 3006 3399 :
3046 3345 3117 3398 ita
3146 3356 3203 3398 ut
3235 3344 3452 3411 plurimi
3492 3358 3557 3395 ex
3586 3356 3724 3408 opu-

444 3436 789 3501 Icntioribus,
821 3436 979 3489 bonis
1010 3435 1285 3497 omnibus,
1319 3433 1758 3502 possessionibus
1792 3443 1846 3485 ct
1876 3433 2052 3501 patria
2086 3434 2313 3497 relictis,
2352 3445 2505 3487 extra
2541 3434 2773 3503 patriam
2805 3445 2859 3488 et
2894 3446 3047 3490 extra
3092 3434 3225 3491 fines
3268 3452 3378 3505 pra:
3433 3434 3722 3489 formidine

447 3527 778 3597 aufugerint,
810 3526 1010 3597 aliique
1045 3527 1183 3581 bona
1214 3527 1427 3581 illorum
1462 3526 1782 3581 invaserint.
1814 3524 2035 3581 Certum
2073 3536 2256 3580 autem
2294 3526 2507 3581 videtur
2553 3537 2711 3581 terra:
2745 3539 2948 3582 tnotum
2981 3529 3130 3583 illum
3164 3546 3229 3583 ex
3259 3545 3487 3583 ntnnero
3532 3542 3719 3581 eorum

443 3622 629 3686 fuisse,
660 3637 796 3692 quos
816 3622 1146 3677 Claudianus
1176 3621 1642 3691 Constantinopoli
1675 3623 1940 3675 accidisse
1973 3632 2239 3678 memorat
2268 3620 2582 3694 (Claudian.
2612 3622 2703 3675 lib.
2732 3624 2767 3675 2
2802 3624 2856 3676 in
2895 3622 3235 3691 Eulropium,
3271 3639 3316 3675 υ.
3341 3621 3414 3674 24
3441 3621 3578 3691 sqq.)
3602 3629 3727 3673 ante

441 3713 788 3769 consulatum
826 3714 1093 3783 Eutropii,
1131 3728 1274 3768 anno
1312 3714 1562 3769 videlicet
1611 3714 1745 3770 598.
1780 3714 1985 3771 Omnes
2038 3716 2236 3785 quippe
2274 3716 2523 3771 homilias
2560 3715 2692 3771 istas
2736 3715 2818 3770 vel
2867 3723 2993 3769 ante
3044 3714 3385 3769 consulatum
3448 3713 3725 3783 Eutrapii,

442 3806 529 3860 vel
560 3807 678 3876 ipso
712 3790 956 3872 consule,
988 3808 1085 3863 sed
1109 3816 1235 3862 ante
1266 3806 1446 3876 fugam
1479 3808 1791 3876 caulemque
1821 3808 1983 3875 illius,
2015 3824 2135 3878 quae
2172 3824 2358 3863 mense
2389 3809 2627 3864 circiter
2660 3810 2903 3879 Augusto
2936 3808 3062 3862 anni
3092 3807 3196 3865 599
3228 3807 3447 3872 accidit,
3512 3806 3725 3864 habitas

449 3895 618 3951 fuisse
643 3909 855 3953 certmn
889 3908 992 3954 est.

514 3990 913 4057 Tillemontius,
951 3990 1041 4063 qui
1082 3992 1334 4048 bomilias
1366 3992 1534 4048 hasce
1568 4008 1673 4049 non
1705 3995 1937 4059 viderat,
1970 4003 2122 4064 putat
2150 3994 2432 4051 homiliam
2472 3995 2617 4049 illam
2654 3995 2719 4050 de
2751 4004 3111 4060 terrmmotu,
3171 4009 3333 4063 quam
3368 3992 3725 4049 Combefisius

442 4083 836 4154 publicaverat,
889 4095 943 4139 et
1005 4099 1167 4154 quam
1222 4099 1291 4140 ex
1358 4083 1623 4142 Vaticano
1656 4087 1843 4141 codice
1890 4089 2234 4142 emendatam
2274 4089 2521 4145 dedimus
2580 4098 2709 4141 tom.
2740 4087 2794 4151 2,
2830 4103 2880 4157 p.
2914 4087 3066 4140 717:
3142 4086 3446 4151 homiliam,
3476 4087 3722 4155 inquam,

444 4176 594 4230 illam
638 4177 880 4231 habitam
918 4176 1087 4230 fuisse
1116 4184 1237 4245 post
1274 4186 1431 4231 terrae
1464 4187 1695 4245 motum,
1733 4179 1825 4247 qui
1865 4195 2010 4232 anno
2044 4181 2173 4243 598,
2210 4190 2495 4249 postquam
2522 4180 2945 4249 Chrysostomus
2979 4179 3271 4246 episcopus
3293 4178 3577 4231 ordinatus
3604 4178 3721 4232 fue-

444 4281 545 4328 rat.
581 4271 797 4326 accidit.
850 4271 1065 4325 Atcum
1105 4270 1192 4323 ille
1233 4280 1389 4324 terrm
1428 4280 1604 4323 motus
1640 4271 1858 4333 accidit,
1903 4270 2329 4342 Chrysostomus
2362 4274 2551 4325 morbo
2571 4272 2945 4334 detiucoatur,
2980 4283 3036 4324 ut
3068 4271 3181 4338 ipse
3220 4271 3270 4324 in
3296 4270 3532 4325 homilia:
3574 4272 3728 4338 prin-

442 4364 587 4433 cipio
616 4364 780 4419 dicit:
819 4378 992 4433 neque
1039 4364 1246 4431 uspiam
1287 4363 1516 4428 legimus
1578 4364 2026 4435 Chrysosto-num
2091 4368 2268 4437 primo
2303 4367 2383 4422 vel
2420 4370 2661 4423 secundo
2697 4365 3045 4434 episcopatus
3078 4368 3161 4419 sui
3220 4380 3386 4431 anno,
3420 4366 3500 4419 vel
3537 4363 3727 4418 morbo

442 4457 523 4509 vel
554 4455 869 4510 inflrmitate
900 4456 1153 4525 quapiam
1186 4464 1495 4525 correptum
1523 4455 1722 4523 fuisse;
1761 4473 1935 4527 neque
1965 4459 2015 4512 in
2074 4460 2175 4514 hac
2240 4460 2414 4529 prima
2477 4458 2718 4524 homilia,
2775 4473 2897 4527 qua:
2954 4468 3076 4526 post
3132 4467 3290 4512 terra:
3334 4467 3536 4511 motum
3578 4455 3726 4509 illum

443 4549 567 4602 anni
594 4549 699 4603 398
730 4548 911 4602 habita
944 4557 1053 4613 est,
1086 4550 1151 4603 de
1179 4549 1500 4604 inlirmitate
1530 4566 1627 4604 sua
1665 4552 1943 4620 quidpiam
1990 4551 2252 4622 loquitur.
2301 4555 2388 4630 .Ad
2423 4555 2538 4607 hzcc
2568 4552 2796 4623 p0pulus
2819 4553 2910 4623 qui
2940 4554 3065 4608 huic
3123 4554 3312 4622 prima:
3345 4552 3592 4607 concioni
3627 4552 3723 4604 ad-

444 4638 544 4693 fuit
577 4639 661 4693 vel
694 4640 887 4694 adesse
914 4639 1122 4704 debuit,
1149 4639 1219 4693 ob
1246 4639 1627 4710 negligentiam
1664 4649 1719 4695 et
1755 4642 2021 4711 ignaviam
2061 4646 2327 4697 acerrime
2371 4646 2641 4713 carpitur;
2677 4656 2866 4699 contra
2910 4661 3038 4699 vero
3070 4646 3121 4697 in
3162 4645 3247 4697 illa
3308 4645 3410 4698 alia
3460 4647 3527 4699 de
3572 4653 3731 4697 teme

442 4741 589 4783 mottt
624 4731 844 4785 humilia
874 4730 1103 4799 populus
1132 4733 1202 4785 ob
1233 4733 1473 4786 studium
1508 4742 1561 4785 et
1597 4732 1869 4786 fervorem
1911 4736 2139 4790 summis
2179 4736 2427 4789 laudibus
2472 4735 2802 4799 celebratur,
2840 4751 2999 4805 quem
3032 4736 3431 4790 Antiochenam
3470 4735 3725 4804 populum

441 4838 563 4877 esse
588 4834 739 4890 puto.
766 4824 1052 4877 Antiochia
1087 4825 1256 4887 enim,
1288 4832 1345 4877 ιιι
1374 4825 1608 4878 diximus
1633 4834 1686 4878 et
1716 4826 2071 4893 probavimus
2102 4828 2154 4881 in
2190 4828 2392 4882 Monito
2422 4828 2487 4883 ad
2529 4827 2818 4881 llomiliam
2849 4830 2914 4882 de
2940 4828 3150 4881 Lazaro
3186 4837 3239 4881 et
3269 4828 3337 4881 de
3364 4827 3547 4880 Terrae
3585 4837 3727 4878 motu

444 4926 577 4972 tum.
635 4918 677 4982 l,
704 4933 758 4987 p.
795 4916 919 4979 7-72,
954 4916 1409 4986 frequentissimis
1442 4927 1600 4972 terra:
1634 4919 1873 4975 motibus
1918 4922 2248 4987 agitabatur.
2287 4921 2486 4977 Verum
2519 4923 2669 4976 addit
2703 4922 3106 4987 Tillemontius,
3141 4922 3191 4974 iu
3230 4922 3451 4975 homilia
3497 4922 3583 4973 illa
3621 4920 3731 4972 fre-

441 5013 799 5079 quentissitne
823 5012 889 5065 de
916 5012 1120 5066 litaniis
1157 5014 1263 5082 agi,
1300 5028 1420 5081 qua:
1448 5012 1652 5065 litaniae
1690 5014 1755 5066 ab
1792 5013 1909 5081 ipso
1938 5014 2361 5084 Chrysostomo,
2389 5016 2551 5081 paulo
2577 5027 2864 5086 postquam
2893 5017 3181 5085 episcopus
3209 5014 3494 5066 ordinatus
3517 5012 3718 5073 fuerat,

443 5105 680 5177 primum
712 5105 975 5160 instituta:
1011 5104 1182 5161 fuere.
1259 5105 1327 5157 At
1359 5106 1490 5159 nihil
1528 5106 1598 5160 de
1628 5106 1833 5160 litaniis
1875 5107 1987 5161 illic
2017 5108 2216 5177 agitur,
2251 5108 2342 5161 sed
2377 5110 2443 5163 de
2484 5120 2646 5162 cantu
2675 5110 3004 5176 psalmorum
3032 5119 3087 5162 et
3119 5109 3468 5177 hymnorum,
3509 5119 3644 5173 quos
3672 5105 3725 5158 in

446 5210 686 5263 tempore
718 5198 1088 5252 calamitatum
1133 5199 1401 5253 canebant
1427 5197 1718 5253 Christiani
1756 5200 1823 5251 ad
1855 5200 2144 5254 ecclesiam
2177 5200 2474 5267 venientes,
2511 5203 2603 5255 diu
2647 5214 2939 5271 antequam
2991 5200 3410 5271 Chrysostomus
3439 5199 3726 5267 episcopus

441 5292 809 5346 ordinaretur.
848 5289 959 5346 llac
1002 5291 1069 5345 de
1096 5304 1155 5343 re
1178 5291 1288 5359 jam
1318 5299 1500 5343 actum
1535 5302 1619 5345 est
1654 5292 1707 5344 in
1739 5292 1861 5345 Vita
1896 5292 2294 5362 Chrysoslomi.

520 5407 584 5462 ll.
628 5407 883 5464 Secunda
913 5405 1135 5461 homilia
1185 5404 1557 5459 celebritatem
1591 5405 1748 5459 nobis
1786 5406 2115 5475 singularem
2155 5406 2377 5462 indicat.
2455 5407 2591 5462 Cum
2650 5417 2947 5478 martyrum
3004 5405 3246 5474 reliquiae
3307 5404 3535 5458 solemni
3606 5404 3713 5457 ritu

446 5498 875 5552 transferrentur
902 5512 968 5550 ex
1000 5495 1193 5564 Magna
1226 5494 1464 5549 Ecclesia
1496 5495 1561 5547 ad
1598 5496 1918 5565 martyrium
1958 5512 2053 5550 seu
2092 5497 2381 5551 ecclesiam
2421 5498 2481 5552 S.
2513 5498 2735 5553 'l'homa:
2761 5498 2986 5568 apostoli
3027 5506 3081 5552 ct
3116 5498 3395 5567 martyris,
3430 5497 3480 5549 io
3518 5496 3713 5565 Drypia

446 5593 608 5645 sitam
640 5602 697 5646 et
730 5607 923 5647 novem
962 5591 1287 5645 milliaribus
1317 5606 1345 5643 a
1382 5590 1573 5660 Magna
1604 5590 1848 5646 Ecclesia
1886 5593 2200 5656 distantem,
2254 5595 2445 5664 ingens
2481 5597 2659 5664 populi
2695 5596 2999 5665 frequentia
3036 5593 3176 5660 fuit;
3240 5595 3345 5645 imo
3391 5592 3719 5658 lmperatrix

445 5684 559 5753 ipsa
595 5685 838 5739 Eudoxia
874 5686 1088 5740 Arcadii
1129 5702 1282 5751 uxor,
1323 5695 1479 5739 nocte
1516 5695 1567 5737 et
1594 5684 1682 5739 die
1715 5700 1811 5753 per
1847 5697 2056 5740 emtum
2094 5688 2192 5741 vim
2217 5690 2451 5758 spatium
2483 5706 2649 5760 prope
2680 5690 2779 5745 SS.
2818 5702 3116 5761 martyrum
3174 5691 3386 5743 thecam
3437 5689 3601 5756 pedes
3638 5688 3720 5741 inc

448 5780 629 5832 cessit.
713 5780 1058 5845 Quapropter
1088 5778 1175 5830 ubi
1210 5778 1273 5830 ad
1308 5778 1627 5847 martyrium
1666 5788 1986 5846 pervcntmu
2020 5790 2125 5844 est,
2160 5781 2589 5851 Chrysostomus
2620 5784 2935 5839 concionem
2975 5786 3181 5849 habttil,
3221 5784 3307 5839 ubi
3344 5782 3713 5837 celebritatem

456 5871 601 5925 illam
636 5874 947 5931 descripsit.
980 5880 1032 5927 ct
1067 5873 1469 5943 luiperatriccm
1499 5874 1726 5930 summis
1757 5874 2007 5929 laudibus
2042 5876 2254 5930 extulit.
