4198 6492
449 431 554 487 ἇῦἸ
1910 441 2250 498 ΜΟΝΙΊἪΜ.
3600 446 3713 504 ωδ

533 541 624 598 lll.
659 541 978 616 insequente
1008 545 1094 603 die
1125 544 1422 618 Imperator
1455 551 1521 602 ad
1568 547 1708 606 idem
1741 554 2060 624 martyrium
2116 569 2210 610 seu
2245 553 2531 611 ecclesiam
2592 556 2742 614 venit
2783 573 2907 616 cum
2962 561 3219 618 satellitio
3273 569 3328 617 et
3366 568 3709 616 armatorum.

461 648 648 725 manu,
680 642 844 706 atque
870 637 1118 707 deposito
1149 639 1474 707 diademate,
1527 641 1784 712 reliquias
1817 644 2000 700 debito
2028 645 2175 701 cultu
2226 655 2547 716 prosecutus
2602 659 2687 705 est
2720 667 2738 707 :
2774 652 2848 707 illi
2879 668 3094 724 quoque
3123 652 3316 725 positis
3341 653 3508 707 armis
3553 652 3714 721 paria

459 723 867 793 praestiterunt:
914 739 979 782 ac
1006 743 1112 783 non
1145 739 1458 800 exspectata
1492 733 1780 800 concione,
1814 734 2113 806 imperator
2147 753 2268 794 cum
2294 738 2412 793 suis.
2436 740 2682 796 recessit.
2737 723 3021 813 Tuncque,
3045 723 3398 806 concionatus
3463 742 3707 814 Chryso-

460 824 670 870 stomus
699 823 802 882 est,
831 817 1184 889 pluribusque
1216 822 1469 892 probavit
1491 833 1612 894 post
1635 827 1764 880 Adae
1797 837 2077 896 peccatum
2103 829 2347 885 homines
2385 830 2451 884 ad
2488 832 2930 890 excellentiorem
2967 844 3168 892 statum
3199 845 3455 892 venturos
3478 849 3620 900 esse,
3655 833 3702 898 si

458 912 611 1048 :ecte
641 906 809 962 vitam
835 910 1644 977 instituant;resurrectionem
1693 924 1873 973 tamen
1923 917 2158 976 futuram
2207 920 2438 976 obscure
2481 923 2679 992 priscis
2728 924 2834 980 illis
2897 928 3232 995 temporibus
3289 928 3711 998 praenuntiatam

483 996 630 1048 uisse
660 999 809 1048 dicit-

483 996 630 1053 'uisse
660 999 809 1055 dicit.

531 1110 856 1204 lV._Quarta
886 1119 1108 1174 homilia
1149 1121 1200 1175 in
1233 1122 1431 1191 templo
1460 1122 1518 1178 S.
1557 1123 1861 1181 Anastasim
1891 1126 2074 1182 habita
2114 1127 2248 1184 fuit:
2285 1130 2441 1201 pauci
2496 1131 2646 1186 fuere
2681 1131 2988 1199 auditores;
3022 1139 3314 1204 tamenque
3366 1131 3704 1202 Chrysosto-

459 1213 580 1256 mus
611 1202 677 1258 de
705 1203 824 1260 Jobi
856 1210 1118 1278 patientia
1146 1221 1202 1266 et
1230 1213 1432 1269 virtute
1457 1213 1670 1287 longam
1701 1225 1754 1272 et
1783 1217 2083 1288 elcgantem
2117 1221 2304 1277 habuit
2325 1224 2634 1279 orationem
2665 1223 2767 1295 (a).

529 1310 594 1365 V.
648 1312 891 1372 llomilia.
924 1319 1114 1388 quinta
1153 1322 1205 1376 in
1251 1323 1446 1392 templo
1477 1322 1536 1378 S.
1572 1324 1757 1380 lrenes
1793 1325 1976 1381 habita
2015 1336 2120 1383 est.
2183 1327 2241 1385 ln
2280 1344 2345 1384 ea
2392 1330 2813 1400 Chrysostomus
2846 1332 2912 1388 de
2949 1331 3271 1390 absentibus
3327 1336 3708 1403 conqueritur,

459 1416 512 1459 et
539 1409 895 1552 przesentibus
933 1414 1364 1482 gratulatur;de
1394 1415 1728 1486 psalmorum
1760 1427 1922 1474 cantu
1961 1419 2094 1491 agit,
2151 1422 2452 1494 probatque
2485 1423 2810 1488 muliebrem
2840 1437 3030 1487 sexum
3087 1425 3535 1496 impedimentum
3593 1441 3709 1488 non;

460 1510 584 1552 esse
610 1512 640 1550 a
706 1501 921 1552 Virtutis
952 1504 1294 1552 exercitium-

460 1510 584 1552 esse
610 1501 678 1552 ad
706 1501 921 1559 virtutis
952 1504 1294 1560 exercitium.

538 1613 622 1673 VI.
653 1617 886 1676 Homilia
914 1631 1064 1677 sexta
1096 1622 1286 1678 habita
1307 1623 1471 1679 estin
1506 1624 1737 1682 ecclesia
1770 1626 2108 1684 Sanctorum
2129 1630 2518 1701 Apostolorum
2541 1632 2596 1688 in
2631 1632 2720 1689 die
2747 1631 3037 1688 Theodosii
3081 1629 3453 1702 Imperatoris,
3515 1638 3708 1695 contra

458 1719 558 1801 eos
583 1709 767 1801 quise
797 1709 1064 1768 Catbaros
1088 1714 1202 1772 sive
1231 1713 1406 1780 Paros
1436 1716 1722 1775 vocabant.
1762 1717 2206 1792 Chrysostomus,
2235 1733 2520 1795 postquam
2555 1725 2662 1781 duo
2709 1724 2799 1780 alii
2835 1725 3074 1796 episcopi
3107 1723 3417 1780 concionati
3471 1721 3718 1801 fuerant,

461 1797 602 1854 hanc
632 1799 774 1858 dixit.
801 1801 1098 1860 homiliam.
3631 1802 3635 1805 -

530 1886 717 1948 Primo
743 1892 942 1951 ambos.
973 1893 1258 1966 episcopos
1292 1897 1496 1964 laudat,
1539 1912 1774 1969 quorum
1803 1900 1941 1962 alter
1979 1902 2186 1972 iunior,
2248 1905 2446 1976 inquit,
2501 1907 2652 1962 senis
2683 1899 3032 1976 gravitatem,
3086 1907 3224 1962 alter
3254 1889 3441 1971 senex,
3472 1904 3713 1975 iunioris

459 1980 696 2051 vigorem
727 1999 840 2056 pra:
865 1999 926 2040 se
962 1987 1191 2043 ferebat.
1224 1987 1431 2047 Deinde
1461 1990 1827 2050 Theodosium
1862 1992 2114 2063 Magnum
2148 1996 2395 2052 laudibus
2427 1995 2605 2062 eﬂ‘ert,
2637 1998 2794 2066 cujus
2825 1999 2941 2052 dies
2982 2007 3110 2052 tunc
3143 1998 3552 2065 celebrabatur;
3595 1998 3715 2052 dies

458 2089 654 2146 nempe
680 2084 741 2132 ut
767 2078 1061 2135 verisimile
1084 2089 1168 2136 est
1195 2084 1388 2137 mortis
1417 2082 1556 2149 eius,
1588 2086 1679 2154 qui
1713 2083 1964 2144 Januarii
1999 2087 2212 2142 decimo
2241 2089 2476 2158 septimo
2519 2089 2606 2144 die
2639 2090 2888 2159 contigit.
2947 2089 3100 2146 Unde
3127 2090 3376 2160 arguitur
3437 2091 3577 2144 hanc
3607 2087 3715 2153 ho-.

459 2166 663 2223 miliam
693 2185 882 2227 mense
919 2169 1182 2229 Januario
1219 2174 1346 2228 anni
1380 2174 1486 2230 599
1515 2176 1719 2231 dictam
1750 2178 1937 2235 luisse.
1994 2179 2330 2236 Theodosius
2362 2190 2542 2234 autem
2580 2196 2723 2236 anno
2775 2180 2882 2236 595
2914 2182 3148 2236 obierat.
3200 2181 3357 2237 Hunc
3408 2182 3710 2252 imperato-

460 2274 578 2316 rem
603 2260 845 2318 celebrat
875 2262 966 2318 ille
993 2278 1024 2318 a
1055 2264 1254 2333 pietate
1283 2273 1337 2319 et
1363 2280 1392 2320 a
1432 2266 1697 2333 victoriis,
1734 2284 1870 2338 quas
1897 2269 2201 2339 Opitulante
2239 2271 2348 2326 Deo
2391 2269 2576 2326 retulit
2629 2271 2695 2325 de
2739 2271 2986 2342 tyrannis
3029 2269 3267 2325 Maximo
3320 2279 3374 2326 et
3432 2271 3699 2341 Eugenio.

457 2355 602 2423 Quis
631 2355 720 2408 ille
746 2354 1026 2421 victorias,
1059 2359 1227 2414 tacito
1262 2368 1615 2430 tyrannorum
1648 2361 1890 2426 nomine,
1923 2362 1996 2417 ita
2032 2361 2224 2429 refert,
2259 2373 2318 2418 ut
2349 2365 2415 2418 ab
2443 2363 2566 2419 aliis
2593 2363 2836 2419 historiae
2875 2363 3236 2433 scriptoribus
3258 2370 3576 2420 narrantur.

530 2446 765 2502 llomilia
797 2461 926 2503 vero
952 2448 1100 2508 istaec
1140 2449 1200 2504 in.
1227 2451 1404 2506 medio
1437 2467 1628 2522 magna
1661 2453 1744 2508 sui
1779 2461 1935 2524 parte
1977 2455 2166 2510 mutila
2189 2465 2299 2520 est,
2325 2456 2397 2508 ita
2436 2464 2492 2508 ut
2540 2455 2944 2525 quamplurima
2975 2469 3164 2510 eorum
3209 2467 3330 2525 qum
3378 2465 3566 2510 contra
3604 2453 3716 2514 (Συ-ε

461 2539 646 2597 tharos
672 2555 765 2596 seu
796 2538 1127 2596 Novatianos
1148 2542 1490 2609 dicebantur,
1534 2545 1909 2602 interciderint
1933 2561 1998 2602 ac
2029 2546 2316 2616 perierint.
2373 2545 2659 2602 Novatiani
2693 2557 2872 2602 autem
2913 2557 3039 2601 tunc
3073 2545 3708 2615 Constantinopolim:-

456 2646 565 2700 gno
590 2647 816 2690 numero
841 2642 1018 2700 erant,
1055 2633 1364 2705 episcopum
1395 2649 1504 2690 suae
1538 2643 1700 2691 sectae
1732 2637 2059 2704 peculiarem
2096 2636 2404 2702 habebant,
2435 2651 2500 2690 ac
2525 2650 2648 2691 sese
2674 2633 2968 2705 καθαρούς,
2991 2649 3088 2692 seu
3117 2650 3301 2704 puros,
3343 2635 3716 2706 appellabant,

458 2741 562 2796 qua
602 2728 669 2784 de
690 2741 858 2785 causa
891 2726 1012 2781 illos
1039 2726 1310 2781 acerrime.
1340 2727 1661 2796 perstringit
1687 2727 2128 2800 Cbrysostomus,
2166 2728 2296 2784 utin
2319 2727 2553 2785 homilia
2580 2726 2690 2783 line
2713 2728 2917 2783 videas.

528 2815 662 2873 Post
687 2817 834 2875 illam
867 2824 1057 2872 contra
1097 2816 1364 2872 Catharos
1409 2816 1714 2884 homiliam,
1755 2817 1810 2872 in
1838 2818 2036 2874 Codice
2062 2815 2326 2872 Vaticano
2352 2816 2598 2885 sequitur
2627 2815 2848 2871 homilia
2877 2814 3031 2885 cujus
3055 2815 3263 2883 titulus,
3299 2816 3560 2873 Aduersus
3603 2835 3704 2888 eoa.

457 2909 546 2976 qui
573 2909 649 2964 ad.
666 2909 1000 2978 hippodromi
1029 2918 1077 2966 et
1106 2909 1433 2964 theatrorum
1467 2910 1768 2981 spectacula
1795 2927 1850 2965 se
1872 2910 2170 2980 conferunt.
2206 2909 2369 2980 Cujus
2397 2908 2611 2964 initium
2642 2917 2744 2972 est,
2773 2905 3017 2962 Ha'ccine
3036 2908 3288 2978 ferenda?
3315 2909 3545 2962 hwccine
3575 2909 3705 2964 tole-

458 3002 677 3063 randa?
705 3002 846 3057 vobis
867 3001 1005 3057 enim
1040 3003 1166 3070 ipsis
1219 3001 1485 3074 iudicibus
1511 3013 1697 3069 contra
1729 3019 1816 3060 vos
1844 3004 1921 3057 uti
1947 3003 2087 3060 volo.
2147 3002 2320 3075 Quam
2359 3001 2630 3066 edidimus
2673 3009 2808 3067 tom.
2845 3000 2934 3069 Vl,
2980 3015 3038 3070 p.
3080 3000 3211 3068 272,
3263 3016 3332 3067 ex
3373 3002 3721 3075 Coislinianu,

457 3095 661 3155 Codice
696 3093 1085 3163 desumptam:
1107 3092 1334 3162 ideoque
1368 3094 1512 3148 illam
1550 3094 1640 3151 hic
1685 3093 2182 3166 prauermiuimus.

535 3185 737 3246 Verum
765 3185 894 3255 quia
929 3184 982 3238 in
1010 3183 1244 3240 homilia;
1279 3200 1435 3241 nona:
1467 3186 1750 3254 sequentis
1785 3185 1967 3250 titulo,
2007 3195 2064 3240 et
2093 3185 2145 3239 in
2179 3185 2291 3255 ipsa
2324 3183 2553 3241 homilia
2577 3198 2742 3248 nona,
2773 3182 2944 3238 multa
2977 3182 3248 3240 habentur
3277 3201 3399 3256 qum
3431 3187 3497 3243 ad
3539 3188 3712 3252 istam

455 3278 735 3346 homiliam
770 3278 1101 3344 referuntur,
1135 3279 1223 3340 hic
1257 3279 1567 3338 necessario
1611 3280 1858 3356 quaedam
1899 3279 1966 3334 de
2005 3277 2163 3349 hujus
2205 3277 2441 3345 homilia:
2476 3276 2764 3343 occasione
2798 3275 2972 3356 deque
3017 3275 3138 3339 aliis
3178 3277 3531 3360 quisbusdam
3567 3281 3706 3343 rele-

457 3372 646 3427 renda.

530 3463 849 3530 Anno.399,
887 3471 1170 3536 postquam
1205 3479 1371 3521 unum
1399 3463 1509 3532 jam
1544 3464 1829 3519 annumin
1855 3464 2169 3535 episcopatu
2197 3477 2452 3520 emensus
2483 3471 2604 3518 erat
2651 3461 3102 3534 Chrysostomus,
3150 3463 3438 3519 ordinatus
3495 3477 3692 3533 nempe

453 3569 597 3609 anno
629 3553 755 3620 598,
791 3555 861 3612 26
892 3554 1209 3615 Februarii;
1240 3553 1387 3617 feria,
1428 3568 1620 3624 quarta
1672 3555 2025 3621 hebdomadas
2072 3563 2444 3624 sanctaz,qua:
2499 3555 2633 3610 feria
2694 3570 2838 3610 anno
2891 3555 3002 3610 399
3062 3554 3336 3620 incidebat
3384 3555 3436 3607 in
3491 3564 3704 3612 sextam

451 3647 676 3717 Aprilis,
709 3657 817 3704 tam
849 3649 1040 3719 ingens
1061 3648 1248 3718 pluvia
1270 3647 1492 3714 decidit,
1518 3657 1576 3701 ut
1609 3657 1785 3702 metus
1819 3655 1966 3702 esset
2003 3661 2072 3703 ne
2113 3647 2228 3716 agri
2263 3647 2695 3711 devastarentur,
2731 3660 3046 3714 messesque
3088 3659 3277 3702 omnes
3330 3645 3381 3700 in
3409 3647 3717 3715 perniciem.

454 3751 696 3796 ruerent.
756 3739 894 3797 l‘linc
923 3755 1134 3809 preces,
1165 3739 1588 3809 supplicationes
1609 3747 1664 3793 et
1690 3739 1982 3806 λιτανεῖαι,
2012 3753 2108 3794 seu
2159 3737 2559 3808 processiones,
2611 3737 2866 3807 episcopo
2889 3737 3026 3791 duce
3074 3744 3128 3796 et
3177 3744 3706 3792 totoconcurreute

452 3837 648 3907 populo
674 3836 740 3892 ad
771 3836 1058 3892 ecclesiam
1094 3835 1510 3906 Apostolorum.
1555 3835 1682 3901 Post
1723 3837 1861 3903 haec,
1895 3835 2069 3900 imbre
2099 3844 2368 3899 cessante,
2410 3835 2644 3908 necdum
2674 3833 2887 3887 sublata
2925 3832 3231 3898 formidine,
3279 3833 3503 3902 trajecto
3557 3834 3703 3888 navi~

453 3931 556 3986 bus
593 3930 859 3998 Bosporo,
888 3929 954 3983 ad
983 3928 1268 3984 ecclesiam
1299 3927 1398 3984 SS.
1432 3928 1579 3983 Petri
1602 3937 1657 3984 et
1677 3927 1852 3993 Pauli,
1881 3929 1932 3983 in
1963 3927 2210 3996 opposita
2252 3926 2420 3982 maris
2449 3942 2543 3981 ora
2571 3926 2755 3992 sitam,
2781 3941 2910 3982 cum.
2941 3926 3196 3996 episcopo
3244 3935 3388 3987 totus
3414 3933 3587 3992 ceptus
3617 3939 3709 3982 δατ

451 4025 657 4092 currit.
698 4025 813 4091 lloc
869 4023 1135 4095 perfuncti
1168 4023 1408 4095 periculo
1445 4023 2023 4096 Constantinopolitani
2077 4021 2341 4093 plerique,
2377 4037 2484 4077 una
2537 4030 2742 4074 tantum
2795 4021 3108 4089 interposita
3163 4018 3270 4084 die,
3324 4033 3516 4087 nempe
3575 4017 3706 4072 feria

450 4118 639 4188 quinta
677 4116 730 4180 in
757 4117 920 4174 Canna
948 4117 1180 4182 Domini,
1213 4131 1337 4173 cum
1371 4116 1422 4177 in
1449 4114 1752 4176 Parasceve
1779 4114 1888 4169 ludi
1921 4120 2212 4184 equestres
2241 4112 2602 4184 agitarentur,
2631 4109 2766 4166 nihil
2811 4121 3066 4166 curantes
3100 4110 3242 4168 diem
3299 4109 3442 4165 illam
3496 4123 3711 4164 sacram

451 4209 521 4264 ad
548 4209 652 4266 hoc
679 4208 1048 4279 spectaculum
1080 4217 1461 4272 accurrerunt,
1489 4208 1705 4261 interim
1744 4205 2138 4277 ingemiscente
2175 4205 2429 4274 domique
2451 4205 2676 4269 sedente
2696 4201 3126 4273 Cbrysostomo;
3165 4202 3286 4267 imo
3310 4202 3396 4258 die
3421 4212 3713 4274 sequente._

453 4315 650 4372 nempe
675 4299 912 4357 Sabbato
946 4309 1156 4365 sancto,
1190 4301 1257 4355 ad
1287 4298 1580 4356 theatrales
1608 4297 1759 4352 ludos
1790 4313 1849 4353 se
1878 4297 2257 4366 contulerunt,
2281 4283 2371 4352 ubi
2401 4293 2707 4350 meretricia
2741 4303 2900 4349 erant
2936 4293 3276 4364 spectacula,
3303 4307 3424 4363 qua:
3457 4291 3701 4364 singula-

455 4395 551 4450 tim
580 4407 640 4454 et
662 4397 879 4467 egregie
918 4395 1159 4465 depingit
1183 4393 1608 4466 Chrysostomus
1631 4394 1682 4448 in
1710 4396 1814 4448 ista
1843 4393 2126 4457 concione,
2160 4391 2250 4446 ubi
2273 4392 2324 4444 in
2348 4389 2794 4461 praevaricatores
2821 4386 3124 4456 hujusmodi
3158 4384 3478 4457 gravissime
3501 4382 3708 4437 invehi-

455 4498 566 4554 tur,
599 4488 929 4558 demumque
961 4489 1014 4545 in
1045 4488 1166 4543 illos
1195 4486 1760 4556 excontmunicaliom's
1789 4486 2116 4556 sententiam
2152 4483 2507 4556 pronuntiat,
2524 4481 2622 4537 sed
2666 4480 3064 4542 comminando
3085 4487 3330 4550 tantum,
3357 4486 3416 4531 ut
3457 4483 3610 4546 puto,
3653 4482 3716 4542 et

452 4587 514 4633 ut
535 4577 736 4636 ibidem
766 4579 1012 4649 pluribus
1047 4580 1182 4638 dixi.

523 4690 682 4753 Circa
713 4693 854 4750 diem
881 4709 985 4762 qua
1015 4693 1129 4750 haec
1155 4694 1345 4750 concio
1373 4695 1514 4750 dicta
1548 4693 1669 4760 fuit,
1703 4692 1912 4762 aliquid;
1942 4691 2278 4749 dilllcullatis
2311 4690 2444 4746 mihi
2469 4689 2651 4746 olferri
2679 4689 2980 4744 videbatur.
3045 4685 3188 4740 Dixit
3239 4683 3328 4740 ille
3361 4685 3412 4738 in
3448 4680 3723 4739 concione.

452 4795 576 4840 ante
606 4793 708 4840 tres
737 4785 850 4848 dies
886 4785 1051 4839 imber
1076 4786 1278 4857 ingens.
1342 4785 1520 4844 lmber
1547 4797 1730 4843 autem
1761 4766 1850 4842 ille
1877 4784 2013 4840 feria
2042 4791 2235 4854 quarta
2268 4782 2490 4853 majoris
2515 4780 2867 4837 hebdomadas
2899 4779 3128 4844 decidit;
3165 4776 3298 4832 feria
3330 4775 3520 4844 quinta
3560 4769 3693 4826 nihil

453 4887 790 4941 memoratur
817 4880 1104 4948 incidisse;
1140 4880 1274 4934 ferio
1303 4889 1458 4934 sexta
1493 4878 1546 4932 in
1579 4879 1877 4932 Parasceve
1902 4875 1969 4930 ad
1993 4875 2153 4930 ludos.
2180 4873 2455 4930 circenses
2495 4872 2630 4927 itum
2661 4881 2768 4938 est,
2801 4871 3042 4926 Sabbato
3070 4871 3136 4923 ad
3167 4865 3456 4922 tbeatralia
3489 4872 3717 4934 spectat

454 4969 711 5039 cula.;_ita
745 4981 803 5027 ut
840 4971 1060 5030 homilia
1097 4973 1247 5030 istaec
1282 4970 1424 5038 dicta
1457 4967 1628 5032 fuisse
1655 4967 1880 5021 omnino
1909 4965 2159 5021 videatur
2192 4963 2472 5030 Dominica
2521 4961 2960 5018 Resurrectiouis
3001 4958 3244 5027 Domini.
3278 4955 3472 5012 Verum
3501 4956 3719 5024 aliquid

456 5071 585 5122 tunc
613 5063 762 5125 dubii
795 5076 880 5116 me
924 5063 1249 5125 incessebat,
1302 5075 1418 5121 cur,
1452 5057 1498 5112 si
1523 5058 1639 5112 dies
1666 5055 1950 5112 Paschalis
1979 5063 2142 5122 esset,
2176 5069 2244 5110 ne
2277 5055 2500 5120 verbum
2558 5051 2774 5122 quidem
2823 5054 2888 5108 de
2943 5050 3208 5107 Paschate
3259 5048 3443 5104 iaciat.
3505 5045 3707 5102 Verum

451 5155 575 5225 jam,
597 5154 742 5220 nulla
780 5153 1077 5219 difﬁcultas
1109 5161 1378 5223 superest,
1420 5164 1544 5204 cum
1581 5149 1636 5204 in
1664 5149 1824 5215 titulo
1843 5149 2078 5203 homilia:
2106 5163 2266 5212 nonae
2311 5143 2612 5215 sequentis,
2643 5144 2780 5198 etin
2840 5142 3064 5198 homilia
3125 5141 3246 5211 ipsa.
3289 5139 3504 5194 dicatur
3564 5137 3714 5203 diem

457 5248 609 5311 illum
637 5246 693 5300 in
725 5260 834 5316 quo
874 5255 988 5300 tam
1021 5245 1263 5316 graviter
1286 5245 1406 5299 illos
1431 5241 1762 5304 circensium
1788 5249 1844 5295 et
1873 5237 2220 5292 theatralium
2250 5235 2500 5290 ludorum
2527 5242 2867 5302 spectatores
2908 5232 3210 5287 insectatus
3234 5239 3338 5295 est,
3369 5227 3704 5284 Dominicam

457 5336 651 5403 fuisse,
683 5346 848 5408 atque
877 5336 1013 5392 adeo
1035 5337 1178 5391 diem
1205 5332 1644 5391 Resurrectionis
1664 5331 1875 5388 Domini
1899 5347 1914 5387 z
1943 5344 2106 5400 quam
2136 5329 2258 5392 ideo
2277 5342 2382 5381 non
2405 5323 2851 5390 commemoravit
2873 5321 3320 5393 Chrysostomus,
3343 5319 3487 5402 quod
3516 5326 3711 5378 contra

461 5441 800 5504 spectatores
829 5431 948 5494 illos
973 5433 1210 5511 graviter
1237 5444 1536 5498 succensus
1560 5438 1726 5497 esset,
1753 5428 2012 5498 illamque
2037 5440 2151 5482 rem
2182 5424 2340 5480 unice
2364 5422 2630 5494 cogitaret
2661 5419 2758 5490 (b).

458 5700 485 5750 τ
517 5635 596 5712 .(a)
630 5633 1033 5746 Mont.i'.,lnescio.
1056 5635 1238 5697 quibus
1260 5635 1507 5685 rationum
1530 5632 1799 5684 momentis
1819 5634 2018 5689 ὁπως.
2041 5631 2170 5687 hanc
2194 5624 2446 5676 homiliam
2477 5628 2591 5689 post
2610 5621 2962 5686 Septembrem
2996 5631 3219 5669 mensem
3243 5615 3360 5666 anni
3382 5616 3475 5665 398
3498 5614 3714 5670 habitam

482 5711 615 5750 uisse
639 5710 831 5750 susmca
859 5710 934 5747 ur.

482 5710 615 5751 uisse
639 5710 934 5759 suspicatur.

462 5781 920 5896 Pa(b)bznﬂliatthaiu’s,
940 5785 1026 5860 qui
1053 5785 1214 5834 locum
1241 5782 1458 5835 homiliaa
1480 5785 1629 5834 aliter
1662 5782 1920 5845 intelligit,
1951 5779 2211 5831 contendit
2239 5775 2490 5827 homiliam
2513 5779 2683 5826 contra
2716 5771 2910 5819 theatra
2937 5765 3155 5818 habitam
3181 5764 3331 5816 fuisse
3359 5762 3574 5830 Sabbato
3599 5766 3722 5826 ante

531 5861 581 5894 St:
655 5881 665 5892 .

531 5861 665 5894 sena.
