4198 6498
460 408 567 461 sua
1195 406 1219 443 -'
1674 406 1721 413 "
1820 409 1829 415 ‘
1930 405 2273 470 nomium.
3039 406 3045 413 '
3631 413 3766 464 ιω·

533 521 639 577 Vll.
682 521 912 579 llumilia
945 524 1173 595 septima
1202 526 1254 582 in
1286 525 1516 584 ecclesia
1550 526 1768 585 Sanctae
1799 528 2103 586 Anastasius
2130 530 2315 584 habita
2348 528 2447 583 fuit
2470 573 2483 596 ,
2519 530 2607 584 ubi
2639 530 2886 586 modicus
2907 538 3050 594 eral,
3083 529 3257 596 inquit
3284 526 3394 593 ille,
3426 525 3733 580 auditorum

460 629 745 680 numerus,
783 630 959 685 neque
994 626 1174 673 tamen
1218 619 1338 674 ideo
1366 620 1742 688 conqueritur,
1802 620 1894 676 sed
1922 621 2230 691 exemplum
2261 620 2622 676 Samaritauae
2652 621 2847 676 affert:
2900 637 3062 691 quam
3116 620 3241 675 licet
3281 633 3447 673 unam
3496 626 3731 684 tantum,

455 706 584 777 quia
620 714 803 762 tamen
835 709 1089 764 audiendi
1125 711 1307 766 studio
1330 708 1600 778 fervebat,
1643 712 1806 782 longo
1840 722 2081 783 tempore
2107 712 2418 781 alloquutus
2446 723 2528 768 est
2552 714 2826 770 Christus.
2876 714 3076 770 Deinde
3103 728 3230 768 vero
3269 711 3512 782 pluribus
3555 708 3734 781 expli-

457 805 547 853 cat
569 798 702 869 quid
728 799 833 855 sibi
873 800 1002 854 velit
1031 799 1251 867 Paulus,
1285 818 1413 859 cum
1443 804 1543 869 ait,
1584 803 1663 860 De
1695 804 2103 874 conﬁrmatione
2126 803 2423 873 Evangelii,
2456 814 2511 860 et
2542 807 2592 859 in
2627 806 2712 860 his
2742 808 3049 862 orationem
3081 805 3305 861 claudit.

529 885 696 973 Dicta
715 886 894 944 fuisse
923 890 1140 947 videtur
1168 891 1284 949 haec
1316 892 1541 949 humilia
1576 894 1631 950 in
1664 895 2005 951 hebdomada
2042 894 2363 949 Paschatis:
2397 911 2522 949 nam
2575 897 2667 964 qui
2700 897 2957 953 homilias
3002 897 3165 952 hasce
3197 895 3252 949 in
3308 897 3427 965 ipso
3491 900 3741 962 tempore

457 978 770 1049 colligebat,
814 990 875 1037 ut
905 996 973 1037 ex
1004 982 1176 1039 titulis
1203 986 1534 1042 cunciunum
1567 986 2021 1061 deprehenditur,
2050 987 2143 1041 illo
2169 1003 2280 1056 quo
2310 988 2634 1047 dicebantur
2657 988 2849 1049 ordine
2882 1004 2978 1044 cas
3007 988 3317 1055 descripsit.

530 1070 670 1127 Vlll.
707 1071 945 1127 Humilia
989 1083 1183 1129 octava
1236 1090 1352 1132 rem
1401 1092 1632 1148 prorsus
1680 1078 1957 1135 insolitam
1995 1078 2150 1134 nobis
2179 1080 2403 1133 exhibet
2455 1087 2619 1145 atque
2656 1079 2979 1134 inauditam.
3032 1076 3187 1133 Tunc
3226 1078 3557 1134 Gotthorum
3610 1095 3739 1149 pars

459 1165 723 1232 maxima,
761 1167 853 1237 qui
882 1166 967 1223 vel
989 1164 1465 1239 Constantinopoli
1486 1168 1571 1223 vel
1594 1168 1800 1227 circum
1835 1176 2012 1226 erant.
2043 1166 2409 1221 Arianismunt
2442 1167 2813 1225 sectabantur.
2850 1164 3021 1219 Erant
3072 1178 3249 1222 tamen
3281 1167 3554 1223 Catholici
3602 1185 3741 1239 gen-

460 1260 528 1314 tis
557 1257 804 1326 ejusdem
834 1272 939 1313 non
967 1258 1148 1329 pauci.
1210 1258 1346 1314 Cum
1388 1268 1571 1316 autem
1612 1260 1667 1315 in
1721 1260 2010 1316 ecclesiam
2049 1257 2239 1313 Sancti
2285 1256 2440 1313 Pauli
2475 1258 2885 1320 convenissent,
2932 1256 3100 1325 jussit
3147 1257 3571 1327 Chrysostomus
3598 1257 3737 1315 Got-

460 1353 580 1407 thus
607 1351 813 1421 aliquot
842 1352 963 1408 loca
989 1353 1236 1424 qumdam
1258 1354 1690 1423 Scripmrarum,
1724 1369 1847 1425 qua
1880 1354 1934 1410 in
1956 1353 2267 1409 Gotthicam
2303 1353 2542 1422 linguam
2579 1366 2861 1407 conversae
2892 1352 3126 1413 fuerant,
3158 1350 3412 1405 Gotthice
3445 1352 3648 1421 legere,
3682 1362 3741 1408 et

457 1454 645 1511 postea
670 1443 930 1499 Gotthum
956 1447 1336 1516 presbyterum
1369 1447 1628 1505 Gotthice
1660 1447 2000 1504 coneiunari.
2034 1446 2145 1502 Cur
2171 1454 2353 1501 autem
2385 1446 2456 1501 ita
2477 1444 2707 1513 jusserit
2739 1444 2874 1499 satis
2899 1443 3146 1499 declarat
3190 1445 3242 1498 in
3274 1444 3540 1500 concione
3566 1460 3732 1515 quam

460 1535 577 1604 ipse
600 1534 949 1590 continenter
971 1544 1093 1604 post
1122 1537 1382 1593 Gotthum
1415 1538 1799 1611 presbyterum
1832 1538 2025 1593 eadem
2056 1537 2110 1592 in
2154 1536 2385 1594 ecclesia
2418 1535 2643 1601 habuit;
2703 1545 2763 1590 ut
2802 1535 3057 1591 videlicet
3113 1534 3335 1590 Grmcos
3386 1534 3743 1607 philosophos

459 1639 763 1695 eorumque
792 1626 1077 1697 religionis
1100 1631 1385 1697 sequaces,
1425 1636 1479 1683 et
1508 1625 1725 1684 Iudaeus
1760 1641 1978 1697 quoque
2008 1625 2214 1697 pudore
2241 1625 2614 1681 suti‘uuderet:
2647 1624 2791 1695 quod
2819 1624 2945 1679 dum
2982 1624 3054 1678 illi
3089 1624 3336 1679 veritatis
3397 1623 3577 1679 lucem
3632 1640 3739 1680 re-

462 1722 743 1785 spuerent,
785 1716 1029 1771 barbara:
1056 1730 1154 1786 per
1199 1725 1369 1772 totum
1406 1718 1595 1773 urbem
1642 1717 1890 1773 nationes
1951 1716 2065 1772 sole
2112 1714 2459 1787 fulgidiorem
2497 1713 2778 1786 Evangelii
2832 1715 3009 1769 lucem
3058 1714 3538 1783 amplecterentur.
3573 1716 3740 1773 Addit

460 1804 624 1858 etiam
654 1819 804 1871 eum,
835 1806 926 1876 qui
958 1806 1009 1861 in
1046 1804 1226 1863 Veteri
1264 1806 1615 1865 Testamento
1642 1808 1850 1879 primus
1883 1820 2116 1864 vocatus
2141 1808 2262 1873 fuit,
2290 1824 2485 1879 nempe
2510 1809 2913 1875 Abrahamum,
2945 1809 3238 1864 barbarum
3272 1809 3440 1865 fuisse
3469 1810 3523 1864 in
3555 1812 3736 1865 medio

460 1892 817 1951 barbarorum
857 1907 1193 1966 versantem;
1246 1898 1509 1955 barbarus
1532 1914 1751 1971 quoque
1782 1899 1952 1957 fuisse
2002 1900 2126 1956 illos
2150 1903 2241 1972 qui
2293 1900 2500 1961 Christi
2533 1911 2715 1963 ortum
2784 1902 2946 1975 primi
3001 1900 3424 1969 anuuntiarunt,
3480 1901 3742 1957 nimirum

461 2000 671 2057 magos,
703 1990 794 2059 qui
824 2004 891 2044 ex
923 1988 1147 2046 Oriente
1176 1999 1458 2049 venerant.

531 2079 657 2137 Haec
686 2092 868 2137 autem
898 2083 1098 2138 concio
1126 2081 1310 2138 habita
1359 2082 1461 2137 fuit
1494 2082 1547 2138 in
1577 2082 1809 2139 ecclesia
1840 2080 1899 2138 S.
1940 2081 2105 2143 Pauli
2148 2083 2289 2138 intra
2323 2079 2715 2135 hebdomadam
2748 2078 3034 2135 Paschatis
3063 2077 3261 2133 festum
3316 2079 3741 2149 subsequentem

461 2182 520 2229 et
556 2188 654 2244 per
685 2184 964 2240 octavam,
1006 2185 1063 2229 ut
1113 2190 1180 2232 ex
1221 2176 1503 2244 sequentis
1534 2176 1771 2231 humilia:
1822 2176 2000 2239 titulo,
2048 2175 2119 2231 ab
2164 2190 2230 2229 eo
2258 2175 2350 2244 qui
2385 2175 2469 2229 his
2502 2174 2861 2229 coucionibus
2912 2172 3101 2227 aderat
3134 2171 3441 2242 praemisso,
3470 2170 3734 2241 liquidum

465 2272 548 2319 est
573 2282 587 2330 ;
616 2267 887 2335 etiamque
914 2266 1274 2322 conﬁrmatur
1303 2282 1366 2323 ex
1402 2269 1469 2322 iis
1499 2283 1618 2337 quae
1650 2267 1807 2321 initio
1843 2268 2082 2321 humilia:
2115 2267 2395 2336 sequentis
2420 2267 2696 2321 dicuntur.

539 2361 753 2416 Etenim
788 2379 909 2417 cum
941 2361 1061 2417 illus
1088 2361 1406 2433 gravissime
1437 2363 1755 2433 pupugisset
1790 2363 2033 2433 ipsisque
2067 2362 2377 2417 molestiam
2409 2370 2651 2416 creasset
2690 2361 2744 2415 in
2775 2374 2840 2416 ea
2877 2360 3123 2427 humilia,
3165 2375 3329 2430 quam
3360 2361 3413 2416 in
3444 2359 3729 2417 Dominica

470 2451 911 2509 Resurrectiunis
938 2453 1146 2512 Christi
1177 2455 1466 2518 habuerat,
1500 2470 1568 2510 eo
1595 2454 1741 2525 quod
1781 2456 1835 2510 in
1864 2455 1954 2511 die
1981 2455 2313 2510 Parasceves
2340 2462 2389 2508 et
2435 2453 2489 2508 in
2520 2453 2763 2509 Sahbatu
2817 2462 3011 2508 sancto
3047 2454 3115 2508 ad
3153 2454 3429 2509 circenses
3464 2462 3520 2508 et
3572 2435 3732 2507 thea-

462 2540 629 2596 trales
669 2540 824 2595 ludus
854 2557 916 2597 se
941 2543 1329 2608 contulissent,
1364 2543 1475 2599 imo
1497 2544 2085 2601 excommunicationis
2130 2543 2486 2611 sententiam,
2521 2542 2715 2600 saltem
2757 2544 3255 2610 cumminaturiam,
3288 2545 3341 2597 in
3375 2544 3495 2599 illus
3545 2554 3737 2613 protu-

462 2631 652 2687 lisset:
688 2632 764 2686 illi
795 2642 975 2688 tamen
1010 2645 1218 2703 postea,
1252 2649 1310 2689 re
1334 2650 1525 2691 secum
1556 2634 1704 2691 serio
1742 2649 2035 2706 perpensa,
2062 2650 2167 2689 non
2200 2633 2322 2689 sine
2343 2649 2507 2691 causa
2544 2650 2605 2690 se
2643 2634 2849 2690 acriter
2882 2634 3159 2703 impetitos
3185 2634 3359 2689 fuisse
3390 2633 3662 2698 videntes,
3688 2643 3744 2689 et

460 2724 613 2794 plura
645 2724 730 2779 his
755 2726 824 2785 de
860 2728 1022 2783 rebus
1050 2728 1242 2785 audire
1281 2728 1591 2798 cupientes,
1625 2728 1693 2783 ad
1729 2727 1983 2798 Magnam
2019 2726 2350 2792 Ecclesium,
2382 2734 2443 2782 ut
2481 2726 2732 2783 concioni
2784 2724 3135 2789 inter-forent,
3176 2725 3382 2795 ingenti
3426 2739 3658 2779 numero
3688 2740 3749 2782 se

460 2821 763 2878 contulere.
795 2822 999 2879 Verum
1026 2825 1223 2885 accidit
1256 2836 1314 2880 ut
1346 2824 1438 2880 illo
1468 2825 1577 2893 die,
1612 2840 1808 2895 nempe
1837 2825 2114 2880 Dominica
2152 2831 2275 2894 post
2311 2823 2545 2889 Pascha,
2591 2824 2811 2896 quidam
2852 2825 3070 2880 adesset
3098 2837 3161 2876 ex
3192 2821 3407 2877 Galatia
3432 2821 3743 2890 episcopus.

461 2918 545 2971 vir
572 2929 686 2975 tum
714 2935 783 2975 ex
810 2929 1111 2987 senectute,
1147 2930 1259 2976 tum
1291 2936 1357 2975 ex
1388 2920 1512 2975 aliis
1542 2920 1711 2975 animi
1737 2920 1956 2975 dotibus
1979 2919 2347 2978 venerandus.
2383 2919 2469 2974 cui
2494 2919 2859 2975 concinnandi
2892 2919 3064 2974 vicem
3091 2917 3522 2990 Chrysustomus
3546 2915 3737 2972 cessit:

461 3012 605 3083 quod
635 3012 912 3068 auditores
942 3014 1225 3083 aegerrime
1255 3013 1465 3069 tulere:
1496 3027 1710 3068 summo
1740 3013 1885 3067 enim
1918 3011 2294 3084 Chrysostomi
2337 3026 2399 3066 se
2436 3010 2631 3066 iterum
2662 3011 2968 3082 carpentis,
3029 3011 3141 3065 imo
3187 3008 3454 3075 secantis,
3508 3017 3569 3063 ut
3627 3005 3746 3076 ipse

463 3109 561 3173 ait,
594 3107 851 3163 audiendi
884 3108 1161 3164 desiderio
1194 3108 1541 3164 tenebantur.

540 3203 633 3260 IX.
659 3204 1002 3276 Quapropter
1023 3204 1114 3260 ille
1143 3204 1446 3269 Dominica,
1480 3214 1536 3256 ut
1589 3202 1815 3258 credere
1864 3211 1968 3267 est,
2019 3200 2295 3274 sequenti,
2357 3199 2600 3257 secunda
2661 3200 2922 3257 videlicet
2972 3209 3096 3272 post
3142 3200 3378 3266 Pascha,
3409 3200 3463 3254 in
3504 3197 3747 3255 Ecclesia

464 3297 655 3371 Magna
684 3298 1004 3353 concionem
1038 3299 1178 3353 hanc
1215 3297 1426 3361 habuit,
1458 3296 1547 3352 ubi
1572 3298 1759 3353 statim
1784 3296 2133 3353 auditoribus
2162 3296 2487 3367 gratulatur,
2530 3295 2675 3365 quod
2695 3294 2825 3351 licet
2846 3305 2956 3351 tam
2986 3295 3227 3366 graviter
3248 3295 3463 3365 excepti
3518 3293 3573 3347 in
3601 3307 3739 3349 con-

467 3394 625 3450 cioue
650 3392 739 3451 illa
771 3389 1070 3451 Dominicre
1105 3392 1562 3459 Resurrectiuuis,
1602 3401 1712 3447 tam
1743 3391 2020 3448 ferventer
2051 3401 2107 3447 et
2134 3401 2283 3448 tanto
2314 3406 2545 3447 numero
2570 3392 2769 3446 iterum
2800 3400 3172 3461 compareant.
3207 3389 3345 3445 Tum
3372 3403 3494 3445 sese
3514 3393 3744 3444 excusat

467 3487 609 3555 quod
637 3485 915 3541 Dominica
956 3486 1282 3557 praecedenti
1313 3487 1570 3555 episcopo
1601 3485 1832 3543 Galatia:
1869 3488 2074 3543 seniori
2109 3487 2469 3545 concionandi
2525 3486 2706 3543 locum
2747 3486 3008 3554 cesserit;
3065 3486 3370 3555 iterumque
3398 3498 3591 3543 contra
3638 3485 3752 3541 cir-

465 3596 657 3637 censes
687 3581 863 3649 ludos,
907 3582 1128 3643 etiamsi
1160 3582 1345 3638 mitius
1383 3583 1830 3653 moderatiusque
1856 3583 2117 3654 loquitur,
2156 3598 2381 3653 remque
2416 3583 2596 3653 tangit
2624 3582 2850 3639 omnino
2887 3580 3295 3652 deplorandam,
3338 3595 3461 3651 quae
3496 3579 3750 3634 hesterna

464 3674 553 3731 die
590 3674 643 3730 in
676 3674 1034 3749 hippodromo
1072 3677 1398 3745 contigerat,
1431 3675 1578 3735 etab
1603 3674 1909 3744 hujusmudi
1947 3675 2091 3731 ludis
2120 3674 2256 3732 alios
2286 3684 2540 3732 avertere
2581 3675 2834 3733 debebat.
2872 3673 3105 3740 Quidam
3142 3673 3313 3737 enim,
3341 3670 3435 3743 qui
3484 3668 3753 3741 postridie

465 3789 691 3831 uxorem
723 3775 985 3837 ducturus
1021 3784 1162 3840 erat,
1193 3776 1319 3829 dum
1354 3789 1478 3829 cum
1515 3775 1641 3830 aliis
1672 3776 1994 3833 cursoribus
2036 3785 2387 3832 concertaret
2428 3776 2787 3845 interceptus,
2837 3773 3139 3831 miserabili
3193 3787 3324 3829 casu
3372 3772 3555 3840 capite
3601 3780 3753 3823 trun-

463 3881 641 3938 catus,
675 3879 732 3927 et
768 3870 1036 3926 extremis
1067 3871 1327 3931 membris
1349 3870 1609 3927 abscissis
1639 3871 1710 3926 ibi
1743 3879 2041 3927 manserat.
2109 3870 2312 3927 Deinde
2339 3872 2577 3941 explicat
2625 3870 2755 3925 illud
2789 3868 3069 3940 Evangelii
3105 3868 3336 3932 dictum,
3404 3863 3567 3919 Pater
3605 3876 3754 3917 meus

466 3978 625 4033 usque
654 3962 812 4016 modo
840 3971 1110 4029 operatur,
1143 3971 1194 4015 et
1225 3978 1320 4031 ego
1347 3978 1558 4028 operor,
1583 3962 1884 4032 probatque
1912 3962 2105 4018 Filium
2133 3962 2396 4033 aequalem
2419 3978 2547 4018 esse
2564 3960 2735 4017 Patri.

536 4054 604 4109 Χ.
644 4052 876 4108 Humilia
910 4053 1116 4108 decima
1154 4053 1335 4111 habita
1367 4053 1467 4107 l'uit
1499 4053 1550 4107 in
1580 4054 1809 4109 ecclesia
1841 4054 2084 4126 Apostoli
2117 4053 2219 4127 (a),
2254 4064 2545 4126 postquam
2594 4070 2763 4111 senex
2818 4053 3040 4125 quidam
3074 4052 3364 4121 episcopus
3404 4057 3534 4105 ante
3583 4047 3754 4118 Chry-

465 4159 768 4207 sustomum
799 4148 1153 4204 cuncionatus
1186 4147 1396 4205 fuerat:
1431 4148 1687 4231 quodque
1720 4150 2125 4207 observandum
2154 4164 2264 4218 est,
2301 4151 2449 4206 illum
2482 4165 2692 4219 senem,
2732 4160 2787 4207 et
2818 4166 2879 4206 se
2903 4150 3160 4220 juvenem
3193 4156 3375 4214 vocat,
3407 4145 3512 4202 etsi
3539 4160 3606 4200 ex
3635 4143 3755 4197 vul-

467 4239 583 4310 gari
616 4238 877 4307 opinione
904 4252 1108 4291 annum
1139 4235 1211 4299 52
1240 4238 1351 4305 jam
1383 4252 1642 4299 emensus
1672 4250 1793 4300 erat
1827 4239 1925 4310 (ὁ).
3206 4234 3209 4235 ν

541 4330 631 4386 XI.
669 4330 965 4387 Undecima
997 4346 1214 4400 quoque
1237 4338 1291 4385 et
1330 4340 1604 4401 postrema
1671 4334 1895 4393 humilia
1932 4334 2076 4390 dicta
2105 4335 2209 4391 fuit
2242 4350 2271 4389 a
2306 4336 2701 4405 Chrysoswmu
2730 4336 2844 4405 (die
2883 4334 3013 4395 festi
3053 4333 3536 4402 Machahaeorum),
3596 4339 3748 4403 post-

467 4436 629 4489 quam
660 4436 828 4477 senex
862 4423 1079 4492 quidam
1104 4423 1461 4477 conciouatus
1500 4422 1696 4483 fuerat.
1738 4423 1810 4477 ‘Id
1842 4424 2017 4494 ipsum
2053 4439 2198 4496 saepe
2231 4426 2501 4495 videmus,
2529 4426 2666 4480 duas
2694 4440 2888 4496 nempe
2925 4435 2980 4480 et
3013 4424 3308 4495 aliquando
3341 4431 3452 4478 tres
3501 4418 3754 4477 bomilias

470 4512 821 4571 continenter
840 4516 1028 4571 haberi
1053 4515 1108 4569 in
1140 4517 1332 4570 eadem
1365 4516 1594 4579 ecclesia
1630 4524 1685 4570 et
1715 4516 1906 4575 eodem
1959 4518 2213 4581 audiente
2269 4520 2490 4591 populo.
2551 4519 2608 4583 ln
2666 4520 2769 4577 hac
2820 4529 3005 4579 autem
3060 4520 3173 4590 agit
3205 4518 3632 4588 Chrysostomus
3688 4514 3756 4571 dc

470 4609 732 4667 Eleazaro
759 4622 814 4667 et
846 4610 912 4665 de
929 4609 1274 4685 Maeliabzeis,
1309 4625 1447 4683 quos
1477 4611 1671 4683 probat
1695 4610 1783 4668 ille
1805 4625 1905 4684 pro
1934 4610 2156 4681 Christo
2185 4630 2376 4686 passos
2406 4617 2595 4679 fuisse.

531 4835 606 4899 (α)
630 4833 913 4903 statuique
937 4832 1632 4903 contendit‘illamhomlliam
1665 4821 1888 4903 habitam
1923 4831 2088 4903 fuisse
2114 4831 2411 4903 igecclesta'
2425 4831 2827 4903 Apostolorum,
2858 4825 2908 4879 id
2933 4840 3089 4903 egeo
3101 4824 3749 4903 'c'onjiciettsjquod‘in

467 4886 618 4946 cursu
644 4886 784 4961 illius
810 4886 1141 4961 dicaturgAd
1175 4895 1517 4957 Apostolorum
1542 4890 1946 4961 thecasuenimus
1976 4891 2111 4961 (σοιε
2134 4894 2247 4947 526.
2266 4891 2355 4961 tiu.
2381 4886 2493 4961 5t):
2529 4894 2666 4943 ldem
2693 4906 2754 4941 ex
2781 4886 2869 4961 his
2886 4891 3070 4949 verbis,
3096 4888 3172 4961 13's
3326 4886 3619 4961 hodielecta
3642 4891 3751 4961 satu
3779 4929 3783 4932 .

470 4956 877 5025 (nempeulllaultz
896 4957 947 5016 9,
974 4958 1034 5025 1'37
1050 4948 1077 5021 )7
1094 4948 1270 5025 demus
1294 4969 1524 5021 cperam,
1549 4970 1663 5025 quae
1685 4948 1892 5025 ibidem,
1915 4948 2029 5025 post
2049 4957 2241 5025 aliquot
2267 4957 2430 5025 lineas
2449 4948 2707 5025 leguntur,
2733 4967 2833 5025 quo
2849 4948 3088 5024 tempore
3123 4948 3339 5025 humilia!
3363 4948 3753 5025 habitajuierjit‘.
3776 5012 3783 5017 1

468 5008 742 5085 concludit.
772 5033 792 5066 ι
819 5008 964 5078 Hinc,
990 5008 1171 5082 inquit,
1197 5008 1390 5085 consist
1419 5008 1634 5085 quod-ie
1651 5021 1778 5067 hanc
1819 5008 2337 5085 humiliamhahuegit
2373 5032 2395 5085 :_
2422 5008 2662 5085 nimirum
2684 5008 2943 5085 tricesimo
2965 5008 3165 5085 fmeusis
3202 5011 3470 5085 .lun‘iian
3498 5008 3753 5085 enim‘die

470 5082 760 5133 celebratur
781 5072 1018 5133 memoria
1042 5072 1109 5134 in
1130 5072 1485 5144 apostolorum.
1512 5077 1722 5143 Legitur
1743 5086 1914 5137 autem
1948 5078 2121 5133 Matth.
2154 5078 2207 5139 9,
2230 5080 2293 5131 56
2328 5074 2395 5137 ad
2442 5078 2520 5143 10,
2550 5079 2599 5128 8.
2643 5078 2695 5140 1d
2731 5078 2850 5127 mihi
2891 5084 3062 5127 notum
3094 5082 3175 5124 est
3203 5086 3266 5121 ex
3293 5072 3583 5131 Synaxariis
3616 5072 3755 5119 Grae-

472 5156 661 5193 corum.
691 5159 711 5192 ι

2580 5160 2599 5179 ιι

535 5189 909 5271 (Ei—Perpenna
932 5206 1039 5271 haec
1062 5208 1239 5255 notant
1260 5200 1595 5271 Benedictini,
1616 5216 1729 5255 cum
1764 5203 1816 5253 in
1832 5203 1933 5271 hac
1956 5202 2163 5271 humilia
2189 5199 2473 5271 minimese
2491 5202 2737 5271 juvenem
2755 5203 2916 5271 vocet,
2938 5198 3030 5271 sed
3056 5198 3344 5271 episcopum
3367 5194 3455 5257 qui
3475 5196 3591 5243 ante
3611 5189 3769 5257 illum.

472 5262 949 5329 erat'concionatus,
970 5268 1212 5331 juvenem
1234 5267 1379 5319 simul
1402 5272 1456 5318 et
1475 5262 1651 5319 senem
1677 5278 1790 5319 esse
1814 5266 1964 5324 dicat,
1998 5266 2093 5317 sub
2115 5265 2304 5327 duplici
2325 5262 2521 5315 scilicet
2546 5268 2779 5325 respectu
2801 5262 2950 5310 animi
2973 5267 3027 5310 et
3047 5262 3288 5319 corporis.
