4198 6534
302 425 389 482 461
1107 414 1160 470 S.
1203 413 1484 470 JOANNIS
1525 409 2013 469 CHRYSGSTOM!
2053 409 2368 467 ARCHIEP.
2413 395 2950 462 CONSTANTINOP.

3623 388 3729 444 462

375 597 3618 670 MM

1097 843 1326 929 ΤΟΥ
1392 844 1533 927 ΕΝ
1604 837 1958 924 ΑΓΙΟΙΣ
2031 831 2462 922 ΠΑΤΡΟΣ
2537 829 2861 919 ΗΜΩΝ

1306 1037 2699 1259 ΙΩΑΝΝΟΥ,

1139 1371 1804 1428 ΔΡΧῙΕΠΙΣΚΟΗΟΥ
1869 1363 2883 1431 ΚΩΝΣΤΑΝΊΊΝΟΥΠΟΔΕΩΣ,

1325 1557 1586 1642 ΤΟΥ
1677 1549 2695 1639 ΧΡΥΣΟΣΤΟΜΟΥτ

315 1797 550 1868 ὀμιλία
581 1791 862 1868 λεχθεῖσα
884 1790 955 1844 ἐν
980 1789 1060 1868 τῷ
1077 1789 1378 1868 ιιςιρτυρίῳ
1402 1785 1480 1868 τῷ
1503 1785 1601 1868 ἐπὶ
1631 1783 1703 1850 τῇ
1742 1779 2207 1868 εζαλαιᾷβέτρᾳ.
2238 1783 2456 1868 όᾼὶγωγ
2510 1779 3050 1868 (ξυλλεγέντῳνγδενὰ
3083 1779 3190 1834 τὸν
3231 1781 3506 1868 χειμῶνα·
3533 1785 3622 1868 είς
3673 1783 3739 1837 τὸ

379 1851 506 1921 δεῖν
534 1851 808 1932 συνὲχῶς
835 1851 1221 1928 συνάγίεᾶθὰι,
1263 1851 1357 1910 καὶ
1388 1856 1472 1924 μὴ
1497 1854 1889 1922 ἀπαγορεύειν
1929 1851 2045 1918 τὴν
2075 1854 2377 1919 σωτηρίαν
2411 1852 2480 1905 ὲν
2522 1852 2942 1920 ἁμαρτήμασιν

381 1934 846 1991 ἐπιδείκνυσθαι.

382 2200 533 2276 [525]
558 2200 624 2253 Τί
666 2197 858 2263 τοῦτο;
883 2196 982 2267 τὴν
1008 2194 1161 2250 πόλιν
1196 2193 1410 2247 ἃπασαν
1448 2194 1702 2262 παρεῖναι
1734 2190 1850 2242 δέον
1878 2190 1974 2260 σή-

313 2307 496 2362 μερον,
519 2287 640 2341 ούδέ
686 2285 747 2339 τὸ
771 2283 1060 2337 πολλοστὸν
1087 2283 1219 2352 ἡμῖν
1261 2281 1541 2350 ἀπήντηκε
1582 2277 1677 2330 τοῦ
1722 2276 1973 2344 συλλόγου

315 2378 513 2450 μέρος;
543 2375 696 2445 Τάχα
720 2375 749 2426 6
783 2372 952 2443 πηλὸς
982 2370 1153 2433 αἴτιος
1190 2369 1286 2422 καὶ
1311 2371 1340 2422 6
1370 2368 1552 2433 ὑετός;
1604 2369 1837 2433 Ἀπαγε·
1879 2367 1977 2435 οὐχ

309 2467 339 2516 6
369 2463 560 2532 πηλὸς,
605 2460 720 2513 ἀλλ’
751 2461 785 2530 ἠ
819 2458 1060 2529 ῥᾴθυμος
1098 2457 1191 2510 καὶ
1225 2458 1258 2524 ἠ
1308 2456 1733 2508 ἀναπεπτωκυῖα
1761 2451 1974 2522 γνώμη.

311 2549 444 2602 Τίνα
461 2550 569 2618 γάρ
591 2547 658 2601 ἂν
687 2546 859 2616 ἐχοιεν
880 2542 1207 2614 συγγνώμην
1229 2543 1278 2595 of.
1308 2540 1744 2609 ἀπολειφθέντες,
1763 2541 1894 2592 ὅπου
1915 2556 1977 2607 γε

311 2639 362 2690 οἱ
398 2637 494 2707 μὲν
516 2635 790 2706 μάρτυρες
813 2633 906 2687 καὶ
938 2632 1106 2701 αὐτῆς
1125 2633 1223 2701 τῆς
1250 2629 1394 2698 ζωῆς
1420 2628 1846 2698 κατεφρόνησαν,
1879 2628 1980 2679 αὐ-

311 2724 396 2776 τοὶ
417 2723 474 2775 δὲ
493 2721 634 2791 ὑπὲρ
651 2719 749 2773 τοῦ
766 2717 1171 2789 παραγενέσθαι
1199 2716 1322 2769 οὐδὲ
1340 2713 1508 2784 πηλοῦ
1539 2714 1841 2784 κατετόλμη
1849 2731 1946 2766 σαν
1962 2732 1982 2778 ;

315 2808 439 2872 Πῶς
475 2807 764 2877 μακαρίσω
788 2805 914 2867 τοὺς
954 2802 1432 2872 παραγενομένους
1474 2802 1648 2871 ὑμᾶς
1672 2801 1790 2863 πῶς
1819 2800 1982 2852 ταλα-

315 2895 448 2948 νίσω
483 2894 608 2956 τοὺς
642 2890 1064 2960 ἀπολειφθέντας
1083 2889 1343 2952 ἐκείνους,
1367 2887 1457 2941 διά
1479 2905 1536 2940 τε
1557 2888 1655 2958 τὴν
1675 2886 1978 2954 ἀπόλειψιν,

313 2981 404 3034 διά
431 2997 491 3032 τε
523 2980 620 3049 τὴν
641 2977 818 3030 αἰτίαν
845 2978 943 3047 τῆς
974 2975 1338 3044 ἀπολείψεως
1369 2974 1603 3046 Εὔδηλον
1621 2975 1730 3045 γάρ
1757 2974 1982 3042 ὅτιβιω-

314 3069 493 3130 τικαῖς
531 3063 942 3136 προσηλωμένοι
971 3063 1236 3134 φροντίσι,
1269 3064 1363 3115 καὶ
1410 3063 1501 3115 τὸν
1546 3063 1760 3118 ἅπαντα
1790 3062 1983 3130 λυμαι-

317 3155 542 3224 νόμενον
581 3152 690 3204 τῶν
723 3150 1021 3222 χρημάτων
1071 3148 1249 3218 ἔρωτα
1301 3149 1656 3218 σφοδρότερον
1694 3148 1751 3200 ἐν
1774 3147 1983 3207 ἑαυτοῖς

316 3243 668 3303 ἁνάπτοντες,
714 3239 811 3308 τῆς
861 3235 1031 3306 καλῆς
1079 3236 1282 3306 ταύτης
1331 3235 1732 3303 ἀπελείφθησαν
1771 3233 1980 3304 ἐορτῆς.

331 3329 471 3381 Ἀλλ’
492 3329 539 3382 εί
573 3328 668 3380 καῖ
693 3327 766 3396 μὴ
802 3325 1074 3396 πάρεισιν,
1122 3325 1412 3390 ἀναγκαῖον
1441 3323 1535 3374 καὶ
1573 3321 1708 3391 πρὸς
1749 3321 1985 3383 ἀπόντας

319 3414 683 3486 διαλεχθῆναι·
715 3411 932 3482 εὔδηλον
950 3411 1058 3481 γὰρ
1079 3411 1160 3463 ὅτι
1195 3409 1260 3462 δι’
1293 3410 1446 3480 ὑμῶν
1473 3409 1646 3462 ταῦτα
1665 3406 1986 3460 ἀκούσονται

319 3503 428 3556 τῶν
449 3501 758 3572 παρόντων·
793 3499 956 3569 μέχρι
976 3499 1105 3551 πότε
1125 3499 1232 3551 τῶν
1270 3499 1566 3569 χρημάτων
1588 3497 1621 3567 ἡ
1646 3495 1817 3548 λύσσα
1839 3512 1852 3559 ;
1887 3493 1987 3565 μέ-

322 3607 413 3660 χρι
437 3589 628 3657 τίνοςή
658 3587 923 3657 μηδέποτε
961 3584 1292 3655 σϐεννυμένη
1333 3586 1561 3653 κάμινος
1613 3582 1790 3636 πάντα
1811 3581 1986 3633 ἔπεισι

321 3677 418 3730 καὶ
447 3675 808 3744 καταφλέγει;
834 3674 934 3727 οὐκ
956 3672 1069 3725 ίστε
1107 3675 1188 3726 ὅτι
1228 3671 1365 3742 αὕτη
1390 3673 1424 3742 ἡ
1453 3669 1584 3739 φλὸξ
1610 3671 1786 3722 ἐκεῖνο
1817 3668 1990 3721 τίκτει

321 3764 383 3816 τὸ
401 3761 662 3816 ἄσϐεστον
698 3759 843 3832 πῦρ;
865 3759 1004 3828 αὕτη
1026 3762 1060 3830 ἡ
1083 3758 1322 3830 τηκεδὼν
1342 3759 1545 3810 ἐκεῖνον
1563 3758 1727 3828 γεννᾷ
1744 3756 1834 3808 τὸν
1853 3754 1994 3808 σκώ-

321 3851 464 3918 ληκα
482 3848 572 3902 τὸν
599 3847 830 3913 ίοϐόλον;
857 3848 918 3898 El
938 3846 994 3900 δὲ
1017 3847 1372 3916 καταφρονεῖς
1391 3844 1615 3914 γεέννης
1639 3882 1654 3908 ,
1683 3842 1776 3896 καὶ
1794 3842 1854 3895 οὐ
1877 3842 1992 3895 δια-

325 3936 458 3989 σείει
499 3953 592 3989 σου
628 3935 726 4005 τὴν
740 3934 975 3987 διάνοιαν
1003 3932 1176 3985 ταῦτα
1213 3932 1278 3984 τά
1303 3934 1520 4001 ῥήματα
1557 3929 1645 3984 διὰ
1681 3929 1744 3982 τὸ
1782 3929 1992 3999 μέλλειν

323 4024 405 4076 ἔτι
423 4024 522 4092 τὴν
542 4022 785 4076 κόλασιν·
807 4019 911 4074 κᾶν
929 4020 998 4073 τὰ
1018 4019 1257 4090 παρόντα
1295 4016 1528 4070 πειθέτω
1553 4034 1632 4070 σε.
1657 4018 1771 4069 Ούκ
1791 4017 1992 4084 ἔγνωτε

323 4106 437 4166 οἷον
471 4110 560 4163 τὸν
603 4108 814 4180 καρπὸν
857 4110 892 4178 ὴ
922 4105 1328 4177 φιλοχρηματία
1359 4104 1549 4175 πρώην
1570 4104 1907 4170 ἐπεδείξατο;
1931 4105 1991 4158 οὐ

327 4198 434 4269 πρὸ
452 4197 559 4249 τῶν
579 4193 870 4265 ὀφθαλμῶν
896 4194 924 4246 ὑ
934 4192 1047 4264 μῶν
1069 4191 1270 4244 ἐστιτὰ
1291 4192 1684 4260 ὑπομνήματα;
1716 4191 1815 4242 οὑκ
1839 4189 1993 4243 ἔναυ-

327 4285 416 4348 λος
435 4283 532 4352 τῆς
553 4282 818 4352 τοσαύτης
857 4278 1237 4347 καταστροφῆς
1263 4279 1305 4348 ἡ,
1324 4277 1592 4340 ἀπόδειξις
1613 4294 1626 4341 ;
1663 4279 1818 4330 Πᾶσα
1842 4279 1875 4347 ἡ
1900 4277 1994 4329 πό-

327 4372 409 4432 λις
444 4373 578 4441 ἡμῖν
650 4367 759 4420 τῶν
798 4365 948 4438 [524]
995 4366 1262 4434 λειψάνων
1317 4363 1410 4417 τοῦ
1464 4365 1723 4432 ναυαγίου
1785 4365 1992 4417 ἐκείνου

328 4456 739 4528 ἐμπέπλησται*
774 4454 867 4505 καὶ
901 4453 1146 4521 ὅπουπερ
1197 4451 1263 4504 ἂν
1313 4450 1572 4522 ἀπέλθῃς,
1602 4450 1790 4521 ὥσπερ
1811 4450 1996 4504 πλοίου

333 4543 569 4616 μεγάλου
608 4538 1146 4602 καταποντισθέντος,
1196 4541 1224 4592 6
1250 4539 1348 4609 μέν
1385 4540 1482 4608 τὴν
1514 4537 1718 4600 σανίδα,
1749 4541 1777 4590 6
1813 4537 1870 4590 δὲ
1898 4537 1994 4607 τὴν

331 4630 546 4698 κώπην,
567 4629 596 4681 6
614 4629 672 4682 δέ
691 4627 752 4680 τὸ
797 4626 985 4691 ἱστίον,
1025 4627 1053 4676 6
1071 4625 1127 4677 δέ
1151 4627 1313 4697 μέρος
1337 4643 1388 4678 τι
1425 4625 1533 4677 τῶν
1554 4626 1852 4694 ἀγωγίμων
1879 4624 1994 4676 δια-

335 4715 606 4778 σώσαντες
634 4713 817 4784 ἔχουσι
855 4713 950 4766 καὶ
1013 4713 1418 4784 περιφέρουσιν·
1472 4710 1614 4764 οὕτω
1661 4711 1726 4780 δὴ
1765 4711 1859 4763 καὶ
1901 4709 1995 4763 τοῦ

333 4801 525 4876 πρώην
545 4801 794 4855 ἐντεῦθεν
812 4799 1188 4870 ἐπενεχθέντος
1228 4799 1473 4870 σεισμοῦ,
1507 4798 1535 4849 6
1565 4797 1663 4868 μὲν
1689 4796 1786 4868 τὴν
1800 4795 1995 4861 οίκίαν,

333 4893 362 4946 6
379 4891 437 4945 δὲ
455 4889 581 4952 τοὺς
599 4888 826 4959 ἀγροὺς,
844 4887 872 4938 6
897 4886 955 4939 δὲ
981 4885 1051 4939 τὰ
1077 4885 1403 4952 ἀνδράποδα,
1421 4888 1447 4937 6
1464 4885 1521 4937 δέ
1551 4885 1614 4936 τὸ
1644 4884 1925 4955 ἀργύριον,
1970 4884 1999 4936 6

332 4977 391 5032 δέ
410 4976 471 5029 τὸ
490 4974 711 5046 χρυσίον
737 4973 1167 5044 διανειμάμενοι,
1200 4972 1455 5024 πλατεῖαν
1474 4971 1572 5040 τῆς
1603 4971 1887 5040 συμφορᾶς
1903 4970 1999 5040 τὴν

333 5063 454 5132 ὅψιν
474 5063 818 5133 εἰργάσαντο,
849 5063 945 5114 καὶ
995 5058 1272 5128 πανταχοῦ
1307 5058 1402 5111 τοῦ
1433 5057 1620 5110 κλόνου
1646 5057 1716 5108 τά
1759 5057 2002 5127 ὑπομνή-

340 5166 486 5220 ματα
527 5148 892 5219 διασπαρῆναι
931 5145 1368 5216 παρεσκεύασαν.
1432 5144 1544 5197 Καὶ
1596 5143 1624 5195 6
1651 5143 1749 5213 μὲν
1800 5143 2002 5207 νύκτας

337 5237 575 5297 ἀΰπνους
611 5233 945 5297 διατελέσας,
998 5233 1093 5285 καὶ
1126 5231 1351 5301 μυρίους
1386 5231 1580 5293 πόνους
1598 5231 1690 5283 καὶ
1727 5229 2001 5293 κινδύνους

340 5323 658 5394 ὑπομείνας,
683 5323 777 5376 καὶ
795 5323 1164 5392 ἁμαρτήματα
1183 5317 1420 5374 τοσαῦτα
1446 5320 1761 5388 συναγαγὼν
1781 5320 1888 5373 ἀπὸ
1905 5320 2003 5390 τῆς

340 5410 594 5478 τοιαύτης
615 5408 947 5473 πλεονεξίας,
982 5408 1186 5472 ἄοικος,
1205 5406 1399 5471 ἄπολις
1435 5408 1572 5477 πρὸς
1593 5409 1691 5476 τὴν
1708 5407 2002 5478 ὑπερορίαν

342 5495 519 5566 φυγὰς
536 5495 746 5563 γέγονε,
768 5494 861 5547 κα)⁵
878 5493 978 5562 τῆς
995 5494 1298 5562 ἀναγκαίας
1316 5495 1513 5565 ἀπορεῖ
1529 5494 1753 5564 τροφῆς·
1769 5493 1861 5546 καὶ
1881 5491 2002 5546 καθ’

342 5583 578 5651 ἑκάστην
599 5581 814 5650 ἡμέραν
834 5579 925 5631 τὸν
943 5580 1073 5649 περὶ
1095 5580 1203 5632 τῶν
1235 5581 1479 5650 ἐσχάτων
1509 5579 1749 5632 κίνδυνον
1783 5580 1909 5631 ἐπικ
1919 5596 2005 5649 ρε-

345 5669 585 5739 μάμενον
602 5668 722 5737 ὁρᾷ,
749 5666 876 5735 ξίφη
897 5666 992 5718 καὶ
1024 5666 1248 5738 δημίους
1273 5666 1368 5719 καὶ
1395 5666 1640 5737 βάραθρα
1665 5664 2004 5735 φανταζόμε-

342 5774 450 5822 νος,
479 5755 686 5826 μυρίων
731 5755 975 5809 θανάτων
1000 5756 1384 5825 χαλεπωτέραν
1415 5755 1557 5824 ζωὴν
1585 5754 1713 5818 ζῶν·
1738 5753 1914 5824 ἕτεροι
1949 5755 2005 5808 δὲ

343 5848 452 5905 τοῖς
473 5843 678 5894 ἐκείνου
703 5845 971 5913 κτήμασιν
994 5842 1320 5911 ἐντρυφῶσι,
1366 5841 1459 5893 καὶ
1487 5845 1535 5894 οἱ
1566 5837 1676 5910 ’πρὸ
1694 5841 1884 5894 τούτου
1912 5859 2006 5894 κο-

347 5929 667 5993 λακεύοντες
707 5931 885 5996 αὑτὸν,
939 5927 1342 5983 ἐπιϐουλεύουσι
1377 5926 1488 5980 νῦν.
1532 5927 1714 5980 Ταῦτα
1765 5925 1855 5980 οὖν
1908 5931 2004 5998 οὐχ

2991 1850 3190 1917 ὄντας,
3239 1852 3399 1906 ἀλλὰ
3422 1854 3741 1921 μετάνοιαν

2083 2189 2241 2243 ἱκανά
2268 2190 2359 2241 καὶ
2392 2188 2481 2242 τὸν
2522 2190 2724 2260 σφόδρα
2775 2190 3097 2260 ἀναίσθητον
3150 2192 3532 2264 σωφρονίζειν;
3586 2195 3744 2249 Ἀλλά

2082 2275 2220 2342 μετά
2257 2276 2523 2345 τοσαύτην
2562 2276 2794 2347 πληγὴν,
2839 2278 2976 2347 μετα
3017 2279 3268 2332 τοσοῦτον
3303 2281 3567 2351 χειμῶνα,
3606 2283 3744 2352 μετά

2078 2361 2345 2431 τοσαύτην
2399 2365 2802 2434 καταστροφὴν,
2828 2366 2965 2432 μετὰ
3001 2365 3268 2436 τοσαύτην
3311 2368 3610 2439 μεταϐολὴν
3653 2370 3745 2422 καὶ

2077 2450 2430 2520 τηλικαύτην,
2457 2450 2556 2521 τὴν
2589 2452 2693 2522 πρὸ
2712 2453 2819 2505 τῶν
2837 2453 3130 2523 ὀφθαλμῶν
3150 2456 3498 2527 φαινομένην,
3521 2459 3618 2529 τὴν
3641 2459 3760 2528 πρὸ

2079 2537 2372 2607 τριάκοντα
2394 2538 2501 2591 οὐδ’
2521 2539 2658 2602 ὅλως
2677 2540 3048 2612 γεγενημένην
3098 2543 3204 2612 ήμε
3212 2543 3341 2612 ρῶν,
3399 2544 3560 2596 πάλιν
3577 2545 3746 2598 ταῦτα

2085 2623 2373 2691 μαίνεσθε;
2398 2625 2492 2676 καὶ
2525 2625 2685 2678 ποίαν
2704 2626 2771 2678 ἂν
2804 2626 3019 2696 σχοίητε
3044 2628 3390 2698 συγγνώμην,
3414 2629 3446 2699 ἢ
3470 2630 3588 2682 τίνα
3610 2632 3746 2684 ἀπο-

2080 2710 2297 2776 λογίαν;
2331 2711 2438 2762 Καὶ
2466 2712 2525 2763 οὺ
2553 2712 2807 2782 μαίνεσθε
2837 2714 3015 2782 μόνον,
3039 2715 3156 2768 ἀλλ’
3195 2715 3316 2768 οὐδὲ
3355 2717 3745 2784 παραγίνεσθε,

2087 2797 2175 2850 ἴνα
2209 2797 2340 2850 αὐτὸ
2369 2797 2528 2850 τοῦτο
2589 2798 2818 2869 μάθητε.
2876 2800 3086 2871 Ὥσπερ
3145 2801 3254 2872 γὰρ
3308 2803 3442 2871 πρὸς
3479 2806 3750 2875 παρόντας

2082 2885 2208 2947 τοὺς
2232 2885 2467 2948 ἀπόντας
2488 2886 2826 2957 διαλέγομαι,
2857 2889 3024 2958 πολλῇ
3085 2892 3152 2960 τῇ
3203 2889 3409 2962 ἀθυμίᾳ
3429 2893 3750 2965 κεκαρέμω-

2083 2988 2191 3034 νος,
2228 2972 2310 3025 ὅτι
2330 2974 2389 3025 ού
2425 2973 2503 3042 τῷ
2551 2974 2700 3043 φόϐῳ
2727 2974 2834 3027 τῶν
2883 2975 3204 3044 μελλόντων,
3238 2979 3298 3030 οὐ
3327 2982 3392 3050 τῇ
3450 2982 3611 3052 πείρᾳ
3643 2983 3752 3035 τῶν

2086 3059 2368 3130 παρόντων
2400 3060 2636 3128 γίνονται
2673 3061 2932 3130 βελτίους·
2980 3063 3095 3116 ἀλλ’
3126 3063 3484 3134 ἁρπάζοντες,
3534 3069 3752 3122 πλεονε-

2086 3145 2360 3209 κτοῦντες,
2398 3145 2585 3216 ῶσπερ
2612 3147 2668 3201 ἐν
2695 3165 2801 3202 τινι
2856 3149 3057 3221 κοπρίᾳ
3097 3151 3396 3222 σκώληκες,
3439 3153 3515 3224 τῷ
3538 3156 3755 3226 φορυτῷ

2085 3232 2193 3284 τῶν
2216 3232 2507 3304 φροντίδων
2532 3233 2734 3287 τούτων
2751 3235 3148 3306 ἀπειλημμένοι
3169 3239 3261 3291 καὶ
3276 3241 3756 3313 ἐγκατορωρυγμέ-

2087 3334 2188 3383 νοι,
2221 3317 2341 3370 οὐδὲ
2382 3319 2528 3384 ἅπαξ
2559 3321 2658 3390 τῆς
2697 3321 2984 3392 ἑϐδομάδος
3014 3325 3410 3395 παραγίνεσθαι
3429 3329 3755 3393 σπουδάζου-

2090 3419 2193 3468 σιν,
2227 3405 2312 3458 ἵνα
2343 3405 2444 3458 κᾶν
2473 3406 2602 3459 αὐτὸ
2630 3407 2785 3459 τοῦτο
2809 3408 3052 3478 μάθωσιν
3075 3410 3201 3464 ἔνθα
3230 3411 3387 3466 είσίν.
3421 3415 3628 3486 ’Ὠσπερ
3649 3417 3757 3487 γὰρ

2088 3489 2142 3542 οί-
2163 3491 2421 3561 φρενίτιδι
2443 3494 2796 3563 κατεχόμενοι
2842 3495 2995 3548 αὐτοὶ
3025 3497 3123 3566 μὲν
3151 3497 3251 3550 οὐκ
3273 3497 3338 3551 ἂν
3358 3499 3602 3553 δύναιντο
3633 3519 3757 3554 συν-

2090 3575 2219 3630 ιδεῖν
2245 3580 2302 3630 ἐν
2322 3573 2404 3642 οἷς
2432 3581 2590 3640 εἰσιν,
2622 3579 2819 3651 ίατρῶν
2845 3581 2902 3634 δὲ
2930 3583 3140 3635 δέονται
3187 3584 3294 3637 τῶν
3319 3585 3420 3655 τῆς
3450 3589 3644 3657 μανίας
3669 3589 3758 3640 αύ-

2089 3665 2214 3727 τοὺς
2248 3665 2684 3730 ἀπαλλαξόντων·
2722 3667 2863 3721 οὓτω
2893 3668 2957 3739 δὴ
3006 3669 3102 3721 καὶ
3133 3672 3182 3723 οί
3225 3673 3289 3741 τῇ
3339 3673 3546 3743 χαλεπῇ
3585 3673 3759 3745 λύσσῃ

2090 3747 2197 3802 τῶν
2251 3752 2548 3821 χρημάτων
2609 3754 2984 3824 κατεχόμενοι,
3016 3755 3218 3824 ἐτέρων
3250 3757 3460 3811 δέονται
3501 3759 3755 3812 διδασκά-

2092 3833 2223 3898 λων,
2264 3836 2351 3890 ἵνα
2389 3837 2491 3890 κᾶν
2523 3839 2606 3892 ὅτι
2644 3839 2882 3893 λυσσῶσι
2910 3840 3142 3911 μάθωσι.
3195 3843 3297 3895 Διά
3337 3843 3492 3896 τοῦτο
3525 3845 3757 3915 μάλιστα

2093 3921 2270 3975 αὐτῶν
2297 3923 2485 3994 δέομαι
2516 3926 2609 3980 καὶ
2638 3927 2942 3996 παρακαλῶ
2975 3929 3066 3981 καὶ
3097 3929 3325 3983 ίκετεύω
3356 3931 3600 4002 ἀπαντᾷν
3622 3935 3758 4005 πρὸς

2094 4010 2260 4080 ἡμᾶς,
2288 4013 2383 4064 καὶ
2409 4013 2478 4066 τὰ
2505 4013 2613 4066 ἀπὸ
2632 4014 2726 4067 τοῦ
2748 4014 2907 4082 λόγου
2931 4015 3178 4086 δέχεσθαι
3203 4019 3488 4089 φάρμακα.
3513 4021 3626 4072 Οὐκ
3645 4021 3759 4075 ἐστι

2098 4113 2189 4165 μοι
2219 4097 2458 4168 σιδήριον
2485 4101 2846 4171 ἠκονημένον,
2878 4101 2990 4154 ἀλλ’
3016 4103 3131 4156 ἐστι
3161 4103 3316 4172 λόγος
3345 4105 3564 4175 σιδήρου
3592 4107 3766 4176 τομώ-

2094 4198 2272 4252 τερος·
2299 4185 2399 4236 οὐκ
2436 4185 2552 4239 ἔστι
2577 4187 2712 4257 πῦρ,
2749 4187 2871 4240 ούδέ
2902 4188 3190 4259 φάρμακον
3235 4191 3450 4254 δάκνον,
3494 4191 3608 4244 ἀλλ’
3644 4192 3760 4244 ἐστι

2097 4269 2321 4339 ῥήματα
2344 4273 2513 4344 πυρὸς
2545 4272 2871 4345 θερμότερα,
2927 4275 3015 4328 καὶ
3066 4274 3334 4330 ἀνώδυνον
3365 4277 3636 4346 ἐπάγοντα
3663 4278 3761 4348 τὴν

2100 4356 2248 4428 ίατρε
2258 4359 2362 4414 ίαν.

2172 4447 2239 4516 β’.
2278 4449 2436 4513 Τίνος
2457 4447 2551 4504 οὖν
2574 4450 2760 4504 ἐνεκεν
2780 4452 3085 4524 ἀποπηδᾷς,
3106 4451 3229 4505 είπέ
3253 4470 3373 4523 μοι,
3398 4453 3494 4507 καὶ
3519 4454 3638 4507 οὐδὲ
3664 4453 3764 4524 τὴν

2097 4534 2268 4605 αὐτὴν
2297 4536 2663 4591 ἐπιδείκνυσαι
2686 4539 2813 4610 περὶ
2835 4539 2933 4609 τὴν
2959 4539 3136 4611 ψυχὴν
3159 4540 3433 4612 πρόνοιαν,
3467 4543 3600 4612 ὅσην
3621 4542 3764 4611 ἔχεις

2099 4622 2229 4692 περὶ
2248 4622 2347 4692 τὴν
2381 4622 2563 4692 σάρκα
2586 4623 2786 4692 φειδώ;
2836 4625 3081 4697 Ἐκείνης
3113 4625 3210 4696 μέν
3238 4625 3346 4696 γὰρ
3366 4627 3550 4692 κακῶς
3565 4629 3765 4680 διακει-

2100 4710 2267 4780 μένης
2289 4711 2383 4764 καὶ
2397 4712 2653 4781 χρήματα
2671 4711 2933 4782 δαπανᾷς,
2962 4711 3065 4765 κᾶν
3081 4711 3423 4767 δανείσασθαι
3449 4715 3564 4785 δέῃ,
3588 4715 3765 4768 πάντα

2097 4795 2428 4866 ὑποθέμενος
2479 4797 2806 4863 ἀναλίσκεις·
2838 4800 2931 4852 καὶ
2965 4801 3188 4870 ἰατροῖς,
3214 4800 3319 4854 κᾶν
3355 4804 3542 4871 τεμεῖν
3572 4802 3766 4872 βουλη-

2100 4882 2255 4948 θῶσι,
2281 4884 2382 4938 κᾶν
2406 4885 2624 4950 καῦσαι,
2653 4886 2792 4955 μετά
2836 4887 3034 4957 πολλῆς
3069 4886 3374 4958 προθυμίας
3409 4890 3670 4959 παρέχεις
3707 4891 3767 4942 τὸ

2101 4969 2262 5040 σῶμα
2287 4974 2457 5024 ποιεῖν
2487 4971 2624 5041 ὅπερ
2652 4972 2720 5024 ἂν.
2749 4971 2990 5025 ἐθέλωσι·
3014 4972 3114 5043 τῆς
3135 4973 3191 5026 δὲ
3215 4975 3390 5043 ψυχῆς
3411 4975 3592 5044 πηγὰς
3628 4993 3768 5028 σκω-

2100 5057 2282 5128 λήκων
2311 5061 2562 5131 ἐχούσης,
2619 5061 2719 5113 ούκ
2753 5063 3000 5132 ἀπαντᾷς
3061 5061 3446 5133 ἀκουσόμενος,
3491 5064 3611 5116 εἰπέ
3651 5081 3762 5133 μοι,

2101 5144 2260 5214 λόγου
2316 5149 2415 5217 τὴν
2467 5147 2736 5217 σηπεδόνα
2824 5148 3242 5219 ἐκκαθάροντος·
3298 5151 3390 5202 καὶ
3439 5149 3612 5203 ταῦτα
3643 5148 3767 5202 οὔτε

2101 5236 2359 5306 χρήματα
2399 5234 2540 5305 ἔχων
2569 5235 2911 5298 καταϐαλεῖν,
2947 5233 3070 5288 οὔτε
3103 5235 3380 5305 τοσαύτην·
3412 5236 3603 5305 ὀδύνην
3632 5237 3766 5289 ὑπο-

2106 5326 2304 5392 μεῖναι·
2343 5323 2458 5374 ἀλλ’
2501 5321 2769 5387 ἐξέδωκας
2831 5322 3025 5375 σαυτὸν
3054 5323 3297 5394 ἀπωλείᾳ
3337 5324 3618 5388 παντελεῖ;
3676 5323 3770 5377 καὶ

2103 5409 2206 5461 ποῦ
2226 5408 2398 5461 ταῦτα
2419 5407 2544 5471 ἄξια
2563 5408 2922 5479 συγγνώμης;
2951 5411 3013 5461 Εἰ
3039 5409 3137 5479 μὲν
3168 5410 3275 5480 γὰρ
3303 5409 3508 5478 ἔλεγον,
3526 5411 3587 5466 ’0
3614 5411 3770 5463 πλεο-

2104 5494 2330 5556 νεκτῶν,
2371 5497 2400 5547 6
2422 5495 2703 5564 ἁρπάζων,
2740 5497 2769 5548 ὁ
2798 5496 3095 5567 πορνεύων,
3124 5497 3272 5570 [525]
3312 5499 3340 5550 ό
3398 5499 3660 5569 μοιχεύων
3695 5500 3772 5569 μὴ

2105 5582 2399 5635 ἀπαντάτω
2429 5583 2510 5644 είς
2543 5581 2858 5652 ἐκκλησίαν,
2877 5583 2968 5635 καὶ
2991 5583 3219 5654 ἡλαυνον
3253 5585 3346 5637 καὶ
3369 5585 3587 5638 ἐδίωκον
3607 5585 3776 5639 ἀπαν-

2105 5685 2202 5728 τας
2225 5668 2348 5728 τοὺς
2371 5669 2428 5719 ἐν
2467 5668 2686 5738 ἀμαρτή
2697 5685 2849 5737 μασι·
2887 5669 3123 5734 μάλιστα
3169 5670 3267 5740 μὲν
3292 5670 3412 5723 οὐδὲ
3436 5672 3556 5724 τότε
3585 5668 3653 5741 ἦν
3690 5689 3775 5733 τις

2105 5753 2387 5820 ἀπολογία·
2430 5752 2536 5805 ἔδει
2568 5753 2677 5824 γὰρ
2696 5754 3105 5823 ἐκκαθαρθέντα
3135 5758 3400 5827 ἀπαντᾷν·
3436 5757 3552 5811 νυνὶ
3581 5758 3636 5809 δὲ
3657 5757 3775 5811 οὐδὲ

2106 5841 2265 5893 τοῦτο
2304 5841 2464 5910 λέγω,
2493 5840 2628 5894 ἀλλὰ
2699 5841 2802 5895 κᾶν
2836 5843 3157 5914 πορνεύσῃς,
3199 5844 3300 5898 κᾶν
3347 5845 3622 5914 μοιχεύῃς,
3675 5845 3776 5897 κᾶν

2110 5930 2379 6000 ἁρπάζῃς,
2409 5929 2509 5984 κᾶν
2533 5930 2874 6000 πλεονεκτῇς,
2903 5933 3210 6002 άπάντησον
3253 5933 3328 5995 εἰς
3360 5933 3672 6001 ἐκκλησίαν,
3693 5933 3776 5985 ἵνα
