4198 6462
426 412 527 474 ισι

1063 410 1082 464 i
1122 410 1424 477 IIOMILIA,
1465 410 1651 480 QUOD
1692 408 2161 478 FREQUENTER
2203 410 2740 469 CONVENIENDUM
2781 411 2912 480 SIT,
2955 411 3109 468 ETC.

3631 418 3659 471 Δ
3671 416 3736 470 '52

419 561 3730 610 MM

1660 593 2079 603 ~_—-———.—

2087 595 2406 603 ——-———_—.—

2411 596 2746 604 ——————.——

1447 712 1832 788 SANCTI
1889 712 2285 785 PATRIS
2328 713 2716 785 NOSTRI

827 887 923 1028 J
932 883 1205 1034 0A
1231 884 1494 1028 NN
1505 882 1686 1031 IS
1796 878 3353 1047 CHRYSOSTOMI,

1307 1106 1912 1174 ARCHIEPISCOPI
1975 1103 2922 1168 CONSTANTINOPOLITANI
2945 1152 2961 1178 ,

421 1273 696 1320 HO‘MILIA
763 1273 1002 1318 ΗΔΒΙΤΔ
1064 1273 1131 1317 IN
1195 1272 1530 1318 MARTYRIO
1591 1269 1732 1315 SIVE
1797 1268 1863 1312 IN
1931 1267 2267 1324 ECCLESIA,
2314 1269 2459 1322 QUE
2522 1269 2635 1314 EST
2660 1271 2720 1314 IN
2746 1268 3032 1321 ANTIQUA
3055 1270 3170 1315 SEU
3197 1273 3432 1322 νετειιι
3465 1271 3670 1313 PETRA
3705 1297 3724 1324 ,

500 1378 606 1423 UBI
650 1374 842 1420 ΡΑῦοι
874 1375 956 1418 ΟΒ
1005 1374 1340 1418 DELAPSAM
1383 1371 1672 1417 PLUVIAM
1717 1368 2193 1413 CONVENEBANT
2241 1371 2255 1410 Σ

2313 1368 2486 1422 QUOD
2542 1370 2974 1424 FBEQUENTER
3016 1369 3519 1414 CONVENIENDUM
3573 1371 3722 1426 SIT;

500 1481 714 1535 NEQUE
755 1479 1093 1523 OPORTEAT
1149 1477 1262 1520 EOS
1316 1475 1426 1530 QUI
1467 1474 1535 1518 IN
1591 1470 1895 1517 PECCATIS
1952 1469 2114 1513 SUNT
2184 1472 2269 1513 DE
2314 1471 2557 1514 SALUTE
2611 1471 3010 1526 DESPEBARE,
3075 1470 3192 1514 εει)
3250 1470 3725 1514 POENITENTIAM

487 1583 837 1629 EXEIBEBE.

1703 1723 2418 1777 —-——w>-———-

487 1843 658 1899 Imber
689 1851 737 1898 et
760 1841 921 1897 lutum
950 1841 1184 1912 plurimis
1216 1857 1278 1895 ne
1306 1841 1359 1894 in
1388 1839 1652 1894 ecclesiam
1686 1837 2010 1894 convenirent

416 1949 570 1990 causa
599 1934 719 2005 fuit.
741 1963 814 1974 —
832 1931 969 2000 Quid
998 1931 1101 1986 hoc
1137 1931 1259 1986 est?
1283 1945 1406 1986 eum
1437 1937 1711 1999 oporteret
1743 1927 1905 1983 hodie
1934 1937 2015 1982 to-

415 2033 524 2081 tam
552 2025 829 2080 civitatem
866 2023 1081 2088 adesse,
1113 2037 1181 2077 ne
1223 2022 1445 2076 minima
1473 2020 1689 2092 quidem
1725 2033 1851 2090 pars
1884 2031 2016 2072 con-

417 2118 614 2174 venit?
649 2117 730 2172 An
776 2115 1008 2172 fortasse
1046 2116 1216 2170 lutum
1256 2124 1310 2171 et
1353 2114 1532 2185 pluvia
1579 2114 1632 2168 in
1671 2127 1832 2168 causa
1873 2109 2016 2166 fuit?

423 2211 648 2280 Apage:
677 2223 783 2263 non
803 2207 1106 2272 lutum,sed
1127 2206 1351 2276 ignavus
1378 2204 1758 2274 demissusque
1777 2202 2011 2256 animus.

420 2304 590 2369 Quam
619 2303 761 2358 enim
788 2304 996 2358 veniam
1029 2309 1430 2371 consequantur
1477 2301 1510 2355 ii
1552 2299 1641 2370 qui
1681 2313 1786 2352 non
1816 2311 2014 2351 conve-

421 2402 633 2460 nerunt,
675 2393 886 2462 quando
931 2401 1200 2465 martyres
1225 2391 1441 2463 quidem
1467 2391 1635 2461 ipsam
1682 2388 1844 2442 vitam
1876 2401 2010 2441 eon-

420 2496 788 2555 tem-pserunt;
817 2486 892 2540 illi
925 2501 1052 2541 vero
1081 2496 1136 2540 ut
1185 2487 1452 2550 venirent,
1482 2498 1551 2539 ne
1593 2482 1763 2536 lutum
1791 2477 2009 2550 quitm

413 2580 701 2651 despicere
731 2579 848 2633 ausi
871 2588 998 2633 sunt
1021 2579 1046 2630 ?
1069 2577 1352 2646 Quomodo
1381 2577 1568 2632 beatos
1601 2591 1699 2628 vos
1721 2572 2007 2644 przedicem

412 2672 510 2741 qni-
532 2669 902 2726 convenistis?
931 2684 1037 2740 quo
1067 2679 1223 2739 pacto
1268 2668 1393 2722 illos
1440 2668 1670 2722 miseros
1700 2664 2006 2725 ostendam,

414 2773 523 2816 tum
550 2762 619 2817 ob
645 2762 968 2826 absentiam,
996 2770 1104 2815 tum
1136 2761 1206 2816 ob
1233 2760 1492 2815 absentire
1533 2757 1796 2812 causam?
1827 2754 2006 2809 Palam

411 2853 554 2907 enim
579 2863 660 2907 est
689 2853 830 2916 illos,
874 2852 1224 2906 saxeularibus
1263 2851 1407 2906 curis
1434 2849 1645 2912 aflixos,
1675 2857 1728 2903 et
1762 2847 2011 2916 pecunia-

414 2961 529 2998 rum
569 2960 775 3010 amore,
817 2947 905 3013 qui
934 2944 1112 2999 omnia
1153 2943 1486 3013 pessumdat,
1520 2941 1895 2997 vehementius
1926 2940 2010 2993 in-

413 3052 628 3104 censos,
667 3053 702 3093 a
752 3038 1006 3108 prmelwa
1054 3037 1154 3092 hac
1201 3037 1492 3092 festivitate
1542 3035 1752 3090 abesse.
1811 3033 2007 3088 Verum

411 3127 622 3183 etiamsi
648 3128 848 3192 absint,
877 3129 1241 3184 necessarium
1272 3137 1448 3182 tamen
1480 3141 1578 3182 nec
1604 3125 1699 3180 abs
1727 3141 1788 3180 re
1809 3133 1891 3180 est
1916 3125 2012 3179 ab-

411 3225 599 3273 sentes
623 3217 823 3289 alloqui
855 3236 868 3272 :
898 3218 1029 3273 nihil
1057 3218 1277 3274 dubium
1318 3218 1517 3289 quippe
1546 3225 1627 3272 est
1651 3257 1664 3280 ,
1695 3231 1791 3271 eos
1821 3216 1936 3270 haec
1979 3230 2006 3267 a

409 3307 569 3365 vobis
623 3325 765 3365 nunc
822 3311 1177 3380 prtesentibus
1219 3309 1497 3365 audituros
1523 3324 1645 3364 esse
1675 3327 1688 3364 :
1718 3309 2006 3379 Quousque

412 3403 531 3458 haec
553 3403 897 3473 pecuniarum
920 3402 1142 3458 rabies?
1161 3417 1441 3474 quousque
1469 3402 1658 3457 fornax
1692 3403 1862 3469 istmc,
1891 3419 2010 3474 qua!

413 3495 704 3565 numquam
747 3494 1128 3566 exstinguitur,
1161 3495 1341 3550 omnia
1394 3495 1597 3550 invadit
1634 3503 1690 3550 et
1731 3495 2011 3550 incendit?

411 3585 635 3642 nescitis
664 3585 802 3641 hanc
829 3586 1100 3641 flammam
1131 3587 1309 3658 ignem
1340 3587 1492 3642 illum
1521 3587 2008 3658 inexstinguibilem

412 3677 644 3746 parere?
671 3676 812 3733 hanc
838 3677 1016 3734 tabem
1041 3693 1280 3735 vermem
1311 3677 1461 3734 illum
1504 3679 1650 3734 virus
1680 3679 2008 3749 jaculantem

410 3769 805 3839 generare?Si
845 3779 1026 3826 autem
1066 3771 1369 3842 gehennam
1416 3771 1672 3842 deSpicis,
1717 3787 1818 3827 nec
1847 3773 2008 3827 verba

413 3861 602 3917 isthmc
636 3863 875 3918 animum
923 3871 1072 3918 tuum
1111 3873 1475 3931 commovent,
1503 3878 1570 3919 eo
1618 3865 1760 3934 quod
1799 3865 2006 3934 suppli-

412 3954 555 4007 cium
585 3953 637 4007 in
668 3954 904 4008 futurum
955 3955 1236 4019 mittatur;
1266 3957 1456 4010 saltem
1491 3957 1773 4025 praesentia
1820 3956 1872 4010 id
1914 3956 2007 4012 tibi

412 4045 693 4100 suadeant.
746 4047 942 4100 Annon
996 4045 1146 4101 scitis
1197 4047 1412 4116 qualem
1465 4049 1695 4103 fructum
1732 4047 1806 4120 (τι)
1859 4065 2012 4105 amor

411 4139 655 4206 pecunia:
700 4153 873 4210 nuper
922 4139 1275 4194 exhibuerit?
1317 4156 1495 4196 annon
1525 4141 1749 4212 hujusce
1780 4145 1856 4199 rei
1890 4158 2009 4198 mo-

412 4238 670 4285 numenta
720 4231 792 4286 ob
837 4231 1027 4286 oculos
1085 4229 1328 4286 habetis?
1371 4247 1550 4287 annon
1600 4243 1782 4288 manet
1830 4235 2009 4291 adhuc

413 4321 546 4374 tanti
576 4320 725 4376 exitii
757 4322 1194 4379 demonstratio?
1219 4323 1361 4381 Urbs
1406 4334 1512 4379 tota
1548 4326 1707 4397 plena
1753 4337 1837 4382 est
1875 4329 2010 4382 tanti

413 4410 675 4483 naufragii
704 4414 981 4484 reliquiis:
1015 4425 1068 4472 et
1093 4431 1432 4487 quocumque
1456 4417 1619 4472 etiam
1647 4420 1833 4488 procul
1857 4421 2007 4477 abie-

411 4501 506 4565 ris,
533 4503 682 4572 quasi
711 4505 831 4558 navi
873 4521 1066 4576 magna
1113 4506 1381 4576 demersa,
1415 4507 1552 4563 alius
1579 4509 1838 4577 tabulam,
1873 4512 2010 4568 alius

411 4607 644 4660 remum,
674 4597 812 4652 alius
839 4599 1035 4664 velum,
1068 4599 1203 4655 alius
1233 4601 1564 4657 sarcinarum
1599 4614 1803 4672 partem
1843 4620 2008 4676 penes

410 4702 470 4742 se
500 4698 682 4744 servat
730 4700 784 4745 et
833 4692 1143 4748 circumfert
1171 4710 1192 4747 :-
1219 4696 1290 4748 ita
1322 4695 1480 4766 igitur
1521 4697 1683 4751 etiam
1717 4699 1768 4752 in
1797 4715 1880 4764 ea,
1916 4701 2008 4770 qui

412 4795 584 4848 nuper
626 4782 842 4846 accidit,
889 4784 1192 4852 eversione,
1234 4786 1371 4840 alius
1414 4786 1598 4854 domo,
1651 4789 1787 4844 alius
1837 4793 2005 4861 agris,

408 4873 545 4927 alius
578 4874 882 4944 mancipiis,
913 4877 1049 4930 alius
1076 4889 1319 4948 argento,
1348 4879 1485 4934 alius
1516 4881 1808 4936 aurointer
1838 4899 1897 4938 se
1922 4883 2000 4938 di-

407 4965 672 5029 stributis,
704 4967 869 5020 latum
916 4969 1211 5024 exhibuere
1249 4971 1572 5026 calamitatis
1610 4975 2003 5040 spectaculum,

407 5055 812 5127 efficerentque
839 5068 896 5113 ut
919 5062 1290 5115 concessionis
1317 5061 1516 5132 ubique
1547 5074 1890 5119 monumenta
1920 5065 2008 5120 di-

407 5157 813 5220 spergerentur.
842 5150 909 5204 Et
951 5151 1088 5205 alius
1137 5153 1351 5222 quidem
1383 5153 1658 5210 insomnes
1704 5156 2008 5226 transigens

406 5248 618 5307 noctes,
658 5255 781 5296 eum
811 5250 891 5297 tot
941 5253 1156 5312 peccata
1199 5259 1264 5298 ex
1297 5244 1388 5298 tali
1437 5244 1668 5302 habendi
1715 5249 2008 5318 cupiditate

405 5332 825 5399 accumulasset,
853 5335 1017 5391 domo
1062 5345 1118 5391 et
1164 5336 1298 5391 urbe
1328 5337 1516 5393 relicta
1548 5338 1808 5409 fugitivus
1859 5351 2008 5395 extra

409 5422 532 5479 finis
578 5439 642 5480 se
677 5426 925 5492 contulit,
957 5427 1119 5483 rebus
1145 5427 1212 5482 ad
1244 5428 1445 5484 victum
1475 5432 1800 5486 necessariis
1828 5433 2012 5502 priva-

406 5525 528 5582 tus;
558 5527 614 5572 et
639 5518 881 5587 quotidie
903 5533 964 5574 se
992 5527 1238 5574 extremo
1268 5521 1739 5590 periculovidens,
1765 5525 2006 5595 gladios,

405 5609 690 5666 carnifices
711 5621 767 5666 et
795 5609 1046 5666 barathra
1078 5612 1396 5683 imaginans,
1418 5613 1566 5669 mille
1589 5617 1852 5672 mortibus
1882 5631 2008 5688 gra-

469 5767 812 5838 (a)__l"ruct_utn
846 5782 974 5838 nunc
1007 5768 1464 5838 appellatgexitium
1498 5772 1737 5838 Eutropii,
1773 5778 1855 5838 qui
1897 5786 2011 5827 ante

406 5829 496 5940 {tios
527 5829 645 5880 dies
684 5832 764 5881 vix
808 5835 1002 5894 triginta
1039 5829 1100 5881 'er
1144 5833 1334 5895 fastigio
1371 5850 1459 5885 suo
1500 5829 1664 5886 fuerat
1700 5829 2006 5890 deturbatus.

456 5909 596 5942 ΑΪΤῧ.

2121 1838 2326 1893 viorem
2354 1837 2518 1891 vitam
2552 1835 2698 1890 ducit
2727 1853 2739 1888 :
2768 1835 2856 1888 alii
2907 1849 3034 1890 vero
3069 1834 3188 1904 ejus
3228 1833 3384 1912 bonis
3422 1842 3477 1888 et
3508 1847 3725 1903 posses-

2121 1929 2365 1984 sionibus
2398 1928 2671 1989 fruuntur,
2701 1935 2756 1982 et
2784 1927 2872 1996 qui
2924 1925 3128 1996 pridem
3189 1925 3262 1980 illi
3318 1925 3677 1979 adulabantur
3701 1966 3716 1987 ,

2124 2034 2266 2074 nunc
2309 2020 2409 2090 ipsi
2442 2019 2665 2074 insidias
2692 2027 2928 2073 struunt.
2959 2018 3040 2072 An
3074 2017 3190 2071 haec
3221 2019 3327 2071 non
3361 2018 3492 2072 satis
3524 2017 3725 2071 fuerint

2122 2111 2204 2167 vel
2228 2111 2294 2166 ad
2320 2127 2466 2175 eum,
2483 2113 2576 2182 qui
2598 2113 2742 2166 omni
2771 2126 2933 2165 sensu
2955 2120 3156 2175 careat,
3179 2109 3246 2164 ad
3265 2125 3450 2164 sanam
3481 2119 3716 2164 mentem

2122 2203 2722 2262 reducendum?Verum
2739 2214 2860 2275 post
2885 2214 3086 2258 tantam
3109 2203 3338 2273 plagam,
3366 2213 3484 2273 post
3517 2214 3720 2257 tantam

2124 2304 2523 2365 tempestatem,
2559 2305 2676 2364 post
2704 2301 2905 2348 tantam
2943 2295 3316 2359 eversionem,
3348 2303 3472 2362 post
3516 2303 3718 2347 tantam

2121 2395 2173 2438 et
2207 2387 2367 2440 talem
2397 2386 2773 2449 mutationem,
2803 2399 2923 2454 quze
2952 2393 3080 2438 ante
3106 2383 3296 2439 oculos
3337 2385 3551 2448 accidit,
3601 2401 3720 2454 qua:

2121 2494 2227 2533 non
2253 2488 2380 2534 ante
2409 2487 2550 2536 totos
2577 2479 2793 2549 triginta
2818 2477 2934 2533 dies
2963 2477 3173 2532 invecta
3200 2487 3279 2532 est
3311 2477 3409 2549 (α),
3431 2487 3577 2531 tanta
3599 2495 3717 2530 rur-

2119 2587 2210 2626 sus
2238 2574 2441 2628 insania
2471 2574 2708 2643 correpti
2759 2573 2890 2628 estis
2921 2590 2935 2637 ;
2966 2581 3021 2627 et
3063 2589 3224 2642 quam
3277 2573 3510 2637 veniam,
3557 2589 3725 2641 quam

2118 2665 2525 2720 excusationem
2568 2665 2902 2721 habueritis?
2934 2664 3142 2734 Neque
3171 2673 3379 2718 tantum
3437 2664 3714 2729 insanitis,

2119 2756 2210 2809 sed
2241 2772 2308 2811 ne
2341 2757 2444 2811 huc
2468 2757 2685 2827 quidem
2728 2757 3005 2821 acceditis,
3032 2766 3088 2810 ut
3130 2755 3232 2811 hoc
3273 2755 3549 2810 ediscatis.
3584 2755 3724 2810 Nam

2119 2849 2370 2904 absentes
2409 2851 2629 2919 perinde
2676 2859 2837 2920 atque
2892 2861 3188 2918 praesentes
3239 2850 3721 2919 alloquor,mnlto

2118 2951 2438 3010 aggravatus
2473 2958 2728 3006 mturare,
2752 2942 2892 3012 quod
2927 2958 3024 3012 nec.
3065 2942 3367 2996 futurorum
3408 2952 3586 3008 metu,
3621 2959 3721 2998 nec

2121 3034 2464 3101 prresentium
2511 3036 2886 3103 experimento
2917 3034 3170 3089 meliores
3199 3031 3429 3088 evadant
3459 3052 3472 3101 ;
3504 3037 3599 3090 sed
3629 3052 3719 3090 ra-

2120 3126 2348 3194 pientes,
2388 3112 2627 3180 avaritize
2655 3128 3109 3197 stndentes,quasi
3139 3145 3354 3183 vermes
3384 3131 3436 3183 in
3463 3131 3588 3182 limo
3611 3131 3721 3183 Stti-

2119 3218 2454 3272 licitudinnm
2486 3218 2794 3286 hujusmndi
2832 3220 3087 3290 congerie
3118 3221 3397 3290 intercepti
3426 3229 3477 3274 ct
3508 3219 3716 3286 infossi,

2120 3327 2188 3365 ne
2239 3311 2405 3365 semel
2439 3311 2656 3381 quidem
2689 3313 2742 3365 in
2775 3311 3110 3367 hebdomada
3154 3311 3259 3366 huc
3303 3315 3591 3368 convenire
3621 3329 3718 3367 cn-

2119 3413 2261 3470 rant,
2297 3413 2352 3457 nt
2376 3405 2457 3458 vel
2480 3404 2580 3458 hoc
2600 3404 2830 3470 discant,
2853 3420 2960 3475 quo
2986 3420 3180 3473 nempe
3210 3407 3260 3459 in
3307 3416 3447 3458 statu
3482 3406 3716 3475 jaceant.

2116 3494 2227 3551 Ceu
2255 3495 2483 3566 quadam
2511 3483 2815 3566 phrenitide
2835 3496 3056 3560 detenti,
3079 3497 3177 3567 ipsi
3196 3497 3410 3566 quidem
3431 3513 3592 3552 nesse
3613 3515 3717 3551 non

2119 3596 2360 3658 possunt.
2389 3587 2664 3658 quomodo
2694 3588 2927 3652 valeant,
2961 3587 3055 3643 sed
3090 3589 3314 3643 medicis
3341 3605 3476 3658 opus
3520 3589 3718 3642 habent

2116 3679 2207 3750 qui
2242 3679 2365 3732 illos
2387 3678 2455 3733 ab
2479 3679 2684 3732 insania
2718 3679 2951 3734 libercnt
2982 3697 2994 3732 :
3026 3679 3104 3734 sic
3133 3680 3294 3734 etiam
3317 3681 3406 3750 qui
3434 3680 3524 3736 illa
3549 3695 3717 3750 pecu-

2119 3759 2505 3825 niarum'rabie
2531 3769 2738 3824 detenti
2778 3779 2924 3833 sunt,
2956 3770 3076 3825 aliis
3105 3770 3420 3825 doctoribus
3447 3786 3582 3841 opus
3627 3773 3722 3825 ha-

2120 3862 2268 3927 bent,
2299 3872 2355 3916 ut
2386 3876 2442 3916 se
2466 3861 2614 3916 rabie
2635 3871 2915 3932 correptos
2932 3876 3051 3917 esse
3079 3862 3268 3916 saltem
3297 3863 3490 3916 sciant.
3514 3864 3720 3919 Idcirco

2118 3954 2351 4008 maxime
2383 3954 2530 4024 ipsos
2557 3969 2709 4023 rogo,
2753 3968 2851 4008 oro
2877 3967 2940 4008 ac
2991 3953 3256 4023 deprecor
3280 3997 3295 4021 ,
3323 3955 3388 4009 ad
3419 3971 3517 4010 nos
3566 3972 3721 4013 acce—

2117 4045 2268 4109 dant,
2294 4054 2348 4100 et
2378 4045 2527 4101 verbi
2554 4046 2841 4115 pharmace
2873 4046 3159 4115 accipiant.
3183 4045 3298 4100 Neu
3329 4057 3412 4102 est
3440 4064 3605 4118 penes
3635 4067 3720 4105 me

2118 4135 2322 4191 ferrum
2351 4147 2592 4204 acutum,
2625 4137 2718 4193 sed
2747 4147 2828 4192 est
2856 4137 3084 4192 verbum
3121 4137 3263 4192 ferro
3294 4140 3716 4208 penetrabilius:

2121 4246 2228 4285 non
2276 4241 2361 4286 est
2397 4246 2561 4300 penes
2607 4246 2695 4286 me
2725 4232 2884 4302 ignis,
2936 4246 3037 4286 nec
3080 4231 3534 4287 medicamentum
3577 4236 3718 4304 quod

2119 4323 2464 4390 mordeat,ct
2507 4324 2615 4379 vim
2659 4323 2849 4378 atl‘erat
2875 4323 2969 4378 sed
2997 4332 3123 4378 sunt
3151 4324 3312 4380 verba
3367 4325 3510 4379 ferro
3559 4327 3724 4383 vehe-

2118 4416 2406 4481 mentiora,
2435 4430 2554 4486 qua:
2582 4416 2700 4470 sine
2725 4414 2914 4470 dolore
2940 4414 3262 4469 medicinam
3291 4413 3538 4470 afferant.

2188 4507 2245 4560 2.
2286 4506 2393 4560 Cur
2422 4521 2550 4577 ergo
2579 4507 2754 4561 resilis
2773 4547 2788 4572 ,
2819 4506 2906 4560 dic
2936 4506 3064 4560 mihi
3087 4547 3101 4570 ,
3140 4521 3241 4561 nec
3269 4516 3470 4561 tantam
3497 4506 3721 4578 quidem-

2117 4611 2216 4666 pro
2263 4597 2478 4660 anima,
2525 4607 2782 4669 quantam
2829 4611 2928 4665 pro
2960 4611 3125 4652 carne
3154 4597 3379 4653 adhibes
3422 4613 3606 4654 curam
3661 4611 3718 4655 et

2117 4691 2573 4746 sollicitudinem?
2614 4691 2790 4746 Carne
2823 4707 3058 4762 namque
3092 4694 3232 4749 male
3252 4709 3312 4750 se
3339 4695 3592 4762 habente,
3625 4711 3720 4766 pe-

2116 4783 2302 4838 cunias
2333 4782 2627 4853 expendis;
2655 4793 2712 4838 et
2748 4783 2796 4838 si
2840 4784 3035 4840 frenori
3066 4784 3199 4839 dare
3226 4796 3508 4856 oporteat,
3536 4790 3720 4842 nitinia

2117 4875 2395 4948 profundis
2436 4877 2501 4931 ad
2550 4877 2793 4933 medicos
2838 4877 3181 4934 advocandus
3227 4879 3499 4950 impensas
3545 4879 3717 4935 facis:

2118 4971 2164 5026 si
2196 4971 2270 5024 illi
2302 4985 2491 5026 secare
2533 4981 2586 5026 et
2620 4986 2778 5027 urere
2805 4971 2992 5036 velint,
3024 4986 3146 5026 enm
3195 4974 3386 5042 magna
3441 4973 3718 5031 alacritate

2119 5077 2314 5132 corpus
2345 5061 2530 5127 offers,
2561 5071 2619 5117 ut
2647 5062 2818 5133 ipsum
2843 5079 2942 5135 pro
2963 5062 3131 5119 lubito
3156 5072 3367 5118 curent.
3397 5064 3591 5118 Anima
3618 5080 3721 5120 au-

2117 5165 2225 5209 tem
2256 5155 2528 5209 vermibus
2559 5164 2836 5222 scatente,
2883 5156 2970 5212 die
3001 5156 3133 5210 mihi
3155 5200 3168 5224 ,
3203 5172 3308 5213 non
3352 5158 3566 5213 accedis
3603 5175 3727 5213 sero

2120 5261 2333 5300 nionem
2366 5247 2674 5314 auditurus,
2695 5248 2785 5318 qui
2815 5247 2993 5303 tabem
3024 5249 3168 5303 illam
3197 5261 3461 5320 expurget
3489 5268 3501 5304 :
3527 5261 3582 5306 et
3608 5251 3711 5306 hoc

2181 5401 2255 5466 (α),
2288 5403 2381 5453 Hic
2419 5403 2571 5465 locus,
2598 5417 2748 5469 sensu
2772 5403 3063 5469 allegorice,
3096 5405 3161 5455 de
3197 5406 3421 5469 Euil‘opii
3443 5408 3603 5468 ruina,
3629 5422 3726 5458 non

2116 5465 2182 5532 de
2206 5465 2356 5514 terra:
2381 5474 2514 5515 motu
2547 5467 2862 5532 accipiendus
2882 5465 2981 5532 est.
3007 5467 3199 5518 Erravit
3223 5465 3388 5532 itaque
3415 5465 3727 5520 Monteinlco-

2119 5529 2244 5582 nius,
2271 5541 2399 5594 cum,
2427 5534 2626 5594 tempus
2657 5529 2862 5594 delinire
2895 5529 3066 5578 volens
3096 5544 3195 5594 quo
3220 5529 3323 5580 hae
3345 5532 3536 5594 humilia
3564 5533 3726 5583 habita

2123 5597 2285 5647 esset,
2313 5589 2441 5638 illam
2466 5589 2854 5652 deSeriptinnem
2877 5605 3027 5641 sensu
3053 5589 3263 5642 naturali
3298 5593 3619 5647 intellectam,
3650 5611 3712 5644 ar,

2173 5653 2338 5700 umenti
2370 5653 2474 5700 loco
2505 5654 2832 5715 usurpaverit.
2859 5655 2944 5703 Sic
2978 5655 3126 5715 igitur
3160 5657 3542 5705 ratiocinandum
3580 5667 3686 5708 erat
3713 5673 3723 5706 :

2143 5713 2380 5776 iutrnpins
2400 5717 2445 5762 in
2465 5713 2669 5763 exilium
2693 5723 2832 5765 actus
2857 5725 2934 5766 est
2956 5756 2968 5774 ,
2993 5713 3120 5765 anno
3141 5718 3235 5766 59'.)
3255 5756 3268 5774 ,
3302 5720 3394 5766 sub
3419 5717 3564 5767 linem
3591 5734 3729 5768 meno

2120 5779 2187 5843 sis
2207 5778 2407 5843 Augusti
2437 5791 2449 5833 ;
2477 5791 2620 5843 porro
2642 5779 2746 5826 lucc:
2770 5779 2963 5843 humilia
2992 5780 3151 5828 habita
3180 5790 3274 5837 est,
3294 5783 3370 5828 vix
3401 5781 3593 5839 triginta
3618 5791 3732 5843 ιιυθῒ

2123 5839 2253 5887 illius
2282 5839 2486 5887 exilium
2510 5841 2647 5904 dies;
2678 5855 2798 5904 ergo
2824 5842 2987 5892 ltabsla
3014 5851 3088 5892 est
3115 5843 3289 5892 eodem
3313 5859 3438 5892 anno
3465 5845 3555 5891 sub
3575 5839 3728 5891 unum

2123 5903 2307 5950 mensis
2331 5903 2641 5964 septennia-is.
