4198 6444
508 389 610 445 465

508 521 630 560 cum
655 518 825 573 neque
850 499 1088 572 pecunia;
1111 497 1217 554 sint
1243 495 1649 566 profundendac,
1669 510 1766 550 nec
1796 501 1973 548 tantus
1993 493 2089 545 do-

509 597 590 649 lor
628 593 968 657 subeundus;
1013 588 1106 646 sed
1154 589 1380 659 teipsnm
1427 588 1478 641 in
1519 584 1880 640 omnimodam
1912 585 2088 654 perni-

506 688 644 740 ciem
677 684 898 754 conjicis
919 685 942 736 ?
965 693 1020 737 et
1050 679 1318 751 quomodo
1341 675 1454 733 haec
1482 675 1638 733 venia
1665 676 1823 748 digna
1855 677 2091 732 fuerint?

509 778 566 833 Si
597 779 739 833 enim
764 777 996 831 dicerem
1029 791 1041 827 :
1080 776 1320 839 Avarus,
1356 781 1562 840 raptor,
1608 770 1916 832 fornicator,
1941 771 2092 824 adul-

508 885 610 935 ter,
653 885 720 924 ne
743 869 998 926 accedant
1025 867 1090 921 ad
1119 866 1426 930 ecclesiam,
1455 863 1500 918 si
1530 863 1854 934 expellerent
1885 872 1936 916 et
1965 878 2087 932 per-

504 977 759 1033 sequerer
785 962 903 1015 illos
927 975 1117 1015 omnes
1139 958 1227 1028 qui
1253 959 1308 1013 in
1340 955 1571 1026 peccatis
1599 963 1742 1022 sunt,
1777 971 1842 1009 ne
1863 957 1939 1010 sic
1967 957 2053 1024 qui

503 1053 624 1107 dem
665 1051 942 1106 excusatio
986 1049 1157 1114 foret;
1219 1056 1495 1118 Oporteret
1545 1046 1689 1102 enim
1744 1048 1815 1103 ab
1856 1049 1922 1101 iis
1963 1063 2091 1117 pur-

502 1153 683 1213 gatum
741 1142 1045 1196 accedere:
1081 1154 1222 1194 nunc
1270 1147 1447 1193 autem
1491 1153 1595 1192 non
1639 1137 1742 1192 hoc
1795 1137 1940 1202 di.-o,
1991 1137 2084 1191 sed

503 1234 628 1287 licet
671 1231 983 1297 forniceris,
1029 1230 1239 1284 adulter
1282 1229 1393 1291 sis,
1435 1230 1633 1299 rapias,
1690 1229 1940 1297 pecunias
1972 1229 2085 1282 col-

501 1323 635 1392 ligas
667 1338 762 1391 per
805 1321 1068 1385 fraudem,
1099 1321 1150 1374 in
1176 1319 1458 1375 ecclesiam
1487 1321 1715 1386 accede,
1743 1330 1799 1376 ut
1831 1319 1944 1374 iure
1975 1335 2083 1376 non

505 1417 643 1470 ultra
673 1415 961 1471 admittere
1003 1413 1179 1468 discas
1211 1434 1226 1469 :
1251 1427 1441 1468 omnes
1470 1412 1704 1478 attrahe,
1731 1421 1786 1467 et
1816 1411 1963 1466 verbi
1998 1428 2084 1467 rc-

501 1509 571 1562 tia
605 1509 833 1576 undique
855 1506 1180 1575 expandens,
1206 1520 1314 1558 non
1341 1518 1502 1558 sanos
1532 1513 1758 1568 tantum,
1787 1503 1879 1557 sed
1908 1519 2081 1573 asgros

501 1596 588 1652 hic
614 1611 808 1665 capere
835 1596 984 1649 volo.
1006 1594 1128 1649 llaec
1154 1593 1390 1663 quotidie
1409 1593 1531 1647 dico
1563 1611 1576 1646 :
1602 1593 1758 1659 Veni,
1790 1603 1844 1648 et
1873 1609 2079 1648 mecmn

499 1691 784 1745 sanitatem
806 1687 990 1756 accipe
1019 1703 1033 1743 :
1065 1702 1185 1740 nam
1210 1702 1309 1756 ego
1335 1701 1546 1756 quoque
1575 1685 1811 1741 medicus
1831 1684 2083 1755 pharma-

497 1781 574 1834 cis
601 1796 737 1850 opus
767 1779 936 1834 habeo
969 1796 982 1834 :
1011 1778 1170 1832 homo
1194 1793 1425 1847 namque
1459 1793 1598 1841 sum,
1624 1778 1864 1848 ejusdem
1903 1789 2078 1834 tecum

497 1883 701 1926 natura:
750 1871 1030 1926 alfectibus
1073 1871 1316 1925 subditus
1355 1889 1367 1924 :
1400 1871 1578 1926 verbis
1625 1887 1761 1938 opus
1805 1880 1890 1926 est
1924 1873 2076 1938 mihi,

495 1978 613 2030 qua:
664 1961 1022 2016 inordinatum
1075 1961 1313 2016 animum
1359 1961 1574 2016 vinculo
1623 1961 1836 2017 frenent
1864 1981 1878 2017 :
1906 1980 2082 2034 neque

495 2053 656 2108 vitam
701 2052 841 2108 duco
886 2053 1256 2121 tranquillam,
1308 2052 1452 2106 curis
1475 2064 1529 2107 et
1558 2055 1786 2108 tumultu
1818 2070 2076 2122 vacuam;

493 2143 588 2198 sed
619 2147 790 2212 agitor
821 2143 933 2213 ipse
961 2159 1173 2213 quoque
1195 2145 1650 2214 concupiscentia:
1677 2146 1993 2202 tumultibus
2022 2157 2080 2202 et

494 2234 954 2304 perturbationum
997 2235 1268 2290 fluctibus.
1310 2235 1416 2290 Sed
1444 2251 1539 2290 cur
1563 2237 1643 2291 vel
1673 2253 1760 2291 me
1790 2239 1871 2292 vel
1910 2238 2075 2301 alium

492 2326 744 2393 dixerim,
782 2326 996 2397 quando
1029 2327 1074 2381 is
1100 2327 1214 2396 ipse
1233 2327 1322 2398 qui
1353 2328 1515 2382 ca-los
1539 2329 1832 2398 attingebat
1859 2329 2072 2395 Paulus,

491 2419 653 2472 mttlta
685 2435 819 2488 opus
852 2419 1083 2475 habebat
1113 2420 1434 2476 curatione?
1461 2421 1524 2475 Et
1551 2423 1692 2492 quod
1723 2437 1784 2478 ea
1815 2437 1951 2492 opus
1977 2422 2074 2476 ha-

489 2511 683 2574 buerit,
725 2511 835 2580 ipse
879 2511 1032 2564 nobis
1083 2510 1403 2571 declaravit.
1442 2510 1625 2580 Neque
1677 2513 1764 2566 ille
1812 2514 2075 2583 tranquil-

491 2601 592 2655 lam
648 2603 836 2673 agebat
892 2603 1085 2666 vitam,
1143 2603 1238 2658 sed
1295 2604 1459 2657 multa
1513 2603 1681 2658 inibat
1731 2606 2070 2660 certamina:

489 2694 716 2763 ideoque
758 2695 969 2750 dicebat
1011 2712 1024 2746 τ
1065 2695 1269 2764 Castigo
1307 2712 1491 2764 corpus
1531 2713 1692 2750 meum
1716 2737 1731 2763 ,
1763 2707 1810 2750 et
1855 2698 1909 2750 in
1960 2715 2072 2752 ser—

488 2784 693 2838 uitutem
732 2786 923 2855 redigo,
957 2801 1018 2838 ue
1059 2786 1190 2854 forte
1239 2784 1357 2840 aliis
1399 2787 1702 2855 prazdicmis,
1751 2789 1856 2857 ipse
1891 2805 2071 2858 repro-

485 2873 576 2930 bus
606 2875 791 2944 eﬁiciar
817 2877 836 2945 (
867 2877 916 2931 l.
947 2876 1067 2932 Cor.
1107 2877 1160 2932 9.
1192 2877 1261 2931 27
1295 2878 1332 2943 ).
1364 2877 1669 2948 Castigabat
1711 2889 1889 2934 autem
1942 2881 2070 2936 illud

484 2965 626 3033 quod
673 2966 1014 3036 insurgebat,
1037 2977 1091 3022 et
1117 2967 1168 3022 in
1195 2968 1506 3022 servitutem
1543 2970 1819 3038 redigebat
1849 2971 1900 3025 id
1927 2973 2069 3042 quod

485 3055 698 3111 frenum
729 3058 1014 3114 admittere
1057 3059 1272 3114 nolebat
1303 3076 1317 3112 :
1345 3059 1571 3130 ideoque
1610 3061 1743 3116 alios
1780 3065 2065 3130 monebat,

484 3146 672 3201 dicens
701 3165 713 3200 :
743 3147 845 3213 Qui
869 3149 964 3203 sibi
989 3151 1184 3203 videtur
1208 3161 1365 3218 stare,
1386 3152 1552 3206 videat
1571 3169 1635 3206 ne
1661 3153 1813 3207 cadat
1841 3155 1918 3223 (Ι.
1944 3155 2064 3211 Cor.

483 3237 569 3295 10.
603 3239 716 3310 12).
741 3241 891 3309 Quod
919 3242 961 3296 si
994 3242 1190 3297 Paulus
1215 3258 1320 3296 non
1356 3245 1741 3312 tranquillitate
1770 3244 2063 3315 frueb..tur,

481 3330 576 3383 sed
611 3333 748 3386 haud
779 3347 933 3388 secus
961 3349 1119 3403 quam
1149 3336 1181 3390 ii
1209 3336 1296 3405 qui
1327 3336 1378 3389 in
1408 3337 1540 3390 mari
1571 3342 1845 3407 navigans.
1866 3340 2066 3395 multos

485 3421 722 3493 undique
748 3424 942 3480 fluctus
968 3427 1224 3481 concitari
1257 3428 1472 3482 videbat
1504 3446 1518 3481 :
1551 3428 1669 3498 quis
1709 3430 1848 3484 ausit
1881 3430 2064 3490 dicere

480 3528 537 3568 se
576 3529 680 3568 non
729 3531 888 3586 egere
931 3518 1304 3586 correctione,
1361 3519 1640 3574 curatione
1684 3528 1740 3576 et
1793 3523 2064 3590 perpetuis

477 3603 707 3674 vigiliis?

561 3694 708 3750 Verbi
734 3695 832 3752 Dei
860 3699 1035 3753 tirtus.
1059 3729 1117 3738 —
1149 3698 1280 3755 Veni
1321 3699 1502 3770 igitur,
1530 3709 1583 3756 et
1611 3717 1818 3758 mecum
1840 3703 2062 3761 doctore

477 3789 809 3841 curationem
831 3787 1046 3843 adhibe.
1070 3788 1223 3856 Quod
1250 3789 1294 3843 si
1330 3804 1496 3845 sanus
1523 3805 1604 3857 es,
1635 3792 1755 3847 ideo
1785 3794 1980 3858 accede
2005 3805 2060 3850 ut

472 3876 656 3938 sanior
700 3877 914 3933 evadas.
973 3879 1204 3934 Verbum
1245 3880 1386 3934 enim
1426 3891 1480 3936 et
1509 3883 1697 3948 morbo
1725 3883 1947 3941 affectos
1990 3885 2060 3940 ab

473 3969 789 4038 egritudine
819 3971 1024 4037 liberat,
1050 3980 1106 4026 et
1130 3973 1317 4027 morbo
1336 3973 1535 4038 liberos
1563 3975 1827 4047 firmiores
1858 3979 2059 4047 reddit;

475 4067 660 4128 utpote
690 4063 833 4130 quod
881 4072 934 4118 ct
977 4063 1212 4120 admissa
1249 4070 1502 4140 corrigat,
1553 4077 1608 4123 et
1633 4070 1890 4126 adversus
1921 4089 2058 4134 non-

472 4147 600 4203 dum
622 4150 851 4207 admissa
889 4163 1198 4223 prmservet.
1241 4156 1392 4224 Quod
1424 4159 1467 4212 si
1501 4174 1606 4219 non
1631 4159 1767 4227 hoc,
1817 4173 1874 4221 at
1908 4164 2054 4233 aliud

473 4243 640 4298 habes
667 4257 943 4314 peccatum
973 4265 987 4310 ;
1021 4247 1146 4314 Quis
1169 4251 1299 4302 enim
1327 4250 1626 4320 gloriabitur
1649 4271 1705 4309 se
1735 4265 1927 4312 castum
1955 4258 2054 4320 Ita-

471 4335 585 4387 bere
611 4337 745 4397 cor?
784 4345 872 4391 aut
913 4337 1024 4407 quis
1066 4339 1281 4406 ﬁdenter
1317 4342 1500 4397 dixerit
1527 4361 1583 4398 se
1613 4347 1858 4402 mundum
1885 4365 1993 4404 esse
2021 4366 2054 4402 a

472 4424 874 4496 peccato(Prov.
899 4427 990 4483 20.
1022 4429 1115 4500 9)?
1141 4429 1217 4485 Ne
1238 4431 1416 4502 igitur,
1447 4437 1567 4504 quia
1596 4438 1847 4505 peccasti,
1879 4447 1928 4493 te
1956 4455 2048 4508 pu-

471 4513 594 4568 deat
633 4517 929 4582 accedere;
979 4519 1086 4574 imo
1125 4520 1197 4576 ob
1239 4523 1343 4580 hoc
1387 4525 1562 4594 ipsum
1617 4528 1836 4584 accede.
1880 4528 2054 4584 Nemo

469 4607 615 4681 enim
644 4608 775 4664 dicit
809 4627 822 4664 :
851 4610 984 4678 Quia
1012 4612 1164 4666 ulcus
1187 4613 1361 4670 habeo
1381 4657 1395 4681 ,
1431 4617 1694 4673 medicum
1725 4634 1831 4673 non
1861 4635 2050 4675 accer-

470 4677 567 4779 eo,
613 4715 786 4776 neque
815 4677 1158 4771 pbarmacum
1190 4705 1436 4776 accipio:
1471 4708 1578 4762 imo
1620 4708 1690 4764 ob
1731 4709 1834 4765 hoc
1876 4711 2047 4779 ipsum

471 4792 703 4860 maxime
746 4799 803 4867 et
843 4792 1033 4850 medici
1054 4794 1347 4851 advocandi
1380 4807 1524 4860 sunt,
1549 4806 1604 4854 et
1635 4803 2046 4868 pharmacorum

468 4883 576 4938 vim
600 4884 873 4953 requirere
896 4899 1030 4964 opus
1062 4895 1164 4942 est.
1191 4887 1402 4944 Scimus
1427 4889 1589 4946 etiam
1621 4906 1718 4945 nos
1748 4893 2044 4962 ignoscere,

468 4971 591 5043 quia
613 4977 666 5023 et
693 4968 792 5038 ipsi
821 4970 940 5026 aliis
969 4972 1202 5040 peccatis
1227 4987 1413 5028 sumus
1439 4973 1676 5030 obnoxii.
1727 4975 1849 5033 Ideo
1892 4995 2045 5034 nam-

468 5074 573 5132 que
605 5059 744 5115 Deus
773 5075 879 5117 non
910 5063 1128 5134 angelos
1164 5063 1318 5122 dedit
1359 5066 1516 5121 nobis
1557 5067 1827 5142 doctores,
1876 5087 2048 5142 neque

469 5149 772 5207 Gabrielcm
813 5153 1042 5224 desuper
1083 5155 1305 5211 mittens
1351 5156 1523 5226 ipsum
1566 5161 1712 5230 gregi
1766 5163 2042 5231 prmfecit;

467 5241 562 5318 sed
611 5258 676 5297 ex
704 5243 820 5311 ipso
848 5244 976 5300 ovili
1011 5256 1248 5315 pastores
1287 5249 1533 5315 assumit,
1563 5265 1628 5304 ex
1660 5251 1850 5306 ovibus
1872 5256 2051 5324 gregis

467 5318 658 5412 ducem
676 5372 696 5412 _,
747 5334 836 5404 qui
860 5335 927 5388 ad
954 5335 1333 5406 ignoscendum
1363 5339 1596 5395 subditis
1619 5355 1823 5412 pronus
1843 5318 1912 5413 sit
1935 5387 1950 5409 ,
1971 5318 2050 5400 vet

470 5408 830 5494 infirmitatem
858 5429 1126 5496 propriam
1156 5428 1517 5498 perpendens,
1546 5408 1654 5487 non
1683 5408 2047 5506 insurgatad-

467 5531 656 5586 versus
678 5519 991 5588 gregarios;
1046 5519 1142 5574 sed
1177 5518 1388 5576 frenum
1417 5523 1612 5580 habeat
1652 5535 1708 5581 et
1737 5527 2049 5589 humilitatis

467 5624 686 5664 causam
703 5626 815 5666 sua:
832 5627 1025 5683 nempe
1052 5615 1394 5675 conscientia:
1410 5618 1879 5676 necessitudinem.
1897 5619 2048 5688 Quod

465 5712 645 5774 autem
691 5704 807 5760 hinc
853 5720 959 5757 non
1005 5708 1316 5775 augurando
1345 5710 1481 5765 dicta
1523 5711 1736 5778 fuerint,
1761 5713 1882 5766 audi
1911 5713 2047 5768 Pau-

461 5793 567 5876 lum
601 5796 713 5878 haec
735 5796 1057 5869 scribentem
1089 5809 1139 5856 ct
1168 5799 1629 5867 pliiloSOphantctn
1662 5822 1673 5859 :
1700 5805 1764 5860 ad
1789 5805 2042 5862 Hebraeos

1287 381 1344 437 S.
1384 377 1664 438 JOANNIS
1700 375 2184 434 CHRYSOSTOMI
2223 379 2544 442 ARCHIEP.
2577 385 3113 450 CONSTANTINOP.
3143 400 3147 404 ‘

3674 399 3780 461 464

2199 495 2341 551 enim
2385 499 2662 568 scribens,
2709 505 2788 562 sic
2833 507 2952 565 ait:
2991 508 3172 566 Omnis
3203 527 3422 584 namque
3459 517 3690 588 pomifer:
3714 537 3781 576 er.

2195 585 2481 640 hominibus
2522 604 2848 662 assumptus,
2892 613 2984 666 pro
3025 600 3309 655 hominibus
3332 585 3674 675 constituitur,
3721 621 3774 663 ut

2194 673 2373 740 o/Terat
2399 679 2535 731 dona
2560 690 2610 734 et
2639 685 2892 753 sani/icio
2915 703 2934 750 ;
2961 688 3049 758 qui
3083 691 3354 746 condolere
3391 697 3550 764 possit
3590 673 3667 752 iis
3686 703 3773 770 qui

2193 764 2425 835 ignorant
2451 779 2496 822 et
2536 783 2724 838 errant,
2749 778 2986 842 quoniam
3015 789 3062 833 et
3086 781 3195 850 ipse
3219 784 3561 842 circumdatus
3588 799 3660 842 est
3689 764 3774 844 iu-

2191 855 2428 951 lirmltate
2457 873 2476 912 .'
2504 871 2556 946 et
2582 874 2846 936 propterea
2873 867 3013 922 debet
3039 875 3466 941 quemadmodum
3494 896 3586 945 pro
3609 899 3777 951 popu-

2189 946 2260 1009 lo,
2283 948 2354 1001 ita
2376 951 2526 1003 etiam
2553 963 2598 1005 et
2617 971 2708 1022 pro
2730 959 2993 1028 semetipso
3012 961 3198 1026 eli’erre
3217 980 3310 1033 pro
3331 969 3549 1037 peccatis
3584 946 3771 1040 (flebr.

2188 1037 2241 1093 5.
2272 1041 2420 1110 l-3).
2458 1043 2642 1100 Videu’
2667 1063 2826 1117 quam
2855 1052 3108 1121 optimam
3132 1055 3286 1110 nobis
3314 1073 3530 1113 causam
3552 1037 3770 1128 dixerit,

2193 1129 2261 1182 ob
2301 1147 2458 1200 quam
2507 1151 2611 1189 non
2651 1140 2861 1208 angeli,
2904 1157 3008 1196 non
3039 1143 3366 1217 archangeli,
3399 1149 3494 1204 sed
3525 1149 3771 1210 homines

2191 1218 2449 1279 Et-elrsiis
2477 1226 2861 1298 prazlieiantur,
2894 1241 2948 1288 ut
2973 1235 3262 1292 condolere
3300 1240 3507 1308 possint
3541 1242 3628 1308 iis,
3677 1245 3772 1314 qui

2185 1315 2428 1382 ejusdem
2455 1331 2582 1377 sunt
2608 1333 2843 1390 natum;
2873 1336 3211 1394 peccatorum
3238 1345 3455 1386 suorum
3485 1337 3767 1391 ecuseien-

2187 1407 2313 1463 tiam
2367 1425 2464 1464 ceu
2496 1414 2786 1469 maximam
2834 1411 3153 1473 humilitatis
3187 1420 3525 1491 disciplinam
3566 1425 3766 1481 haben-

2187 1502 2310 1554 tes?
2358 1503 2563 1557 Etenim
2597 1517 2651 1561 et
2685 1509 2832 1576 ipse,
2869 1511 3072 1580 inquit,
3120 1514 3486 1573 circumdatus
3511 1529 3596 1576 est
3618 1521 3764 1576 intir-

2185 1593 2408 1659 unitate,
2462 1603 2517 1648 et
2575 1607 2852 1666 propterea
2901 1599 3104 1671 debet,
3169 1606 3620 1674 quemadmodum
3670 1627 3764 1682 pro

2186 1685 2402 1754 populo,
2428 1687 2502 1740 ita
2529 1689 2686 1742 etiam
2719 1706 2816 1760 pro
2843 1694 3136 1764 semetipso
3165 1696 3360 1754 oflerre
3386 1715 3482 1770 pro
3509 1708 3761 1772 peccatis.

2185 1773 2295 1829 lloc
2332 1776 2506 1844 ipsum
2550 1795 2690 1836 nunc
2725 1797 2940 1852 quoque
2989 1785 3218 1841 efﬁcitur
3263 1806 3276 1841 :
3319 1790 3371 1844 in
3421 1790 3521 1848 bac
3570 1794 3764 1868 quippe

2182 1881 2334 1922 sacra
2382 1885 2566 1924 mensa
2609 1873 2904 1936 adstantes,
2954 1886 3011 1931 et
3056 1880 3391 1938 tremendum
3441 1869 3764 1942 Sacrificium

2179 1957 2489 2025 otl‘erentcs,
2513 1961 2963 2031 quemadmodum
2994 1977 3089 2036 pro
3118 1970 3295 2040 populi
3322 1972 3534 2030 delictis
3553 1977 3760 2031 veniam

2181 2050 2406 2117 petimus
2425 2092 2442 2116 ,
2487 2052 2557 2105 ita
2588 2068 2683 2122 pro
2720 2056 2913 2110 nostris
2937 2055 3066 2125 ipsis
3091 2075 3303 2130 quoque
3332 2077 3614 2134 rogamus,
3642 2083 3761 2122 ora-

2181 2155 2319 2205 tuus,
2351 2140 2704 2212 deprecamur
2725 2187 2739 2212 ,
2769 2154 2824 2200 et
2865 2163 2961 2218 pro
2998 2151 3247 2208 omnibus
3279 2153 3600 2211 sacrificium
3630 2157 3763 2214 olfe-

2179 2231 2389 2287 t‘imus..
2405 2273 2441 2293 ,.
2477 2233 2554 2303 (rt)

2250 2321 2305 2380 5.
2355 2321 2431 2377 Ne
2481 2323 2607 2378 mihi
2652 2339 2895 2396 avarum,
2925 2331 3128 2388 ventris
3165 2348 3400 2403 servum,
3432 2348 3488 2397 et
3520 2354 3641 2396 eum
3670 2343 3758 2412 qui

2179 2421 2380 2466 naturae
2403 2406 2731 2473 nobilitatem
2765 2421 3012 2488 nequitia:
3045 2424 3296 2492 prodidit,
3321 2427 3633 2497 adduxeris;
3664 2406 3759 2490 sed

2180 2501 2321 2556 hunc
2349 2513 2404 2560 et
2432 2520 2525 2561 eos
2554 2509 2643 2578 qui
2672 2509 2810 2564 sicut
2839 2511 2930 2567 ille
2955 2514 3303 2587 archetypum
3350 2533 3650 2590 servarunt,
3699 2535 3756 2584 et

2178 2593 2380 2661 regium
2425 2595 2788 2656 characterem
2817 2616 2880 2656 ac
2909 2601 3133 2659 formam
3173 2623 3277 2662 non
3326 2609 3707 2672 labefactarunt
3740 2639 3756 2673 :

2175 2691 2231 2737 et
2267 2693 2390 2739 tunc
2429 2687 2569 2742 scies
2603 2690 2727 2759 quid
2769 2692 2838 2748 sit
2879 2693 3060 2750 homo.
3089 2697 3218 2754 Nam
3247 2699 3335 2755 hic
3359 2718 3568 2774 quoque
3596 2706 3756 2763 homo

2175 2780 2311 2840 erat,
2341 2775 2580 2831 mulieris
2607 2789 2760 2846 partu
2787 2791 2942 2837 natus
2967 2795 3022 2839 et
3052 2786 3187 2842 lacte
3217 2790 3449 2850 nutritus
3481 2813 3493 2848 :
3528 2794 3581 2848 in
3614 2805 3754 2853 terra

2176 2861 2470 2932 habitabat,
2501 2881 2680 2922 aerem
2711 2871 2964 2942 spirabat,
2989 2884 3043 2930 ct
3070 2879 3269 2944 omnia,
3301 2896 3420 2950 qua:
3449 2883 3620 2951 nobis,
3656 2887 3754 2956 ipsi

2173 2971 2386 3024 quoque
2405 2962 2704 3015 eonununia
2730 2973 2882 3026 erant
2905 2982 2919 3022 :
2942 2971 3266 3036 communia,
3292 2971 3528 3044 inquam,
3551 2992 3613 3032 ea
3636 2994 3758 3047 qum

2171 3041 2238 3100 ad
2270 3057 2513 3103 naturam
2547 3055 2850 3123 pertinent;
2880 3056 2972 3113 sed
3001 3061 3250 3130 quoniam
3286 3041 3407 3120 rita:
3456 3041 3752 3124 institutioni

2171 3149 2650 3218 spectantcgregia
2671 3159 2847 3217 erant,
2888 3151 3007 3206 ideo
3051 3153 3153 3211 hac
3185 3165 3330 3213 tanta
3376 3161 3542 3230 gratia
3584 3161 3749 3218 fulsit.

2171 3236 2330 3304 Atqui
2355 3254 2458 3292 non
2484 3241 2724 3308 pecuniis
2748 3242 3036 3303 instructus
3056 3256 3192 3311 erat,
3210 3263 3315 3304 non
3346 3253 3557 3320 generis
3573 3254 3748 3323 splen-

2169 3326 2320 3391 dore,
2357 3346 2461 3390 non
2522 3334 2703 3400 patria:
2746 3336 3078 3408 celebritate,
3112 3355 3218 3396 non
3264 3343 3570 3414 eloquentia
3594 3388 3610 3413 ,
3643 3365 3748 3404 non

2170 3417 2362 3489 lingua:
2387 3423 2651 3494 acumine,
2676 3440 2781 3480 non
2805 3441 3082 3484 servorum
3120 3447 3301 3504 grege,
3339 3449 3440 3490 nec
3471 3439 3748 3494 eunucho-

2169 3523 2285 3576 rum
2312 3513 2560 3579 agmine:
2593 3529 2698 3570 non
2735 3517 2926 3574 domus
2946 3518 3044 3590 ipsi
3073 3521 3327 3578 deaurato
3350 3533 3510 3593 tecto,
3537 3544 3642 3592 non
3665 3546 3748 3587 se-

2167 3600 2294 3654 rica:
2313 3614 2488 3659 vestes
2511 3621 2617 3661 non
2641 3621 2820 3664 mensa
2837 3609 3046 3667 deliciis
3067 3613 3278 3682 referta,
3299 3632 3408 3674 non
3435 3619 3575 3674 aliud
3594 3623 3751 3691 quid-

2166 3692 2306 3759 piam
2326 3707 2392 3750 ex
2421 3694 2504 3758 iis,
2524 3710 2642 3765 quas
2664 3698 2812 3753 multi
2835 3699 2988 3758 beata
3012 3718 3132 3760 esse
3155 3716 3429 3778 reputant;
3453 3710 3547 3766 sed
3569 3722 3745 3768 extre-

2165 3800 2250 3839 ma
2275 3797 2588 3857 paupertas:
2616 3804 2719 3846 non
2747 3791 2826 3848 illi
2853 3793 2919 3848 ad
2945 3795 3140 3850 victum
3169 3803 3468 3858 necessaria
3495 3815 3745 3873 suppete-

2165 3875 2314 3948 bant,
2335 3880 2428 3935 sed
2449 3881 2590 3952 apud
2616 3882 2824 3939 viduam
2855 3885 3148 3953 mulierem,
3172 3888 3425 3960 illamque
3443 3893 3740 3958 Sidoniam.

2162 3971 2570 4042 emendicabat,
2613 3988 2828 4030 manum
2866 3978 3162 4034 extendens
3189 3991 3243 4035 et
3270 3997 3462 4051 panem
3504 3995 3692 4054 petens
3725 4005 3740 4041 :

2163 4061 2523 4125 habitaculum
2554 4065 2653 4138 ipsi
2679 4077 2794 4121 erat
2820 4068 3074 4138 spelunca
3095 4111 3112 4136 ,
3142 4074 3517 4130 vestimentum
3551 4077 3704 4146 pellis
3723 4120 3738 4142 ,

2163 4167 2349 4208 mensa
2391 4160 2569 4222 terra,
2611 4159 2980 4228 progenitores
3020 4161 3282 4232 ignobiles
3325 4174 3378 4220 et
3417 4182 3487 4222 ne
3523 4169 3742 4224 nomine

2160 4245 2375 4316 quidem
2403 4247 2536 4316 noti,
2568 4249 2733 4318 patria
2762 4252 2902 4315 vilis,
2931 4253 3037 4307 vita
3059 4255 3304 4324 agrestis.
3332 4261 3580 4316 Attamen
3608 4260 3738 4315 nihil

2160 4339 2350 4404 borum
2370 4342 2750 4413 impedimento
2771 4346 2868 4416 ipsi
2891 4347 2988 4403 fuit
3003 4348 3070 4404 ad
3090 4350 3432 4427 splendorem
3448 4365 3500 4410 et
3514 4357 3742 4414 celebri-

2160 4441 2321 4488 tatem
2339 4433 2431 4490 scd
2454 4435 2613 4490 etiam
2635 4437 2848 4509 regibus
2873 4440 3120 4502 omnibus
3140 4444 3463 4512 opulentior,
3488 4455 3544 4503 et
3568 4447 3738 4515 philo-

2158 4525 2344 4594 sophis
2371 4526 2576 4584 cunctis
2602 4526 3017 4601 rhetoribusque
3059 4535 3368 4604 sapientior.
3403 4547 3458 4597 οι
3501 4538 3606 4594 illis
3646 4541 3736 4608 qui

2158 4619 2461 4674 diademate
2511 4620 2871 4691 insigniuntur
2912 4624 3171 4682 illustrior
3199 4636 3316 4682 erat
3339 4647 3352 4684 :
3378 4639 3430 4683 et
3462 4631 3737 4689 nobilitate

2159 4711 2327 4780 magis
2351 4710 2725 4780 decorabatur,
2758 4728 2917 4783 quam
2947 4715 2981 4769 ii
3009 4717 3098 4787 qui
3147 4719 3318 4788 regias
3351 4721 3511 4776 urbes
3539 4721 3738 4778 habent

2158 4805 2416 4874 patriam:
2446 4805 2633 4861 orbem
2660 4822 2889 4876 namque
2919 4809 3143 4877 patriam
3170 4811 3428 4876 habebat;
3453 4815 3561 4871 imo
3576 4818 3736 4874 etiam

2157 4895 2302 4950 orbis
2331 4896 2431 4966 ipsi
2458 4911 2556 4952 ceu
2588 4911 2746 4965 parva
2775 4897 2902 4952 urbs
2929 4909 3043 4953 erat
3062 4941 3078 4968 ,
3105 4901 3408 4978 clamatque
3439 4905 3631 4963 Paulus
3657 4908 3738 4963 di-

2157 5005 2286 5046 cens
2319 5007 2334 5047 :
2362 4989 2678 5044 Circaierunt
2727 4991 2778 5044 in
2822 4991 3020 5045 utelotis
3045 5032 3061 5058 ,
3112 4994 3166 5048 in
3211 4995 3423 5064 pellibus
3464 5000 3690 5067 caprinis
3718 5017 3736 5052 :

2155 5082 2332 5153 quibus
2352 5082 2538 5153 dignus
2555 5091 2774 5138 uouerat
2793 5083 3007 5137 mundus
3028 5083 3241 5152 (Helm!
3261 5089 3304 5141 Ι.
3323 5089 3434 5158 57).
3457 5091 3666 5147 Etenim
3686 5095 3737 5148 in

2158 5189 2386 5243 superna
2412 5174 2630 5228 civitate
2658 5175 2990 5241 versabatur,
3011 5177 3162 5246 cujus
3189 5179 3379 5237 artifex
3408 5192 3465 5236 et
3493 5185 3741 5242 conditor

2159 5275 2242 5322 est
2287 5265 2447 5322 Deus.
2491 5263 2616 5320 Ideo
2643 5264 2736 5321 tibi
2763 5281 3050 5336 pauperem
3079 5279 3132 5323 et
3159 5280 3426 5340 agrestem
3453 5273 3624 5330 virum
3655 5275 3740 5329 in-

2157 5357 2284 5413 duxi
2322 5357 2518 5428 pietate
2545 5358 2914 5427 conspicuum,
2939 5367 2997 5412 ut
3031 5359 3234 5416 nullum
3265 5362 3548 5418 obtentum
3575 5363 3742 5420 babe-

2158 5465 2266 5508 res.
2297 5448 2428 5505 Nam
2458 5449 2504 5506 si
2527 5448 2745 5506 divitem
2771 5459 2826 5506 et
2853 5451 3150 5520 sapientem
3177 5453 3526 5522 induxissem,
3557 5455 3740 5512 dicere

2159 5540 2450 5610 pomisses,
2479 5539 2768 5610 Paupertas
2789 5548 2843 5595 et
2871 5541 3166 5610 ignorantia
3189 5542 3430 5612 impedit,
3451 5546 3740 5614 quominus

2159 5631 2282 5687 talis
2308 5629 2509 5690 cfliciar
2532 5647 2546 5683 :
2573 5645 2714 5686 nunc
2741 5640 2918 5686 autem
2949 5631 3016 5686 ad
3043 5632 3244 5688 nullum
3275 5635 3432 5691 talem
3457 5636 3634 5670 "MM"
3666 5654 3670 5659 η

2220 5813 2292 5870 (τι)
2319 5809 2410 5862 Πᾶς
2426 5810 2588 5869 deest,
2615 5815 2666 5857 ut
2691 5817 2910 5872 apparet,
2939 5810 3113 5872 pagina
3137 5811 3318 5861 avulsa.
