  <div class='ocr_page' id='page_1' title='image "/cluster/home/n/w/nwhite01/storage/ocr_20150623/63:no.12/coo.31924054869635/358.png"; bbox 0 0 4198 6454; ppageno 0'>
   <div class='ocr_carea' id='block_1_1' title="bbox 289 452 391 511">
    <p class='ocr_par' dir='ltr' id='par_1_1' title="bbox 289 452 391 511">
     <span class='ocr_line' id='line_1_1' title="bbox 289 452 391 511; baseline -0.02 0"><span class='ocrx_word' id='word_1_1' title='bbox 289 452 391 511; x_wconf 78' lang='grc' dir='ltr'>ι63</span> 
     </span>
    </p>
   </div>
   <div class='ocr_carea' id='block_1_2' title="bbox 289 547 1985 640">
    <p class='ocr_par' dir='ltr' id='par_1_2' title="bbox 289 547 1985 640">
     <span class='ocr_line' id='line_1_2' title="bbox 289 547 1985 640; baseline -0.011 -22"><span class='ocrx_word' id='word_1_2' title='bbox 289 564 472 640; x_wconf 64' lang='grc' dir='ltr'>μάθῃς</span> <span class='ocrx_word' id='word_1_3' title='bbox 503 554 704 631; x_wconf 73' lang='grc' dir='ltr'>μηκέτι</span> <span class='ocrx_word' id='word_1_4' title='bbox 724 551 949 611; x_wconf 86' lang='grc' dir='ltr'>τοιαῦτα</span> <span class='ocrx_word' id='word_1_5' title='bbox 977 556 1174 608; x_wconf 74' lang='grc' dir='ltr'>ποιεῖν’</span> <span class='ocrx_word' id='word_1_6' title='bbox 1200 552 1347 608; x_wconf 68' lang='grc' dir='ltr'>ἕλκω</span> <span class='ocrx_word' id='word_1_7' title='bbox 1370 552 1579 615; x_wconf 81' lang='grc' dir='ltr'>πάντας</span> <span class='ocrx_word' id='word_1_8' title='bbox 1614 550 1709 604; x_wconf 85' lang='lat' dir='ltr'>ml</span> <span class='ocrx_word' id='word_1_9' title='bbox 1737 547 1985 640; x_wconf 76' lang='grc' dir='ltr'>ἐπισπῶ-</span> 
     </span>
    </p>
   </div>
   <div class='ocr_carea' id='block_1_3' title="bbox 290 636 1983 727">
    <p class='ocr_par' dir='ltr' id='par_1_3' title="bbox 290 636 1983 727">
     <span class='ocr_line' id='line_1_3' title="bbox 290 636 1983 727; baseline -0.009 -19"><span class='ocrx_word' id='word_1_10' title='bbox 290 636 424 727; x_wconf 65' lang='grc' dir='ltr'>μαι,</span> <span class='ocrx_word' id='word_1_11' title='bbox 437 648 533 706; x_wconf 74' lang='grc' dir='ltr'>καὶ</span> <span class='ocrx_word' id='word_1_12' title='bbox 569 647 640 701; x_wconf 88' lang='grc' dir='ltr'>τά</span> <span class='ocrx_word' id='word_1_13' title='bbox 658 646 853 700; x_wconf 81' lang='grc' dir='ltr'>δίκτυα</span> <span class='ocrx_word' id='word_1_14' title='bbox 874 643 970 698; x_wconf 90' lang='grc' dir='ltr'>τοῦ</span> <span class='ocrx_word' id='word_1_15' title='bbox 990 644 1161 712; x_wconf 84' lang='grc' dir='ltr'>λόγου</span> <span class='ocrx_word' id='word_1_16' title='bbox 1198 641 1536 727; x_wconf 84' lang='grc' dir='ltr'>πανταχόθεν</span> <span class='ocrx_word' id='word_1_17' title='bbox 1557 638 1839 727; x_wconf 62' lang='grc' dir='ltr'>ἀπλώσας,</span> <span class='ocrx_word' id='word_1_18' title='bbox 1862 636 1983 727; x_wconf 73' lang='grc' dir='ltr'>οὐχὶ</span> 
     </span>
    </p>
   </div>
   <div class='ocr_carea' id='block_1_4' title="bbox 287 723 1985 805">
    <p class='ocr_par' dir='ltr' id='par_1_4' title="bbox 287 723 1985 805">
     <span class='ocr_line' id='line_1_4' title="bbox 287 723 1985 805; baseline -0.009 -12"><span class='ocrx_word' id='word_1_19' title='bbox 287 723 421 801; x_wconf 75' lang='grc' dir='ltr'>τοὺς</span> <span class='ocrx_word' id='word_1_20' title='bbox 449 734 817 805; x_wconf 82' lang='grc' dir='ltr'>ὑγιαίνοντας,</span> <span class='ocrx_word' id='word_1_21' title='bbox 848 728 987 784; x_wconf 88' lang='grc' dir='ltr'>ἀλλά</span> <span class='ocrx_word' id='word_1_22' title='bbox 1035 730 1132 783; x_wconf 99' lang='lat' dir='ltr'>ml</span> <span class='ocrx_word' id='word_1_23' title='bbox 1161 730 1289 792; x_wconf 82' lang='grc' dir='ltr'>τοὺς</span> <span class='ocrx_word' id='word_1_24' title='bbox 1308 726 1598 790; x_wconf 85' lang='grc' dir='ltr'>νοσοῦντας</span> <span class='ocrx_word' id='word_1_25' title='bbox 1613 724 1846 779; x_wconf 86' lang='grc' dir='ltr'>ἐνταῦθα</span> <span class='ocrx_word' id='word_1_26' title='bbox 1876 723 1985 787; x_wconf 78' lang='grc' dir='ltr'>ζω-</span> 
     </span>
    </p>
   </div>
   <div class='ocr_carea' id='block_1_5' title="bbox 292 812 1986 897">
    <p class='ocr_par' dir='ltr' id='par_1_5' title="bbox 292 812 1986 897">
     <span class='ocr_line' id='line_1_5' title="bbox 292 812 1986 897; baseline -0.008 -18"><span class='ocrx_word' id='word_1_27' title='bbox 292 826 499 897; x_wconf 79' lang='grc' dir='ltr'>γρῆσαι</span> <span class='ocrx_word' id='word_1_28' title='bbox 516 819 794 890; x_wconf 88' lang='grc' dir='ltr'>ἐπιθυμῶ.</span> <span class='ocrx_word' id='word_1_29' title='bbox 835 817 1022 871; x_wconf 90' lang='grc' dir='ltr'>Ταῦτα</span> <span class='ocrx_word' id='word_1_30' title='bbox 1040 816 1185 885; x_wconf 89' lang='grc' dir='ltr'>λέγω</span> <span class='ocrx_word' id='word_1_31' title='bbox 1205 815 1325 869; x_wconf 77' lang='grc' dir='ltr'>καθ’</span> <span class='ocrx_word' id='word_1_32' title='bbox 1349 815 1587 887; x_wconf 89' lang='grc' dir='ltr'>ἐκάστην</span> <span class='ocrx_word' id='word_1_33' title='bbox 1606 813 1839 885; x_wconf 79' lang='grc' dir='ltr'>ἡμέραν·</span> <span class='ocrx_word' id='word_1_34' title='bbox 1865 812 1986 866; x_wconf 89' lang='grc' dir='ltr'>ἐλθέ</span> 
     </span>
    </p>
   </div>
   <div class='ocr_carea' id='block_1_6' title="bbox 292 901 1985 983">
    <p class='ocr_par' dir='ltr' id='par_1_6' title="bbox 292 901 1985 983">
     <span class='ocr_line' id='line_1_6' title="bbox 292 901 1985 983; baseline -0.008 -16"><span class='ocrx_word' id='word_1_35' title='bbox 292 916 391 968; x_wconf 87' lang='lat' dir='ltr'>ml</span> <span class='ocrx_word' id='word_1_36' title='bbox 411 909 715 983; x_wconf 88' lang='grc' dir='ltr'>θεραπεύου</span> <span class='ocrx_word' id='word_1_37' title='bbox 740 908 857 979; x_wconf 83' lang='grc' dir='ltr'>μετ’</span> <span class='ocrx_word' id='word_1_38' title='bbox 885 905 1043 977; x_wconf 85' lang='grc' dir='ltr'>ἐμοῦ⁹</span> <span class='ocrx_word' id='word_1_39' title='bbox 1079 905 1173 957; x_wconf 88' lang='lat' dir='ltr'>ml</span> <span class='ocrx_word' id='word_1_40' title='bbox 1201 903 1310 975; x_wconf 89' lang='grc' dir='ltr'>γάρ</span> <span class='ocrx_word' id='word_1_41' title='bbox 1358 901 1469 971; x_wconf 89' lang='grc' dir='ltr'>ἐγὼ</span> <span class='ocrx_word' id='word_1_42' title='bbox 1508 901 1771 972; x_wconf 76' lang='grc' dir='ltr'>ἰατρεύων</span> <span class='ocrx_word' id='word_1_43' title='bbox 1795 902 1985 973; x_wconf 77' lang='grc' dir='ltr'>χρείαν</span> 
     </span>
    </p>
   </div>
   <div class='ocr_carea' id='block_1_7' title="bbox 298 989 1987 1087">
    <p class='ocr_par' dir='ltr' id='par_1_7' title="bbox 298 989 1987 1087">
     <span class='ocr_line' id='line_1_7' title="bbox 298 989 1987 1087; baseline -0.009 -32"><span class='ocrx_word' id='word_1_44' title='bbox 298 1001 411 1087; x_wconf 63' lang='grc' dir='ltr'>ἔχω</span> <span class='ocrx_word' id='word_1_45' title='bbox 432 998 763 1070; x_wconf 75' lang='grc' dir='ltr'>φαρμάκωνο</span> <span class='ocrx_word' id='word_1_46' title='bbox 796 993 1087 1087; x_wconf 66' lang='grc' dir='ltr'>ἄνθρωπος</span> <span class='ocrx_word' id='word_1_47' title='bbox 1110 992 1369 1087; x_wconf 46' lang='grc' dir='ltr'>γάρκίμι</span> <span class='ocrx_word' id='word_1_48' title='bbox 1416 990 1512 1044; x_wconf 91' lang='lat' dir='ltr'>ml</span> <span class='ocrx_word' id='word_1_49' title='bbox 1540 990 1642 1087; x_wconf 75' lang='grc' dir='ltr'>τῆς</span> <span class='ocrx_word' id='word_1_50' title='bbox 1691 989 1864 1087; x_wconf 68' lang='grc' dir='ltr'>αὐτὴς</span> <span class='ocrx_word' id='word_1_51' title='bbox 1903 989 1987 1087; x_wconf 75' lang='grc' dir='ltr'>σρὶ</span> 
     </span>
    </p>
   </div>
   <div class='ocr_carea' id='block_1_8' title="bbox 297 1075 1989 1159">
    <p class='ocr_par' dir='ltr' id='par_1_8' title="bbox 297 1075 1989 1159">
     <span class='ocr_line' id='line_1_8' title="bbox 297 1075 1989 1159; baseline -0.009 -17"><span class='ocrx_word' id='word_1_52' title='bbox 297 1075 515 1159; x_wconf 77' lang='grc' dir='ltr'>φύσεως</span> <span class='ocrx_word' id='word_1_53' title='bbox 531 1083 893 1154; x_wconf 81' lang='grc' dir='ltr'>ὑποκείμενος</span> <span class='ocrx_word' id='word_1_54' title='bbox 926 1078 1249 1145; x_wconf 75' lang='grc' dir='ltr'>πάθεσι,καί</span> <span class='ocrx_word' id='word_1_55' title='bbox 1266 1078 1459 1149; x_wconf 77' lang='grc' dir='ltr'>δέομαι</span> <span class='ocrx_word' id='word_1_56' title='bbox 1480 1077 1743 1148; x_wconf 77' lang='grc' dir='ltr'>ῥημάτων</span> <span class='ocrx_word' id='word_1_57' title='bbox 1770 1076 1878 1128; x_wconf 89' lang='grc' dir='ltr'>τῶν</span> <span class='ocrx_word' id='word_1_58' title='bbox 1898 1075 1989 1128; x_wconf 88' lang='grc' dir='ltr'>τὸν</span> 
     </span>
    </p>
   </div>
   <div class='ocr_carea' id='block_1_9' title="bbox 292 1162 1988 1245">
    <p class='ocr_par' dir='ltr' id='par_1_9' title="bbox 292 1162 1988 1245">
     <span class='ocr_line' id='line_1_9' title="bbox 292 1162 1988 1245; baseline -0.009 -15"><span class='ocrx_word' id='word_1_59' title='bbox 292 1176 531 1245; x_wconf 74' lang='grc' dir='ltr'>ᾄτακτον</span> <span class='ocrx_word' id='word_1_60' title='bbox 547 1172 749 1244; x_wconf 83' lang='grc' dir='ltr'>δεσμὸν</span> <span class='ocrx_word' id='word_1_61' title='bbox 769 1168 1155 1242; x_wconf 72' lang='grc' dir='ltr'>χαλινούντων*</span> <span class='ocrx_word' id='word_1_62' title='bbox 1168 1166 1288 1220; x_wconf 85' lang='grc' dir='ltr'>οὐδέ</span> <span class='ocrx_word' id='word_1_63' title='bbox 1311 1165 1642 1237; x_wconf 86' lang='grc' dir='ltr'>ἀπράγμονα</span> <span class='ocrx_word' id='word_1_64' title='bbox 1664 1162 1741 1227; x_wconf 79' lang='grc' dir='ltr'>ζῶ</span> <span class='ocrx_word' id='word_1_65' title='bbox 1762 1162 1874 1234; x_wconf 86' lang='grc' dir='ltr'>βίον</span> <span class='ocrx_word' id='word_1_66' title='bbox 1894 1163 1988 1216; x_wconf 90' lang='lat' dir='ltr'>ml</span> 
     </span>
    </p>
   </div>
   <div class='ocr_carea' id='block_1_10' title="bbox 294 1251 1989 1337">
    <p class='ocr_par' dir='ltr' id='par_1_10' title="bbox 294 1251 1989 1337">
     <span class='ocr_line' id='line_1_10' title="bbox 294 1251 1989 1337; baseline -0.009 -19"><span class='ocrx_word' id='word_1_67' title='bbox 294 1263 519 1337; x_wconf 79' lang='grc' dir='ltr'>ἡσύχιον</span> <span class='ocrx_word' id='word_1_68' title='bbox 543 1262 639 1316; x_wconf 89' lang='lat' dir='ltr'>ml</span> <span class='ocrx_word' id='word_1_69' title='bbox 671 1260 968 1332; x_wconf 75' lang='grc' dir='ltr'>ἀτάραχον,</span> <span class='ocrx_word' id='word_1_70' title='bbox 1000 1256 1114 1312; x_wconf 90' lang='grc' dir='ltr'>ἀλλ’</span> <span class='ocrx_word' id='word_1_71' title='bbox 1132 1256 1243 1327; x_wconf 82' lang='grc' dir='ltr'>ἐχω</span> <span class='ocrx_word' id='word_1_72' title='bbox 1261 1253 1358 1308; x_wconf 92' lang='lat' dir='ltr'>ml</span> <span class='ocrx_word' id='word_1_73' title='bbox 1389 1253 1552 1316; x_wconf 87' lang='grc' dir='ltr'>αὐτὸς</span> <span class='ocrx_word' id='word_1_74' title='bbox 1569 1251 1834 1323; x_wconf 86' lang='grc' dir='ltr'>θορύϐους</span> <span class='ocrx_word' id='word_1_75' title='bbox 1867 1252 1989 1304; x_wconf 89' lang='grc' dir='ltr'>ἐπι-</span> 
     </span>
    </p>
   </div>
   <div class='ocr_carea' id='block_1_11' title="bbox 297 1337 1989 1422">
    <p class='ocr_par' dir='ltr' id='par_1_11' title="bbox 297 1337 1989 1422">
     <span class='ocr_line' id='line_1_11' title="bbox 297 1337 1989 1422; baseline -0.009 -17"><span class='ocrx_word' id='word_1_76' title='bbox 297 1352 501 1422; x_wconf 82' lang='grc' dir='ltr'>θυμίας</span> <span class='ocrx_word' id='word_1_77' title='bbox 525 1349 621 1404; x_wconf 83' lang='grc' dir='ltr'>καὶ</span> <span class='ocrx_word' id='word_1_78' title='bbox 640 1346 889 1419; x_wconf 80' lang='grc' dir='ltr'>ταραχὰς</span> <span class='ocrx_word' id='word_1_79' title='bbox 928 1344 1219 1415; x_wconf 27' lang='grc' dir='ltr'>κυμάτων..</span> <span class='ocrx_word' id='word_1_80' title='bbox 1244 1341 1353 1395; x_wconf 87' lang='lat' dir='ltr'>Kal</span> <span class='ocrx_word' id='word_1_81' title='bbox 1390 1340 1443 1393; x_wconf 89' lang='grc' dir='ltr'>τί</span> <span class='ocrx_word' id='word_1_82' title='bbox 1464 1339 1546 1393; x_wconf 87' lang='grc' dir='ltr'>δεῖ</span> <span class='ocrx_word' id='word_1_83' title='bbox 1563 1339 1744 1407; x_wconf 79' lang='grc' dir='ltr'>λέγειν</span> <span class='ocrx_word' id='word_1_84' title='bbox 1768 1338 1868 1408; x_wconf 87' lang='grc' dir='ltr'>ἐμὲ</span> <span class='ocrx_word' id='word_1_85' title='bbox 1894 1337 1989 1391; x_wconf 89' lang='lat' dir='ltr'>ml</span> 
     </span>
    </p>
   </div>
   <div class='ocr_carea' id='block_1_12' title="bbox 294 1424 1989 1503">
    <p class='ocr_par' dir='ltr' id='par_1_12' title="bbox 294 1424 1989 1503">
     <span class='ocr_line' id='line_1_12' title="bbox 294 1424 1989 1503; baseline -0.008 -12"><span class='ocrx_word' id='word_1_86' title='bbox 294 1439 389 1491; x_wconf 90' lang='grc' dir='ltr'>τὸν</span> <span class='ocrx_word' id='word_1_87' title='bbox 408 1437 575 1498; x_wconf 83' lang='grc' dir='ltr'>δεῖνα.</span> <span class='ocrx_word' id='word_1_88' title='bbox 597 1438 737 1491; x_wconf 78' lang='grc' dir='ltr'>ὅπου</span> <span class='ocrx_word' id='word_1_89' title='bbox 762 1451 827 1503; x_wconf 91' lang='grc' dir='ltr'>γε</span> <span class='ocrx_word' id='word_1_90' title='bbox 854 1435 882 1487; x_wconf 99' lang='lat'>6</span> <span class='ocrx_word' id='word_1_91' title='bbox 908 1432 1019 1485; x_wconf 88' lang='grc' dir='ltr'>τῶν</span> <span class='ocrx_word' id='word_1_92' title='bbox 1038 1429 1292 1502; x_wconf 85' lang='grc' dir='ltr'>οὐρανῶν.</span> <span class='ocrx_word' id='word_1_93' title='bbox 1319 1428 1596 1498; x_wconf 79' lang='grc' dir='ltr'>ἁψάμενος</span> <span class='ocrx_word' id='word_1_94' title='bbox 1635 1424 1849 1488; x_wconf 80' lang='grc' dir='ltr'>Παῦλος</span> <span class='ocrx_word' id='word_1_95' title='bbox 1893 1424 1989 1478; x_wconf 91' lang='lat' dir='ltr'>ml</span> 
     </span>
    </p>
   </div>
   <div class='ocr_carea' id='block_1_13' title="bbox 297 1511 1990 1594">
    <p class='ocr_par' dir='ltr' id='par_1_13' title="bbox 297 1511 1990 1594">
     <span class='ocr_line' id='line_1_13' title="bbox 297 1511 1990 1594; baseline -0.01 -15"><span class='ocrx_word' id='word_1_96' title='bbox 297 1524 463 1587; x_wconf 86' lang='grc' dir='ltr'>αὐτὸς</span> <span class='ocrx_word' id='word_1_97' title='bbox 492 1522 693 1594; x_wconf 79' lang='grc' dir='ltr'>πολλῆς</span> <span class='ocrx_word' id='word_1_98' title='bbox 715 1520 1006 1590; x_wconf 80' lang='grc' dir='ltr'>ἐδεῖτο.τῆς</span> <span class='ocrx_word' id='word_1_99' title='bbox 1046 1516 1380 1590; x_wconf 87' lang='grc' dir='ltr'>θεραπείας;</span> <span class='ocrx_word' id='word_1_100' title='bbox 1412 1514 1525 1568; x_wconf 87' lang='lat' dir='ltr'>Kal</span> <span class='ocrx_word' id='word_1_101' title='bbox 1553 1512 1712 1567; x_wconf 91' lang='grc' dir='ltr'>τοῦτο</span> <span class='ocrx_word' id='word_1_102' title='bbox 1738 1511 1870 1565; x_wconf 89' lang='grc' dir='ltr'>αὐτὸ</span> <span class='ocrx_word' id='word_1_103' title='bbox 1893 1511 1990 1581; x_wconf 74' lang='grc' dir='ltr'>δὴ·-</span> 
     </span>
    </p>
   </div>
   <div class='ocr_carea' id='block_1_14' title="bbox 296 1598 1988 1684">
    <p class='ocr_par' dir='ltr' id='par_1_14' title="bbox 296 1598 1988 1684">
     <span class='ocr_line' id='line_1_14' title="bbox 296 1598 1988 1684; baseline -0.011 -15"><span class='ocrx_word' id='word_1_104' title='bbox 296 1614 389 1669; x_wconf 87' lang='grc' dir='ltr'>λον</span> <span class='ocrx_word' id='word_1_105' title='bbox 407 1613 543 1684; x_wconf 80' lang='grc' dir='ltr'>ἡμῖν</span> <span class='ocrx_word' id='word_1_106' title='bbox 560 1609 838 1680; x_wconf 89' lang='grc' dir='ltr'>ἐποίησεν,</span> <span class='ocrx_word' id='word_1_107' title='bbox 860 1608 942 1662; x_wconf 84' lang='grc' dir='ltr'>ὃτι</span> <span class='ocrx_word' id='word_1_108' title='bbox 971 1606 1161 1668; x_wconf 82' lang='grc' dir='ltr'>ἐδεῖτο,</span> <span class='ocrx_word' id='word_1_109' title='bbox 1184 1604 1279 1657; x_wconf 88' lang='lat' dir='ltr'>ml</span> <span class='ocrx_word' id='word_1_110' title='bbox 1305 1602 1425 1656; x_wconf 89' lang='grc' dir='ltr'>οὐδέ</span> <span class='ocrx_word' id='word_1_111' title='bbox 1460 1601 1623 1665; x_wconf 84' lang='grc' dir='ltr'>αὐτὸς</span> <span class='ocrx_word' id='word_1_112' title='bbox 1656 1598 1988 1670; x_wconf 87' lang='grc' dir='ltr'>ἀπράγμονα</span> 
     </span>
    </p>
   </div>
   <div class='ocr_carea' id='block_1_15' title="bbox 302 1686 1984 1772">
    <p class='ocr_par' dir='ltr' id='par_1_15' title="bbox 302 1686 1984 1772">
     <span class='ocr_line' id='line_1_15' title="bbox 302 1686 1984 1772; baseline -0.009 -18"><span class='ocrx_word' id='word_1_113' title='bbox 302 1702 403 1771; x_wconf 61' lang='grc' dir='ltr'>έζη</span> <span class='ocrx_word' id='word_1_114' title='bbox 430 1700 565 1772; x_wconf 84' lang='grc' dir='ltr'>βίον,</span> <span class='ocrx_word' id='word_1_115' title='bbox 587 1696 725 1752; x_wconf 85' lang='grc' dir='ltr'>ἀλλά</span> <span class='ocrx_word' id='word_1_116' title='bbox 750 1694 924 1752; x_wconf 86' lang='grc' dir='ltr'>πολλά</span> <span class='ocrx_word' id='word_1_117' title='bbox 967 1690 1078 1764; x_wconf 73' lang='grc' dir='ltr'>εἶχε</span> <span class='ocrx_word' id='word_1_118' title='bbox 1110 1691 1482 1764; x_wconf 81' lang='grc' dir='ltr'>παλαίσματα’</span> <span class='ocrx_word' id='word_1_119' title='bbox 1532 1688 1614 1742; x_wconf 82' lang='grc' dir='ltr'>διὸ</span> <span class='ocrx_word' id='word_1_120' title='bbox 1654 1689 1751 1742; x_wconf 92' lang='lat' dir='ltr'>ml</span> <span class='ocrx_word' id='word_1_121' title='bbox 1777 1686 1984 1755; x_wconf 77' lang='grc' dir='ltr'>ἔλεγεν·</span> 
     </span>
    </p>
   </div>
   <div class='ocr_carea' id='block_1_16' title="bbox 312 1774 1990 1856">
    <p class='ocr_par' dir='ltr' id='par_1_16' title="bbox 312 1774 1990 1856">
     <span class='ocr_line' id='line_1_16' title="bbox 312 1774 1990 1856; baseline -0.01 -13"><span class='ocrx_word' id='word_1_122' title='bbox 312 1786 632 1852; x_wconf 78' lang='grc' dir='ltr'>Ὑποπιάζω</span> <span class='ocrx_word' id='word_1_123' title='bbox 656 1802 757 1856; x_wconf 90' lang='grc' dir='ltr'>μου</span> <span class='ocrx_word' id='word_1_124' title='bbox 779 1785 841 1838; x_wconf 88' lang='grc' dir='ltr'>τὸ</span> <span class='ocrx_word' id='word_1_125' title='bbox 868 1782 1027 1854; x_wconf 88' lang='grc' dir='ltr'>σῶμα</span> <span class='ocrx_word' id='word_1_126' title='bbox 1048 1780 1144 1836; x_wconf 78' lang='grc' dir='ltr'>καί</span> <span class='ocrx_word' id='word_1_127' title='bbox 1160 1777 1512 1849; x_wconf 84' lang='grc' dir='ltr'>δουλαγωγῶ,</span> <span class='ocrx_word' id='word_1_128' title='bbox 1563 1777 1637 1848; x_wconf 85' lang='grc' dir='ltr'>μή</span> <span class='ocrx_word' id='word_1_129' title='bbox 1660 1793 1778 1841; x_wconf 91' lang='grc' dir='ltr'>πως</span> <span class='ocrx_word' id='word_1_130' title='bbox 1806 1774 1990 1839; x_wconf 81' lang='grc' dir='ltr'>ἀλλοις</span> 
     </span>
    </p>
   </div>
   <div class='ocr_carea' id='block_1_17' title="bbox 300 1861 1991 1948">
    <p class='ocr_par' dir='ltr' id='par_1_17' title="bbox 300 1861 1991 1948">
     <span class='ocr_line' id='line_1_17' title="bbox 300 1861 1991 1948; baseline -0.008 -19"><span class='ocrx_word' id='word_1_131' title='bbox 300 1874 564 1948; x_wconf 79' lang='grc' dir='ltr'>κηρύξας,</span> <span class='ocrx_word' id='word_1_132' title='bbox 596 1872 761 1937; x_wconf 75' lang='grc' dir='ltr'>αὐτὸς</span> <span class='ocrx_word' id='word_1_133' title='bbox 790 1871 1050 1941; x_wconf 76' lang='grc' dir='ltr'>ἀδόκιμος</span> <span class='ocrx_word' id='word_1_134' title='bbox 1074 1868 1345 1938; x_wconf 76' lang='grc' dir='ltr'>γένωμαι.</span> <span class='ocrx_word' id='word_1_135' title='bbox 1388 1864 1689 1930; x_wconf 77' lang='grc' dir='ltr'>’Υπεπίαζε</span> <span class='ocrx_word' id='word_1_136' title='bbox 1712 1864 1769 1918; x_wconf 83' lang='grc' dir='ltr'>δέ</span> <span class='ocrx_word' id='word_1_137' title='bbox 1804 1863 1865 1917; x_wconf 89' lang='grc' dir='ltr'>τὸ</span> <span class='ocrx_word' id='word_1_138' title='bbox 1901 1861 1991 1929; x_wconf 78' lang='grc' dir='ltr'>ἐξ·</span> 
     </span>
    </p>
   </div>
   <div class='ocr_carea' id='block_1_18' title="bbox 301 1950 1991 2032">
    <p class='ocr_par' dir='ltr' id='par_1_18' title="bbox 301 1950 1991 2032">
     <span class='ocr_line' id='line_1_18' title="bbox 301 1950 1991 2032; baseline -0.009 -15"><span class='ocrx_word' id='word_1_139' title='bbox 301 1962 659 2032; x_wconf 85' lang='grc' dir='ltr'>ανιστάμενον</span> <span class='ocrx_word' id='word_1_140' title='bbox 681 1999 696 2024; x_wconf 92' lang='grc'>,</span> <span class='ocrx_word' id='word_1_141' title='bbox 719 1959 816 2013; x_wconf 74' lang='grc' dir='ltr'>καὶ</span> <span class='ocrx_word' id='word_1_142' title='bbox 848 1954 1209 2024; x_wconf 88' lang='grc' dir='ltr'>ἐδουλαγώγει</span> <span class='ocrx_word' id='word_1_143' title='bbox 1243 1953 1303 2007; x_wconf 92' lang='grc' dir='ltr'>τὸ</span> <span class='ocrx_word' id='word_1_144' title='bbox 1322 1953 1619 2023; x_wconf 60' lang='lat' dir='ltr'>mmmam</span> <span class='ocrx_word' id='word_1_145' title='bbox 1648 1950 1991 2022; x_wconf 78' lang='grc' dir='ltr'>βουλόμενονο</span> 
     </span>
    </p>
   </div>
   <div class='ocr_carea' id='block_1_19' title="bbox 300 2038 1991 2121">
    <p class='ocr_par' dir='ltr' id='par_1_19' title="bbox 300 2038 1991 2121">
     <span class='ocr_line' id='line_1_19' title="bbox 300 2038 1991 2121; baseline -0.008 -16"><span class='ocrx_word' id='word_1_146' title='bbox 300 2050 385 2121; x_wconf 77' lang='grc' dir='ltr'>διὸ</span> <span class='ocrx_word' id='word_1_147' title='bbox 408 2048 503 2103; x_wconf 76' lang='grc' dir='ltr'>καὶ</span> <span class='ocrx_word' id='word_1_148' title='bbox 532 2048 711 2111; x_wconf 88' lang='grc' dir='ltr'>ἀλλοις</span> <span class='ocrx_word' id='word_1_149' title='bbox 743 2044 1191 2117; x_wconf 80' lang='grc' dir='ltr'>παρῄνειλέγων·</span> <span class='ocrx_word' id='word_1_150' title='bbox 1244 2042 1307 2094; x_wconf 84' lang='lat'>&#39;0</span> <span class='ocrx_word' id='word_1_151' title='bbox 1329 2040 1525 2094; x_wconf 79' lang='grc' dir='ltr'>δοκῶν</span> <span class='ocrx_word' id='word_1_152' title='bbox 1562 2038 1814 2093; x_wconf 78' lang='grc' dir='ltr'>ἑστάναι</span> <span class='ocrx_word' id='word_1_153' title='bbox 1838 2039 1991 2101; x_wconf 80' lang='grc' dir='ltr'>βλε-</span> 
     </span>
    </p>
   </div>
   <div class='ocr_carea' id='block_1_20' title="bbox 304 2125 1992 2205">
    <p class='ocr_par' dir='ltr' id='par_1_20' title="bbox 304 2125 1992 2205">
     <span class='ocr_line' id='line_1_20' title="bbox 304 2125 1992 2205; baseline -0.008 -15"><span class='ocrx_word' id='word_1_154' title='bbox 304 2137 463 2190; x_wconf 67' lang='grc' dir='ltr'>πέτω</span> <span class='ocrx_word' id='word_1_155' title='bbox 480 2136 570 2205; x_wconf 79' lang='grc' dir='ltr'>μὴ</span> <span class='ocrx_word' id='word_1_156' title='bbox 596 2135 777 2203; x_wconf 77' lang='grc' dir='ltr'>πέσῃ.</span> <span class='ocrx_word' id='word_1_157' title='bbox 820 2131 963 2186; x_wconf 85' lang='grc' dir='ltr'>Εἰδέ</span> <span class='ocrx_word' id='word_1_158' title='bbox 1006 2133 1034 2185; x_wconf 88' lang='lat'>6</span> <span class='ocrx_word' id='word_1_159' title='bbox 1074 2128 1285 2197; x_wconf 83' lang='grc' dir='ltr'>Παῦλος</span> <span class='ocrx_word' id='word_1_160' title='bbox 1311 2128 1413 2181; x_wconf 90' lang='grc' dir='ltr'>οὐκ</span> <span class='ocrx_word' id='word_1_161' title='bbox 1449 2126 1689 2181; x_wconf 83' lang='grc' dir='ltr'>ἀπέλαυε</span> <span class='ocrx_word' id='word_1_162' title='bbox 1727 2125 1992 2196; x_wconf 87' lang='grc' dir='ltr'>γαλήνης,</span> 
     </span>
    </p>
   </div>
   <div class='ocr_carea' id='block_1_21' title="bbox 307 2210 1994 2293">
    <p class='ocr_par' dir='ltr' id='par_1_21' title="bbox 307 2210 1994 2293">
     <span class='ocr_line' id='line_1_21' title="bbox 307 2210 1994 2293; baseline -0.008 -16"><span class='ocrx_word' id='word_1_163' title='bbox 307 2222 421 2292; x_wconf 74' lang='grc' dir='ltr'>ἀλλ’</span> <span class='ocrx_word' id='word_1_164' title='bbox 444 2221 631 2293; x_wconf 81' lang='grc' dir='ltr'>ὥσπερ</span> <span class='ocrx_word' id='word_1_165' title='bbox 648 2222 698 2274; x_wconf 83' lang='grc' dir='ltr'>οί</span> <span class='ocrx_word' id='word_1_166' title='bbox 717 2219 940 2288; x_wconf 80' lang='grc' dir='ltr'>πελάγει</span> <span class='ocrx_word' id='word_1_167' title='bbox 964 2216 1278 2289; x_wconf 86' lang='grc' dir='ltr'>φερόμενοι,</span> <span class='ocrx_word' id='word_1_168' title='bbox 1301 2213 1473 2268; x_wconf 88' lang='grc' dir='ltr'>πολλά</span> <span class='ocrx_word' id='word_1_169' title='bbox 1492 2212 1829 2283; x_wconf 84' lang='grc' dir='ltr'>πανταχόθεν</span> <span class='ocrx_word' id='word_1_170' title='bbox 1846 2210 1994 2283; x_wconf 87' lang='grc' dir='ltr'>ἐώρα</span> 
     </span>
    </p>
   </div>
   <div class='ocr_carea' id='block_1_22' title="bbox 306 2299 1995 2380">
    <p class='ocr_par' dir='ltr' id='par_1_22' title="bbox 306 2299 1995 2380">
     <span class='ocr_line' id='line_1_22' title="bbox 306 2299 1995 2380; baseline -0.009 -13"><span class='ocrx_word' id='word_1_171' title='bbox 306 2310 686 2380; x_wconf 83' lang='grc' dir='ltr'>διεγειρόμενα</span> <span class='ocrx_word' id='word_1_172' title='bbox 715 2307 955 2378; x_wconf 87' lang='grc' dir='ltr'>κύματα·</span> <span class='ocrx_word' id='word_1_173' title='bbox 985 2307 1069 2368; x_wconf 89' lang='grc' dir='ltr'>τίς</span> <span class='ocrx_word' id='word_1_174' title='bbox 1106 2304 1371 2374; x_wconf 83' lang='grc' dir='ltr'>τολμήσει</span> <span class='ocrx_word' id='word_1_175' title='bbox 1397 2301 1597 2370; x_wconf 89' lang='grc' dir='ltr'>λέγειν,</span> <span class='ocrx_word' id='word_1_176' title='bbox 1624 2302 1706 2354; x_wconf 86' lang='grc' dir='ltr'>ὅτι</span> <span class='ocrx_word' id='word_1_177' title='bbox 1736 2300 1797 2353; x_wconf 93' lang='grc' dir='ltr'>οὐ</span> <span class='ocrx_word' id='word_1_178' title='bbox 1823 2299 1995 2352; x_wconf 89' lang='grc' dir='ltr'>δεῖται</span> 
     </span>
    </p>
   </div>
   <div class='ocr_carea' id='block_1_23' title="bbox 305 2386 1994 2468">
    <p class='ocr_par' dir='ltr' id='par_1_23' title="bbox 305 2386 1994 2468">
     <span class='ocr_line' id='line_1_23' title="bbox 305 2386 1994 2468; baseline -0.006 -19"><span class='ocrx_word' id='word_1_179' title='bbox 305 2395 652 2468; x_wconf 82' lang='grc' dir='ltr'>διορθώσεως</span> <span class='ocrx_word' id='word_1_180' title='bbox 703 2395 799 2448; x_wconf 79' lang='grc' dir='ltr'>καὶ</span> <span class='ocrx_word' id='word_1_181' title='bbox 842 2391 1142 2463; x_wconf 86' lang='grc' dir='ltr'>θεραπείας</span> <span class='ocrx_word' id='word_1_182' title='bbox 1191 2391 1285 2445; x_wconf 79' lang='grc' dir='ltr'>καὶ</span> <span class='ocrx_word' id='word_1_183' title='bbox 1319 2386 1600 2460; x_wconf 86' lang='grc' dir='ltr'>διηνεκοῦς</span> <span class='ocrx_word' id='word_1_184' title='bbox 1654 2387 1994 2457; x_wconf 88' lang='grc' dir='ltr'>ἀγρυπνίας;</span> 
     </span>
    </p>
   </div>
   <div class='ocr_carea' id='block_1_24' title="bbox 390 2472 1992 2554">
    <p class='ocr_par' dir='ltr' id='par_1_24' title="bbox 390 2472 1992 2554">
     <span class='ocr_line' id='line_1_24' title="bbox 390 2472 1992 2554; baseline -0.006 -20"><span class='ocrx_word' id='word_1_185' title='bbox 390 2481 544 2535; x_wconf 87' lang='grc' dir='ltr'>Ἐλθέ</span> <span class='ocrx_word' id='word_1_186' title='bbox 560 2480 741 2545; x_wconf 81' lang='grc' dir='ltr'>τοίνυν</span> <span class='ocrx_word' id='word_1_187' title='bbox 760 2479 854 2547; x_wconf 88' lang='lat' dir='ltr'>ml</span> <span class='ocrx_word' id='word_1_188' title='bbox 872 2477 1179 2549; x_wconf 80' lang='grc' dir='ltr'>θεραπεύου</span> <span class='ocrx_word' id='word_1_189' title='bbox 1205 2475 1325 2554; x_wconf 59' lang='grc' dir='ltr'>μετ’</span> <span class='ocrx_word' id='word_1_190' title='bbox 1358 2474 1494 2546; x_wconf 91' lang='grc' dir='ltr'>ἐμοῦ</span> <span class='ocrx_word' id='word_1_191' title='bbox 1530 2472 1623 2539; x_wconf 85' lang='grc' dir='ltr'>τοῦ</span> <span class='ocrx_word' id='word_1_192' title='bbox 1646 2472 1992 2527; x_wconf 85' lang='grc' dir='ltr'>διδασκάλου.</span> 
     </span>
    </p>
   </div>
   <div class='ocr_carea' id='block_1_25' title="bbox 304 2560 1996 2638">
    <p class='ocr_par' dir='ltr' id='par_1_25' title="bbox 304 2560 1996 2638">
     <span class='ocr_line' id='line_1_25' title="bbox 304 2560 1996 2638; baseline -0.006 -17"><span class='ocrx_word' id='word_1_193' title='bbox 304 2568 370 2633; x_wconf 82' lang='grc' dir='ltr'>Εἰ</span> <span class='ocrx_word' id='word_1_194' title='bbox 392 2567 450 2621; x_wconf 79' lang='grc' dir='ltr'>δὲ</span> <span class='ocrx_word' id='word_1_195' title='bbox 479 2566 640 2638; x_wconf 77' lang='grc' dir='ltr'>ὑγιὴς</span> <span class='ocrx_word' id='word_1_196' title='bbox 672 2560 743 2635; x_wconf 77' lang='grc' dir='ltr'>εἰ,</span> <span class='ocrx_word' id='word_1_197' title='bbox 783 2565 879 2635; x_wconf 65' lang='grc' dir='ltr'>καὶ</span> <span class='ocrx_word' id='word_1_198' title='bbox 898 2565 989 2619; x_wconf 90' lang='grc' dir='ltr'>διά</span> <span class='ocrx_word' id='word_1_199' title='bbox 1017 2563 1176 2633; x_wconf 82' lang='grc' dir='ltr'>τοῦτο</span> <span class='ocrx_word' id='word_1_200' title='bbox 1203 2562 1536 2635; x_wconf 89' lang='grc' dir='ltr'>παραγίνου,</span> <span class='ocrx_word' id='word_1_201' title='bbox 1564 2562 1649 2614; x_wconf 83' lang='grc' dir='ltr'>ἵνα</span> <span class='ocrx_word' id='word_1_202' title='bbox 1679 2560 1996 2632; x_wconf 79' lang='grc' dir='ltr'>ὑγιέστερος</span> 
     </span>
    </p>
   </div>
   <div class='ocr_carea' id='block_1_26' title="bbox 304 2647 1998 2727">
    <p class='ocr_par' dir='ltr' id='par_1_26' title="bbox 304 2647 1998 2727">
     <span class='ocr_line' id='line_1_26' title="bbox 304 2647 1998 2727; baseline -0.005 -17"><span class='ocrx_word' id='word_1_203' title='bbox 304 2659 461 2727; x_wconf 78' lang='grc' dir='ltr'>γένῃο</span> <span class='ocrx_word' id='word_1_204' title='bbox 501 2656 530 2708; x_wconf 91' lang='lat'>6</span> <span class='ocrx_word' id='word_1_205' title='bbox 561 2654 672 2726; x_wconf 81' lang='grc' dir='ltr'>γὰρ</span> <span class='ocrx_word' id='word_1_206' title='bbox 695 2654 853 2722; x_wconf 89' lang='grc' dir='ltr'>λόγος</span> <span class='ocrx_word' id='word_1_207' title='bbox 878 2652 1005 2717; x_wconf 87' lang='grc' dir='ltr'>τούς</span> <span class='ocrx_word' id='word_1_208' title='bbox 1042 2670 1102 2706; x_wconf 89' lang='grc' dir='ltr'>τε</span> <span class='ocrx_word' id='word_1_209' title='bbox 1134 2651 1358 2723; x_wconf 82' lang='grc' dir='ltr'>ἔχοντας</span> <span class='ocrx_word' id='word_1_210' title='bbox 1397 2651 1679 2721; x_wconf 84' lang='grc' dir='ltr'>νοσήματα</span> <span class='ocrx_word' id='word_1_211' title='bbox 1718 2647 1998 2701; x_wconf 84' lang='grc' dir='ltr'>ἀπαλλάτ-</span> 
     </span>
    </p>
   </div>
   <div class='ocr_carea' id='block_1_27' title="bbox 303 2735 1998 2815">
    <p class='ocr_par' dir='ltr' id='par_1_27' title="bbox 303 2735 1998 2815">
     <span class='ocr_line' id='line_1_27' title="bbox 303 2735 1998 2815; baseline -0.006 -17"><span class='ocrx_word' id='word_1_212' title='bbox 303 2762 389 2798; x_wconf 87' lang='grc' dir='ltr'>τει</span> <span class='ocrx_word' id='word_1_213' title='bbox 418 2743 517 2814; x_wconf 85' lang='grc' dir='ltr'>τῆς</span> <span class='ocrx_word' id='word_1_214' title='bbox 533 2743 870 2815; x_wconf 74' lang='grc' dir='ltr'>ἀρρωστίας,</span> <span class='ocrx_word' id='word_1_215' title='bbox 891 2742 1019 2811; x_wconf 86' lang='grc' dir='ltr'>τούς</span> <span class='ocrx_word' id='word_1_216' title='bbox 1051 2759 1111 2811; x_wconf 83' lang='grc' dir='ltr'>τε</span> <span class='ocrx_word' id='word_1_217' title='bbox 1151 2742 1251 2796; x_wconf 91' lang='grc' dir='ltr'>οὐκ</span> <span class='ocrx_word' id='word_1_218' title='bbox 1282 2738 1508 2810; x_wconf 74' lang='grc' dir='ltr'>ἔχοντας</span> <span class='ocrx_word' id='word_1_219' title='bbox 1558 2735 1998 2811; x_wconf 85' lang='grc' dir='ltr'>ἀσφαλεστέρους</span> 
     </span>
    </p>
   </div>
   <div class='ocr_carea' id='block_1_28' title="bbox 306 2824 2001 2903">
    <p class='ocr_par' dir='ltr' id='par_1_28' title="bbox 306 2824 2001 2903">
     <span class='ocr_line' id='line_1_28' title="bbox 306 2824 2001 2903; baseline -0.006 -15"><span class='ocrx_word' id='word_1_220' title='bbox 306 2831 623 2902; x_wconf 79' lang='grc' dir='ltr'>καθίστησι,</span> <span class='ocrx_word' id='word_1_221' title='bbox 654 2830 1006 2903; x_wconf 80' lang='grc' dir='ltr'>διορθωτικός</span> <span class='ocrx_word' id='word_1_222' title='bbox 1025 2847 1085 2883; x_wconf 93' lang='grc' dir='ltr'>τε</span> <span class='ocrx_word' id='word_1_223' title='bbox 1110 2828 1185 2883; x_wconf 86' lang='grc' dir='ltr'>ῶν</span> <span class='ocrx_word' id='word_1_224' title='bbox 1212 2827 1323 2882; x_wconf 91' lang='grc' dir='ltr'>τῶν</span> <span class='ocrx_word' id='word_1_225' title='bbox 1371 2825 1701 2899; x_wconf 82' lang='grc' dir='ltr'>γενομένων,</span> <span class='ocrx_word' id='word_1_226' title='bbox 1731 2824 1826 2879; x_wconf 92' lang='lat' dir='ltr'>ml</span> <span class='ocrx_word' id='word_1_227' title='bbox 1866 2842 2001 2896; x_wconf 82' lang='grc' dir='ltr'>προ-</span> 
     </span>
    </p>
   </div>
   <div class='ocr_carea' id='block_1_29' title="bbox 307 2912 2003 2990">
    <p class='ocr_par' dir='ltr' id='par_1_29' title="bbox 307 2912 2003 2990">
     <span class='ocr_line' id='line_1_29' title="bbox 307 2912 2003 2990; baseline -0.004 -16"><span class='ocrx_word' id='word_1_228' title='bbox 307 2919 642 2990; x_wconf 77' lang='grc' dir='ltr'>φυλακτικὸς</span> <span class='ocrx_word' id='word_1_229' title='bbox 694 2919 805 2989; x_wconf 84' lang='grc' dir='ltr'>τῶν</span> <span class='ocrx_word' id='word_1_230' title='bbox 856 2917 1069 2974; x_wconf 78' lang='grc' dir='ltr'>οὐδέπω</span> <span class='ocrx_word' id='word_1_231' title='bbox 1128 2915 1472 2987; x_wconf 85' lang='grc' dir='ltr'>συμϐάντων.</span> <span class='ocrx_word' id='word_1_232' title='bbox 1519 2916 1582 2978; x_wconf 84' lang='grc' dir='ltr'>Εἰ</span> <span class='ocrx_word' id='word_1_233' title='bbox 1632 2914 1688 2983; x_wconf 87' lang='grc' dir='ltr'>δὲ</span> <span class='ocrx_word' id='word_1_234' title='bbox 1729 2914 1807 2986; x_wconf 85' lang='grc' dir='ltr'>μὴ</span> <span class='ocrx_word' id='word_1_235' title='bbox 1841 2912 2003 2983; x_wconf 55' lang='grc' dir='ltr'>τοῦτο,</span> 
     </span>
    </p>
   </div>
   <div class='ocr_carea' id='block_1_30' title="bbox 308 3002 2001 3079">
    <p class='ocr_par' dir='ltr' id='par_1_30' title="bbox 308 3002 2001 3079">
     <span class='ocr_line' id='line_1_30' title="bbox 308 3002 2001 3079; baseline -0.002 -19"><span class='ocrx_word' id='word_1_236' title='bbox 308 3006 455 3077; x_wconf 57' lang='grc' dir='ltr'>ἔχεις</span> <span class='ocrx_word' id='word_1_237' title='bbox 478 3006 541 3060; x_wconf 92' lang='grc' dir='ltr'>τὸ</span> <span class='ocrx_word' id='word_1_238' title='bbox 580 3006 909 3078; x_wconf 63' lang='grc' dir='ltr'>ἁμάρτημα,</span> <span class='ocrx_word' id='word_1_239' title='bbox 958 3005 1076 3073; x_wconf 83' lang='grc' dir='ltr'>ἀλλ’</span> <span class='ocrx_word' id='word_1_240' title='bbox 1116 3004 1304 3079; x_wconf 79' lang='grc' dir='ltr'>ἕτερον</span> <span class='ocrx_word' id='word_1_241' title='bbox 1348 3002 1515 3075; x_wconf 76' lang='grc' dir='ltr'>ἔχεις·</span> <span class='ocrx_word' id='word_1_242' title='bbox 1553 3003 1652 3067; x_wconf 87' lang='grc' dir='ltr'>Τίς</span> <span class='ocrx_word' id='word_1_243' title='bbox 1709 3002 1821 3070; x_wconf 78' lang='grc' dir='ltr'>γὰρ</span> <span class='ocrx_word' id='word_1_244' title='bbox 1855 3018 2001 3063; x_wconf 81' lang='grc' dir='ltr'>καυ-</span> 
     </span>
    </p>
   </div>
   <div class='ocr_carea' id='block_1_31' title="bbox 309 3082 1999 3167">
    <p class='ocr_par' dir='ltr' id='par_1_31' title="bbox 309 3082 1999 3167">
     <span class='ocr_line' id='line_1_31' title="bbox 309 3082 1999 3167; baseline -0.004 -19"><span class='ocrx_word' id='word_1_245' title='bbox 309 3093 564 3167; x_wconf 75' lang='grc' dir='ltr'>χήσεται</span> <span class='ocrx_word' id='word_1_246' title='bbox 588 3092 784 3161; x_wconf 75' lang='grc' dir='ltr'><em>ἁγνὴν</em></span> <span class='ocrx_word' id='word_1_247' title='bbox 818 3082 983 3161; x_wconf 64' lang='grc' dir='ltr'>ἔχειν</span> <span class='ocrx_word' id='word_1_248' title='bbox 1008 3090 1261 3160; x_wconf 76' lang='grc' dir='ltr'>καρδίαν</span> <span class='ocrx_word' id='word_1_249' title='bbox 1284 3106 1305 3155; x_wconf 86' lang='grc'><em>;</em></span> <span class='ocrx_word' id='word_1_250' title='bbox 1328 3092 1366 3160; x_wconf 83' lang='grc' dir='ltr'><strong><em>ἣ</em></strong></span> <span class='ocrx_word' id='word_1_251' title='bbox 1401 3090 1495 3156; x_wconf 87' lang='grc' dir='ltr'>τίς</span> <span class='ocrx_word' id='word_1_252' title='bbox 1518 3089 1999 3161; x_wconf 74' lang='grc' dir='ltr'>παῤῥησιὰσεται</span> 
     </span>
    </p>
   </div>
   <div class='ocr_carea' id='block_1_32' title="bbox 308 3168 2003 3255">
    <p class='ocr_par' dir='ltr' id='par_1_32' title="bbox 308 3168 2003 3255">
     <span class='ocr_line' id='line_1_32' title="bbox 308 3168 2003 3255; baseline -0.004 -19"><span class='ocrx_word' id='word_1_253' title='bbox 308 3168 573 3250; x_wconf 70' lang='grc' dir='ltr'>καθαρὸς</span> <span class='ocrx_word' id='word_1_254' title='bbox 603 3181 755 3235; x_wconf 78' lang='grc' dir='ltr'>εἶναι</span> <span class='ocrx_word' id='word_1_255' title='bbox 776 3181 896 3236; x_wconf 78' lang='grc' dir='ltr'>ἀπὸ</span> <span class='ocrx_word' id='word_1_256' title='bbox 919 3179 1252 3255; x_wconf 59' lang='grc' dir='ltr'>ἁμαρτίαςί</span> <span class='ocrx_word' id='word_1_257' title='bbox 1279 3176 1377 3255; x_wconf 14' lang='grc' dir='ltr'>Μὴ»</span> <span class='ocrx_word' id='word_1_258' title='bbox 1391 3177 1590 3241; x_wconf 91' lang='grc' dir='ltr'>τοίνυν,</span> <span class='ocrx_word' id='word_1_259' title='bbox 1616 3176 1807 3248; x_wconf 79' lang='grc' dir='ltr'>ἐπειδὴ</span> <span class='ocrx_word' id='word_1_260' title='bbox 1826 3177 2003 3249; x_wconf 73' lang='grc' dir='ltr'>ἥμαρ-</span> 
     </span>
    </p>
   </div>
   <div class='ocr_carea' id='block_1_33' title="bbox 308 3252 2001 3340">
    <p class='ocr_par' dir='ltr' id='par_1_33' title="bbox 308 3252 2001 3340">
     <span class='ocr_line' id='line_1_33' title="bbox 308 3252 2001 3340; baseline -0.002 -18"><span class='ocrx_word' id='word_1_261' title='bbox 308 3286 426 3335; x_wconf 79' lang='grc' dir='ltr'>⁴ιιες,</span> <span class='ocrx_word' id='word_1_262' title='bbox 476 3267 775 3340; x_wconf 75' lang='grc' dir='ltr'>αἰσχυνθῇς</span> <span class='ocrx_word' id='word_1_263' title='bbox 820 3252 1249 3338; x_wconf 78' lang='grc' dir='ltr'>παραγενέσθαι,</span> <span class='ocrx_word' id='word_1_264' title='bbox 1305 3252 1443 3320; x_wconf 82' lang='grc' dir='ltr'>ἀλλὰ</span> <span class='ocrx_word' id='word_1_265' title='bbox 1486 3264 1553 3319; x_wconf 88' lang='grc' dir='ltr'>δι’</span> <span class='ocrx_word' id='word_1_266' title='bbox 1588 3264 1721 3319; x_wconf 90' lang='grc' dir='ltr'>αὐτὸ</span> <span class='ocrx_word' id='word_1_267' title='bbox 1761 3265 1858 3336; x_wconf 83' lang='grc' dir='ltr'>μὲν</span> <span class='ocrx_word' id='word_1_268' title='bbox 1907 3260 2001 3318; x_wconf 85' lang='grc' dir='ltr'>οῦν</span> 
     </span>
    </p>
   </div>
   <div class='ocr_carea' id='block_1_34' title="bbox 310 3342 1999 3425">
    <p class='ocr_par' dir='ltr' id='par_1_34' title="bbox 310 3342 1999 3425">
     <span class='ocr_line' id='line_1_34' title="bbox 310 3342 1999 3425; baseline -0.002 -17"><span class='ocrx_word' id='word_1_269' title='bbox 310 3355 470 3425; x_wconf 66' lang='grc' dir='ltr'>Ιτοῦτο</span> <span class='ocrx_word' id='word_1_270' title='bbox 498 3342 832 3425; x_wconf 76' lang='grc' dir='ltr'>ἀπάντησον.</span> <span class='ocrx_word' id='word_1_271' title='bbox 856 3353 1045 3421; x_wconf 72' lang='grc' dir='ltr'>Οὐδεὶς</span> <span class='ocrx_word' id='word_1_272' title='bbox 1062 3353 1171 3425; x_wconf 82' lang='grc' dir='ltr'>γάρ</span> <span class='ocrx_word' id='word_1_273' title='bbox 1211 3351 1383 3421; x_wconf 86' lang='grc' dir='ltr'>λέγει’</span> <span class='ocrx_word' id='word_1_274' title='bbox 1430 3350 1651 3423; x_wconf 80' lang='grc' dir='ltr'>Ἐπειδὴ</span> <span class='ocrx_word' id='word_1_275' title='bbox 1681 3351 1837 3415; x_wconf 85' lang='grc' dir='ltr'>ἐλκος</span> <span class='ocrx_word' id='word_1_276' title='bbox 1869 3349 1999 3422; x_wconf 72' lang='grc' dir='ltr'>ἔχω,</span> 
     </span>
    </p>
   </div>
   <div class='ocr_carea' id='block_1_35' title="bbox 312 3439 2005 3519">
    <p class='ocr_par' dir='ltr' id='par_1_35' title="bbox 312 3439 2005 3519">
     <span class='ocr_line' id='line_1_35' title="bbox 312 3439 2005 3519; baseline -0.002 -23"><span class='ocrx_word' id='word_1_277' title='bbox 312 3442 418 3507; x_wconf 77' lang='grc' dir='ltr'>οὐκ</span> <span class='ocrx_word' id='word_1_278' title='bbox 442 3440 688 3513; x_wconf 75' lang='grc' dir='ltr'>ἐπιζητῶ</span> <span class='ocrx_word' id='word_1_279' title='bbox 716 3441 809 3496; x_wconf 85' lang='grc' dir='ltr'>τὸν</span> <span class='ocrx_word' id='word_1_280' title='bbox 845 3441 1048 3519; x_wconf 77' lang='grc' dir='ltr'>ἰατρὸν,</span> <span class='ocrx_word' id='word_1_281' title='bbox 1083 3440 1198 3495; x_wconf 79' lang='grc' dir='ltr'>ἀλλ’</span> <span class='ocrx_word' id='word_1_282' title='bbox 1231 3440 1352 3494; x_wconf 77' lang='grc' dir='ltr'>οὐδὲ</span> <span class='ocrx_word' id='word_1_283' title='bbox 1382 3439 1750 3510; x_wconf 86' lang='grc' dir='ltr'>καταδέχομαι</span> <span class='ocrx_word' id='word_1_284' title='bbox 1783 3440 2005 3510; x_wconf 62' lang='grc' dir='ltr'>φάρματ</span> 
     </span>
    </p>
   </div>
   <div class='ocr_carea' id='block_1_36' title="bbox 312 3522 2003 3599">
    <p class='ocr_par' dir='ltr' id='par_1_36' title="bbox 312 3522 2003 3599">
     <span class='ocr_line' id='line_1_36' title="bbox 312 3522 2003 3599; baseline 0 -16"><span class='ocrx_word' id='word_1_285' title='bbox 312 3546 431 3597; x_wconf 75' lang='grc' dir='ltr'>κον·</span> <span class='ocrx_word' id='word_1_286' title='bbox 461 3529 600 3583; x_wconf 87' lang='grc' dir='ltr'>ἀλλά</span> <span class='ocrx_word' id='word_1_287' title='bbox 630 3528 705 3582; x_wconf 64' lang='grc' dir='ltr'>δι’</span> <span class='ocrx_word' id='word_1_288' title='bbox 729 3527 864 3586; x_wconf 85' lang='grc' dir='ltr'>αὐτὸ</span> <span class='ocrx_word' id='word_1_289' title='bbox 899 3526 1000 3599; x_wconf 68' lang='grc' dir='ltr'>μὲν</span> <span class='ocrx_word' id='word_1_290' title='bbox 1029 3522 1122 3589; x_wconf 77' lang='grc' dir='ltr'>οὖν</span> <span class='ocrx_word' id='word_1_291' title='bbox 1153 3527 1314 3583; x_wconf 88' lang='grc' dir='ltr'>τοῦτο</span> <span class='ocrx_word' id='word_1_292' title='bbox 1347 3526 1586 3599; x_wconf 83' lang='grc' dir='ltr'>μάλιστα</span> <span class='ocrx_word' id='word_1_293' title='bbox 1613 3528 1706 3581; x_wconf 90' lang='lat' dir='ltr'>ml</span> <span class='ocrx_word' id='word_1_294' title='bbox 1758 3528 1885 3590; x_wconf 82' lang='grc' dir='ltr'>τοὺς</span> <span class='ocrx_word' id='word_1_295' title='bbox 1918 3528 2003 3583; x_wconf 75' lang='grc' dir='ltr'>ἰα-</span> 
     </span>
    </p>
   </div>
   <div class='ocr_carea' id='block_1_37' title="bbox 311 3609 2002 3688">
    <p class='ocr_par' dir='ltr' id='par_1_37' title="bbox 311 3609 2002 3688">
     <span class='ocr_line' id='line_1_37' title="bbox 311 3609 2002 3688; baseline -0.003 -18"><span class='ocrx_word' id='word_1_296' title='bbox 311 3616 610 3688; x_wconf 87' lang='grc' dir='ltr'>τρεύοντας</span> <span class='ocrx_word' id='word_1_297' title='bbox 635 3615 729 3669; x_wconf 92' lang='lat' dir='ltr'>ml</span> <span class='ocrx_word' id='word_1_298' title='bbox 773 3616 883 3669; x_wconf 90' lang='grc' dir='ltr'>τῶν</span> <span class='ocrx_word' id='word_1_299' title='bbox 930 3614 1242 3687; x_wconf 82' lang='grc' dir='ltr'>φαρμάκων</span> <span class='ocrx_word' id='word_1_300' title='bbox 1302 3613 1401 3685; x_wconf 80' lang='grc' dir='ltr'>τὴν</span> <span class='ocrx_word' id='word_1_301' title='bbox 1440 3613 1672 3684; x_wconf 89' lang='grc' dir='ltr'>δύναμιν</span> <span class='ocrx_word' id='word_1_302' title='bbox 1719 3609 2002 3684; x_wconf 76' lang='grc' dir='ltr'>ἐπιζητεῖν</span> 
     </span>
    </p>
   </div>
   <div class='ocr_carea' id='block_1_38' title="bbox 314 3690 2006 3775">
    <p class='ocr_par' dir='ltr' id='par_1_38' title="bbox 314 3690 2006 3775">
     <span class='ocr_line' id='line_1_38' title="bbox 314 3690 2006 3775; baseline -0.004 -17"><span class='ocrx_word' id='word_1_303' title='bbox 314 3706 635 3775; x_wconf 75' lang='grc' dir='ltr'>ἀναγκαῖον.</span> <span class='ocrx_word' id='word_1_304' title='bbox 676 3705 867 3773; x_wconf 83' lang='grc' dir='ltr'>ἰσμεν</span> <span class='ocrx_word' id='word_1_305' title='bbox 901 3701 1011 3774; x_wconf 88' lang='grc' dir='ltr'>γὰρ</span> <span class='ocrx_word' id='word_1_306' title='bbox 1040 3703 1133 3756; x_wconf 89' lang='lat' dir='ltr'>ml</span> <span class='ocrx_word' id='word_1_307' title='bbox 1155 3704 1316 3771; x_wconf 84' lang='grc' dir='ltr'>ἡμεῖς</span> <span class='ocrx_word' id='word_1_308' title='bbox 1346 3690 1759 3772; x_wconf 85' lang='grc' dir='ltr'>συγγινώσκειν,</span> <span class='ocrx_word' id='word_1_309' title='bbox 1789 3700 1885 3754; x_wconf 77' lang='grc' dir='ltr'>ἅτε</span> <span class='ocrx_word' id='word_1_310' title='bbox 1911 3699 2006 3753; x_wconf 89' lang='lat' dir='ltr'>ml</span> 
     </span>
    </p>
   </div>
   <div class='ocr_carea' id='block_1_39' title="bbox 316 3787 2005 3863">
    <p class='ocr_par' dir='ltr' id='par_1_39' title="bbox 316 3787 2005 3863">
     <span class='ocr_line' id='line_1_39' title="bbox 316 3787 2005 3863; baseline -0.003 -18"><span class='ocrx_word' id='word_1_311' title='bbox 316 3793 476 3861; x_wconf 71' lang='grc' dir='ltr'>αὐτοὶ</span> <span class='ocrx_word' id='word_1_312' title='bbox 498 3792 705 3863; x_wconf 79' lang='grc' dir='ltr'>ἑτέροις</span> <span class='ocrx_word' id='word_1_313' title='bbox 754 3791 1147 3863; x_wconf 77' lang='grc' dir='ltr'>ἀμαρτήμασιν</span> <span class='ocrx_word' id='word_1_314' title='bbox 1174 3789 1327 3853; x_wconf 68' lang='grc' dir='ltr'>ὄντες</span> <span class='ocrx_word' id='word_1_315' title='bbox 1381 3789 1695 3844; x_wconf 86' lang='grc' dir='ltr'>ὑπεύθυνοι.</span> <span class='ocrx_word' id='word_1_316' title='bbox 1745 3787 1844 3843; x_wconf 88' lang='grc' dir='ltr'>Διά</span> <span class='ocrx_word' id='word_1_317' title='bbox 1896 3787 2005 3859; x_wconf 84' lang='grc' dir='ltr'>γάρ</span> 
     </span>
    </p>
   </div>
   <div class='ocr_carea' id='block_1_40' title="bbox 314 3877 2006 3949">
    <p class='ocr_par' dir='ltr' id='par_1_40' title="bbox 314 3877 2006 3949">
     <span class='ocr_line' id='line_1_40' title="bbox 314 3877 2006 3949; baseline -0.002 -16"><span class='ocrx_word' id='word_1_318' title='bbox 314 3880 479 3934; x_wconf 89' lang='grc' dir='ltr'>τοῦτο</span> <span class='ocrx_word' id='word_1_319' title='bbox 504 3881 601 3933; x_wconf 78' lang='lat' dir='ltr'>ml</span> <span class='ocrx_word' id='word_1_320' title='bbox 627 3880 658 3932; x_wconf 88' lang='lat'>6</span> <span class='ocrx_word' id='word_1_321' title='bbox 686 3879 818 3944; x_wconf 85' lang='grc' dir='ltr'>Θεὸς</span> <span class='ocrx_word' id='word_1_322' title='bbox 845 3879 947 3943; x_wconf 79' lang='grc' dir='ltr'>οὐκ</span> <span class='ocrx_word' id='word_1_323' title='bbox 1002 3878 1270 3949; x_wconf 80' lang='grc' dir='ltr'>ἀγγέλους</span> <span class='ocrx_word' id='word_1_324' title='bbox 1304 3878 1505 3937; x_wconf 75' lang='grc' dir='ltr'>ἔδωκεν</span> <span class='ocrx_word' id='word_1_325' title='bbox 1562 3880 1696 3948; x_wconf 85' lang='grc' dir='ltr'>ἡμῖν</span> <span class='ocrx_word' id='word_1_326' title='bbox 1748 3877 2006 3941; x_wconf 82' lang='grc' dir='ltr'>διδασκά-</span> 
     </span>
    </p>
   </div>
   <div class='ocr_carea' id='block_1_41' title="bbox 316 3962 2006 4038">
    <p class='ocr_par' dir='ltr' id='par_1_41' title="bbox 316 3962 2006 4038">
     <span class='ocr_line' id='line_1_41' title="bbox 316 3962 2006 4038; baseline -0.003 -17"><span class='ocrx_word' id='word_1_327' title='bbox 316 3965 467 4035; x_wconf 82' lang='grc' dir='ltr'>λους,</span> <span class='ocrx_word' id='word_1_328' title='bbox 492 3966 614 4021; x_wconf 85' lang='grc' dir='ltr'>οὐδέ</span> <span class='ocrx_word' id='word_1_329' title='bbox 643 3966 736 4020; x_wconf 90' lang='grc' dir='ltr'>τὸν</span> <span class='ocrx_word' id='word_1_330' title='bbox 778 3965 1023 4038; x_wconf 82' lang='grc' dir='ltr'>Γαϐριὴλ</span> <span class='ocrx_word' id='word_1_331' title='bbox 1072 3965 1279 4023; x_wconf 82' lang='grc' dir='ltr'>ἀνωθεν</span> <span class='ocrx_word' id='word_1_332' title='bbox 1320 3964 1667 4029; x_wconf 89' lang='grc' dir='ltr'>κατενεγκὼν</span> <span class='ocrx_word' id='word_1_333' title='bbox 1704 3962 2006 4034; x_wconf 73' lang='grc' dir='ltr'>ἐπέστησεν</span> 
     </span>
    </p>
   </div>
   <div class='ocr_carea' id='block_1_42' title="bbox 317 4052 2010 4123">
    <p class='ocr_par' dir='ltr' id='par_1_42' title="bbox 317 4052 2010 4123">
     <span class='ocr_line' id='line_1_42' title="bbox 317 4052 2010 4123; baseline -0.005 -12"><span class='ocrx_word' id='word_1_334' title='bbox 317 4055 487 4111; x_wconf 84' lang='grc' dir='ltr'>αὐτοῦ</span> <span class='ocrx_word' id='word_1_335' title='bbox 508 4056 628 4119; x_wconf 83' lang='grc' dir='ltr'>ταῖς</span> <span class='ocrx_word' id='word_1_336' title='bbox 647 4054 890 4123; x_wconf 81' lang='grc' dir='ltr'>ἀγέλαις,</span> <span class='ocrx_word' id='word_1_337' title='bbox 919 4052 1033 4109; x_wconf 88' lang='grc' dir='ltr'>ἀλλ’</span> <span class='ocrx_word' id='word_1_338' title='bbox 1064 4052 1161 4107; x_wconf 77' lang='grc' dir='ltr'>ἀπ’</span> <span class='ocrx_word' id='word_1_339' title='bbox 1190 4052 1469 4120; x_wconf 87' lang='grc' dir='ltr'>αὐτοῦτοῦ</span> <span class='ocrx_word' id='word_1_340' title='bbox 1490 4052 1741 4122; x_wconf 75' lang='grc' dir='ltr'>ποιμνίου</span> <span class='ocrx_word' id='word_1_341' title='bbox 1769 4052 2010 4122; x_wconf 83' lang='grc' dir='ltr'>ἀναλαμ-</span> 
     </span>
    </p>
   </div>
   <div class='ocr_carea' id='block_1_43' title="bbox 318 4134 2009 4212">
    <p class='ocr_par' dir='ltr' id='par_1_43' title="bbox 318 4134 2009 4212">
     <span class='ocr_line' id='line_1_43' title="bbox 318 4134 2009 4212; baseline -0.003 -18"><span class='ocrx_word' id='word_1_342' title='bbox 318 4140 499 4202; x_wconf 88' lang='grc' dir='ltr'>ϐάνων</span> <span class='ocrx_word' id='word_1_343' title='bbox 522 4143 669 4195; x_wconf 90' lang='grc' dir='ltr'>ποιεί</span> <span class='ocrx_word' id='word_1_344' title='bbox 688 4138 1078 4212; x_wconf 79' lang='grc' dir='ltr'>ποιμένας,ἀπ’</span> <span class='ocrx_word' id='word_1_345' title='bbox 1097 4138 1277 4205; x_wconf 82' lang='grc' dir='ltr'>αὐτῶν</span> <span class='ocrx_word' id='word_1_346' title='bbox 1296 4138 1406 4191; x_wconf 90' lang='grc' dir='ltr'>τῶν</span> <span class='ocrx_word' id='word_1_347' title='bbox 1434 4137 1724 4207; x_wconf 76' lang='grc' dir='ltr'>προβάτων</span> <span class='ocrx_word' id='word_1_348' title='bbox 1743 4137 1834 4190; x_wconf 89' lang='grc' dir='ltr'>τὸν</span> <span class='ocrx_word' id='word_1_349' title='bbox 1856 4134 2009 4205; x_wconf 88' lang='grc' dir='ltr'>ἀγελ-</span> 
     </span>
    </p>
   </div>
   <div class='ocr_carea' id='block_1_44' title="bbox 319 4222 2010 4301">
    <p class='ocr_par' dir='ltr' id='par_1_44' title="bbox 319 4222 2010 4301">
     <span class='ocr_line' id='line_1_44' title="bbox 319 4222 2010 4301; baseline -0.001 -21"><span class='ocrx_word' id='word_1_350' title='bbox 319 4228 517 4301; x_wconf 79' lang='grc' dir='ltr'>άρχην,</span> <span class='ocrx_word' id='word_1_351' title='bbox 573 4229 663 4282; x_wconf 78' lang='grc' dir='ltr'>ἵνα</span> <span class='ocrx_word' id='word_1_352' title='bbox 695 4227 1140 4299; x_wconf 81' lang='grc' dir='ltr'>συγγνωμονικὸς</span> <span class='ocrx_word' id='word_1_353' title='bbox 1179 4222 1352 4301; x_wconf 79' lang='grc' dir='ltr'>ᾗτοϊς</span> <span class='ocrx_word' id='word_1_354' title='bbox 1401 4225 1752 4298; x_wconf 89' lang='grc' dir='ltr'>ἀρχομένοις,</span> <span class='ocrx_word' id='word_1_355' title='bbox 1787 4225 1880 4294; x_wconf 77' lang='lat' dir='ltr'>ml</span> <span class='ocrx_word' id='word_1_356' title='bbox 1909 4225 2010 4297; x_wconf 81' lang='grc' dir='ltr'>τὴν</span> 
     </span>
    </p>
   </div>
   <div class='ocr_carea' id='block_1_45' title="bbox 316 4312 2010 4385">
    <p class='ocr_par' dir='ltr' id='par_1_45' title="bbox 316 4312 2010 4385">
     <span class='ocr_line' id='line_1_45' title="bbox 316 4312 2010 4385; baseline -0.001 -15"><span class='ocrx_word' id='word_1_357' title='bbox 316 4316 529 4372; x_wconf 79' lang='grc' dir='ltr'>οἰκείαν</span> <span class='ocrx_word' id='word_1_358' title='bbox 549 4315 837 4370; x_wconf 88' lang='grc' dir='ltr'>ἀσθένειαν</span> <span class='ocrx_word' id='word_1_359' title='bbox 858 4314 1075 4383; x_wconf 80' lang='grc' dir='ltr'>ἐννοῶν,</span> <span class='ocrx_word' id='word_1_360' title='bbox 1108 4313 1185 4385; x_wconf 85' lang='grc' dir='ltr'>μὴ</span> <span class='ocrx_word' id='word_1_361' title='bbox 1232 4312 1530 4385; x_wconf 82' lang='grc' dir='ltr'>ἐπαίρηται</span> <span class='ocrx_word' id='word_1_362' title='bbox 1557 4313 1697 4367; x_wconf 81' lang='grc' dir='ltr'>κατά</span> <span class='ocrx_word' id='word_1_363' title='bbox 1743 4312 1855 4366; x_wconf 87' lang='grc' dir='ltr'>τῶν</span> <span class='ocrx_word' id='word_1_364' title='bbox 1889 4329 2010 4369; x_wconf 52' lang='grc' dir='ltr'>ποις</span> 
     </span>
    </p>
   </div>
   <div class='ocr_carea' id='block_1_46' title="bbox 324 4394 2011 4479">
    <p class='ocr_par' dir='ltr' id='par_1_46' title="bbox 324 4394 2011 4479">
     <span class='ocr_line' id='line_1_46' title="bbox 324 4394 2011 4479; baseline -0.002 -22"><span class='ocrx_word' id='word_1_365' title='bbox 324 4404 691 4479; x_wconf 80' lang='grc' dir='ltr'>μαινομένων,</span> <span class='ocrx_word' id='word_1_366' title='bbox 717 4403 833 4465; x_wconf 84' lang='grc' dir='ltr'>ἀλλ’</span> <span class='ocrx_word' id='word_1_367' title='bbox 864 4402 964 4477; x_wconf 72' lang='grc' dir='ltr'>ἔχῃ</span> <span class='ocrx_word' id='word_1_368' title='bbox 983 4394 1202 4479; x_wconf 82' lang='grc' dir='ltr'>χαλινὸν</span> <span class='ocrx_word' id='word_1_369' title='bbox 1229 4401 1323 4457; x_wconf 88' lang='lat' dir='ltr'>ml</span> <span class='ocrx_word' id='word_1_370' title='bbox 1356 4399 1859 4471; x_wconf 79' lang='grc' dir='ltr'>ταπεινοφροσύνης</span> <span class='ocrx_word' id='word_1_371' title='bbox 1879 4399 2011 4453; x_wconf 87' lang='grc' dir='ltr'>ὑπό-</span> 
     </span>
    </p>
   </div>
   <div class='ocr_carea' id='block_1_47' title="bbox 321 4478 2008 4560">
    <p class='ocr_par' dir='ltr' id='par_1_47' title="bbox 321 4478 2008 4560">
     <span class='ocr_line' id='line_1_47' title="bbox 321 4478 2008 4560; baseline -0.001 -15"><span class='ocrx_word' id='word_1_372' title='bbox 321 4478 475 4545; x_wconf 84' lang='grc' dir='ltr'>θεσιν</span> <span class='ocrx_word' id='word_1_373' title='bbox 523 4489 618 4543; x_wconf 91' lang='grc' dir='ltr'>τοῦ</span> <span class='ocrx_word' id='word_1_374' title='bbox 653 4491 856 4546; x_wconf 76' lang='grc' dir='ltr'>οἰκείου</span> <span class='ocrx_word' id='word_1_375' title='bbox 888 4478 1188 4554; x_wconf 87' lang='grc' dir='ltr'>συνειδότος</span> <span class='ocrx_word' id='word_1_376' title='bbox 1216 4489 1316 4560; x_wconf 80' lang='grc' dir='ltr'>τὴν</span> <span class='ocrx_word' id='word_1_377' title='bbox 1359 4487 1627 4559; x_wconf 88' lang='grc' dir='ltr'>ἀνάγκην.</span> <span class='ocrx_word' id='word_1_378' title='bbox 1682 4487 1788 4551; x_wconf 81' lang='lat' dir='ltr'>Kal</span> <span class='ocrx_word' id='word_1_379' title='bbox 1836 4488 2008 4543; x_wconf 82' lang='grc' dir='ltr'>ὅτιού</span> 
     </span>
    </p>
   </div>
   <div class='ocr_carea' id='block_1_48' title="bbox 323 4574 2010 4652">
    <p class='ocr_par' dir='ltr' id='par_1_48' title="bbox 323 4574 2010 4652">
     <span class='ocr_line' id='line_1_48' title="bbox 323 4574 2010 4652; baseline -0.001 -20"><span class='ocrx_word' id='word_1_380' title='bbox 323 4578 632 4652; x_wconf 75' lang='grc' dir='ltr'>στοχασμὸς</span> <span class='ocrx_word' id='word_1_381' title='bbox 666 4578 735 4632; x_wconf 84' lang='grc' dir='ltr'>τὰ</span> <span class='ocrx_word' id='word_1_382' title='bbox 762 4577 1049 4650; x_wconf 82' lang='grc' dir='ltr'>εἰρημένα,</span> <span class='ocrx_word' id='word_1_383' title='bbox 1084 4576 1315 4633; x_wconf 74' lang='grc' dir='ltr'>ἄκουσον</span> <span class='ocrx_word' id='word_1_384' title='bbox 1338 4575 1550 4635; x_wconf 85' lang='grc' dir='ltr'>Παύλου</span> <span class='ocrx_word' id='word_1_385' title='bbox 1576 4574 1752 4629; x_wconf 90' lang='grc' dir='ltr'>ταῦτα</span> <span class='ocrx_word' id='word_1_386' title='bbox 1766 4576 2010 4647; x_wconf 82' lang='grc' dir='ltr'>γράφον,-</span> 
     </span>
    </p>
   </div>
   <div class='ocr_carea' id='block_1_49' title="bbox 319 4658 2008 4735">
    <p class='ocr_par' dir='ltr' id='par_1_49' title="bbox 319 4658 2008 4735">
     <span class='ocr_line' id='line_1_49' title="bbox 319 4658 2008 4735; baseline -0.004 -12"><span class='ocrx_word' id='word_1_387' title='bbox 319 4684 415 4732; x_wconf 85' lang='grc' dir='ltr'>τος</span> <span class='ocrx_word' id='word_1_388' title='bbox 449 4667 545 4721; x_wconf 89' lang='lat' dir='ltr'>ml</span> <span class='ocrx_word' id='word_1_389' title='bbox 576 4658 1016 4735; x_wconf 84' lang='grc' dir='ltr'>φιλοσοφοῦντος·</span> <span class='ocrx_word' id='word_1_390' title='bbox 1058 4667 1172 4728; x_wconf 87' lang='grc' dir='ltr'>τοῖς</span> <span class='ocrx_word' id='word_1_391' title='bbox 1196 4664 1305 4735; x_wconf 89' lang='grc' dir='ltr'>γάρ</span> <span class='ocrx_word' id='word_1_392' title='bbox 1343 4663 1615 4735; x_wconf 80' lang='grc' dir='ltr'>Ἑϐραίοις</span> <span class='ocrx_word' id='word_1_393' title='bbox 1655 4663 2008 4727; x_wconf 83' lang='grc' dir='ltr'>ἐπιστέλλων,</span> 
     </span>
    </p>
   </div>
   <div class='ocr_carea' id='block_1_50' title="bbox 321 4748 2010 4822">
    <p class='ocr_par' dir='ltr' id='par_1_50' title="bbox 321 4748 2010 4822">
     <span class='ocr_line' id='line_1_50' title="bbox 321 4748 2010 4822; baseline -0.002 -14"><span class='ocrx_word' id='word_1_394' title='bbox 321 4752 499 4818; x_wconf 77' lang='grc' dir='ltr'>οὕτως</span> <span class='ocrx_word' id='word_1_395' title='bbox 530 4752 658 4822; x_wconf 78' lang='grc' dir='ltr'>ἔφη·</span> <span class='ocrx_word' id='word_1_396' title='bbox 678 4751 805 4821; x_wconf 80' lang='grc' dir='ltr'>Πᾶς</span> <span class='ocrx_word' id='word_1_397' title='bbox 826 4751 938 4821; x_wconf 78' lang='grc' dir='ltr'>γὰρ</span> <span class='ocrx_word' id='word_1_398' title='bbox 976 4751 1289 4821; x_wconf 82' lang='grc' dir='ltr'>ἀρχιερεὺς</span> <span class='ocrx_word' id='word_1_399' title='bbox 1316 4750 1386 4817; x_wconf 75' lang='grc' dir='ltr'>ἐξ</span> <span class='ocrx_word' id='word_1_400' title='bbox 1425 4748 1755 4818; x_wconf 79' lang='grc' dir='ltr'>ἀνθρώπων</span> <span class='ocrx_word' id='word_1_401' title='bbox 1785 4753 2010 4820; x_wconf 75' lang='grc' dir='ltr'>λαμϐα-</span> 
     </span>
    </p>
   </div>
   <div class='ocr_carea' id='block_1_51' title="bbox 321 4835 2013 4911">
    <p class='ocr_par' dir='ltr' id='par_1_51' title="bbox 321 4835 2013 4911">
     <span class='ocr_line' id='line_1_51' title="bbox 321 4835 2013 4911; baseline -0.002 -16"><span class='ocrx_word' id='word_1_402' title='bbox 321 4840 599 4911; x_wconf 77' lang='grc' dir='ltr'>νόμενος,</span> <span class='ocrx_word' id='word_1_403' title='bbox 620 4839 774 4908; x_wconf 84' lang='grc' dir='ltr'>ὑπὲρ</span> <span class='ocrx_word' id='word_1_404' title='bbox 811 4838 1140 4907; x_wconf 67' lang='grc' dir='ltr'>ἀνθρώπων</span> <span class='ocrx_word' id='word_1_405' title='bbox 1164 4839 1539 4903; x_wconf 81' lang='grc' dir='ltr'>καθίσταται,</span> <span class='ocrx_word' id='word_1_406' title='bbox 1562 4835 1718 4903; x_wconf 73' lang='grc' dir='ltr'>ὥστε</span> <span class='ocrx_word' id='word_1_407' title='bbox 1747 4836 2013 4908; x_wconf 69' lang='grc' dir='ltr'>προσφέ-</span> 
     </span>
    </p>
   </div>
   <div class='ocr_carea' id='block_1_52' title="bbox 316 4923 2011 4998">
    <p class='ocr_par' dir='ltr' id='par_1_52' title="bbox 316 4923 2011 4998">
     <span class='ocr_line' id='line_1_52' title="bbox 316 4923 2011 4998; baseline -0.003 -16"><span class='ocrx_word' id='word_1_408' title='bbox 316 4943 452 4998; x_wconf 77' lang='grc' dir='ltr'>ρειν</span> <span class='ocrx_word' id='word_1_409' title='bbox 471 4926 631 4997; x_wconf 80' lang='grc' dir='ltr'>δῶρα</span> <span class='ocrx_word' id='word_1_410' title='bbox 663 4926 765 4981; x_wconf 76' lang='grc' dir='ltr'>καὶ</span> <span class='ocrx_word' id='word_1_411' title='bbox 791 4927 1029 4992; x_wconf 82' lang='grc' dir='ltr'>θυσίας,</span> <span class='ocrx_word' id='word_1_412' title='bbox 1053 4923 1470 4996; x_wconf 76' lang='grc' dir='ltr'>μετριοπαθεῖν</span> <span class='ocrx_word' id='word_1_413' title='bbox 1508 4923 1844 4993; x_wconf 75' lang='grc' dir='ltr'>δυνάμενος</span> <span class='ocrx_word' id='word_1_414' title='bbox 1887 4924 2011 4990; x_wconf 83' lang='grc' dir='ltr'>τοῖς</span> 
     </span>
    </p>
   </div>
   <div class='ocr_carea' id='block_1_53' title="bbox 322 5011 2010 5084">
    <p class='ocr_par' dir='ltr' id='par_1_53' title="bbox 322 5011 2010 5084">
     <span class='ocr_line' id='line_1_53' title="bbox 322 5011 2010 5084; baseline -0.003 -14"><span class='ocrx_word' id='word_1_415' title='bbox 322 5015 618 5084; x_wconf 75' lang='grc' dir='ltr'>ἀγνοοῦσι</span> <span class='ocrx_word' id='word_1_416' title='bbox 646 5014 744 5068; x_wconf 79' lang='grc' dir='ltr'>καί</span> <span class='ocrx_word' id='word_1_417' title='bbox 773 5013 1210 5083; x_wconf 74' lang='grc' dir='ltr'>πλανωμένοις,</span> <span class='ocrx_word' id='word_1_418' title='bbox 1235 5012 1368 5066; x_wconf 76' lang='grc' dir='ltr'>ἐπεὶ</span> <span class='ocrx_word' id='word_1_419' title='bbox 1398 5012 1495 5065; x_wconf 87' lang='grc' dir='ltr'>καί</span> <span class='ocrx_word' id='word_1_420' title='bbox 1517 5011 1703 5077; x_wconf 86' lang='grc' dir='ltr'>αὐτὸς</span> <span class='ocrx_word' id='word_1_421' title='bbox 1751 5012 2010 5080; x_wconf 80' lang='grc' dir='ltr'>περίκει-</span> 
     </span>
    </p>
   </div>
   <div class='ocr_carea' id='block_1_54' title="bbox 322 5097 2010 5169">
    <p class='ocr_par' dir='ltr' id='par_1_54' title="bbox 322 5097 2010 5169">
     <span class='ocr_line' id='line_1_54' title="bbox 322 5097 2010 5169; baseline -0.001 -13"><span class='ocrx_word' id='word_1_422' title='bbox 322 5119 420 5156; x_wconf 85' lang='grc' dir='ltr'>ται</span> <span class='ocrx_word' id='word_1_423' title='bbox 436 5102 782 5167; x_wconf 80' lang='grc' dir='ltr'>ἀσθένειαν·</span> <span class='ocrx_word' id='word_1_424' title='bbox 830 5100 930 5156; x_wconf 87' lang='grc' dir='ltr'>καί</span> <span class='ocrx_word' id='word_1_425' title='bbox 959 5100 1058 5154; x_wconf 82' lang='grc' dir='ltr'>διὰ</span> <span class='ocrx_word' id='word_1_426' title='bbox 1084 5101 1310 5169; x_wconf 81' lang='grc' dir='ltr'>ταύτην</span> <span class='ocrx_word' id='word_1_427' title='bbox 1339 5099 1587 5167; x_wconf 64' lang='grc' dir='ltr'>ὀφείλει,</span> <span class='ocrx_word' id='word_1_428' title='bbox 1636 5097 1831 5165; x_wconf 86' lang='grc' dir='ltr'>καθὼς</span> <span class='ocrx_word' id='word_1_429' title='bbox 1874 5099 2010 5167; x_wconf 66' lang='lat' dir='ltr'>asp!</span> 
     </span>
    </p>
   </div>
   <div class='ocr_carea' id='block_1_55' title="bbox 324 5184 2013 5259">
    <p class='ocr_par' dir='ltr' id='par_1_55' title="bbox 324 5184 2013 5259">
     <span class='ocr_line' id='line_1_55' title="bbox 324 5184 2013 5259; baseline -0.002 -17"><span class='ocrx_word' id='word_1_430' title='bbox 324 5189 435 5245; x_wconf 83' lang='grc' dir='ltr'>τοῦ</span> <span class='ocrx_word' id='word_1_431' title='bbox 471 5188 649 5251; x_wconf 76' lang='grc' dir='ltr'>λαοῦ,</span> <span class='ocrx_word' id='word_1_432' title='bbox 673 5188 829 5243; x_wconf 85' lang='grc' dir='ltr'>οὕτω</span> <span class='ocrx_word' id='word_1_433' title='bbox 868 5188 967 5242; x_wconf 82' lang='grc' dir='ltr'>καὶ</span> <span class='ocrx_word' id='word_1_434' title='bbox 1009 5184 1165 5259; x_wconf 62' lang='grc' dir='ltr'>[Ξέϐ]</span> <span class='ocrx_word' id='word_1_435' title='bbox 1216 5186 1350 5254; x_wconf 74' lang='grc' dir='ltr'>περὶ</span> <span class='ocrx_word' id='word_1_436' title='bbox 1376 5185 1595 5241; x_wconf 79' lang='grc' dir='ltr'>ἑαυτοῦ</span> <span class='ocrx_word' id='word_1_437' title='bbox 1645 5186 2013 5253; x_wconf 73' lang='grc' dir='ltr'>προσφέρειν</span> 
     </span>
    </p>
   </div>
   <div class='ocr_carea' id='block_1_56' title="bbox 324 5271 2013 5347">
    <p class='ocr_par' dir='ltr' id='par_1_56' title="bbox 324 5271 2013 5347">
     <span class='ocr_line' id='line_1_56' title="bbox 324 5271 2013 5347; baseline -0.002 -16"><span class='ocrx_word' id='word_1_438' title='bbox 324 5276 462 5346; x_wconf 79' lang='grc' dir='ltr'>περί</span> <span class='ocrx_word' id='word_1_439' title='bbox 511 5274 836 5347; x_wconf 78' lang='grc' dir='ltr'>ἁμαρτιῶν.</span> <span class='ocrx_word' id='word_1_440' title='bbox 887 5271 1042 5339; x_wconf 76' lang='grc' dir='ltr'>Εἶδες</span> <span class='ocrx_word' id='word_1_441' title='bbox 1105 5274 1222 5337; x_wconf 90' lang='grc' dir='ltr'>πῶς</span> <span class='ocrx_word' id='word_1_442' title='bbox 1266 5274 1463 5346; x_wconf 84' lang='grc' dir='ltr'>ἄριστα</span> <span class='ocrx_word' id='word_1_443' title='bbox 1503 5274 1602 5343; x_wconf 78' lang='grc' dir='ltr'>τὴν</span> <span class='ocrx_word' id='word_1_444' title='bbox 1648 5273 1828 5327; x_wconf 89' lang='grc' dir='ltr'>αἰτίαν</span> <span class='ocrx_word' id='word_1_445' title='bbox 1878 5275 2013 5343; x_wconf 76' lang='grc' dir='ltr'>ἡμῖν</span> 
     </span>
    </p>
   </div>
   <div class='ocr_carea' id='block_1_57' title="bbox 325 5360 2014 5437">
    <p class='ocr_par' dir='ltr' id='par_1_57' title="bbox 325 5360 2014 5437">
     <span class='ocr_line' id='line_1_57' title="bbox 325 5360 2014 5437; baseline -0.002 -18"><span class='ocrx_word' id='word_1_446' title='bbox 325 5367 541 5437; x_wconf 81' lang='grc' dir='ltr'>εἴρηκε,</span> <span class='ocrx_word' id='word_1_447' title='bbox 569 5365 636 5419; x_wconf 85' lang='grc' dir='ltr'>δι’</span> <span class='ocrx_word' id='word_1_448' title='bbox 662 5365 731 5435; x_wconf 73' lang='grc' dir='ltr'>ἢν</span> <span class='ocrx_word' id='word_1_449' title='bbox 749 5364 850 5418; x_wconf 86' lang='grc' dir='ltr'>οὐκ</span> <span class='ocrx_word' id='word_1_450' title='bbox 880 5362 1102 5432; x_wconf 78' lang='grc' dir='ltr'>ἄγγελοι</span> <span class='ocrx_word' id='word_1_451' title='bbox 1136 5362 1257 5415; x_wconf 83' lang='grc' dir='ltr'>οὐδὲ</span> <span class='ocrx_word' id='word_1_452' title='bbox 1279 5361 1634 5435; x_wconf 85' lang='grc' dir='ltr'>ἀρχάγγελοι,</span> <span class='ocrx_word' id='word_1_453' title='bbox 1661 5360 1777 5414; x_wconf 83' lang='grc' dir='ltr'>ἀλλ’</span> <span class='ocrx_word' id='word_1_454' title='bbox 1804 5361 2014 5437; x_wconf 80' lang='grc' dir='ltr'>ἀνθρω-</span> 
     </span>
    </p>
   </div>
   <div class='ocr_carea' id='block_1_58' title="bbox 326 5447 2011 5522">
    <p class='ocr_par' dir='ltr' id='par_1_58' title="bbox 326 5447 2011 5522">
     <span class='ocr_line' id='line_1_58' title="bbox 326 5447 2011 5522; baseline -0.002 -17"><span class='ocrx_word' id='word_1_455' title='bbox 326 5467 421 5504; x_wconf 86' lang='grc' dir='ltr'>ποι</span> <span class='ocrx_word' id='word_1_456' title='bbox 465 5455 585 5515; x_wconf 87' lang='grc' dir='ltr'>ταῖς</span> <span class='ocrx_word' id='word_1_457' title='bbox 629 5449 980 5522; x_wconf 83' lang='grc' dir='ltr'>Ἐκκλησίαις</span> <span class='ocrx_word' id='word_1_458' title='bbox 1039 5451 1424 5520; x_wconf 81' lang='grc' dir='ltr'>ἐφεστήκασιν,</span> <span class='ocrx_word' id='word_1_459' title='bbox 1454 5447 1542 5502; x_wconf 84' lang='grc' dir='ltr'>ἵνα</span> <span class='ocrx_word' id='word_1_460' title='bbox 1575 5447 1838 5502; x_wconf 86' lang='grc' dir='ltr'>δύνωνται</span> <span class='ocrx_word' id='word_1_461' title='bbox 1882 5466 2011 5511; x_wconf 82' lang='grc' dir='ltr'>συν-</span> 
     </span>
    </p>
   </div>
   <div class='ocr_carea' id='block_1_59' title="bbox 323 5536 2013 5609">
    <p class='ocr_par' dir='ltr' id='par_1_59' title="bbox 323 5536 2013 5609">
     <span class='ocr_line' id='line_1_59' title="bbox 323 5536 2013 5609; baseline 0 -17"><span class='ocrx_word' id='word_1_462' title='bbox 323 5538 514 5608; x_wconf 84' lang='grc' dir='ltr'>αλγεῖν</span> <span class='ocrx_word' id='word_1_463' title='bbox 546 5541 659 5601; x_wconf 83' lang='grc' dir='ltr'>τοῖς</span> <span class='ocrx_word' id='word_1_464' title='bbox 707 5538 1016 5609; x_wconf 86' lang='grc' dir='ltr'>ὁμογενέσι.</span> <span class='ocrx_word' id='word_1_465' title='bbox 1057 5537 1119 5589; x_wconf 88' lang='grc' dir='ltr'>τὸ</span> <span class='ocrx_word' id='word_1_466' title='bbox 1177 5536 1289 5591; x_wconf 86' lang='grc' dir='ltr'>τῶν</span> <span class='ocrx_word' id='word_1_467' title='bbox 1320 5536 1538 5592; x_wconf 84' lang='grc' dir='ltr'>οἰκείων</span> <span class='ocrx_word' id='word_1_468' title='bbox 1598 5537 2013 5609; x_wconf 77' lang='grc' dir='ltr'>ἁμαρτημάτων</span> 
     </span>
    </p>
   </div>
   <div class='ocr_carea' id='block_1_60' title="bbox 327 5627 2011 5699">
    <p class='ocr_par' dir='ltr' id='par_1_60' title="bbox 327 5627 2011 5699">
     <span class='ocr_line' id='line_1_60' title="bbox 327 5627 2011 5699; baseline -0.001 -15"><span class='ocrx_word' id='word_1_469' title='bbox 327 5629 568 5692; x_wconf 79' lang='grc' dir='ltr'>συνειδὸς</span> <span class='ocrx_word' id='word_1_470' title='bbox 590 5630 846 5699; x_wconf 88' lang='grc' dir='ltr'>μέγιστον</span> <span class='ocrx_word' id='word_1_471' title='bbox 866 5628 1209 5685; x_wconf 79' lang='grc' dir='ltr'>διδασκάλων</span> <span class='ocrx_word' id='word_1_472' title='bbox 1230 5627 1732 5697; x_wconf 74' lang='grc' dir='ltr'>ταπεινοφροσύνης</span> <span class='ocrx_word' id='word_1_473' title='bbox 1760 5628 2011 5699; x_wconf 50' lang='grc' dir='ltr'>ἔχοντες</span> 
     </span>
    </p>
   </div>
   <div class='ocr_carea' id='block_1_61' title="bbox 325 5711 2017 5788">
    <p class='ocr_par' dir='ltr' id='par_1_61' title="bbox 325 5711 2017 5788">
     <span class='ocr_line' id='line_1_61' title="bbox 325 5711 2017 5788; baseline -0.002 -17"><span class='ocrx_word' id='word_1_474' title='bbox 325 5716 440 5771; x_wconf 80' lang='grc' dir='ltr'>Καὶ</span> <span class='ocrx_word' id='word_1_475' title='bbox 466 5716 575 5788; x_wconf 84' lang='grc' dir='ltr'>γὰρ</span> <span class='ocrx_word' id='word_1_476' title='bbox 595 5716 689 5770; x_wconf 81' lang='grc' dir='ltr'>καὶ</span> <span class='ocrx_word' id='word_1_477' title='bbox 720 5715 884 5778; x_wconf 90' lang='grc' dir='ltr'>αὐτὸς</span> <span class='ocrx_word' id='word_1_478' title='bbox 917 5713 1248 5786; x_wconf 79' lang='grc' dir='ltr'>περίκειται,</span> <span class='ocrx_word' id='word_1_479' title='bbox 1269 5713 1454 5782; x_wconf 73' lang='grc' dir='ltr'>φησὶν,</span> <span class='ocrx_word' id='word_1_480' title='bbox 1477 5711 1782 5777; x_wconf 87' lang='grc' dir='ltr'>ἀσθένειαν,</span> <span class='ocrx_word' id='word_1_481' title='bbox 1804 5711 1902 5769; x_wconf 71' lang='grc' dir='ltr'>καὶ</span> <span class='ocrx_word' id='word_1_482' title='bbox 1923 5713 2017 5774; x_wconf 77' lang='grc' dir='ltr'>διὰ</span> 
     </span>
    </p>
   </div>
   <div class='ocr_carea' id='block_1_62' title="bbox 324 5798 2004 5874">
    <p class='ocr_par' dir='ltr' id='par_1_62' title="bbox 324 5798 2004 5874">
     <span class='ocr_line' id='line_1_62' title="bbox 324 5798 2004 5874; baseline -0.002 -18"><span class='ocrx_word' id='word_1_483' title='bbox 324 5801 532 5872; x_wconf 87' lang='grc' dir='ltr'>ταύτην</span> <span class='ocrx_word' id='word_1_484' title='bbox 560 5803 785 5874; x_wconf 80' lang='grc' dir='ltr'>ὀφείλει,</span> <span class='ocrx_word' id='word_1_485' title='bbox 805 5800 990 5864; x_wconf 82' lang='grc' dir='ltr'>καθὼς</span> <span class='ocrx_word' id='word_1_486' title='bbox 1013 5800 1255 5871; x_wconf 73' lang='grc' dir='ltr'>περὶτοῦ</span> <span class='ocrx_word' id='word_1_487' title='bbox 1274 5798 1426 5861; x_wconf 88' lang='grc' dir='ltr'>λαοῦ,</span> <span class='ocrx_word' id='word_1_488' title='bbox 1459 5798 1600 5854; x_wconf 81' lang='grc' dir='ltr'>οὔτω</span> <span class='ocrx_word' id='word_1_489' title='bbox 1621 5800 1715 5855; x_wconf 86' lang='lat' dir='ltr'>ml</span> <span class='ocrx_word' id='word_1_490' title='bbox 1738 5818 1796 5853; x_wconf 85' lang='grc' dir='ltr'>πε</span> <span class='ocrx_word' id='word_1_491' title='bbox 1810 5801 1867 5872; x_wconf 81' lang='lat' dir='ltr'>pl</span> <span class='ocrx_word' id='word_1_492' title='bbox 1884 5801 2004 5852; x_wconf 82' lang='grc' dir='ltr'>ἐαυ-</span> 
     </span>
    </p>
   </div>
   <div class='ocr_carea' id='block_1_63' title="bbox 325 5885 2011 5963">
    <p class='ocr_par' dir='ltr' id='par_1_63' title="bbox 325 5885 2011 5963">
     <span class='ocr_line' id='line_1_63' title="bbox 325 5885 2011 5963; baseline -0.003 -19"><span class='ocrx_word' id='word_1_493' title='bbox 325 5890 420 5944; x_wconf 86' lang='grc' dir='ltr'>τοῦ</span> <span class='ocrx_word' id='word_1_494' title='bbox 461 5891 794 5963; x_wconf 82' lang='grc' dir='ltr'>προσφέρειν</span> <span class='ocrx_word' id='word_1_495' title='bbox 826 5890 955 5960; x_wconf 68' lang='lat' dir='ltr'>mpl</span> <span class='ocrx_word' id='word_1_496' title='bbox 985 5889 1287 5959; x_wconf 82' lang='grc' dir='ltr'>ἁμαρτιῶν.</span> <span class='ocrx_word' id='word_1_497' title='bbox 1322 5885 1493 5941; x_wconf 86' lang='grc' dir='ltr'>Τοῦτο</span> <span class='ocrx_word' id='word_1_498' title='bbox 1520 5887 1649 5955; x_wconf 88' lang='grc' dir='ltr'>γοῦν</span> <span class='ocrx_word' id='word_1_499' title='bbox 1674 5888 1765 5943; x_wconf 86' lang='lat' dir='ltr'>ml</span> <span class='ocrx_word' id='word_1_500' title='bbox 1795 5887 1890 5940; x_wconf 71' lang='grc' dir='ltr'>νῦν</span> <span class='ocrx_word' id='word_1_501' title='bbox 1925 5887 2011 5955; x_wconf 87' lang='grc' dir='ltr'>γί-</span> 
     </span>
    </p>
   </div>
   <div class='ocr_carea' id='block_1_64' title="bbox 325 5974 2008 6051">
    <p class='ocr_par' dir='ltr' id='par_1_64' title="bbox 325 5974 2008 6051">
     <span class='ocr_line' id='line_1_64' title="bbox 325 5974 2008 6051; baseline -0.003 -19"><span class='ocrx_word' id='word_1_502' title='bbox 325 5996 495 6033; x_wconf 81' lang='grc' dir='ltr'>νεται’</span> <span class='ocrx_word' id='word_1_503' title='bbox 530 5980 623 6033; x_wconf 66' lang='grc' dir='ltr'>καί⁸</span> <span class='ocrx_word' id='word_1_504' title='bbox 655 5979 765 6051; x_wconf 82' lang='grc' dir='ltr'>γὰρ</span> <span class='ocrx_word' id='word_1_505' title='bbox 781 5982 848 6050; x_wconf 67' lang='grc' dir='ltr'>τῇ</span> <span class='ocrx_word' id='word_1_506' title='bbox 872 5980 994 6049; x_wconf 78' lang='grc' dir='ltr'>ἰερᾷ</span> <span class='ocrx_word' id='word_1_507' title='bbox 1022 5978 1191 6049; x_wconf 81' lang='grc' dir='ltr'>ταύτῃ</span> <span class='ocrx_word' id='word_1_508' title='bbox 1227 5974 1476 6048; x_wconf 73' lang='grc' dir='ltr'>τραπέζῃ</span> <span class='ocrx_word' id='word_1_509' title='bbox 1505 5975 1875 6048; x_wconf 86' lang='grc' dir='ltr'>παρεστῶτες.</span> <span class='ocrx_word' id='word_1_510' title='bbox 1914 5975 2008 6029; x_wconf 88' lang='lat' dir='ltr'>ml</span> 
     </span>
    </p>
   </div>
   <div class='ocr_carea' id='block_1_65' title="bbox 327 6061 2009 6138">
    <p class='ocr_par' dir='ltr' id='par_1_65' title="bbox 327 6061 2009 6138">
     <span class='ocr_line' id='line_1_65' title="bbox 327 6061 2009 6138; baseline -0.003 -18"><span class='ocrx_word' id='word_1_511' title='bbox 327 6067 427 6135; x_wconf 75' lang='grc' dir='ltr'>τὴν</span> <span class='ocrx_word' id='word_1_512' title='bbox 448 6065 680 6138; x_wconf 79' lang='grc' dir='ltr'>φρικτὴν</span> <span class='ocrx_word' id='word_1_513' title='bbox 700 6065 893 6121; x_wconf 83' lang='grc' dir='ltr'>θυσίαν</span> <span class='ocrx_word' id='word_1_514' title='bbox 954 6066 1334 6137; x_wconf 78' lang='grc' dir='ltr'>ἀναφέροντες,</span> <span class='ocrx_word' id='word_1_515' title='bbox 1368 6063 1555 6137; x_wconf 71' lang='grc' dir='ltr'>ὥσπερ</span> <span class='ocrx_word' id='word_1_516' title='bbox 1605 6063 1741 6134; x_wconf 79' lang='grc' dir='ltr'>ὑπὲρ</span> <span class='ocrx_word' id='word_1_517' title='bbox 1778 6061 1882 6117; x_wconf 86' lang='grc' dir='ltr'>τῶν</span> <span class='ocrx_word' id='word_1_518' title='bbox 1916 6061 2009 6116; x_wconf 87' lang='grc' dir='ltr'>τοῦ</span> 
     </span>
    </p>
   </div>
   <div class='ocr_carea' id='block_1_66' title="bbox 1001 434 3097 509">
    <p class='ocr_par' dir='ltr' id='par_1_66' title="bbox 1001 434 3097 509">
     <span class='ocr_line' id='line_1_66' title="bbox 1001 434 3097 509; baseline -0.003 -10"><span class='ocrx_word' id='word_1_519' title='bbox 1001 438 1360 509; x_wconf 76' lang='lat' dir='ltr'>HIOMILIA,</span> <span class='ocrx_word' id='word_1_520' title='bbox 1400 437 1593 507; x_wconf 79' lang='lat' dir='ltr'>QUOD</span> <span class='ocrx_word' id='word_1_521' title='bbox 1631 434 2099 505; x_wconf 79' lang='lat' dir='ltr'>FREQUENTER</span> <span class='ocrx_word' id='word_1_522' title='bbox 2138 434 2683 495; x_wconf 73' lang='lat' dir='ltr'>CONVENIENDUM</span> <span class='ocrx_word' id='word_1_523' title='bbox 2726 434 2857 506; x_wconf 78' lang='lat' dir='ltr'>SIT,</span> <span class='ocrx_word' id='word_1_524' title='bbox 2900 435 3057 493; x_wconf 80' lang='lat' dir='ltr'>ETC.</span> <span class='ocrx_word' id='word_1_525' title='bbox 3092 466 3097 475; x_wconf 53' lang='grc' dir='ltr'>κ</span> 
     </span>
    </p>
   </div>
   <div class='ocr_carea' id='block_1_67' title="bbox 3662 434 3769 491">
    <p class='ocr_par' dir='ltr' id='par_1_67' title="bbox 3662 434 3769 491">
     <span class='ocr_line' id='line_1_67' title="bbox 3662 434 3769 491; baseline 0 0"><span class='ocrx_word' id='word_1_526' title='bbox 3662 434 3769 491; x_wconf 66' lang='grc' dir='ltr'>ιθει</span> 
     </span>
    </p>
   </div>
   <div class='ocr_carea' id='block_1_68' title="bbox 2086 545 3769 623">
    <p class='ocr_par' dir='ltr' id='par_1_68' title="bbox 2086 545 3769 623">
     <span class='ocr_line' id='line_1_68' title="bbox 2086 545 3769 623; baseline 0.004 -23"><span class='ocrx_word' id='word_1_527' title='bbox 2086 545 2217 601; x_wconf 89' lang='grc' dir='ltr'>λαοῦ</span> <span class='ocrx_word' id='word_1_528' title='bbox 2266 547 2755 620; x_wconf 86' lang='grc' dir='ltr'>πλημμελημάτων</span> <span class='ocrx_word' id='word_1_529' title='bbox 2800 548 3060 619; x_wconf 80' lang='grc' dir='ltr'>αἰτοῦμεν</span> <span class='ocrx_word' id='word_1_530' title='bbox 3106 546 3358 617; x_wconf 89' lang='grc' dir='ltr'>γενέσθαι</span> <span class='ocrx_word' id='word_1_531' title='bbox 3395 548 3769 623; x_wconf 84' lang='grc' dir='ltr'>συγχώρησιν,</span> 
     </span>
    </p>
   </div>
   <div class='ocr_carea' id='block_1_69' title="bbox 2086 634 3771 709">
    <p class='ocr_par' dir='ltr' id='par_1_69' title="bbox 2086 634 3771 709">
     <span class='ocr_line' id='line_1_69' title="bbox 2086 634 3771 709; baseline 0.003 -21"><span class='ocrx_word' id='word_1_532' title='bbox 2086 634 2339 689; x_wconf 73' lang='grc' dir='ltr'>οὕτωκαὶ</span> <span class='ocrx_word' id='word_1_533' title='bbox 2360 636 2503 707; x_wconf 84' lang='grc' dir='ltr'>ὑπὲρ</span> <span class='ocrx_word' id='word_1_534' title='bbox 2540 636 2647 689; x_wconf 91' lang='grc' dir='ltr'>τῶν</span> <span class='ocrx_word' id='word_1_535' title='bbox 2669 636 2953 707; x_wconf 86' lang='grc' dir='ltr'>ἡμετέρων</span> <span class='ocrx_word' id='word_1_536' title='bbox 2984 636 3163 689; x_wconf 87' lang='grc' dir='ltr'>αὐτῶν</span> <span class='ocrx_word' id='word_1_537' title='bbox 3198 636 3627 709; x_wconf 85' lang='grc' dir='ltr'>παρακαλοῦμεν</span> <span class='ocrx_word' id='word_1_538' title='bbox 3674 642 3771 693; x_wconf 76' lang='grc' dir='ltr'>καὶ</span> 
     </span>
    </p>
   </div>
   <div class='ocr_carea' id='block_1_70' title="bbox 2086 721 3772 796">
    <p class='ocr_par' dir='ltr' id='par_1_70' title="bbox 2086 721 3772 796">
     <span class='ocr_line' id='line_1_70' title="bbox 2086 721 3772 796; baseline 0.004 -22"><span class='ocrx_word' id='word_1_539' title='bbox 2086 721 2319 792; x_wconf 89' lang='grc' dir='ltr'>δεόμεθα</span> <span class='ocrx_word' id='word_1_540' title='bbox 2340 723 2435 776; x_wconf 76' lang='grc' dir='ltr'>καὶ</span> <span class='ocrx_word' id='word_1_541' title='bbox 2475 722 2788 794; x_wconf 88' lang='grc' dir='ltr'>ἰκετεύομεν</span> <span class='ocrx_word' id='word_1_542' title='bbox 2818 724 2912 777; x_wconf 92' lang='lat' dir='ltr'>ml</span> <span class='ocrx_word' id='word_1_543' title='bbox 2962 723 3104 795; x_wconf 83' lang='grc' dir='ltr'>ὑπὲρ</span> <span class='ocrx_word' id='word_1_544' title='bbox 3134 723 3389 779; x_wconf 80' lang='grc' dir='ltr'>ἁπάντων</span> <span class='ocrx_word' id='word_1_545' title='bbox 3419 726 3519 796; x_wconf 82' lang='grc' dir='ltr'>τὴν</span> <span class='ocrx_word' id='word_1_546' title='bbox 3580 725 3772 781; x_wconf 87' lang='grc' dir='ltr'>θυσίαν</span> 
     </span>
    </p>
   </div>
   <div class='ocr_carea' id='block_1_71' title="bbox 2089 809 2581 880">
    <p class='ocr_par' dir='ltr' id='par_1_71' title="bbox 2089 809 2581 880">
     <span class='ocr_line' id='line_1_71' title="bbox 2089 809 2581 880; baseline 0.006 -17"><span class='ocrx_word' id='word_1_547' title='bbox 2089 809 2475 880; x_wconf 86' lang='grc' dir='ltr'>ἀναφέρομεν..</span> <span class='ocrx_word' id='word_1_548' title='bbox 2490 852 2502 865; x_wconf 92' lang='grc'><strong>.</strong></span> <span class='ocrx_word' id='word_1_549' title='bbox 2515 851 2527 864; x_wconf 95' lang='grc'><strong>.</strong></span> <span class='ocrx_word' id='word_1_550' title='bbox 2539 852 2551 865; x_wconf 94' lang='grc'><strong>.</strong></span> <span class='ocrx_word' id='word_1_551' title='bbox 2567 851 2581 866; x_wconf 93' lang='grc'><strong>.</strong></span> 
     </span>
    </p>
   </div>
   <div class='ocr_carea' id='block_1_72' title="bbox 2161 896 3771 972">
    <p class='ocr_par' dir='ltr' id='par_1_72' title="bbox 2161 896 3771 972">
     <span class='ocr_line' id='line_1_72' title="bbox 2161 896 3771 972; baseline 0.002 -20"><span class='ocrx_word' id='word_1_552' title='bbox 2161 897 2338 967; x_wconf 65' lang='grc' dir='ltr'>Υ.Μὴ</span> <span class='ocrx_word' id='word_1_553' title='bbox 2362 914 2452 960; x_wconf 88' lang='grc' dir='ltr'>μοι</span> <span class='ocrx_word' id='word_1_554' title='bbox 2472 896 2563 949; x_wconf 89' lang='grc' dir='ltr'>τὸν</span> <span class='ocrx_word' id='word_1_555' title='bbox 2586 897 2932 968; x_wconf 82' lang='grc' dir='ltr'>πλεονέκτην,</span> <span class='ocrx_word' id='word_1_556' title='bbox 2957 900 3052 952; x_wconf 73' lang='grc' dir='ltr'>καὶ</span> <span class='ocrx_word' id='word_1_557' title='bbox 3080 898 3172 953; x_wconf 89' lang='grc' dir='ltr'>τὸν</span> <span class='ocrx_word' id='word_1_558' title='bbox 3199 900 3436 972; x_wconf 85' lang='grc' dir='ltr'>γαστρὸς</span> <span class='ocrx_word' id='word_1_559' title='bbox 3461 899 3771 968; x_wconf 80' lang='grc' dir='ltr'>δοῦλον,καὶ</span> 
     </span>
    </p>
   </div>
   <div class='ocr_carea' id='block_1_73' title="bbox 2088 984 3771 1058">
    <p class='ocr_par' dir='ltr' id='par_1_73' title="bbox 2088 984 3771 1058">
     <span class='ocr_line' id='line_1_73' title="bbox 2088 984 3771 1058; baseline 0.002 -20"><span class='ocrx_word' id='word_1_560' title='bbox 2088 984 2181 1038; x_wconf 85' lang='grc' dir='ltr'>τὸν</span> <span class='ocrx_word' id='word_1_561' title='bbox 2206 984 2667 1056; x_wconf 80' lang='grc' dir='ltr'>προδεδωκότατῇ</span> <span class='ocrx_word' id='word_1_562' title='bbox 2703 986 2940 1057; x_wconf 82' lang='grc' dir='ltr'>πονηρίᾳ</span> <span class='ocrx_word' id='word_1_563' title='bbox 2958 986 3057 1057; x_wconf 81' lang='grc' dir='ltr'>τῆς</span> <span class='ocrx_word' id='word_1_564' title='bbox 3094 986 3311 1058; x_wconf 88' lang='grc' dir='ltr'>φύσεως</span> <span class='ocrx_word' id='word_1_565' title='bbox 3350 988 3450 1058; x_wconf 79' lang='grc' dir='ltr'>τὴν</span> <span class='ocrx_word' id='word_1_566' title='bbox 3490 988 3771 1057; x_wconf 87' lang='grc' dir='ltr'>εὐγένειαν</span> 
     </span>
    </p>
   </div>
   <div class='ocr_carea' id='block_1_74' title="bbox 2088 1071 3774 1144">
    <p class='ocr_par' dir='ltr' id='par_1_74' title="bbox 2088 1071 3774 1144">
     <span class='ocr_line' id='line_1_74' title="bbox 2088 1071 3774 1144; baseline 0.002 -18"><span class='ocrx_word' id='word_1_567' title='bbox 2088 1073 2170 1136; x_wconf 78' lang='grc' dir='ltr'>εις</span> <span class='ocrx_word' id='word_1_568' title='bbox 2199 1072 2362 1144; x_wconf 85' lang='grc' dir='ltr'>μέσον</span> <span class='ocrx_word' id='word_1_569' title='bbox 2387 1071 2623 1143; x_wconf 78' lang='grc' dir='ltr'>ἀγάγῃς,</span> <span class='ocrx_word' id='word_1_570' title='bbox 2646 1072 2782 1126; x_wconf 82' lang='grc' dir='ltr'>ἀλλά</span> <span class='ocrx_word' id='word_1_571' title='bbox 2802 1072 2991 1127; x_wconf 91' lang='grc' dir='ltr'>τοῦτον</span> <span class='ocrx_word' id='word_1_572' title='bbox 3020 1074 3114 1127; x_wconf 77' lang='grc' dir='ltr'>καὶ</span> <span class='ocrx_word' id='word_1_573' title='bbox 3139 1076 3263 1139; x_wconf 79' lang='grc' dir='ltr'>τοὺς</span> <span class='ocrx_word' id='word_1_574' title='bbox 3300 1074 3420 1129; x_wconf 83' lang='grc' dir='ltr'>κατ’</span> <span class='ocrx_word' id='word_1_575' title='bbox 3450 1077 3656 1131; x_wconf 80' lang='grc' dir='ltr'>ἐκεῖνον</span> <span class='ocrx_word' id='word_1_576' title='bbox 3677 1076 3774 1131; x_wconf 84' lang='grc' dir='ltr'>ἀν-</span> 
     </span>
    </p>
   </div>
   <div class='ocr_carea' id='block_1_75' title="bbox 2088 1160 3774 1235">
    <p class='ocr_par' dir='ltr' id='par_1_75' title="bbox 2088 1160 3774 1235">
     <span class='ocr_line' id='line_1_75' title="bbox 2088 1160 3774 1235; baseline 0.002 -21"><span class='ocrx_word' id='word_1_577' title='bbox 2088 1161 2243 1231; x_wconf 83' lang='grc' dir='ltr'>δρας,</span> <span class='ocrx_word' id='word_1_578' title='bbox 2276 1161 2404 1225; x_wconf 82' lang='grc' dir='ltr'>τούς</span> <span class='ocrx_word' id='word_1_579' title='bbox 2430 1160 2492 1214; x_wconf 91' lang='grc' dir='ltr'>τὸ</span> <span class='ocrx_word' id='word_1_580' title='bbox 2515 1160 2821 1233; x_wconf 88' lang='grc' dir='ltr'>ἀρχέτυπον</span> <span class='ocrx_word' id='word_1_581' title='bbox 2867 1161 3275 1232; x_wconf 85' lang='grc' dir='ltr'>διατηροῦντας,</span> <span class='ocrx_word' id='word_1_582' title='bbox 3323 1162 3419 1216; x_wconf 88' lang='lat' dir='ltr'>ml</span> <span class='ocrx_word' id='word_1_583' title='bbox 3464 1163 3555 1217; x_wconf 82' lang='grc' dir='ltr'>τὸν</span> <span class='ocrx_word' id='word_1_584' title='bbox 3601 1182 3774 1235; x_wconf 87' lang='grc' dir='ltr'>χαρα-</span> 
     </span>
    </p>
   </div>
   <div class='ocr_carea' id='block_1_76' title="bbox 2090 1248 3774 1326">
    <p class='ocr_par' dir='ltr' id='par_1_76' title="bbox 2090 1248 3774 1326">
     <span class='ocr_line' id='line_1_76' title="bbox 2090 1248 3774 1326; baseline 0.002 -23"><span class='ocrx_word' id='word_1_585' title='bbox 2090 1250 2269 1321; x_wconf 82' lang='grc' dir='ltr'>κτῆρα</span> <span class='ocrx_word' id='word_1_586' title='bbox 2294 1249 2387 1301; x_wconf 90' lang='grc' dir='ltr'>τὸν</span> <span class='ocrx_word' id='word_1_587' title='bbox 2412 1248 2692 1319; x_wconf 88' lang='grc' dir='ltr'>βασιλικὸν</span> <span class='ocrx_word' id='word_1_588' title='bbox 2724 1249 2785 1302; x_wconf 90' lang='grc' dir='ltr'>οὐ</span> <span class='ocrx_word' id='word_1_589' title='bbox 2814 1248 3266 1320; x_wconf 83' lang='grc' dir='ltr'>λυμαινομένους,</span> <span class='ocrx_word' id='word_1_590' title='bbox 3298 1252 3391 1304; x_wconf 91' lang='lat' dir='ltr'>ml</span> <span class='ocrx_word' id='word_1_591' title='bbox 3414 1252 3531 1305; x_wconf 89' lang='grc' dir='ltr'>τότε</span> <span class='ocrx_word' id='word_1_592' title='bbox 3569 1252 3693 1326; x_wconf 80' lang='grc' dir='ltr'>εῐσῃ</span> <span class='ocrx_word' id='word_1_593' title='bbox 3719 1252 3774 1306; x_wconf 89' lang='grc' dir='ltr'>τί</span> 
     </span>
    </p>
   </div>
   <div class='ocr_carea' id='block_1_77' title="bbox 2091 1332 3773 1411">
    <p class='ocr_par' dir='ltr' id='par_1_77' title="bbox 2091 1332 3773 1411">
     <span class='ocr_line' id='line_1_77' title="bbox 2091 1332 3773 1411; baseline 0.001 -21"><span class='ocrx_word' id='word_1_594' title='bbox 2091 1337 2224 1390; x_wconf 87' lang='grc' dir='ltr'>ποτέ</span> <span class='ocrx_word' id='word_1_595' title='bbox 2248 1339 2396 1391; x_wconf 89' lang='grc' dir='ltr'>ἐστιν</span> <span class='ocrx_word' id='word_1_596' title='bbox 2416 1336 2721 1407; x_wconf 78' lang='grc' dir='ltr'>ἄνθρωπος.</span> <span class='ocrx_word' id='word_1_597' title='bbox 2750 1336 2861 1390; x_wconf 89' lang='lat' dir='ltr'>Kal</span> <span class='ocrx_word' id='word_1_598' title='bbox 2913 1335 3023 1407; x_wconf 83' lang='grc' dir='ltr'>γὰρ</span> <span class='ocrx_word' id='word_1_599' title='bbox 3054 1336 3146 1390; x_wconf 88' lang='lat' dir='ltr'>ml</span> <span class='ocrx_word' id='word_1_600' title='bbox 3192 1332 3344 1401; x_wconf 76' lang='grc' dir='ltr'>οὗτος</span> <span class='ocrx_word' id='word_1_601' title='bbox 3371 1338 3655 1409; x_wconf 81' lang='grc' dir='ltr'>ἄνθρωπος</span> <span class='ocrx_word' id='word_1_602' title='bbox 3681 1336 3773 1411; x_wconf 78' lang='grc' dir='ltr'>ἦν,</span> 
     </span>
    </p>
   </div>
   <div class='ocr_carea' id='block_1_78' title="bbox 2091 1423 3778 1499">
    <p class='ocr_par' dir='ltr' id='par_1_78' title="bbox 2091 1423 3778 1499">
     <span class='ocr_line' id='line_1_78' title="bbox 2091 1423 3778 1499; baseline 0.003 -23"><span class='ocrx_word' id='word_1_603' title='bbox 2091 1424 2187 1477; x_wconf 77' lang='grc' dir='ltr'>καὶ</span> <span class='ocrx_word' id='word_1_604' title='bbox 2203 1424 2310 1477; x_wconf 88' lang='grc' dir='ltr'>ἀπὸ</span> <span class='ocrx_word' id='word_1_605' title='bbox 2330 1424 2590 1493; x_wconf 87' lang='grc' dir='ltr'>γυναικὸς</span> <span class='ocrx_word' id='word_1_606' title='bbox 2616 1423 2835 1494; x_wconf 87' lang='grc' dir='ltr'>ἐτέχθη,</span> <span class='ocrx_word' id='word_1_607' title='bbox 2870 1425 2965 1478; x_wconf 78' lang='grc' dir='ltr'>καὶ</span> <span class='ocrx_word' id='word_1_608' title='bbox 2988 1423 3220 1492; x_wconf 88' lang='grc' dir='ltr'>γάλακτι</span> <span class='ocrx_word' id='word_1_609' title='bbox 3273 1426 3507 1497; x_wconf 87' lang='grc' dir='ltr'>ἐτράφη,</span> <span class='ocrx_word' id='word_1_610' title='bbox 3534 1428 3629 1479; x_wconf 73' lang='grc' dir='ltr'>καὶ</span> <span class='ocrx_word' id='word_1_611' title='bbox 3669 1429 3778 1499; x_wconf 78' lang='grc' dir='ltr'>γῆν</span> 
     </span>
    </p>
   </div>
   <div class='ocr_carea' id='block_1_79' title="bbox 2089 1508 3777 1584">
    <p class='ocr_par' dir='ltr' id='par_1_79' title="bbox 2089 1508 3777 1584">
     <span class='ocr_line' id='line_1_79' title="bbox 2089 1508 3777 1584; baseline 0.002 -21"><span class='ocrx_word' id='word_1_612' title='bbox 2089 1508 2297 1581; x_wconf 73' lang='grc' dir='ltr'>ᾤκησε,</span> <span class='ocrx_word' id='word_1_613' title='bbox 2323 1511 2417 1564; x_wconf 90' lang='lat' dir='ltr'>ml</span> <span class='ocrx_word' id='word_1_614' title='bbox 2449 1510 2582 1581; x_wconf 84' lang='grc' dir='ltr'>ἀέρα</span> <span class='ocrx_word' id='word_1_615' title='bbox 2630 1511 2951 1573; x_wconf 83' lang='grc' dir='ltr'>ἀνέπνευσε,</span> <span class='ocrx_word' id='word_1_616' title='bbox 3002 1511 3095 1563; x_wconf 75' lang='grc' dir='ltr'>καὶ</span> <span class='ocrx_word' id='word_1_617' title='bbox 3122 1512 3297 1565; x_wconf 90' lang='grc' dir='ltr'>πάντα</span> <span class='ocrx_word' id='word_1_618' title='bbox 3327 1510 3482 1564; x_wconf 88' lang='grc' dir='ltr'>κοινά</span> <span class='ocrx_word' id='word_1_619' title='bbox 3519 1513 3669 1583; x_wconf 89' lang='grc' dir='ltr'>αὐτῷ</span> <span class='ocrx_word' id='word_1_620' title='bbox 3707 1509 3777 1584; x_wconf 78' lang='grc' dir='ltr'>ἦν</span> 
     </span>
    </p>
   </div>
   <div class='ocr_carea' id='block_1_80' title="bbox 2092 1597 3780 1670">
    <p class='ocr_par' dir='ltr' id='par_1_80' title="bbox 2092 1597 3780 1670">
     <span class='ocr_line' id='line_1_80' title="bbox 2092 1597 3780 1670; baseline 0.001 -19"><span class='ocrx_word' id='word_1_621' title='bbox 2092 1598 2233 1670; x_wconf 87' lang='grc' dir='ltr'>πρὸς</span> <span class='ocrx_word' id='word_1_622' title='bbox 2255 1600 2426 1669; x_wconf 81' lang='grc' dir='ltr'>ἡμᾶς,</span> <span class='ocrx_word' id='word_1_623' title='bbox 2492 1597 2650 1651; x_wconf 85' lang='grc' dir='ltr'>κοινά</span> <span class='ocrx_word' id='word_1_624' title='bbox 2675 1598 2743 1651; x_wconf 87' lang='grc' dir='ltr'>τά</span> <span class='ocrx_word' id='word_1_625' title='bbox 2776 1599 2873 1668; x_wconf 83' lang='grc' dir='ltr'>τῆς</span> <span class='ocrx_word' id='word_1_626' title='bbox 2930 1597 3167 1666; x_wconf 87' lang='grc' dir='ltr'>φύσεως·</span> <span class='ocrx_word' id='word_1_627' title='bbox 3211 1598 3329 1651; x_wconf 83' lang='grc' dir='ltr'>ἀλλ’</span> <span class='ocrx_word' id='word_1_628' title='bbox 3362 1598 3548 1668; x_wconf 83' lang='grc' dir='ltr'>ἐπειδὴ</span> <span class='ocrx_word' id='word_1_629' title='bbox 3580 1599 3649 1652; x_wconf 84' lang='grc' dir='ltr'>τά</span> <span class='ocrx_word' id='word_1_630' title='bbox 3678 1599 3780 1669; x_wconf 79' lang='grc' dir='ltr'>τῆς</span> 
     </span>
    </p>
   </div>
   <div class='ocr_carea' id='block_1_81' title="bbox 2092 1685 3774 1758">
    <p class='ocr_par' dir='ltr' id='par_1_81' title="bbox 2092 1685 3774 1758">
     <span class='ocr_line' id='line_1_81' title="bbox 2092 1685 3774 1758; baseline -0.001 -19"><span class='ocrx_word' id='word_1_631' title='bbox 2092 1686 2466 1758; x_wconf 82' lang='grc' dir='ltr'>προαιρέσεως</span> <span class='ocrx_word' id='word_1_632' title='bbox 2494 1685 2752 1756; x_wconf 81' lang='grc' dir='ltr'>ἐξαίρετα</span> <span class='ocrx_word' id='word_1_633' title='bbox 2793 1686 2982 1754; x_wconf 83' lang='grc' dir='ltr'>γέγονε</span> <span class='ocrx_word' id='word_1_634' title='bbox 3003 1724 3017 1746; x_wconf 92' lang='grc'>,</span> <span class='ocrx_word' id='word_1_635' title='bbox 3058 1686 3145 1739; x_wconf 82' lang='grc' dir='ltr'>διὰ</span> <span class='ocrx_word' id='word_1_636' title='bbox 3173 1686 3347 1740; x_wconf 88' lang='grc' dir='ltr'>ταῦτα</span> <span class='ocrx_word' id='word_1_637' title='bbox 3385 1687 3477 1741; x_wconf 91' lang='lat' dir='ltr'>ml</span> <span class='ocrx_word' id='word_1_638' title='bbox 3508 1686 3713 1757; x_wconf 87' lang='grc' dir='ltr'>ταύτης</span> <span class='ocrx_word' id='word_1_639' title='bbox 3744 1700 3774 1731; x_wconf 68' lang='grc' dir='ltr'>ι</span> 
     </span>
    </p>
   </div>
   <div class='ocr_carea' id='block_1_82' title="bbox 2091 1772 3777 1848">
    <p class='ocr_par' dir='ltr' id='par_1_82' title="bbox 2091 1772 3777 1848">
     <span class='ocr_line' id='line_1_82' title="bbox 2091 1772 3777 1848; baseline 0.002 -20"><span class='ocrx_word' id='word_1_640' title='bbox 2091 1775 2316 1846; x_wconf 78' lang='grc' dir='ltr'>χάριτος</span> <span class='ocrx_word' id='word_1_641' title='bbox 2338 1772 2630 1845; x_wconf 76' lang='grc' dir='ltr'>ἐξέλαμψε.</span> <span class='ocrx_word' id='word_1_642' title='bbox 2658 1774 2850 1828; x_wconf 86' lang='grc' dir='ltr'>Καίτοι</span> <span class='ocrx_word' id='word_1_643' title='bbox 2876 1775 2996 1828; x_wconf 85' lang='grc' dir='ltr'>οὐδὲ</span> <span class='ocrx_word' id='word_1_644' title='bbox 3024 1776 3283 1847; x_wconf 80' lang='grc' dir='ltr'>χρήματα</span> <span class='ocrx_word' id='word_1_645' title='bbox 3309 1775 3459 1846; x_wconf 87' lang='grc' dir='ltr'>αὐτῷ</span> <span class='ocrx_word' id='word_1_646' title='bbox 3486 1777 3689 1848; x_wconf 76' lang='grc' dir='ltr'>παρῆν,</span> <span class='ocrx_word' id='word_1_647' title='bbox 3709 1776 3777 1832; x_wconf 70' lang='grc' dir='ltr'>οὐ</span> 
     </span>
    </p>
   </div>
   <div class='ocr_carea' id='block_1_83' title="bbox 2092 1861 3779 1933">
    <p class='ocr_par' dir='ltr' id='par_1_83' title="bbox 2092 1861 3779 1933">
     <span class='ocr_line' id='line_1_83' title="bbox 2092 1861 3779 1933; baseline 0.002 -19"><span class='ocrx_word' id='word_1_648' title='bbox 2092 1862 2282 1931; x_wconf 89' lang='grc' dir='ltr'>γένους</span> <span class='ocrx_word' id='word_1_649' title='bbox 2299 1861 2649 1933; x_wconf 86' lang='grc' dir='ltr'>περιφάνεια,</span> <span class='ocrx_word' id='word_1_650' title='bbox 2699 1862 2760 1915; x_wconf 87' lang='grc' dir='ltr'>οὐ</span> <span class='ocrx_word' id='word_1_651' title='bbox 2794 1862 3052 1933; x_wconf 82' lang='grc' dir='ltr'>πατρίδος</span> <span class='ocrx_word' id='word_1_652' title='bbox 3084 1862 3334 1932; x_wconf 88' lang='grc' dir='ltr'>μέγεθος,</span> <span class='ocrx_word' id='word_1_653' title='bbox 3370 1864 3429 1917; x_wconf 88' lang='grc' dir='ltr'>οὐ</span> <span class='ocrx_word' id='word_1_654' title='bbox 3465 1864 3638 1933; x_wconf 91' lang='grc' dir='ltr'>λόγων</span> <span class='ocrx_word' id='word_1_655' title='bbox 3666 1864 3779 1918; x_wconf 88' lang='grc' dir='ltr'>δει-</span> 
     </span>
    </p>
   </div>
   <div class='ocr_carea' id='block_1_84' title="bbox 2092 1947 3777 2022">
    <p class='ocr_par' dir='ltr' id='par_1_84' title="bbox 2092 1947 3777 2022">
     <span class='ocr_line' id='line_1_84' title="bbox 2092 1947 3777 2022; baseline -0.001 -18"><span class='ocrx_word' id='word_1_656' title='bbox 2092 1948 2350 2020; x_wconf 82' lang='grc' dir='ltr'>νότης,οὐ</span> <span class='ocrx_word' id='word_1_657' title='bbox 2381 1948 2599 2017; x_wconf 90' lang='grc' dir='ltr'>γλῶττα</span> <span class='ocrx_word' id='word_1_658' title='bbox 2638 1949 2977 2020; x_wconf 86' lang='grc' dir='ltr'>ἡκονημένη,</span> <span class='ocrx_word' id='word_1_659' title='bbox 3014 1948 3114 2002; x_wconf 90' lang='grc' dir='ltr'>οὐκ</span> <span class='ocrx_word' id='word_1_660' title='bbox 3170 1947 3522 2022; x_wconf 80' lang='grc' dir='ltr'>ἀνδραπόδων</span> <span class='ocrx_word' id='word_1_661' title='bbox 3562 1951 3777 2020; x_wconf 79' lang='grc' dir='ltr'>ἀγέλαι,</span> 
     </span>
    </p>
   </div>
   <div class='ocr_carea' id='block_1_85' title="bbox 2093 2036 3781 2110">
    <p class='ocr_par' dir='ltr' id='par_1_85' title="bbox 2093 2036 3781 2110">
     <span class='ocr_line' id='line_1_85' title="bbox 2093 2036 3781 2110; baseline 0.002 -19"><span class='ocrx_word' id='word_1_662' title='bbox 2093 2038 2194 2091; x_wconf 90' lang='grc' dir='ltr'>οὐκ</span> <span class='ocrx_word' id='word_1_663' title='bbox 2224 2036 2495 2107; x_wconf 83' lang='grc' dir='ltr'>εὐνούχων</span> <span class='ocrx_word' id='word_1_664' title='bbox 2525 2037 2712 2108; x_wconf 88' lang='grc' dir='ltr'>ἐσμὸς,</span> <span class='ocrx_word' id='word_1_665' title='bbox 2746 2038 2846 2091; x_wconf 89' lang='grc' dir='ltr'>οὐκ</span> <span class='ocrx_word' id='word_1_666' title='bbox 2882 2036 3029 2090; x_wconf 90' lang='grc' dir='ltr'>οἰκία</span> <span class='ocrx_word' id='word_1_667' title='bbox 3068 2037 3426 2109; x_wconf 86' lang='grc' dir='ltr'>χρυσόροφος,</span> <span class='ocrx_word' id='word_1_668' title='bbox 3457 2039 3554 2110; x_wconf 90' lang='grc' dir='ltr'>οὐχ</span> <span class='ocrx_word' id='word_1_669' title='bbox 3586 2039 3781 2107; x_wconf 88' lang='grc' dir='ltr'>ἰμάτια</span> 
     </span>
    </p>
   </div>
   <div class='ocr_carea' id='block_1_86' title="bbox 2096 2123 3781 2196">
    <p class='ocr_par' dir='ltr' id='par_1_86' title="bbox 2096 2123 3781 2196">
     <span class='ocr_line' id='line_1_86' title="bbox 2096 2123 3781 2196; baseline 0.003 -20"><span class='ocrx_word' id='word_1_670' title='bbox 2096 2123 2319 2196; x_wconf 82' lang='grc' dir='ltr'>σηρικὰ,</span> <span class='ocrx_word' id='word_1_671' title='bbox 2343 2125 2403 2177; x_wconf 89' lang='grc' dir='ltr'>οὐ</span> <span class='ocrx_word' id='word_1_672' title='bbox 2433 2123 2685 2195; x_wconf 78' lang='grc' dir='ltr'>τράπεζα</span> <span class='ocrx_word' id='word_1_673' title='bbox 2711 2124 2923 2196; x_wconf 81' lang='grc' dir='ltr'>τρυφὴν</span> <span class='ocrx_word' id='word_1_674' title='bbox 2951 2125 3172 2195; x_wconf 76' lang='grc' dir='ltr'>ἔχουσα,</span> <span class='ocrx_word' id='word_1_675' title='bbox 3197 2126 3297 2179; x_wconf 82' lang='grc' dir='ltr'>οὐκ</span> <span class='ocrx_word' id='word_1_676' title='bbox 3320 2125 3448 2180; x_wconf 81' lang='grc' dir='ltr'>ἄλλο</span> <span class='ocrx_word' id='word_1_677' title='bbox 3471 2144 3523 2180; x_wconf 92' lang='grc' dir='ltr'>τι</span> <span class='ocrx_word' id='word_1_678' title='bbox 3554 2127 3663 2180; x_wconf 90' lang='grc' dir='ltr'>τῶν</span> <span class='ocrx_word' id='word_1_679' title='bbox 3689 2128 3781 2181; x_wconf 82' lang='grc' dir='ltr'>δο-</span> 
     </span>
    </p>
   </div>
   <div class='ocr_carea' id='block_1_87' title="bbox 2095 2207 3780 2286">
    <p class='ocr_par' dir='ltr' id='par_1_87' title="bbox 2095 2207 3780 2286">
     <span class='ocr_line' id='line_1_87' title="bbox 2095 2207 3780 2286; baseline 0.002 -22"><span class='ocrx_word' id='word_1_680' title='bbox 2095 2211 2336 2265; x_wconf 87' lang='grc' dir='ltr'>κούντων</span> <span class='ocrx_word' id='word_1_681' title='bbox 2357 2207 2496 2265; x_wconf 70' lang='grc' dir='ltr'>εἶναι</span> <span class='ocrx_word' id='word_1_682' title='bbox 2519 2212 2731 2276; x_wconf 86' lang='grc' dir='ltr'>πολλοῖς</span> <span class='ocrx_word' id='word_1_683' title='bbox 2754 2230 3027 2284; x_wconf 85' lang='grc' dir='ltr'>μακαριστ</span> <span class='ocrx_word' id='word_1_684' title='bbox 3037 2214 3133 2275; x_wconf 91' lang='grc' dir='ltr'>ῶν,</span> <span class='ocrx_word' id='word_1_685' title='bbox 3158 2212 3290 2267; x_wconf 89' lang='grc' dir='ltr'>ἀλλά</span> <span class='ocrx_word' id='word_1_686' title='bbox 3313 2214 3471 2267; x_wconf 91' lang='grc' dir='ltr'>πενία</span> <span class='ocrx_word' id='word_1_687' title='bbox 3492 2217 3525 2286; x_wconf 92' lang='grc' dir='ltr'>ἡ</span> <span class='ocrx_word' id='word_1_688' title='bbox 3553 2214 3780 2286; x_wconf 79' lang='grc' dir='ltr'>ἐσχάτη·</span> 
     </span>
    </p>
   </div>
   <div class='ocr_carea' id='block_1_88' title="bbox 2094 2299 3783 2373">
    <p class='ocr_par' dir='ltr' id='par_1_88' title="bbox 2094 2299 3783 2373">
     <span class='ocr_line' id='line_1_88' title="bbox 2094 2299 3783 2373; baseline 0.005 -24"><span class='ocrx_word' id='word_1_689' title='bbox 2094 2299 2215 2353; x_wconf 82' lang='grc' dir='ltr'>οὐδὲ</span> <span class='ocrx_word' id='word_1_690' title='bbox 2247 2300 2353 2370; x_wconf 84' lang='grc' dir='ltr'>γὰρ</span> <span class='ocrx_word' id='word_1_691' title='bbox 2373 2299 2471 2368; x_wconf 83' lang='grc' dir='ltr'>τῆς</span> <span class='ocrx_word' id='word_1_692' title='bbox 2520 2299 2827 2367; x_wconf 82' lang='grc' dir='ltr'>ἀναγκαίας</span> <span class='ocrx_word' id='word_1_693' title='bbox 2878 2300 3107 2373; x_wconf 75' lang='grc' dir='ltr'>ηὐπόρει</span> <span class='ocrx_word' id='word_1_694' title='bbox 3140 2302 3369 2373; x_wconf 82' lang='grc' dir='ltr'>τροφῆς,</span> <span class='ocrx_word' id='word_1_695' title='bbox 3420 2300 3556 2355; x_wconf 88' lang='grc' dir='ltr'>ἀλλά</span> <span class='ocrx_word' id='word_1_696' title='bbox 3603 2305 3783 2373; x_wconf 80' lang='grc' dir='ltr'>χήρας</span> 
     </span>
    </p>
   </div>
   <div class='ocr_carea' id='block_1_89' title="bbox 2095 2388 3783 2462">
    <p class='ocr_par' dir='ltr' id='par_1_89' title="bbox 2095 2388 3783 2462">
     <span class='ocr_line' id='line_1_89' title="bbox 2095 2388 3783 2462; baseline 0.001 -22"><span class='ocrx_word' id='word_1_697' title='bbox 2095 2388 2372 2456; x_wconf 88' lang='grc' dir='ltr'>γυναικὸς,</span> <span class='ocrx_word' id='word_1_698' title='bbox 2408 2388 2688 2441; x_wconf 76' lang='grc' dir='ltr'>καὶταῦτα</span> <span class='ocrx_word' id='word_1_699' title='bbox 2724 2388 3001 2451; x_wconf 88' lang='grc' dir='ltr'>Σιδωνίας,</span> <span class='ocrx_word' id='word_1_700' title='bbox 3051 2389 3353 2459; x_wconf 87' lang='grc' dir='ltr'>προσαίτης</span> <span class='ocrx_word' id='word_1_701' title='bbox 3374 2389 3600 2457; x_wconf 88' lang='grc' dir='ltr'>ἐγίνετο,</span> <span class='ocrx_word' id='word_1_702' title='bbox 3625 2392 3783 2462; x_wconf 80' lang='grc' dir='ltr'>χεῖρα</span> 
     </span>
    </p>
   </div>
   <div class='ocr_carea' id='block_1_90' title="bbox 2098 2474 3787 2550">
    <p class='ocr_par' dir='ltr' id='par_1_90' title="bbox 2098 2474 3787 2550">
     <span class='ocr_line' id='line_1_90' title="bbox 2098 2474 3787 2550; baseline 0.003 -23"><span class='ocrx_word' id='word_1_703' title='bbox 2098 2474 2419 2545; x_wconf 74' lang='grc' dir='ltr'>προτείνων,</span> <span class='ocrx_word' id='word_1_704' title='bbox 2456 2475 2551 2529; x_wconf 89' lang='lat' dir='ltr'>ml</span> <span class='ocrx_word' id='word_1_705' title='bbox 2590 2475 2755 2547; x_wconf 79' lang='grc' dir='ltr'>ἄρτον</span> <span class='ocrx_word' id='word_1_706' title='bbox 2788 2476 2976 2529; x_wconf 79' lang='grc' dir='ltr'>αἰτῶν-</span> <span class='ocrx_word' id='word_1_707' title='bbox 3019 2478 3114 2530; x_wconf 87' lang='lat' dir='ltr'>ml</span> <span class='ocrx_word' id='word_1_708' title='bbox 3143 2477 3407 2550; x_wconf 80' lang='grc' dir='ltr'>σπήλαιον</span> <span class='ocrx_word' id='word_1_709' title='bbox 3450 2474 3521 2549; x_wconf 84' lang='grc' dir='ltr'>ἦν</span> <span class='ocrx_word' id='word_1_710' title='bbox 3554 2478 3703 2549; x_wconf 86' lang='grc' dir='ltr'>αὐτῷ</span> <span class='ocrx_word' id='word_1_711' title='bbox 3722 2478 3787 2532; x_wconf 88' lang='grc' dir='ltr'>τὸ</span> 
     </span>
    </p>
   </div>
   <div class='ocr_carea' id='block_1_91' title="bbox 2096 2563 3785 2636">
    <p class='ocr_par' dir='ltr' id='par_1_91' title="bbox 2096 2563 3785 2636">
     <span class='ocr_line' id='line_1_91' title="bbox 2096 2563 3785 2636; baseline 0.001 -19"><span class='ocrx_word' id='word_1_712' title='bbox 2096 2563 2325 2633; x_wconf 77' lang='grc' dir='ltr'>οἴκημα,</span> <span class='ocrx_word' id='word_1_713' title='bbox 2352 2563 2444 2617; x_wconf 89' lang='lat' dir='ltr'>ml</span> <span class='ocrx_word' id='word_1_714' title='bbox 2475 2563 2657 2635; x_wconf 86' lang='grc' dir='ltr'>δέρμα</span> <span class='ocrx_word' id='word_1_715' title='bbox 2690 2563 2751 2616; x_wconf 88' lang='grc' dir='ltr'>τὸ</span> <span class='ocrx_word' id='word_1_716' title='bbox 2781 2563 3017 2634; x_wconf 85' lang='grc' dir='ltr'>ἱμάτιον,</span> <span class='ocrx_word' id='word_1_717' title='bbox 3063 2565 3215 2635; x_wconf 72' lang='grc' dir='ltr'>καὶὴ</span> <span class='ocrx_word' id='word_1_718' title='bbox 3266 2564 3517 2636; x_wconf 78' lang='grc' dir='ltr'>τράπεζα</span> <span class='ocrx_word' id='word_1_719' title='bbox 3543 2566 3637 2635; x_wconf 83' lang='grc' dir='ltr'>γῆ,</span> <span class='ocrx_word' id='word_1_720' title='bbox 3690 2566 3785 2619; x_wconf 89' lang='lat' dir='ltr'>ml</span> 
     </span>
    </p>
   </div>
   <div class='ocr_carea' id='block_1_92' title="bbox 2099 2649 3783 2724">
    <p class='ocr_par' dir='ltr' id='par_1_92' title="bbox 2099 2649 3783 2724">
     <span class='ocr_line' id='line_1_92' title="bbox 2099 2649 3783 2724; baseline 0.001 -19"><span class='ocrx_word' id='word_1_721' title='bbox 2099 2651 2357 2723; x_wconf 81' lang='grc' dir='ltr'>πρόγονοι</span> <span class='ocrx_word' id='word_1_722' title='bbox 2377 2650 2582 2722; x_wconf 79' lang='grc' dir='ltr'>ἄσημοι</span> <span class='ocrx_word' id='word_1_723' title='bbox 2603 2668 2661 2705; x_wconf 87' lang='grc' dir='ltr'>τε</span> <span class='ocrx_word' id='word_1_724' title='bbox 2685 2651 2780 2705; x_wconf 89' lang='lat' dir='ltr'>ml</span> <span class='ocrx_word' id='word_1_725' title='bbox 2830 2649 3125 2722; x_wconf 87' lang='grc' dir='ltr'>ἀνώνυμοι,</span> <span class='ocrx_word' id='word_1_726' title='bbox 3171 2653 3267 2705; x_wconf 90' lang='lat' dir='ltr'>ml</span> <span class='ocrx_word' id='word_1_727' title='bbox 3306 2652 3506 2722; x_wconf 72' lang='grc' dir='ltr'>πατρὶς</span> <span class='ocrx_word' id='word_1_728' title='bbox 3537 2652 3783 2724; x_wconf 78' lang='grc' dir='ltr'>εὐτελὴς,</span> 
     </span>
    </p>
   </div>
   <div class='ocr_carea' id='block_1_93' title="bbox 2099 2737 3787 2809">
    <p class='ocr_par' dir='ltr' id='par_1_93' title="bbox 2099 2737 3787 2809">
     <span class='ocr_line' id='line_1_93' title="bbox 2099 2737 3787 2809; baseline 0.002 -19"><span class='ocrx_word' id='word_1_729' title='bbox 2099 2738 2194 2791; x_wconf 79' lang='grc' dir='ltr'>καὶ</span> <span class='ocrx_word' id='word_1_730' title='bbox 2226 2738 2339 2808; x_wconf 87' lang='grc' dir='ltr'>βίος</span> <span class='ocrx_word' id='word_1_731' title='bbox 2372 2737 2733 2809; x_wconf 88' lang='grc' dir='ltr'>ἀγροικώδης.</span> <span class='ocrx_word' id='word_1_732' title='bbox 2785 2738 2925 2791; x_wconf 81' lang='grc' dir='ltr'>Ἀλλ’</span> <span class='ocrx_word' id='word_1_733' title='bbox 2952 2740 3104 2808; x_wconf 84' lang='grc' dir='ltr'>ὅμως</span> <span class='ocrx_word' id='word_1_734' title='bbox 3133 2739 3287 2792; x_wconf 83' lang='grc' dir='ltr'>οὐδὲν</span> <span class='ocrx_word' id='word_1_735' title='bbox 3328 2740 3538 2793; x_wconf 89' lang='grc' dir='ltr'>τούτων</span> <span class='ocrx_word' id='word_1_736' title='bbox 3566 2739 3787 2808; x_wconf 85' lang='grc' dir='ltr'>ἐγένετο</span> 
     </span>
    </p>
   </div>
   <div class='ocr_carea' id='block_1_94' title="bbox 2102 2824 3787 2897">
    <p class='ocr_par' dir='ltr' id='par_1_94' title="bbox 2102 2824 3787 2897">
     <span class='ocr_line' id='line_1_94' title="bbox 2102 2824 3787 2897; baseline -0.001 -16"><span class='ocrx_word' id='word_1_737' title='bbox 2102 2825 2331 2897; x_wconf 84' lang='grc' dir='ltr'>κώλυμα</span> <span class='ocrx_word' id='word_1_738' title='bbox 2361 2825 2439 2896; x_wconf 83' lang='grc' dir='ltr'>τῷ</span> <span class='ocrx_word' id='word_1_739' title='bbox 2468 2826 2624 2895; x_wconf 78' lang='grc' dir='ltr'>ἀνδρὶ</span> <span class='ocrx_word' id='word_1_740' title='bbox 2652 2824 2789 2895; x_wconf 91' lang='grc' dir='ltr'>πρὸς</span> <span class='ocrx_word' id='word_1_741' title='bbox 2818 2825 3195 2897; x_wconf 87' lang='grc' dir='ltr'>εὐδοκίμησιν,</span> <span class='ocrx_word' id='word_1_742' title='bbox 3227 2825 3365 2880; x_wconf 89' lang='grc' dir='ltr'>ἀλλά</span> <span class='ocrx_word' id='word_1_743' title='bbox 3395 2828 3490 2881; x_wconf 87' lang='lat' dir='ltr'>ml</span> <span class='ocrx_word' id='word_1_744' title='bbox 3521 2826 3787 2896; x_wconf 85' lang='grc' dir='ltr'>βασιλέων</span> 
     </span>
    </p>
   </div>
   <div class='ocr_carea' id='block_1_95' title="bbox 2103 2909 3788 2986">
    <p class='ocr_par' dir='ltr' id='par_1_95' title="bbox 2103 2909 3788 2986">
     <span class='ocr_line' id='line_1_95' title="bbox 2103 2909 3788 2986; baseline 0.002 -18"><span class='ocrx_word' id='word_1_745' title='bbox 2103 2914 2361 2979; x_wconf 83' lang='grc' dir='ltr'>ἀπάντων</span> <span class='ocrx_word' id='word_1_746' title='bbox 2382 2912 2761 2986; x_wconf 81' lang='grc' dir='ltr'>εὐπορώτερος</span> <span class='ocrx_word' id='word_1_747' title='bbox 2786 2909 2875 2986; x_wconf 77' lang='grc' dir='ltr'>ἦν,</span> <span class='ocrx_word' id='word_1_748' title='bbox 2925 2915 3019 2968; x_wconf 89' lang='lat' dir='ltr'>ml</span> <span class='ocrx_word' id='word_1_749' title='bbox 3050 2914 3359 2985; x_wconf 90' lang='grc' dir='ltr'>φιλοσόφων</span> <span class='ocrx_word' id='word_1_750' title='bbox 3387 2916 3647 2970; x_wconf 83' lang='grc' dir='ltr'>ἀπάντων</span> <span class='ocrx_word' id='word_1_751' title='bbox 3690 2917 3788 2971; x_wconf 78' lang='grc' dir='ltr'>καὶ</span> 
     </span>
    </p>
   </div>
   <div class='ocr_carea' id='block_1_96' title="bbox 2103 2999 3790 3074">
    <p class='ocr_par' dir='ltr' id='par_1_96' title="bbox 2103 2999 3790 3074">
     <span class='ocr_line' id='line_1_96' title="bbox 2103 2999 3790 3074; baseline 0.002 -22"><span class='ocrx_word' id='word_1_752' title='bbox 2103 3002 2350 3074; x_wconf 76' lang='grc' dir='ltr'>ρητόρων</span> <span class='ocrx_word' id='word_1_753' title='bbox 2383 3001 2708 3072; x_wconf 91' lang='grc' dir='ltr'>σοφώτερος,</span> <span class='ocrx_word' id='word_1_754' title='bbox 2742 3000 2836 3054; x_wconf 88' lang='lat' dir='ltr'>ml</span> <span class='ocrx_word' id='word_1_755' title='bbox 2860 2999 2969 3053; x_wconf 86' lang='grc' dir='ltr'>τῶν</span> <span class='ocrx_word' id='word_1_756' title='bbox 2997 2999 3066 3054; x_wconf 83' lang='grc' dir='ltr'>τά</span> <span class='ocrx_word' id='word_1_757' title='bbox 3097 3000 3403 3072; x_wconf 84' lang='grc' dir='ltr'>διαδήματα</span> <span class='ocrx_word' id='word_1_758' title='bbox 3428 3001 3660 3073; x_wconf 88' lang='grc' dir='ltr'>ἐχόντων</span> <span class='ocrx_word' id='word_1_759' title='bbox 3689 3019 3790 3055; x_wconf 83' lang='grc' dir='ltr'>πε-</span> 
     </span>
    </p>
   </div>
   <div class='ocr_carea' id='block_1_97' title="bbox 2106 3086 3788 3167">
    <p class='ocr_par' dir='ltr' id='par_1_97' title="bbox 2106 3086 3788 3167">
     <span class='ocr_line' id='line_1_97' title="bbox 2106 3086 3788 3167; baseline 0.002 -27"><span class='ocrx_word' id='word_1_760' title='bbox 2106 3088 2513 3167; x_wconf 85' lang='grc' dir='ltr'>ριφανέστερος,</span> <span class='ocrx_word' id='word_1_761' title='bbox 2545 3087 2640 3140; x_wconf 88' lang='lat' dir='ltr'>ml</span> <span class='ocrx_word' id='word_1_762' title='bbox 2671 3086 2871 3157; x_wconf 79' lang='grc' dir='ltr'>μᾶλλον</span> <span class='ocrx_word' id='word_1_763' title='bbox 2893 3087 3224 3159; x_wconf 88' lang='grc' dir='ltr'>εὐπατρίδης</span> <span class='ocrx_word' id='word_1_764' title='bbox 3243 3087 3353 3142; x_wconf 91' lang='grc' dir='ltr'>τῶν</span> <span class='ocrx_word' id='word_1_765' title='bbox 3376 3089 3475 3151; x_wconf 78' lang='grc' dir='ltr'>τὰς</span> <span class='ocrx_word' id='word_1_766' title='bbox 3500 3088 3788 3158; x_wconf 78' lang='grc' dir='ltr'>βασιλικὰς</span> 
     </span>
    </p>
   </div>
   <div class='ocr_carea' id='block_1_98' title="bbox 2103 3174 3789 3251">
    <p class='ocr_par' dir='ltr' id='par_1_98' title="bbox 2103 3174 3789 3251">
     <span class='ocr_line' id='line_1_98' title="bbox 2103 3174 3789 3251; baseline 0.002 -21"><span class='ocrx_word' id='word_1_767' title='bbox 2103 3175 2461 3248; x_wconf 88' lang='grc' dir='ltr'>κεκτημένων</span> <span class='ocrx_word' id='word_1_768' title='bbox 2493 3174 2698 3241; x_wconf 72' lang='grc' dir='ltr'>πόλεις’</span> <span class='ocrx_word' id='word_1_769' title='bbox 2728 3176 2828 3248; x_wconf 80' lang='grc' dir='ltr'>τὴν</span> <span class='ocrx_word' id='word_1_770' title='bbox 2860 3176 2971 3250; x_wconf 83' lang='grc' dir='ltr'>γὰρ</span> <span class='ocrx_word' id='word_1_771' title='bbox 3000 3177 3328 3249; x_wconf 87' lang='grc' dir='ltr'>οἰκουμένην</span> <span class='ocrx_word' id='word_1_772' title='bbox 3360 3176 3475 3250; x_wconf 84' lang='grc' dir='ltr'>είχε</span> <span class='ocrx_word' id='word_1_773' title='bbox 3528 3180 3789 3251; x_wconf 87' lang='grc' dir='ltr'>πατρίδα,</span> 
     </span>
    </p>
   </div>
   <div class='ocr_carea' id='block_1_99' title="bbox 2104 3261 3799 3339">
    <p class='ocr_par' dir='ltr' id='par_1_99' title="bbox 2104 3261 3799 3339">
     <span class='ocr_line' id='line_1_99' title="bbox 2104 3261 3799 3339; baseline 0.001 -20"><span class='ocrx_word' id='word_1_774' title='bbox 2104 3263 2305 3335; x_wconf 78' lang='grc' dir='ltr'>μᾶλλον</span> <span class='ocrx_word' id='word_1_775' title='bbox 2329 3263 2384 3318; x_wconf 83' lang='grc' dir='ltr'>δὲ</span> <span class='ocrx_word' id='word_1_776' title='bbox 2406 3263 2500 3318; x_wconf 88' lang='lat' dir='ltr'>ml</span> <span class='ocrx_word' id='word_1_777' title='bbox 2525 3264 2665 3337; x_wconf 81' lang='grc' dir='ltr'>αὐτὴ</span> <span class='ocrx_word' id='word_1_778' title='bbox 2686 3264 2835 3336; x_wconf 87' lang='grc' dir='ltr'>αὐτῷ</span> <span class='ocrx_word' id='word_1_779' title='bbox 2860 3265 3034 3337; x_wconf 89' lang='grc' dir='ltr'>μικρά</span> <span class='ocrx_word' id='word_1_780' title='bbox 3048 3265 3205 3330; x_wconf 85' lang='grc' dir='ltr'>πόλις</span> <span class='ocrx_word' id='word_1_781' title='bbox 3220 3261 3310 3337; x_wconf 81' lang='grc' dir='ltr'>ἦν,</span> <span class='ocrx_word' id='word_1_782' title='bbox 3338 3268 3434 3321; x_wconf 85' lang='lat' dir='ltr'>ml</span> <span class='ocrx_word' id='word_1_783' title='bbox 3459 3266 3558 3339; x_wconf 81' lang='grc' dir='ltr'>βοᾷ</span> <span class='ocrx_word' id='word_1_784' title='bbox 3575 3268 3799 3333; x_wconf 72' lang='grc' dir='ltr'>Παῦλος.</span> 
     </span>
    </p>
   </div>
   <div class='ocr_carea' id='block_1_100' title="bbox 2103 3342 3802 3432">
    <p class='ocr_par' dir='ltr' id='par_1_100' title="bbox 2103 3342 3802 3432">
     <span class='ocr_line' id='line_1_100' title="bbox 2103 3342 3802 3432; baseline 0 -25"><span class='ocrx_word' id='word_1_785' title='bbox 2103 3353 2277 3423; x_wconf 89' lang='grc' dir='ltr'>λέγων</span> <span class='ocrx_word' id='word_1_786' title='bbox 2284 3371 2298 3386; x_wconf 78' lang='grc' dir='ltr'>ο</span> <span class='ocrx_word' id='word_1_787' title='bbox 2306 3354 2642 3424; x_wconf 74' lang='grc' dir='ltr'>Περιῆλθον</span> <span class='ocrx_word' id='word_1_788' title='bbox 2652 3353 3124 3424; x_wconf 75' lang='grc' dir='ltr'>ἑνμηλωταῒς,ὲν</span> <span class='ocrx_word' id='word_1_789' title='bbox 3135 3356 3381 3426; x_wconf 69' lang='grc' dir='ltr'>αἰγείοις</span> <span class='ocrx_word' id='word_1_790' title='bbox 3389 3342 3802 3432; x_wconf 60' lang='grc' dir='ltr'>δέρμασινοῶέξ</span> 
     </span>
    </p>
   </div>
   <div class='ocr_carea' id='block_1_101' title="bbox 2105 3437 3791 3514">
    <p class='ocr_par' dir='ltr' id='par_1_101' title="bbox 2105 3437 3791 3514">
     <span class='ocr_line' id='line_1_101' title="bbox 2105 3437 3791 3514; baseline 0.001 -19"><span class='ocrx_word' id='word_1_791' title='bbox 2105 3442 2216 3495; x_wconf 86' lang='grc' dir='ltr'>οὐκ</span> <span class='ocrx_word' id='word_1_792' title='bbox 2232 3437 2311 3511; x_wconf 85' lang='grc' dir='ltr'>ἦν</span> <span class='ocrx_word' id='word_1_793' title='bbox 2321 3441 2490 3508; x_wconf 78' lang='grc' dir='ltr'>ἄξιος</span> <span class='ocrx_word' id='word_1_794' title='bbox 2505 3444 2539 3497; x_wconf 85' lang='grc' dir='ltr'>ό</span> <span class='ocrx_word' id='word_1_795' title='bbox 2553 3442 2804 3510; x_wconf 84' lang='grc' dir='ltr'>κόσμος.</span> <span class='ocrx_word' id='word_1_796' title='bbox 2825 3441 2935 3495; x_wconf 89' lang='lat' dir='ltr'>Kal</span> <span class='ocrx_word' id='word_1_797' title='bbox 2950 3440 3059 3513; x_wconf 79' lang='grc' dir='ltr'>γάρ</span> <span class='ocrx_word' id='word_1_798' title='bbox 3076 3443 3158 3508; x_wconf 90' lang='grc' dir='ltr'>εἰς</span> <span class='ocrx_word' id='word_1_799' title='bbox 3180 3441 3279 3514; x_wconf 82' lang='grc' dir='ltr'>τὴν</span> <span class='ocrx_word' id='word_1_800' title='bbox 3292 3443 3405 3498; x_wconf 83' lang='grc' dir='ltr'>ἀνω</span> <span class='ocrx_word' id='word_1_801' title='bbox 3421 3443 3576 3498; x_wconf 86' lang='grc' dir='ltr'>πόλιν</span> <span class='ocrx_word' id='word_1_802' title='bbox 3594 3445 3791 3506; x_wconf 83' lang='grc' dir='ltr'>ἐτέλει,</span> 
     </span>
    </p>
   </div>
   <div class='ocr_carea' id='block_1_102' title="bbox 2104 3516 3802 3603">
    <p class='ocr_par' dir='ltr' id='par_1_102' title="bbox 2104 3516 3802 3603">
     <span class='ocr_line' id='line_1_102' title="bbox 2104 3516 3802 3603; baseline 0.003 -23"><span class='ocrx_word' id='word_1_803' title='bbox 2104 3521 2172 3598; x_wconf 77' lang='grc' dir='ltr'>ἦς</span> <span class='ocrx_word' id='word_1_804' title='bbox 2194 3528 2444 3601; x_wconf 88' lang='grc' dir='ltr'>τεχνίτης</span> <span class='ocrx_word' id='word_1_805' title='bbox 2473 3527 2567 3583; x_wconf 90' lang='lat' dir='ltr'>ml</span> <span class='ocrx_word' id='word_1_806' title='bbox 2592 3529 2655 3600; x_wconf 88' lang='grc' dir='ltr'>δη</span> <span class='ocrx_word' id='word_1_807' title='bbox 2665 3528 2969 3600; x_wconf 81' lang='grc' dir='ltr'>μιουργὸςό</span> <span class='ocrx_word' id='word_1_808' title='bbox 2997 3529 3150 3593; x_wconf 81' lang='grc' dir='ltr'>Θεός.</span> <span class='ocrx_word' id='word_1_809' title='bbox 3175 3529 3274 3584; x_wconf 85' lang='grc' dir='ltr'>Διά</span> <span class='ocrx_word' id='word_1_810' title='bbox 3302 3528 3459 3585; x_wconf 89' lang='grc' dir='ltr'>τοῦτό</span> <span class='ocrx_word' id='word_1_811' title='bbox 3485 3548 3567 3585; x_wconf 85' lang='grc' dir='ltr'>σοι</span> <span class='ocrx_word' id='word_1_812' title='bbox 3586 3516 3802 3603; x_wconf 52' lang='grc' dir='ltr'>πένηταί</span> 
     </span>
    </p>
   </div>
   <div class='ocr_carea' id='block_1_103' title="bbox 2106 3602 3807 3691">
    <p class='ocr_par' dir='ltr' id='par_1_103' title="bbox 2106 3602 3807 3691">
     <span class='ocr_line' id='line_1_103' title="bbox 2106 3602 3807 3691; baseline 0.004 -23"><span class='ocrx_word' id='word_1_813' title='bbox 2106 3615 2201 3669; x_wconf 89' lang='lat' dir='ltr'>ml</span> <span class='ocrx_word' id='word_1_814' title='bbox 2238 3615 2494 3687; x_wconf 72' lang='grc' dir='ltr'>ἀγροικον</span> <span class='ocrx_word' id='word_1_815' title='bbox 2544 3617 2869 3687; x_wconf 86' lang='grc' dir='ltr'>παρήγαγον</span> <span class='ocrx_word' id='word_1_816' title='bbox 2918 3616 3344 3688; x_wconf 88' lang='grc' dir='ltr'>εὐδοκιμοῦντα,</span> <span class='ocrx_word' id='word_1_817' title='bbox 3379 3620 3466 3672; x_wconf 83' lang='grc' dir='ltr'>ἵνα</span> <span class='ocrx_word' id='word_1_818' title='bbox 3517 3602 3807 3691; x_wconf 42' lang='grc' dir='ltr'>μηδεμίαν,</span> 
     </span>
    </p>
   </div>
   <div class='ocr_carea' id='block_1_104' title="bbox 2106 3702 3805 3778">
    <p class='ocr_par' dir='ltr' id='par_1_104' title="bbox 2106 3702 3805 3778">
     <span class='ocr_line' id='line_1_104' title="bbox 2106 3702 3805 3778; baseline 0.004 -23"><span class='ocrx_word' id='word_1_819' title='bbox 2106 3702 2242 3774; x_wconf 78' lang='grc' dir='ltr'>ἔχῃς</span> <span class='ocrx_word' id='word_1_820' title='bbox 2269 3704 2562 3775; x_wconf 90' lang='grc' dir='ltr'>πρόφασιν.</span> <span class='ocrx_word' id='word_1_821' title='bbox 2593 3705 2656 3759; x_wconf 82' lang='grc' dir='ltr'>Εἰ</span> <span class='ocrx_word' id='word_1_822' title='bbox 2701 3703 2800 3775; x_wconf 76' lang='grc' dir='ltr'>μὲν</span> <span class='ocrx_word' id='word_1_823' title='bbox 2840 3704 2950 3777; x_wconf 79' lang='grc' dir='ltr'>γάρ</span> <span class='ocrx_word' id='word_1_824' title='bbox 3001 3704 3258 3760; x_wconf 84' lang='grc' dir='ltr'>πλούσιον</span> <span class='ocrx_word' id='word_1_825' title='bbox 3315 3708 3641 3778; x_wconf 84' lang='grc' dir='ltr'>παρήγαγον</span> <span class='ocrx_word' id='word_1_826' title='bbox 3698 3709 3805 3777; x_wconf 55' lang='grc' dir='ltr'>καὶΤ</span> 
     </span>
    </p>
   </div>
   <div class='ocr_carea' id='block_1_105' title="bbox 2112 3780 3809 3874">
    <p class='ocr_par' dir='ltr' id='par_1_105' title="bbox 2112 3780 3809 3874">
     <span class='ocr_line' id='line_1_105' title="bbox 2112 3780 3809 3874; baseline 0.001 -27"><span class='ocrx_word' id='word_1_827' title='bbox 2112 3793 2297 3874; x_wconf 78' lang='grc' dir='ltr'>σοφὸν,</span> <span class='ocrx_word' id='word_1_828' title='bbox 2328 3792 2562 3862; x_wconf 78' lang='grc' dir='ltr'>ἡδύνασο</span> <span class='ocrx_word' id='word_1_829' title='bbox 2591 3792 2794 3861; x_wconf 88' lang='grc' dir='ltr'>λέγειν,</span> <span class='ocrx_word' id='word_1_830' title='bbox 2822 3793 2905 3847; x_wconf 83' lang='grc' dir='ltr'>ὅτι</span> <span class='ocrx_word' id='word_1_831' title='bbox 2934 3793 2996 3864; x_wconf 84' lang='grc' dir='ltr'>δὴ</span> <span class='ocrx_word' id='word_1_832' title='bbox 3024 3792 3154 3864; x_wconf 82' lang='grc' dir='ltr'>Ἐμέ</span> <span class='ocrx_word' id='word_1_833' title='bbox 3172 3794 3204 3865; x_wconf 89' lang='grc' dir='ltr'>ἡ</span> <span class='ocrx_word' id='word_1_834' title='bbox 3224 3794 3384 3847; x_wconf 90' lang='grc' dir='ltr'>πενία</span> <span class='ocrx_word' id='word_1_835' title='bbox 3413 3797 3554 3866; x_wconf 84' lang='grc' dir='ltr'>καὶὴ</span> <span class='ocrx_word' id='word_1_836' title='bbox 3582 3780 3809 3871; x_wconf 34' lang='grc' dir='ltr'>ἀμαθίαί</span> 
     </span>
    </p>
   </div>
   <div class='ocr_carea' id='block_1_106' title="bbox 2110 3870 3811 3954">
    <p class='ocr_par' dir='ltr' id='par_1_106' title="bbox 2110 3870 3811 3954">
     <span class='ocr_line' id='line_1_106' title="bbox 2110 3870 3811 3954; baseline 0.002 -19"><span class='ocrx_word' id='word_1_837' title='bbox 2110 3870 2308 3936; x_wconf 82' lang='grc' dir='ltr'>κωλύει</span> <span class='ocrx_word' id='word_1_838' title='bbox 2324 3880 2579 3950; x_wconf 83' lang='grc' dir='ltr'>γενέσθαι</span> <span class='ocrx_word' id='word_1_839' title='bbox 2613 3880 2874 3935; x_wconf 86' lang='grc' dir='ltr'>τοιοῦτον·</span> <span class='ocrx_word' id='word_1_840' title='bbox 2892 3882 3012 3936; x_wconf 77' lang='grc' dir='ltr'>νυνὶ</span> <span class='ocrx_word' id='word_1_841' title='bbox 3029 3881 3085 3933; x_wconf 90' lang='grc' dir='ltr'>δέ</span> <span class='ocrx_word' id='word_1_842' title='bbox 3116 3882 3195 3947; x_wconf 91' lang='grc' dir='ltr'>εἰς</span> <span class='ocrx_word' id='word_1_843' title='bbox 3228 3881 3487 3953; x_wconf 88' lang='grc' dir='ltr'>οὐδεμίαν</span> <span class='ocrx_word' id='word_1_844' title='bbox 3519 3870 3811 3954; x_wconf 46' lang='grc' dir='ltr'>πρόφασιν,</span> 
     </span>
    </p>
   </div>
   <div class='ocr_carea' id='block_1_107' title="bbox 2107 3965 3793 4041">
    <p class='ocr_par' dir='ltr' id='par_1_107' title="bbox 2107 3965 3793 4041">
     <span class='ocr_line' id='line_1_107' title="bbox 2107 3965 3793 4041; baseline 0.001 -18"><span class='ocrx_word' id='word_1_845' title='bbox 2107 3968 2367 4040; x_wconf 77' lang='grc' dir='ltr'>τοιαύτην</span> <span class='ocrx_word' id='word_1_846' title='bbox 2380 3968 2526 4038; x_wconf 82' lang='grc' dir='ltr'>ἐχεις</span> <span class='ocrx_word' id='word_1_847' title='bbox 2538 3970 2898 4037; x_wconf 67' lang='grc' dir='ltr'>καταφυγεῖν*</span> <span class='ocrx_word' id='word_1_848' title='bbox 2915 3967 3130 4040; x_wconf 75' lang='grc' dir='ltr'>καὶγὰρ</span> <span class='ocrx_word' id='word_1_849' title='bbox 3156 3970 3251 4022; x_wconf 81' lang='lat' dir='ltr'>ml</span> <span class='ocrx_word' id='word_1_850' title='bbox 3280 3969 3448 4040; x_wconf 85' lang='grc' dir='ltr'>πένης</span> <span class='ocrx_word' id='word_1_851' title='bbox 3465 3965 3535 4041; x_wconf 82' lang='grc' dir='ltr'>ἧν</span> <span class='ocrx_word' id='word_1_852' title='bbox 3560 3971 3793 4034; x_wconf 69' lang='grc' dir='ltr'>ἐκεῖνος,</span> 
     </span>
    </p>
   </div>
   <div class='ocr_carea' id='block_1_108' title="bbox 2111 4055 3801 4130">
    <p class='ocr_par' dir='ltr' id='par_1_108' title="bbox 2111 4055 3801 4130">
     <span class='ocr_line' id='line_1_108' title="bbox 2111 4055 3801 4130; baseline 0.002 -19"><span class='ocrx_word' id='word_1_853' title='bbox 2111 4059 2330 4113; x_wconf 87' lang='grc' dir='ltr'>πάντων</span> <span class='ocrx_word' id='word_1_854' title='bbox 2342 4062 2372 4110; x_wconf 62' lang='grc' dir='ltr'>ι</span> <span class='ocrx_word' id='word_1_855' title='bbox 2391 4055 2488 4110; x_wconf 87' lang='grc' dir='ltr'>ἀνθ</span> <span class='ocrx_word' id='word_1_856' title='bbox 2496 4055 2697 4127; x_wconf 83' lang='grc' dir='ltr'>ρώπων</span> <span class='ocrx_word' id='word_1_857' title='bbox 2716 4055 3057 4126; x_wconf 89' lang='grc' dir='ltr'>πενέστερος,</span> <span class='ocrx_word' id='word_1_858' title='bbox 3073 4058 3167 4110; x_wconf 87' lang='lat' dir='ltr'>ml</span> <span class='ocrx_word' id='word_1_859' title='bbox 3181 4057 3279 4128; x_wconf 77' lang='grc' dir='ltr'>τὴν</span> <span class='ocrx_word' id='word_1_860' title='bbox 3296 4056 3500 4130; x_wconf 74' lang='grc' dir='ltr'>ἔρημον</span> <span class='ocrx_word' id='word_1_861' title='bbox 3528 4057 3679 4129; x_wconf 79' lang='grc' dir='ltr'>ᾤκει,</span> <span class='ocrx_word' id='word_1_862' title='bbox 3698 4061 3801 4119; x_wconf 88' lang='lat' dir='ltr'>ml</span> 
     </span>
    </p>
   </div>
   <div class='ocr_carea' id='block_1_109' title="bbox 2110 4143 3807 4216">
    <p class='ocr_par' dir='ltr' id='par_1_109' title="bbox 2110 4143 3807 4216">
     <span class='ocr_line' id='line_1_109' title="bbox 2110 4143 3807 4216; baseline 0.001 -17"><span class='ocrx_word' id='word_1_863' title='bbox 2110 4147 2175 4199; x_wconf 88' lang='grc' dir='ltr'>ἐκ</span> <span class='ocrx_word' id='word_1_864' title='bbox 2203 4144 2486 4215; x_wconf 83' lang='grc' dir='ltr'>προγόνων</span> <span class='ocrx_word' id='word_1_865' title='bbox 2525 4143 2738 4214; x_wconf 77' lang='grc' dir='ltr'>ἄσημος</span> <span class='ocrx_word' id='word_1_866' title='bbox 2756 4144 2851 4197; x_wconf 90' lang='lat' dir='ltr'>ml</span> <span class='ocrx_word' id='word_1_867' title='bbox 2871 4144 2935 4197; x_wconf 88' lang='grc' dir='ltr'>ἐκ</span> <span class='ocrx_word' id='word_1_868' title='bbox 2954 4144 3211 4216; x_wconf 82' lang='grc' dir='ltr'>πατρίδος</span> <span class='ocrx_word' id='word_1_869' title='bbox 3237 4145 3329 4209; x_wconf 84' lang='lat' dir='ltr'>ml</span> <span class='ocrx_word' id='word_1_870' title='bbox 3348 4145 3458 4198; x_wconf 83' lang='grc' dir='ltr'>ἀπὸ</span> <span class='ocrx_word' id='word_1_871' title='bbox 3482 4145 3588 4199; x_wconf 86' lang='grc' dir='ltr'>τῶν</span> <span class='ocrx_word' id='word_1_872' title='bbox 3618 4147 3807 4209; x_wconf 66' lang='grc' dir='ltr'>ἄλλων,</span> 
     </span>
    </p>
   </div>
   <div class='ocr_carea' id='block_1_110' title="bbox 2112 4231 3795 4307">
    <p class='ocr_par' dir='ltr' id='par_1_110' title="bbox 2112 4231 3795 4307">
     <span class='ocr_line' id='line_1_110' title="bbox 2112 4231 3795 4307; baseline 0 -19"><span class='ocrx_word' id='word_1_873' title='bbox 2112 4233 2262 4307; x_wconf 64' lang='grc' dir='ltr'>[52η</span> <span class='ocrx_word' id='word_1_874' title='bbox 2290 4234 2566 4294; x_wconf 76' lang='grc' dir='ltr'>ἁπάντων.</span> <span class='ocrx_word' id='word_1_875' title='bbox 2614 4231 2756 4287; x_wconf 78' lang='grc' dir='ltr'>Ἀλλ’</span> <span class='ocrx_word' id='word_1_876' title='bbox 2802 4233 2952 4301; x_wconf 83' lang='grc' dir='ltr'>ὅμως</span> <span class='ocrx_word' id='word_1_877' title='bbox 2984 4232 3126 4301; x_wconf 81' lang='grc' dir='ltr'>ὑπὲρ</span> <span class='ocrx_word' id='word_1_878' title='bbox 3160 4232 3253 4285; x_wconf 83' lang='grc' dir='ltr'>τὸν</span> <span class='ocrx_word' id='word_1_879' title='bbox 3281 4231 3433 4303; x_wconf 77' lang='grc' dir='ltr'>ἥλιον</span> <span class='ocrx_word' id='word_1_880' title='bbox 3458 4232 3667 4304; x_wconf 69' lang='grc' dir='ltr'>ἔλαμψε</span> <span class='ocrx_word' id='word_1_881' title='bbox 3700 4235 3795 4289; x_wconf 90' lang='lat' dir='ltr'>ml</span> 
     </span>
    </p>
   </div>
   <div class='ocr_carea' id='block_1_111' title="bbox 2109 4317 3793 4393">
    <p class='ocr_par' dir='ltr' id='par_1_111' title="bbox 2109 4317 3793 4393">
     <span class='ocr_line' id='line_1_111' title="bbox 2109 4317 3793 4393; baseline 0.001 -20"><span class='ocrx_word' id='word_1_882' title='bbox 2109 4320 2233 4391; x_wconf 76' lang='grc' dir='ltr'>τότε</span> <span class='ocrx_word' id='word_1_883' title='bbox 2260 4320 2354 4379; x_wconf 80' lang='grc' dir='ltr'>καὶ</span> <span class='ocrx_word' id='word_1_884' title='bbox 2379 4318 2494 4383; x_wconf 91' lang='grc' dir='ltr'>νῦν,</span> <span class='ocrx_word' id='word_1_885' title='bbox 2519 4318 2617 4375; x_wconf 83' lang='lat' dir='ltr'>ml</span> <span class='ocrx_word' id='word_1_886' title='bbox 2637 4318 2771 4389; x_wconf 85' lang='grc' dir='ltr'>ὅσην</span> <span class='ocrx_word' id='word_1_887' title='bbox 2803 4317 2956 4388; x_wconf 82' lang='grc' dir='ltr'>ἥλιος</span> <span class='ocrx_word' id='word_1_888' title='bbox 2987 4320 3159 4390; x_wconf 78' lang='grc' dir='ltr'>ἐφορᾷ</span> <span class='ocrx_word' id='word_1_889' title='bbox 3189 4320 3312 4391; x_wconf 82' lang='grc' dir='ltr'>γῆν,</span> <span class='ocrx_word' id='word_1_890' title='bbox 3344 4320 3614 4393; x_wconf 82' lang='grc' dir='ltr'>τοσαύτην</span> <span class='ocrx_word' id='word_1_891' title='bbox 3638 4322 3793 4375; x_wconf 78' lang='grc' dir='ltr'>ἕπει-</span> 
     </span>
    </p>
   </div>
   <div class='ocr_carea' id='block_1_112' title="bbox 2114 4406 3797 4479">
    <p class='ocr_par' dir='ltr' id='par_1_112' title="bbox 2114 4406 3797 4479">
     <span class='ocr_line' id='line_1_112' title="bbox 2114 4406 3797 4479; baseline -0.005 -18"><span class='ocrx_word' id='word_1_892' title='bbox 2114 4425 2200 4479; x_wconf 72' lang='grc' dir='ltr'>σιν</span> <span class='ocrx_word' id='word_1_893' title='bbox 2231 4406 2401 4475; x_wconf 85' lang='grc' dir='ltr'>αὐτοῦ</span> <span class='ocrx_word' id='word_1_894' title='bbox 2430 4409 2462 4476; x_wconf 92' lang='grc' dir='ltr'>ἡ</span> <span class='ocrx_word' id='word_1_895' title='bbox 2494 4406 2641 4473; x_wconf 80' lang='grc' dir='ltr'>δόξα,</span> <span class='ocrx_word' id='word_1_896' title='bbox 2674 4407 2852 4478; x_wconf 77' lang='grc' dir='ltr'>καίτοι</span> <span class='ocrx_word' id='word_1_897' title='bbox 2887 4406 2995 4477; x_wconf 89' lang='grc' dir='ltr'>πρὸ</span> <span class='ocrx_word' id='word_1_898' title='bbox 3046 4406 3300 4461; x_wconf 88' lang='grc' dir='ltr'>τοσούτου</span> <span class='ocrx_word' id='word_1_899' title='bbox 3350 4409 3543 4479; x_wconf 86' lang='grc' dir='ltr'>χρόνου</span> <span class='ocrx_word' id='word_1_900' title='bbox 3576 4411 3797 4479; x_wconf 73' lang='grc' dir='ltr'>γεγονό.</span> 
     </span>
    </p>
   </div>
   <div class='ocr_carea' id='block_1_113' title="bbox 2111 4493 3802 4575">
    <p class='ocr_par' dir='ltr' id='par_1_113' title="bbox 2111 4493 3802 4575">
     <span class='ocr_line' id='line_1_113' title="bbox 2111 4493 3802 4575; baseline 0.001 -25"><span class='ocrx_word' id='word_1_901' title='bbox 2111 4512 2222 4559; x_wconf 87' lang='grc' dir='ltr'>τος·</span> <span class='ocrx_word' id='word_1_902' title='bbox 2249 4494 2364 4549; x_wconf 83' lang='grc' dir='ltr'>ἀλλ’</span> <span class='ocrx_word' id='word_1_903' title='bbox 2395 4494 2496 4548; x_wconf 88' lang='grc' dir='ltr'>οὐκ</span> <span class='ocrx_word' id='word_1_904' title='bbox 2548 4493 2739 4547; x_wconf 70' lang='grc' dir='ltr'>ἔσϐεσε</span> <span class='ocrx_word' id='word_1_905' title='bbox 2777 4493 2872 4547; x_wconf 91' lang='grc' dir='ltr'>τοῦ</span> <span class='ocrx_word' id='word_1_906' title='bbox 2914 4494 3111 4567; x_wconf 72' lang='grc' dir='ltr'>χρόνου</span> <span class='ocrx_word' id='word_1_907' title='bbox 3152 4496 3215 4549; x_wconf 90' lang='grc' dir='ltr'>τὸ</span> <span class='ocrx_word' id='word_1_908' title='bbox 3279 4495 3480 4567; x_wconf 83' lang='grc' dir='ltr'>πλῆθος</span> <span class='ocrx_word' id='word_1_909' title='bbox 3504 4496 3667 4554; x_wconf 86' lang='grc' dir='ltr'>αὐτοῦ</span> <span class='ocrx_word' id='word_1_910' title='bbox 3695 4498 3802 4575; x_wconf 29' lang='grc' dir='ltr'>τὴν(</span> 
     </span>
    </p>
   </div>
   <div class='ocr_carea' id='block_1_114' title="bbox 2116 4580 3808 4659">
    <p class='ocr_par' dir='ltr' id='par_1_114' title="bbox 2116 4580 3808 4659">
     <span class='ocr_line' id='line_1_114' title="bbox 2116 4580 3808 4659; baseline 0.002 -22"><span class='ocrx_word' id='word_1_911' title='bbox 2116 4585 2360 4655; x_wconf 78' lang='grc' dir='ltr'>μνήμηνο</span> <span class='ocrx_word' id='word_1_912' title='bbox 2390 4582 2485 4651; x_wconf 72' lang='grc' dir='ltr'>καὶ</span> <span class='ocrx_word' id='word_1_913' title='bbox 2515 4580 2661 4654; x_wconf 76' lang='grc' dir='ltr'>μάλα</span> <span class='ocrx_word' id='word_1_914' title='bbox 2690 4581 2936 4654; x_wconf 68' lang='grc' dir='ltr'>είκότως.</span> <span class='ocrx_word' id='word_1_915' title='bbox 2980 4582 3233 4639; x_wconf 88' lang='grc' dir='ltr'>Τοιοῦτον</span> <span class='ocrx_word' id='word_1_916' title='bbox 3253 4582 3361 4655; x_wconf 83' lang='grc' dir='ltr'>γάρ</span> <span class='ocrx_word' id='word_1_917' title='bbox 3380 4580 3413 4655; x_wconf 79' lang='grc' dir='ltr'>ἡ</span> <span class='ocrx_word' id='word_1_918' title='bbox 3431 4584 3621 4657; x_wconf 82' lang='grc' dir='ltr'>ἀρετὴ,</span> <span class='ocrx_word' id='word_1_919' title='bbox 3656 4588 3808 4659; x_wconf 35' lang='grc' dir='ltr'>πρᾶς.</span> 
     </span>
    </p>
   </div>
   <div class='ocr_carea' id='block_1_115' title="bbox 2112 4668 3809 4750">
    <p class='ocr_par' dir='ltr' id='par_1_115' title="bbox 2112 4668 3809 4750">
     <span class='ocr_line' id='line_1_115' title="bbox 2112 4668 3809 4750; baseline 0.001 -23"><span class='ocrx_word' id='word_1_920' title='bbox 2112 4690 2230 4744; x_wconf 86' lang='grc' dir='ltr'>γμα</span> <span class='ocrx_word' id='word_1_921' title='bbox 2260 4670 2546 4736; x_wconf 86' lang='grc' dir='ltr'>ἀθάνατον,</span> <span class='ocrx_word' id='word_1_922' title='bbox 2578 4668 2673 4737; x_wconf 82' lang='lat' dir='ltr'>ml</span> <span class='ocrx_word' id='word_1_923' title='bbox 2698 4668 2836 4740; x_wconf 76' lang='grc' dir='ltr'>ὑπὲρ</span> <span class='ocrx_word' id='word_1_924' title='bbox 2863 4668 2955 4722; x_wconf 89' lang='grc' dir='ltr'>τὸν</span> <span class='ocrx_word' id='word_1_925' title='bbox 2984 4670 3134 4742; x_wconf 77' lang='grc' dir='ltr'>ἡλιον</span> <span class='ocrx_word' id='word_1_926' title='bbox 3166 4670 3401 4741; x_wconf 86' lang='grc' dir='ltr'>λάμπον.</span> <span class='ocrx_word' id='word_1_927' title='bbox 3453 4673 3617 4737; x_wconf 80' lang='grc' dir='ltr'>Ἀλλ’,</span> <span class='ocrx_word' id='word_1_928' title='bbox 3657 4675 3809 4750; x_wconf 48' lang='grc' dir='ltr'>ὅπερ,</span> 
     </span>
    </p>
   </div>
   <div class='ocr_carea' id='block_1_116' title="bbox 2112 4756 3796 4831">
    <p class='ocr_par' dir='ltr' id='par_1_116' title="bbox 2112 4756 3796 4831">
     <span class='ocr_line' id='line_1_116' title="bbox 2112 4756 3796 4831; baseline 0.002 -17"><span class='ocrx_word' id='word_1_929' title='bbox 2112 4760 2283 4831; x_wconf 74' lang='grc' dir='ltr'>ἔφθην</span> <span class='ocrx_word' id='word_1_930' title='bbox 2312 4758 2481 4812; x_wconf 87' lang='grc' dir='ltr'>εἰπὼν</span> <span class='ocrx_word' id='word_1_931' title='bbox 2505 4757 2585 4819; x_wconf 90' lang='grc' dir='ltr'>(οὐ</span> <span class='ocrx_word' id='word_1_932' title='bbox 2607 4756 2717 4827; x_wconf 86' lang='grc' dir='ltr'>γάρ</span> <span class='ocrx_word' id='word_1_933' title='bbox 2745 4756 2829 4829; x_wconf 70' lang='grc' dir='ltr'>δεῖ</span> <span class='ocrx_word' id='word_1_934' title='bbox 2849 4757 2949 4829; x_wconf 82' lang='grc' dir='ltr'>τῆς</span> <span class='ocrx_word' id='word_1_935' title='bbox 2972 4758 3282 4829; x_wconf 82' lang='grc' dir='ltr'>ὑποθέσεως</span> <span class='ocrx_word' id='word_1_936' title='bbox 3329 4760 3680 4817; x_wconf 84' lang='grc' dir='ltr'>ἐπιλαθέσθαι</span> <span class='ocrx_word' id='word_1_937' title='bbox 3715 4767 3796 4828; x_wconf 91' lang='grc' dir='ltr'>εἰς</span> 
     </span>
    </p>
   </div>
   <div class='ocr_carea' id='block_1_117' title="bbox 2112 4840 3803 4921">
    <p class='ocr_par' dir='ltr' id='par_1_117' title="bbox 2112 4840 3803 4921">
     <span class='ocr_line' id='line_1_117' title="bbox 2112 4840 3803 4921; baseline 0.002 -18"><span class='ocrx_word' id='word_1_938' title='bbox 2112 4848 2174 4903; x_wconf 89' lang='grc' dir='ltr'>τὸ</span> <span class='ocrx_word' id='word_1_939' title='bbox 2198 4846 2436 4914; x_wconf 83' lang='grc' dir='ltr'>πέλαγος</span> <span class='ocrx_word' id='word_1_940' title='bbox 2466 4843 2847 4920; x_wconf 65' lang='grc' dir='ltr'>ἐξενεχθέντας</span> <span class='ocrx_word' id='word_1_941' title='bbox 2876 4844 2983 4898; x_wconf 86' lang='grc' dir='ltr'>τῶν</span> <span class='ocrx_word' id='word_1_942' title='bbox 3023 4844 3317 4917; x_wconf 76' lang='grc' dir='ltr'>ἐγκωμίων</span> <span class='ocrx_word' id='word_1_943' title='bbox 3348 4847 3443 4902; x_wconf 88' lang='grc' dir='ltr'>τοῦ</span> <span class='ocrx_word' id='word_1_944' title='bbox 3464 4840 3803 4921; x_wconf 77' lang='grc' dir='ltr'>προφήτου),</span> 
     </span>
    </p>
   </div>
   <div class='ocr_carea' id='block_1_118' title="bbox 2114 4928 3807 5007">
    <p class='ocr_par' dir='ltr' id='par_1_118' title="bbox 2114 4928 3807 5007">
     <span class='ocr_line' id='line_1_118' title="bbox 2114 4928 3807 5007; baseline 0.005 -22"><span class='ocrx_word' id='word_1_945' title='bbox 2114 4932 2209 5005; x_wconf 76' lang='lat' dir='ltr'>ml</span> <span class='ocrx_word' id='word_1_946' title='bbox 2255 4928 2409 4997; x_wconf 73' lang='grc' dir='ltr'>οὗτος</span> <span class='ocrx_word' id='word_1_947' title='bbox 2457 4932 2694 4999; x_wconf 70' lang='grc' dir='ltr'>δείκνυσι</span> <span class='ocrx_word' id='word_1_948' title='bbox 2746 4930 2816 4985; x_wconf 85' lang='grc' dir='ltr'>τὰ</span> <span class='ocrx_word' id='word_1_949' title='bbox 2867 4933 2962 4988; x_wconf 72' lang='grc' dir='ltr'>ἐπὶ</span> <span class='ocrx_word' id='word_1_950' title='bbox 3004 4931 3099 5005; x_wconf 81' lang='grc' dir='ltr'>τοῦ</span> <span class='ocrx_word' id='word_1_951' title='bbox 3153 4934 3432 4999; x_wconf 77' lang='grc' dir='ltr'>Μωῡσέως</span> <span class='ocrx_word' id='word_1_952' title='bbox 3489 4928 3807 5007; x_wconf 57' lang='grc' dir='ltr'>είρημέναξ</span> 
     </span>
    </p>
   </div>
   <div class='ocr_carea' id='block_1_119' title="bbox 2126 5012 3808 5093">
    <p class='ocr_par' dir='ltr' id='par_1_119' title="bbox 2126 5012 3808 5093">
     <span class='ocr_line' id='line_1_119' title="bbox 2126 5012 3808 5093; baseline 0.002 -18"><span class='ocrx_word' id='word_1_953' title='bbox 2126 5021 2347 5087; x_wconf 81' lang='grc' dir='ltr'>Ἐπειδὴ</span> <span class='ocrx_word' id='word_1_954' title='bbox 2387 5020 2497 5093; x_wconf 90' lang='grc' dir='ltr'>γάρ</span> <span class='ocrx_word' id='word_1_955' title='bbox 2536 5021 2682 5084; x_wconf 76' lang='grc' dir='ltr'>εἰκὸς</span> <span class='ocrx_word' id='word_1_956' title='bbox 2706 5016 2777 5093; x_wconf 83' lang='grc' dir='ltr'>ἦν</span> <span class='ocrx_word' id='word_1_957' title='bbox 2821 5018 2927 5091; x_wconf 78' lang='grc' dir='ltr'>ὑπὸ</span> <span class='ocrx_word' id='word_1_958' title='bbox 2970 5020 3080 5074; x_wconf 88' lang='grc' dir='ltr'>τῶν</span> <span class='ocrx_word' id='word_1_959' title='bbox 3126 5022 3570 5093; x_wconf 79' lang='grc' dir='ltr'>κατορθωμάτων</span> <span class='ocrx_word' id='word_1_960' title='bbox 3632 5012 3808 5093; x_wconf 50' lang='grc' dir='ltr'>αὐτὸνξ</span> 
     </span>
    </p>
   </div>
   <div class='ocr_carea' id='block_1_120' title="bbox 2113 5104 3794 5183">
    <p class='ocr_par' dir='ltr' id='par_1_120' title="bbox 2113 5104 3794 5183">
     <span class='ocr_line' id='line_1_120' title="bbox 2113 5104 3794 5183; baseline 0.002 -20"><span class='ocrx_word' id='word_1_961' title='bbox 2113 5110 2447 5181; x_wconf 76' lang='grc' dir='ltr'>ἐπαρθέντα,</span> <span class='ocrx_word' id='word_1_962' title='bbox 2481 5109 2542 5165; x_wconf 86' lang='grc' dir='ltr'>οὐ</span> <span class='ocrx_word' id='word_1_963' title='bbox 2567 5109 2770 5182; x_wconf 81' lang='grc' dir='ltr'>σφόδρα</span> <span class='ocrx_word' id='word_1_964' title='bbox 2800 5104 2939 5163; x_wconf 77' lang='grc' dir='ltr'>εἶναι</span> <span class='ocrx_word' id='word_1_965' title='bbox 2961 5111 3073 5173; x_wconf 77' lang='grc' dir='ltr'>τοῖς</span> <span class='ocrx_word' id='word_1_966' title='bbox 3094 5108 3311 5173; x_wconf 59' lang='lat' dir='ltr'>nonet;</span> <span class='ocrx_word' id='word_1_967' title='bbox 3333 5114 3794 5183; x_wconf 88' lang='grc' dir='ltr'>συγγνωμονικὸν,</span> 
     </span>
    </p>
   </div>
   <div class='ocr_carea' id='block_1_121' title="bbox 2113 5196 3805 5275">
    <p class='ocr_par' dir='ltr' id='par_1_121' title="bbox 2113 5196 3805 5275">
     <span class='ocr_line' id='line_1_121' title="bbox 2113 5196 3805 5275; baseline -0.002 -22"><span class='ocrx_word' id='word_1_968' title='bbox 2113 5200 2216 5270; x_wconf 82' lang='grc' dir='ltr'>ὅρα</span> <span class='ocrx_word' id='word_1_969' title='bbox 2246 5198 2299 5252; x_wconf 88' lang='grc' dir='ltr'>τί</span> <span class='ocrx_word' id='word_1_970' title='bbox 2330 5200 2518 5251; x_wconf 77' lang='grc' dir='ltr'>ποιεῖό</span> <span class='ocrx_word' id='word_1_971' title='bbox 2537 5197 2690 5261; x_wconf 84' lang='grc' dir='ltr'>Θεός·</span> <span class='ocrx_word' id='word_1_972' title='bbox 2722 5197 2970 5267; x_wconf 78' lang='grc' dir='ltr'>Ἀφίησιν</span> <span class='ocrx_word' id='word_1_973' title='bbox 2994 5196 3156 5251; x_wconf 86' lang='grc' dir='ltr'>αὐτὸν</span> <span class='ocrx_word' id='word_1_974' title='bbox 3177 5197 3531 5268; x_wconf 82' lang='grc' dir='ltr'>γυμνωθῆναι</span> <span class='ocrx_word' id='word_1_975' title='bbox 3551 5201 3650 5269; x_wconf 82' lang='grc' dir='ltr'>τῆς</span> <span class='ocrx_word' id='word_1_976' title='bbox 3666 5202 3805 5275; x_wconf 55' lang='grc' dir='ltr'>παρ’»</span> 
     </span>
    </p>
   </div>
   <div class='ocr_carea' id='block_1_122' title="bbox 2113 5284 3801 5357">
    <p class='ocr_par' dir='ltr' id='par_1_122' title="bbox 2113 5284 3801 5357">
     <span class='ocr_line' id='line_1_122' title="bbox 2113 5284 3801 5357; baseline 0.001 -15"><span class='ocrx_word' id='word_1_977' title='bbox 2113 5285 2280 5342; x_wconf 88' lang='grc' dir='ltr'>αὐτοῦ</span> <span class='ocrx_word' id='word_1_978' title='bbox 2312 5285 2556 5356; x_wconf 82' lang='grc' dir='ltr'>χάριτος,</span> <span class='ocrx_word' id='word_1_979' title='bbox 2605 5284 2750 5340; x_wconf 83' lang='grc' dir='ltr'>ὥστε</span> <span class='ocrx_word' id='word_1_980' title='bbox 2794 5284 3073 5355; x_wconf 80' lang='grc' dir='ltr'>δειχθῆναι</span> <span class='ocrx_word' id='word_1_981' title='bbox 3120 5284 3285 5338; x_wconf 86' lang='grc' dir='ltr'>αὐτοῦ</span> <span class='ocrx_word' id='word_1_982' title='bbox 3333 5285 3433 5357; x_wconf 82' lang='grc' dir='ltr'>τὴν</span> <span class='ocrx_word' id='word_1_983' title='bbox 3490 5287 3801 5345; x_wconf 45' lang='grc' dir='ltr'>ἀσθένειανολ</span> 
     </span>
    </p>
   </div>
   <div class='ocr_carea' id='block_1_123' title="bbox 2118 5372 3809 5449">
    <p class='ocr_par' dir='ltr' id='par_1_123' title="bbox 2118 5372 3809 5449">
     <span class='ocr_line' id='line_1_123' title="bbox 2118 5372 3809 5449; baseline 0.002 -21"><span class='ocrx_word' id='word_1_984' title='bbox 2118 5374 2319 5447; x_wconf 84' lang='grc' dir='ltr'>μᾶλλον</span> <span class='ocrx_word' id='word_1_985' title='bbox 2345 5373 2401 5427; x_wconf 80' lang='grc' dir='ltr'>δέ</span> <span class='ocrx_word' id='word_1_986' title='bbox 2438 5373 2704 5444; x_wconf 81' lang='grc' dir='ltr'>πρότερον</span> <span class='ocrx_word' id='word_1_987' title='bbox 2732 5373 3031 5441; x_wconf 78' lang='grc' dir='ltr'>ἀναγκαῖον</span> <span class='ocrx_word' id='word_1_988' title='bbox 3061 5372 3231 5437; x_wconf 77' lang='grc' dir='ltr'>δεῖξαι</span> <span class='ocrx_word' id='word_1_989' title='bbox 3263 5373 3378 5437; x_wconf 90' lang='grc' dir='ltr'>πῶς</span> <span class='ocrx_word' id='word_1_990' title='bbox 3403 5374 3464 5428; x_wconf 88' lang='grc' dir='ltr'>οὐ</span> <span class='ocrx_word' id='word_1_991' title='bbox 3496 5376 3701 5447; x_wconf 85' lang='grc' dir='ltr'>σφόδρα</span> <span class='ocrx_word' id='word_1_992' title='bbox 3729 5373 3809 5449; x_wconf 64' lang='grc' dir='ltr'>ἦν,</span> 
     </span>
    </p>
   </div>
   <div class='ocr_carea' id='block_1_124' title="bbox 2118 5458 3807 5537">
    <p class='ocr_par' dir='ltr' id='par_1_124' title="bbox 2118 5458 3807 5537">
     <span class='ocr_line' id='line_1_124' title="bbox 2118 5458 3807 5537; baseline 0.001 -22"><span class='ocrx_word' id='word_1_993' title='bbox 2118 5458 2582 5530; x_wconf 81' lang='grc' dir='ltr'>συγγνωμονικός.</span> <span class='ocrx_word' id='word_1_994' title='bbox 2599 5458 2821 5530; x_wconf 78' lang='grc' dir='ltr'>Ἐπειδὴ</span> <span class='ocrx_word' id='word_1_995' title='bbox 2835 5458 2943 5531; x_wconf 74' lang='grc' dir='ltr'>γὰρ</span> <span class='ocrx_word' id='word_1_996' title='bbox 2962 5458 3172 5512; x_wconf 73' lang='grc' dir='ltr'>ἔκλεισε</span> <span class='ocrx_word' id='word_1_997' title='bbox 3192 5459 3285 5513; x_wconf 90' lang='grc' dir='ltr'>τὸν</span> <span class='ocrx_word' id='word_1_998' title='bbox 3304 5461 3553 5533; x_wconf 81' lang='grc' dir='ltr'>οὐρανὸν,</span> <span class='ocrx_word' id='word_1_999' title='bbox 3583 5464 3679 5516; x_wconf 87' lang='lat' dir='ltr'>ml</span> <span class='ocrx_word' id='word_1_1000' title='bbox 3700 5464 3807 5537; x_wconf 52' lang='grc' dir='ltr'>τὴν,</span> 
     </span>
    </p>
   </div>
   <div class='ocr_carea' id='block_1_125' title="bbox 2116 5544 3801 5620">
    <p class='ocr_par' dir='ltr' id='par_1_125' title="bbox 2116 5544 3801 5620">
     <span class='ocr_line' id='line_1_125' title="bbox 2116 5544 3801 5620; baseline 0 -16"><span class='ocrx_word' id='word_1_1001' title='bbox 2116 5550 2221 5620; x_wconf 81' lang='grc' dir='ltr'>γῆν</span> <span class='ocrx_word' id='word_1_1002' title='bbox 2251 5547 2505 5619; x_wconf 81' lang='grc' dir='ltr'>ἐποίησεν</span> <span class='ocrx_word' id='word_1_1003' title='bbox 2535 5547 2749 5615; x_wconf 73' lang='grc' dir='ltr'>ἄγονον,</span> <span class='ocrx_word' id='word_1_1004' title='bbox 2806 5546 2899 5617; x_wconf 85' lang='lat' dir='ltr'>ml</span> <span class='ocrx_word' id='word_1_1005' title='bbox 2949 5546 3113 5618; x_wconf 82' lang='grc' dir='ltr'>λιμὸς</span> <span class='ocrx_word' id='word_1_1006' title='bbox 3148 5544 3236 5619; x_wconf 80' lang='grc' dir='ltr'>ἦν,</span> <span class='ocrx_word' id='word_1_1007' title='bbox 3285 5546 3444 5618; x_wconf 88' lang='grc' dir='ltr'>λιμὸς</span> <span class='ocrx_word' id='word_1_1008' title='bbox 3486 5550 3741 5605; x_wconf 85' lang='grc' dir='ltr'>ἁπάντων</span> <span class='ocrx_word' id='word_1_1009' title='bbox 3768 5554 3801 5613; x_wconf 79' lang='lat'>6</span> 
     </span>
    </p>
   </div>
   <div class='ocr_carea' id='block_1_126' title="bbox 2118 5634 3799 5713">
    <p class='ocr_par' dir='ltr' id='par_1_126' title="bbox 2118 5634 3799 5713">
     <span class='ocr_line' id='line_1_126' title="bbox 2118 5634 3799 5713; baseline -0.001 -20"><span class='ocrx_word' id='word_1_1010' title='bbox 2118 5638 2467 5711; x_wconf 83' lang='grc' dir='ltr'>πικρότατος,</span> <span class='ocrx_word' id='word_1_1011' title='bbox 2499 5636 2594 5690; x_wconf 70' lang='grc' dir='ltr'>καὶ</span> <span class='ocrx_word' id='word_1_1012' title='bbox 2622 5634 2867 5691; x_wconf 80' lang='grc' dir='ltr'>ἀνάλωτο</span> <span class='ocrx_word' id='word_1_1013' title='bbox 2912 5634 3078 5689; x_wconf 80' lang='grc' dir='ltr'>ὕδατα</span> <span class='ocrx_word' id='word_1_1014' title='bbox 3102 5678 3117 5701; x_wconf 94' lang='grc'>,</span> <span class='ocrx_word' id='word_1_1015' title='bbox 3150 5637 3245 5689; x_wconf 74' lang='grc' dir='ltr'>καὶ</span> <span class='ocrx_word' id='word_1_1016' title='bbox 3288 5637 3561 5709; x_wconf 79' lang='grc' dir='ltr'>ἐξηράνθη</span> <span class='ocrx_word' id='word_1_1017' title='bbox 3594 5639 3799 5713; x_wconf 87' lang='grc' dir='ltr'>βοτάνη</span> 
     </span>
    </p>
   </div>
   <div class='ocr_carea' id='block_1_127' title="bbox 2117 5724 3801 5799">
    <p class='ocr_par' dir='ltr' id='par_1_127' title="bbox 2117 5724 3801 5799">
     <span class='ocr_line' id='line_1_127' title="bbox 2117 5724 3801 5799; baseline -0.004 -16"><span class='ocrx_word' id='word_1_1018' title='bbox 2117 5731 2291 5791; x_wconf 77' lang='grc' dir='ltr'>πᾶσα,</span> <span class='ocrx_word' id='word_1_1019' title='bbox 2328 5727 2425 5781; x_wconf 84' lang='lat' dir='ltr'>ml</span> <span class='ocrx_word' id='word_1_1020' title='bbox 2467 5724 2725 5781; x_wconf 82' lang='grc' dir='ltr'>ἐπέλιπον</span> <span class='ocrx_word' id='word_1_1021' title='bbox 2759 5724 3018 5794; x_wconf 76' lang='grc' dir='ltr'>ποταμοὶ,</span> <span class='ocrx_word' id='word_1_1022' title='bbox 3055 5724 3150 5777; x_wconf 91' lang='lat' dir='ltr'>ml</span> <span class='ocrx_word' id='word_1_1023' title='bbox 3187 5724 3418 5795; x_wconf 87' lang='grc' dir='ltr'>φοϐερὸν</span> <span class='ocrx_word' id='word_1_1024' title='bbox 3470 5725 3569 5796; x_wconf 84' lang='grc' dir='ltr'>τῆς</span> <span class='ocrx_word' id='word_1_1025' title='bbox 3602 5727 3706 5799; x_wconf 83' lang='grc' dir='ltr'>γῆς</span> <span class='ocrx_word' id='word_1_1026' title='bbox 3737 5728 3801 5783; x_wconf 72' lang='grc' dir='ltr'>τὸ</span> 
     </span>
    </p>
   </div>
   <div class='ocr_carea' id='block_1_128' title="bbox 2116 5809 3799 5888">
    <p class='ocr_par' dir='ltr' id='par_1_128' title="bbox 2116 5809 3799 5888">
     <span class='ocr_line' id='line_1_128' title="bbox 2116 5809 3799 5888; baseline 0.002 -20"><span class='ocrx_word' id='word_1_1027' title='bbox 2116 5818 2413 5888; x_wconf 75' lang='grc' dir='ltr'>πρόσωπον</span> <span class='ocrx_word' id='word_1_1028' title='bbox 2453 5809 2540 5885; x_wconf 76' lang='grc' dir='ltr'>ἢν,</span> <span class='ocrx_word' id='word_1_1029' title='bbox 2596 5812 2828 5867; x_wconf 85' lang='grc' dir='ltr'>θάνατον</span> <span class='ocrx_word' id='word_1_1030' title='bbox 2856 5809 3135 5881; x_wconf 85' lang='grc' dir='ltr'>ἀπειλοῦν,</span> <span class='ocrx_word' id='word_1_1031' title='bbox 3183 5811 3274 5865; x_wconf 88' lang='lat' dir='ltr'>ml</span> <span class='ocrx_word' id='word_1_1032' title='bbox 3331 5812 3508 5868; x_wconf 85' lang='grc' dir='ltr'>πάντα</span> <span class='ocrx_word' id='word_1_1033' title='bbox 3560 5816 3590 5869; x_wconf 90' lang='lat'>6</span> <span class='ocrx_word' id='word_1_1034' title='bbox 3642 5816 3799 5888; x_wconf 84' lang='grc' dir='ltr'>λιμὸς</span> 
     </span>
    </p>
   </div>
   <div class='ocr_carea' id='block_1_129' title="bbox 2182 6005 2847 6071">
    <p class='ocr_par' dir='ltr' id='par_1_129' title="bbox 2182 6005 2847 6071">
     <span class='ocr_line' id='line_1_129' title="bbox 2182 6005 2847 6071; baseline -0.002 -15"><span class='ocrx_word' id='word_1_1035' title='bbox 2182 6011 2204 6039; x_wconf 77' lang='grc'><strong><em>⁸</em></strong></span> <span class='ocrx_word' id='word_1_1036' title='bbox 2229 6009 2349 6071; x_wconf 67' lang='grc' dir='ltr'>[εις.</span> <span class='ocrx_word' id='word_1_1037' title='bbox 2376 6009 2455 6055; x_wconf 80' lang='grc' dir='ltr'>καὶ</span> <span class='ocrx_word' id='word_1_1038' title='bbox 2478 6008 2652 6071; x_wconf 16' lang='grc' dir='ltr'>τὰντῆς.</span> <span class='ocrx_word' id='word_1_1039' title='bbox 2679 6005 2847 6059; x_wconf 69' lang='lat' dir='ltr'>Muta</span> 
     </span>
    </p>
   </div>
   <div class='ocr_carea' id='block_1_130' title="bbox 2182 6070 2686 6135">
    <p class='ocr_par' dir='ltr' id='par_1_130' title="bbox 2182 6070 2686 6135">
     <span class='ocr_line' id='line_1_130' title="bbox 2182 6070 2686 6135; baseline -0.008 -14"><span class='ocrx_word' id='word_1_1040' title='bbox 2182 6074 2210 6114; x_wconf 69' lang='lat' dir='ltr'>b</span> <span class='ocrx_word' id='word_1_1041' title='bbox 2235 6070 2351 6135; x_wconf 8' lang='lat' dir='ltr'>Legi</span> <span class='ocrx_word' id='word_1_1042' title='bbox 2379 6071 2456 6119; x_wconf 80' lang='grc' dir='ltr'>καὶ</span> <span class='ocrx_word' id='word_1_1043' title='bbox 2483 6070 2686 6117; x_wconf 75' lang='grc' dir='ltr'>πάντων.</span> 
     </span>
    </p>
   </div>
  </div>
