4198 6480
425 420 527 481 ίῦὕ

417 539 587 592 ἐπιὼν
611 533 927 605 ἐπενέμετο,
974 530 1198 584 θάνατον
1253 527 1475 595 ἐπάγων
1501 526 1593 579 τὸν
1637 524 1923 577 οἴκτιστον·
1963 520 2082 572 οὑδέ

418 618 591 688 οὕτως
610 621 866 686 ἐνεδίδου,
906 616 1017 672 ἀλλ’
1046 615 1296 670 ἀπελθὼν
1328 613 1420 666 ἐπὶ
1468 612 1712 685 κορυφῆς
1735 610 1895 680 ὄρους
1920 606 2083 660 ἐκάθ-

418 727 535 780 ητο,
560 713 625 780 τῇ
668 709 877 779 χαλεπῇ
907 704 1075 773 ταύτῃ
1100 702 1346 773 τηκεδόνι
1370 700 1477 752 τῶν
1515 697 1777 753 Ἰουδαίων
1805 696 1897 748 τὸν
1915 696 2085 765 δῆμον

421 795 714 867 παραδούς.
756 793 892 846 Ἀλλ’
914 795 942 845 6
966 790 1342 860 φιλάνθρωπος
1361 786 1513 848 Θεὸς,
1536 787 1630 838 καὶ
1650 787 1683 854 ή
1722 785 1925 851 άφατος
1952 782 2086 848 ἀγα-

423 884 604 954 θότης,
657 882 757 935 οὑκ
800 879 1046 950 ἠνείχετο
1103 876 1204 945 τῆς
1264 874 1665 945 αὐστηρότητος
1708 870 1931 939 ταύτης·
1970 867 2085 921 ἀλλ’

422 970 609 1041 ἐπειδὴ
643 966 998 1031 αὑτδςαύτὸν
1022 962 1230 1017 οἴκοθεν
1280 959 1658 1032 παρακαλέσαι
1684 957 1785 1011 οὑκ
1812 953 2085 1041 ἡδουλήθη

421 1058 579 1111 λῦσαι
600 1040 669 1109 τὸ
692 1054 891 1117 δεινὸν,
915 1051 1076 1113 αὑτός
1103 1068 1164 1103 τε
1192 1045 1258 1102 αὖ
1302 1048 1463 1101 πάλιν
1504 1048 1671 1118 χωρὶς
1691 1045 1899 1098 ἐκείνου
1930 1040 2087 1095 τοῦτο

420 1145 644 1214 ποιῆσαι
667 1142 769 1196 οὐκ
792 1140 1006 1211 ἤθελεν,
1033 1139 1135 1209 ὅρα
1172 1136 1224 1189 τί
1248 1136 1478 1203 γίνεται·
1516 1134 1778 1203 πρότερον
1800 1128 1947 1199 αὑτῷ
1970 1144 2085 1182 κοι-

419 1231 640 1296 νοῦται,
692 1226 788 1282 xal
808 1227 933 1280 τότε
985 1225 1178 1295 ἀφίησι
1204 1223 1293 1275 τὸν
1327 1221 1493 1275 ὑετόν.
1530 1217 1680 1282 Εἶδες
1705 1216 1839 1270 Θεοῦ
1892 1215 1983 1268 καὶ
2027 1216 2086 1267 ἐν

419 1315 595 1385 τούτῳ
619 1312 934 1381 ἀγαθὸτητα
986 1312 1080 1364 καὶ¹
1125 1308 1529 1379 φιλανθρωπίαν
1584 1305 1679 1358 καὶ
1713 1305 1792 1366 εἰς
1818 1302 1907 1355 τὸν
1933 1301 2087 1368 ἆγιον

418 1404 615 1474 τιμήν;
637 1400 771 1456 Οὐδέ
794 1399 901 1470 γὰρ
921 1398 1183 1468 πρότερον
1209 1397 1386 1465 ἀφῆκε
1416 1394 1511 1456 τὰς
1541 1393 1696 1462 ἡνίας
1712 1390 1817 1444 τῶν
1843 1388 2084 1459 ὄμϐρων,

421 1492 527 1554 ἔως
562 1491 651 1543 ὅτε
677 1486 827 1557 αὑτῷ
855 1485 1097 1555 διελέχθη
1123 1485 1216 1537 καὶ
1245 1479 1364 1534 εἷπε
1393 1482 1454 1533 τὸ
1487 1478 1677 1549 μέλλον
1706 1475 1941 1536 ἔσεσθαι,
1995 1476 2087 1528 καὶ

423 1578 646 1648 κήρυκα
708 1573 875 1628 αὑτὸν
922 1573 1021 1642 τῆς
1082 1569 1379 1641 μελλούσης
1436 1567 1694 1637 εὐπορίας
1745 1560 2082 1616 ἀπέστειλεν.

435 1662 654 1733 Ἐπειδὴ
675 1661 783 1733 γάρ
815 1660 884 1713 δι’
907 1658 1072 1712 αὑτοῦ
1114 1658 1182 1721 τά
1226 1653 1523 1727 σκυθρωπά
1549 1653 1790 1720 γέγονεν,
1814 1648 2085 1720 ἠϐουλήθη

426 1748 640 1803 καὶτῶν
661 1745 914 1817 χρηστῶν
941 1743 1105 1797 αὐτὸν
1149 1741 1377 1809 ἄγγελον
1416 1738 1683 1807 γενέσθαι·
1726 1736 1819 1789 καὶ⁸
1844 1751 2086 1802 καταγα-

427 1836 541 1905 γὼν
570 1835 678 1888 ἀπὸ
707 1833 801 1887 τοῦ
836 1831 995 1903 ὅρους
1016 1870 1031 1895 ,
1064 1828 1307 1899 ἔπεμψεν
1360 1825 1769 1894 ἀπαγγέλλοντα
1814 1820 2086 1891 πανταχοῦ

426 1923 521 1993 τῆς
541 1922 645 1991 γῆς
672 1918 885 1987 ἐκείνης
913 1918 1010 1987 τὴν
1033 1915 1140 1968 τῶν
1169 1914 1387 1984 ὖμὸρων
1415 1912 1713 1983 παρουσίαν
1751 1910 1843 1962 καὶ
1875 1907 1970 1979 τὴν
1994 1907 2087 1960 τοῦ

425 2009 585 2081 λιμοῦ
636 2007 809 2062 λύσιν.
851 2006 989 2059 Ἀλλ’
1021 2006 1168 2074 ὅμως
1208 2002 1622 2073 κατενεχθέντος
1656 2000 1721 2070 δὴ
1761 1998 1854 2051 τοῦ
1909 1996 2085 2063 ὑετοῦ,

429 2098 523 2150 καὶ
551 2099 609 2149 ἐν
631 2093 860 2167 βραχείᾳ
885 2092 1079 2162 καιροῦ
1105 2093 1244 2161 ῥοπῇ
1277 2089 1374 2159 τῆς
1390 2087 1642 2158 εὐθηνίας
1666 2086 2087 2156 ἐπανελθούσης,

428 2182 648 2253 ἀγαγὼν
668 2184 793 2244 τοὺς
827 2182 992 2251 ἱερεῖς
1022 2178 1116 2232 τοῦ
1161 2178 1307 2231 Βάαλ
1365 2179 1488 2240 τοὺς
1528 2177 1910 2246 τετρακοσίους
1931 2216 1947 2239 ,
1998 2178 2091 2230 καὶ

426 2275 550 2336 τοὺς
589 2270 973 2342 τετρακοσίους
1001 2267 1349 2337 ὀγδοήκοντα,
1372 2265 1700 2333 κατέσφαξε,
1744 2266 1835 2318 καὶ
1860 2283 1940 2335 χει
1949 2266 2091 2336 μὰρ-

431 2364 555 2434 ρους
577 2359 785 2429 ἀφῆκεν
801 2356 1068 2427 αἱμάτων.

497 2476 561 2528 δ’.
590 2476 655 2529 Τί
676 2470 769 2529 οὖν
800 2473 972 2527 ταῦτα
1000 2473 1136 2544 πρὸς
1155 2471 1254 2540 τὴν
1287 2471 1651 2541 προκειμένην
1671 2472 1926 2524 ὑπόθεσιν
1954 2490 1967 2537 ;
2003 2472 2091 2542 Μὴ

429 2561 755 2632 θορυϐηθῇς,
796 2559 1071 2629 ἀγαπητέ·
1109 2557 1244 2626 πρὸς
1287 2557 1397 2627 γὰρ
1418 2556 1549 2609 αὐτὸ
1592 2556 1875 2625 βαδιοῦμαι
1907 2557 2093 2610 λοιπὸν

427 2649 488 2702 τὺ
518 2650 690 2717 πέρας
715 2647 824 2700 τῶν
852 2646 1174 2716 εἰρημένων.
1193 2643 1406 2713 Ἐπειδὴ
1428 2644 1537 2715 γάρ
1563 2644 1659 2714 τὴν
1679 2644 1934 2713 λαμπάδα
1962 2662 2094 2698 κατ-

430 2739 658 2806 ήνεγκεν
686 2733 931 2804 ἐκείνην,
959 2732 1051 2785 καὶ
1076 2730 1174 2801 τὴν
1202 2731 1358 2800 νίκην
1400 2731 1600 2801 ἤρατο,
1624 2732 1718 2783 καὶ
1757 2732 2007 2801 λαμπρὸν
2031 2732 2093 2785 τὸ

430 2822 689 2891 τρόπαιον
706 2820 920 2889 ἔστησε,
952 2820 1045 2871 καὶ
1073 2819 1171 2887 τὴν
1197 2816 1406 2887 σφαγὴν
1434 2817 1541 2870 τῶν
1560 2819 1747 2890 ἱερέων
1781 2820 2092 2890 εἰργάσατο,

432 2906 598 2977 ἀπῄει
618 2904 953 2975 χαίρων,καὶ
986 2904 1126 2972 μέγα
1162 2903 1371 2972 φρονῶν
1410 2903 1501 2955 ἐπὶ
1542 2906 1654 2967 τοῖς
1688 2906 2093 2975 γεγενημένονς.

445 2992 755 3047 Ἀπέστειλε
784 2992 921 3059 πρὸς
949 2991 1110 3043 αὑτὸν
1144 2993 1176 3059 ή
1223 2990 1356 3059 γυνὴ
1389 2989 1483 3041 τοῦ
1548 2991 1768 3061 Ἀχαάἤ,
1829 2992 2097 3061 πορνίδιον

433 3082 647 3145 εὐτελὲς
669 3080 1270 3149 καὶεὺκαταφρόνητον,
1305 3079 1556 3146 λέγουσα·
1597 3079 1740 3133 Τάδε
1782 3079 2098 3144 ποιήσειὰν

430 3188 530 3239 μοι
566 3172 620 3223 οί
640 3169 784 3234 θεοὶ,
815 3168 911 3221 καί
939 3166 1077 3219 τάδε
1127 3167 1562 3233 προσθείησαν,
1601 3167 1711 3220 ἐὰν
1751 3167 1838 3236 μὴ
1884 3167 1964 3219 θῶ
1985 3166 2100 3233 τὴν

432 3258 646 3327 ψυχήν
675 3273 792 3311 σου
822 3256 1031 3322 αὔριον
1060 3256 1141 3321 ὡς
1178 3253 1317 3320 ἐνὸς
1344 3252 1464 3306 τῶν
1494 3255 1694 3321 ἱερέων
1719 3256 1961 3308 τούτων.
1992 3255 2101 3308 Καὶ

435 3342 722 3412 ἐφοϐήθη,
773 3343 870 3396 καί
920 3343 1145 3410 ἔφυγεν
1176 3340 1320 3395 ὁδὸν
1348 3340 1582 3410 ἡμερῶν
1625 3340 2095 3408 τεσσαράκοντα.

440 3432 506 3484 Τί
535 3426 627 3484 οὖν
646 3447 661 3495 ;
682 3431 715 3499 ἡ
736 3428 1116 3499 οὐρανομήκης
1143 3428 1324 3497 ἐκείνη
1355 3427 1499 3498 ψυχὴ
1519 3468 1533 3488 ,
1562 3424 1597 3480 δ’
1613 3427 1706 3480 τοῦ
1731 3428 1934 3496 κόσμου
1963 3445 2102 3481 παν-

439 3518 532 3580 τὸς
565 3516 868 3586 ὑπερορῶν,
897 3516 926 3567 6
952 3512 1113 3584 λιμοῦ
1126 3513 1383 3567 ’τοσούτου
1413 3517 1847 3585 καταφρονήσας,
1878 3517 1973 3568 καὶ
2004 3515 2095 3584 βα-

442 3605 634 3669 σιλέως
655 3603 798 3657 οὑτω
847 3600 1168 3674 τυραννικοῦ
1211 3601 1645 3666 κατεξαναστὰς,
1678 3605 1706 3656 6
1752 3590 1990 3665 κλείσας⁹
2012 3603 2103 3656 τὸν

443 3691 671 3760 οὐρανὸν
706 3691 800 3744 καὶ
837 3688 1070 3756 ἀνοίξας,
1096 3691 1125 3743 6
1156 3688 1251 3742 νῦν
1300 3689 1401 3759 μὲν
1429 3689 1613 3755 ὑετὸν,
1653 3689 1746 3742 νῦν
1766 3689 1822 3742 δέ
1849 3689 2103 3760 λαμπάδα

441 3774 807 3844 κατενεγκὼν,
835 3775 982 3847 [5‘28]
1010 3776 1039 3827 6
1068 3776 1171 3839 τὰς
1198 3775 1443 3842 ἀνάγκας
1467 3774 1568 3845 τῆς
1621 3775 1834 3844 φύσεως
1861 3793 2105 3844 καταπα-

440 3867 633 3930 τήσας,
665 3867 693 3917 6
756 3863 1193 3933 ἀκατάπληκτος,
1243 3863 1272 3914 6
1314 3861 1590 3931 πανταχοῦ
1654 3860 1907 3933 θαρρῶν·
1952 3858 2105 3926 οὗτος

442 3951 656 4021 ἁθρόον,
688 3949 825 4020 μετά
854 3949 1094 4002 τοσαῦτα
1126 3946 1546 4018 κατορθώματα,
1606 3948 1742 4018 μετά
1774 3949 2105 4020 τηλικαύτην

445 4037 774 4108 παρρησίαν,
799 4039 926 4112 μιᾶς
945 4036 1113 4106 κόρης
1134 4035 1534 4106 πορνευομένης
1551 4034 1777 4106 ἀπειλὴν
1795 4037 1893 4089 οὐκ
1909 4037 2105 4107 ﬁve-{xc

442 4125 539 4194 τὴν
559 4124 648 4177 διὰ
671 4124 929 4194 ῥημάτων
948 4163 962 4187 ,
985 4122 1122 4176 ἀλλά
1141 4120 1324 4175 λοιπον
1345 4121 1520 4190 φυγὰς
1542 4124 1638 4176 καὶ
1663 4123 1852 4187 ἄπολις
1875 4124 2103 4192 γίνεται,

443 4211 862 4280 καὶδραπετεύει
887 4209 1019 4279 πρὸς
1048 4211 1149 4281 τὴν
1178 4208 1403 4280 ἔρημον,
1431 4210 1524 4262 xal
1545 4211 1951 4282 τεσσαράκοντα
1974 4213 2107 4281 ήμε-

446 4300 555 4369 ρῶν
586 4299 705 4352 ὁδον
730 4298 1022 4368 ἀναχωρεῖ.
1040 4297 1107 4350 Τί
1142 4313 1271 4349 ποτε
1304 4296 1413 4367 ἀρα
1437 4297 1497 4350 τὸ
1520 4296 1719 4360 αἵτιονς
1764 4298 2107 4368 Ἐγύμνωσεν

443 4386 607 4438 αὐτὸν
652 4387 681 4438 6
709 4383 841 4448 Θεὸς
864 4384 966 4453 τῆς
993 4384 1234 4455 χάριτος,
1279 4383 1375 4436 καὶ
1417 4383 1626 4454 ἐδείχθη
1684 4384 1784 4454 τῆς
1821 4384 2032 4453 φύσεως
2072 4386 2106 4456 ἡ

444 4472 719 4527 ἀσθένεια·
765 4469 932 4534 ἔδειξε
967 4470 1062 4523 τὸν
1090 4471 1396 4541 προφήτην,
1446 4469 1615 4537 ἔδειξε
1656 4472 1750 4523 καὶ
1787 4471 1878 4524 τὸν
1901 4471 2109 4541 ἀνθρωο

447 4577 568 4622 πον,
607 4559 694 4611 ἵνα
725 4557 989 4628 μάθωσιν,
1033 4557 1116 4610 ὅτι
1149 4557 1243 4610 καὶ
1282 4556 1351 4610 τά
1375 4558 1639 4627 γενόμενα
1670 4558 1791 4612 τότε
1825 4559 1925 4626 τῆς
1951 4558 2107 4629 χάρι-

343 4666 351 4673 ·
444 4664 536 4710 τος
564 4646 788 4714 γέγονεν
816 4645 996 4715 ἔργον.
1042 4643 1307 4697 Ταῦταδέ
1355 4644 1525 4697 ἐποίει
1571 4645 2009 4715 συγγνωμονικόν
2049 4662 2109 4698 τε

447 4733 608 4787 αὐτὸν
638 4731 1060 4796 κατασκευάζων
1078 4733 1190 4795 τοῖς
1217 4730 1450 4795 πολλοῖς,
1494 4732 1589 4784 καὶ
1615 4731 1713 4801 τὴν
1734 4731 1799 4784 ἐκ
1829 4730 1936 4783 τῶν
1975 4748 2109 4785 κατ-

446 4820 779 4890 ορθωμάτων
821 4817 1173 4888 ἐγγινομένην
1219 4817 1476 4871 ἀπόνοιαν
1523 4816 1956 4887 ὑποτεμνόμενος
2016 4818 2111 4870 καὶ¹

449 4905 695 4959 κωλύων.
754 4905 878 4960 Ὅτι
917 4905 1026 4974 γάρ
1084 4903 1295 4974 μεγάλα
1346 4904 1475 4973 περὶ
1534 4903 1726 4956 ἐαυτοῦ
1761 4903 1976 4975 ἐφρόνει
2018 4905 2111 4957 καὶ

448 4994 800 5061 ἐφαντάςετο,
834 4994 931 5047 καὶ
975 4992 1085 5071 τῷν
1127 4991 1304 5045 ἄλλων
1358 4990 1613 5044 ἁπάντων
1670 4989 2109 5055 κατεξανίστατο,

447 5086 610 5139 αὐτὸν
631 5087 761 5156 ὑμῖν
780 5084 969 5139 τοῦτον
989 5082 1295 5154 παρέξομαι
1318 5083 1589 5152 μάρτυρα,
1621 5082 1834 5153 Ἐπειδὴ
1852 5085 1959 5154 γὰρ
1982 5080 2112 5154 ἦλθε

450 5174 586 5243 πρὸς
623 5172 788 5226 αὐτὸν
833 5174 863 5225 6
887 5172 1040 5234 Θεὸς,
1072 5172 1165 5224 καὶ
1205 5168 1394 5239 ἠρώτα
1442 5168 1747 5239 τὴνάἰτίαν
1790 5172 1887 5240 τῆς
1927 5171 2113 5224 αὐτόθι

447 5257 745 5328 διατριϐῆς,
777 5257 969 5325 λέγων·
1011 5259 1072 5312 Τί
1089 5272 1189 5310 σοι
1215 5249 1351 5320 ὦδε,
1390 5255 1584 5320 Ἠλία;
1610 5256 1725 5317 καὶ,
1759 5257 1819 5309 Τί
1843 5272 1944 5310 σοι
1961 5251 2112 5322 ὧδε;

449 5344 656 5415 ἠρώτα,
682 5345 744 5397 οὐ
781 5344 971 5413 μαθεῖν
986 5343 1176 5406 θέλων,
1203 5342 1340 5396 ἀλλά
1357 5344 1492 5413 ἡμῖν
1512 5342 1811 5412 ἐκκαλύψαι
1834 5343 1903 5396 τὰ
1945 5344 2115 5414 ἀπόῤ-
2150 5373 2155 5379 ~

452 5433 592 5500 ρητα
614 5431 712 5499 τῆς
729 5429 966 5492 διανοίας
990 5429 1155 5482 αὑτοῦ
1203 5428 1545 5499 βουλόμενος·
1584 5428 1706 5481 ἐπεὶ
1738 5428 1833 5482 καὶ
1873 5430 1970 5497 τὴν
2004 5430 2116 5482 Χα-

453 5516 718 5570 ναναίανὸ
743 5515 974 5585 Χριστὸς
1009 5517 1097 5568 ὅτε
1153 5515 1370 5586 ἠρώτα,
1409 5517 1509 5586 οὐχ
1538 5516 1626 5569 ἵνα
1666 5515 1813 5587 μάθῃ
1836 5555 1850 5578 ,
1871 5515 1985 5568 ἀλλ’
2030 5516 2116 5569 ἵνα
2152 5583 2155 5587 _

455 5606 598 5673 ἡμᾶς
650 5602 838 5672 διδάξῃ
860 5602 951 5655 τὸν
977 5602 1248 5672 θησαυρὸν
1276 5603 1367 5656 τὸν
1409 5603 1829 5674 ἐναποκείμενον
1855 5604 1991 5674 αὐτῇ
2018 5604 2119 5671 τῆς

428 5692 701 5753 πίστεως·
750 5689 929 5759 ἐρωτᾷ
978 5691 1155 5743 τοίνυν
1204 5689 1401 5751 αὐτὸν,
1460 5688 1513 5742 τί
1565 5691 1765 5762 δήποτε
1815 5691 2118 5759 ἀφιγμένος

454 5777 536 5846 εἴη
558 5774 826 5846 τοσαύτην
857 5775 995 5841 όδδν,
1038 5776 1133 5829 καὶ
1172 5774 1484 5830 καταλιπὼν
1519 5776 1701 5840 πόλεις
1748 5778 1843 5832 καὶ
1892 5777 2112 5848 δήμους,

451 5867 548 5934 τὴν
593 5864 798 5935 ἔρημον
846 5864 1180 5929 ἀσπάζεται,
1234 5863 1331 5932 οὐχ
1404 5863 1489 5915 ἵνα
1544 5864 1703 5926 αὐτὸς
1746 5864 1930 5935 μάθῃ,
1975 5866 2113 5930 (πῶς

442 5953 608 6022 ,γὰρό
658 5952 833 6005 πάντα
874 5952 1021 6016 εἰδώς
1050 5952 1086 6022 ;)
1117 5949 1232 6005 ἀλλ’
1284 5951 1368 6002 ἵνα
1424 5951 1566 6019 ἡμᾶς
1613 5951 1793 6021 διδάξῃ
1859 5953 1947 6007 διὰ
2010 5958 2107 6025 τῆς

1234 416 1291 472 S.
1332 412 1618 471 JOANNIS
1658 404 2142 469 CHRYSOSTOMI
2182 404 2505 497 ARCI‘HEP.
2545 405 3091 465 CONSTANTINOP.

3759 405 3868 465 ιοσ

2189 520 2531 593 ἀποκρίσεως
2581 526 2786 580 ἐκείνου
2830 527 2898 581 τὰ
2943 526 3229 596 ἀπόρρητα
3266 526 3363 593 τῆς
3404 524 3641 585 διανοίαις
3670 527 3867 587 αὑτοῦ.

2187 612 2281 662 καὶ
2309 611 2389 663 ὅτι
2414 612 2637 676 εἰκότως
2663 616 2874 684 ἀφῆκεν
2903 614 3066 666 αὐτὸν
3098 612 3202 665 ὑπὸ
3234 610 3326 663 τοῦ
3359 611 3525 680 φόϐου
3553 613 3872 682 διασεισθῆ-

2189 712 2298 758 ναι,
2326 700 2419 750 καὶ
2445 699 2525 761 είς
2551 698 2748 752 δειλίαν
2779 701 3041 770 ἐμπεσεῖν
3060 715 3074 728 ·
3105 699 3337 768 ἀφῆκεν,
3360 699 3460 752 οὐκ
3494 697 3673 768 ὦθησε
3695 716 3710 732 ·
3736 719 3872 755 συνο

2189 783 2485 853 εχώρησεν,
2517 787 2616 839 οὑκ
2657 788 2976 859 ἐνήργησεν,
3000 787 3114 840 ἀλλ’
3146 787 3459 855 ἐγύμνωσεν
3489 787 3650 841 αὐτὸν
3678 788 3866 857 μόνον,

2190 871 2285 924 καὶ
2326 873 2565 943 ἠλέγχθη
2587 890 2601 904 ·
2652 873 2836 943 ἐπειδὴ
2880 870 2973 927 οῦν
3007 869 3178 939 εἶπεν,
3234 872 3299 926 Τί
3340 889 3441 926 σοι
3484 868 3620 934 ὦδε,
3657 875 3867 935 Ἠλίας

2190 956 2508 1027 ἀκούσωμεν
2560 959 2612 1011 τί
2652 975 2814 1031 φησι·
2857 960 2931 1014 Τὰ
2970 958 3371 1027 θυσιαστήριά
3409 975 3527 1012 σου
3566 962 3869 1014 κατέσκαέ

2190 1046 2318 1111 ψαν
2339 1083 2354 1108 ,
2410 1045 2509 1097 καί
2556 1045 2698 1111 τοὺς
2745 1045 3054 1115 προφήτας
3101 1059 3216 1098 σου
3236 1043 3617 1099 ἀπέκτειναν
3633 1061 3645 1074 ·
3700 1046 3872 1115 κάγὼ

2189 1131 2562 1199 ὑπελείφθην
2600 1133 2808 1201 μόνος,
2866 1132 2964 1186 καί
3016 1130 3253 1199 ζητοῦσι
3301 1130 3416 1198 τὴν
3462 1130 3675 1200 ψυχήν
3715 1150 3863 1201 μου.

2202 1217 2364 1288 Ὁρᾷς
2391 1220 2473 1272 ὅτι
2508 1219 2711 1283 πάντας
2752 1219 2996 1290 ἐνόμιζεν
3027 1218 3381 1276 ἀπολωλέναι.
3429 1218 3520 1271 καὶ
3546 1217 3724 1288 μόνον
3763 1219 3868 1273 αὑ·

2190 1304 2281 1358 τὸν
2324 1306 2720 1374 ὑπολελεῖφθαι,
2755 1308 2848 1360 καὶ
2883 1307 2999 1377 μετ’
3033 1306 3193 1359 αὑτὸν
3236 1305 3427 1359 οὐδένα
3460 1302 3598 1359 εἶναι
3642 1307 3861 1378 ἔτερον·

2192 1392 2329 1462 ὅπερ
2356 1394 2518 1447 αὑτὸν
2554 1393 2693 1446 κατὰ
2721 1393 2914 1465 μικρὸν
2947 1395 3025 1457 εἰς
3067 1393 3322 1446 ἀπόνοιαν
3353 1393 3580 1461 ἀγαγεῖν
3607 1392 3863 1463 ἠδύνατο.

2192 1479 2290 1533 Διά
2321 1479 2384 1550 δὴ
2412 1481 2570 1533 τοῦτο
2599 1483 2628 1533 6
2652 1480 2784 1542 Θεὸς
2813 1478 2999 1533 τοῦτον
3028 1479 3256 1550 ἐξαίρων
3287 1480 3450 1532 αὐτοῦ
3477 1479 3568 1532 τὸν
3604 1478 3866 1548 λογισμὸν

2192 1564 2281 1618 τὸν
2311 1565 2741 1639 πεπλανημένον,
2765 1567 2926 1636 φησί·
2954 1563 3286 1620 Κατέλιπον
3316 1563 3549 1634 ἐμαυτῷ
3574 1564 3865 1619 ἑπτακισ-

2196 1653 2431 1721 χιλίους
2495 1653 2716 1719 ἄνδρας
2740 1693 2755 1717 ,
2800 1655 3017 1719 οἵτινες
3087 1654 3197 1707 οὐκ
3251 1653 3533 1722 ἔκαμψαν
3585 1652 3735 1720 γόνυ
3782 1651 3869 1716 τῷ

2195 1738 2377 1794 Βάαλ.
2423 1741 2575 1793 Ἐπεὶ
2608 1736 2700 1793 οὖν
2732 1742 2825 1793 xal
2863 1740 3023 1810 ἡνίκα
3048 1740 3139 1795 τὸν
3169 1739 3376 1810 αὐχμὸν
3416 1739 3685 1808 ἐπήγαγε,
3723 1756 3868 1809 παρ-

2195 1826 2387 1896 έμενεν
2431 1827 2710 1880 ἐπιτείνων
2760 1827 2857 1897 τὴν
2904 1827 3143 1890 κόλασιν,
3185 1826 3278 1879 καὶ
3326 1825 3466 1896 μετά
3516 1824 3688 1878 ταῦτα
3736 1825 3870 1895 περὶ

2195 1914 2388 1968 ἐαυτοῦ
2418 1914 2626 1985 μεγάλα
2669 1913 3016 1983 ἐφαντάζετο,
3069 1913 3166 1967 ἆτε
3210 1912 3274 1984 δὴ
3320 1913 3477 1983 μόνος
3516 1911 3591 1965 ὣν
3632 1913 3723 1964 ἐπὶ
3763 1912 3866 1981 τῆς

2195 2003 2299 2071 γῆς
2350 2002 2623 2066 τοιοῦτος·
2677 2003 2899 2072 ἀφίησιν
2950 2002 3110 2055 αὑτὸν
3167 1999 3448 2053 αἰσθέσθαι
3506 1998 3603 2068 τὴν
3660 1999 3872 2052 οἰκείαν

2197 2089 2498 2155 ἀσθένειαν,
2544 2089 2806 2142 διδάσκων
2849 2088 2910 2141 τὸ
2966 2088 3166 2159 πλῆθος
3212 2087 3319 2140 τῶν
3367 2086 3754 2149 διασωθέντων,
3796 2086 3867 2139 δι’

2197 2177 2520 2249 ἀμφοτέρων
2556 2175 2760 2229 τούτων
2808 2175 3084 2242 καθαιρῶν
3131 2174 3295 2228 αὑτοῦ
3341 2173 3441 2243 τὴν
3482 2172 3738 2236 διάνοιαν,
3770 2171 3871 2226 καὶ

2198 2263 2399 2316 πείθων
2451 2263 2761 2332 μετριάζειν
2811 2261 3108 2331 πανταχοῦ,
3139 2260 3234 2315 καὶ
3281 2260 3659 2331 συγγνωμικὺν
3701 2254 3867 2323 εἶναι,

2198 2350 2292 2400 καὶ
2320 2348 2396 2418 τῷ
2428 2347 2573 2419 ζήλῳ
2608 2347 2927 2417 κεραννύναι
2957 2346 3381 2418 φιλανθρωπίαν.

2268 2470 2330 2525 ε’.
2357 2472 2417 2524 Εἰ
2442 2472 2496 2525 δὲ
2523 2472 2699 2542 βούλει
2734 2472 2825 2525 καὶ
2862 2473 2953 2524 ἐπὶ
2980 2473 3079 2544 τῆς
3104 2471 3314 2542 Καινῆς
3346 2471 3483 2526 αὑτά
3513 2470 3679 2524 ταῦτα
3716 2470 3865 2535 ἰδεῖν,

2200 2558 2361 2611 πάλιν
2389 2577 2469 2611 σοι
2495 2560 2618 2623 τούς
2653 2560 2982 2631 κορυφαίους
3026 2560 3117 2612 καὶ
3154 2557 3393 2629 πύργους
3436 2558 3525 2611 καὶ
3551 2557 3868 2628 προϐόλους,

2201 2646 2292 2698 καὶ
2332 2645 2400 2698 τά
2445 2646 2711 2712 κεφάλαια
2754 2647 2861 2699 τῶν
2906 2648 2963 2697 ἐν
2994 2648 3059 2716 τῇ
3100 2646 3272 2715 Καινῇ
3321 2647 3398 2708 είς
3446 2644 3603 2715 μέσον
3642 2646 3872 2713 ἀγαγεῖν

2201 2735 2592 2807 πειρασόμεθα.
2625 2736 2831 2803 Ὠσπερ
2871 2735 3107 2788 Μωῦσέα
3157 2734 3251 2787 καὶ
3288 2733 3493 2796 Ἠλίαν,
3542 2731 3683 2785 οὕτω
3723 2731 3873 2785 Παῦε-

2200 2824 2290 2875 λον
2320 2823 2412 2875 καὶ
2433 2822 2635 2890 Πέτρον
2658 2823 2748 2874 ἐπὶ
2894 2820 3102 2891 Καινῆς
3127 2819 3449 2874 δείκνυνται.
3478 2820 3741 2888 Καθάπερ
3760 2818 3873 2889 γὰρ

2202 2909 2401 2963 τούτων
2460 2910 2784 2978 ἐκάτερος”ὁ
2828 2909 2927 2980 μὲν
2968 2907 3261 2975 Αἰγυπτίου
3306 2907 3442 2969 ἐνὸς,
3482 2907 3510 2958 6
3556 2907 3611 2960 δὲ
3667 2907 3870 2977 πόρνης

2207 2996 2334 3067 μιᾶς
2377 2997 2601 3067 ἀπειλὴν
2645 2997 2916 3059 δείσαντες
2961 2994 3432 3066 ἐφυγαδεύθησαν·
3482 2993 3623 3047 οὑτω
3669 2993 3732 3063 δὴ
3776 2994 3872 3046 καὶ

2206 3083 2408 3153 Πέτρος
2448 3084 2481 3149 ἡ
2529 3082 2752 3153 κρηπὶς.
2804 3084 2832 3134 6
2867 3080 3133 3151 θεμέλιος,
3181 3083 3209 3134 6
3255 3080 3460 3144 στῦλος,
3516 3079 3650 3150 μετὰ
3702 3079 3874 3150 μυρία

2206 3170 2661 3245 παραγγέλματα,
2689 3167 2827 3240 μετά
2870 3168 2938 3222 τά
2983 3165 3218 3221 τοσαῦτα
3268 3167 3540 3237 θαύματα,
3595 3167 3731 3238 μετά
3773 3169 3873 3238 τὴν

2205 3258 2470 3328 τοσαύτην
2505 3257 2840 3327 φιλοσοφίαν,
2874 3255 2993 3308 οὐδὲ
3028 3253 3317 3324 βασιλίδος,
3348 3253 3870 3326 οὐδὲ1529]άνδρδς,

2207 3342 2340 3397 ἀλλά
2354 3343 2599 3415 θυρωροῦ
2618 3342 2783 3413 κόρης
2804 3342 3031 3413 ἀπειλὴν
3049 3340 3238 3394 ἔδεισε·
3259 3341 3349 3395 καί
3366 3336 3434 3410 ἧν
3448 3340 3541 3393 τοῦ
3565 3353 3587 3380 ι
3607 3340 3872 3412 προτέρου

2208 3430 2386 3501 πολλῷ
2415 3430 2807 3501 χαλεπώτερον.
2841 3431 2904 3482 Οἰ
2949 3430 3047 3499 μὲν
3082 3429 3190 3499 γάρ
3229 3429 3503 3492 δείσαντες
3549 3427 3747 3497 ἔφυγον
3779 3428 3875 3497 μό-

2208 3530 2328 3583 νον,
2380 3512 2533 3580 οὗτος
2585 3517 2643 3569 δὲ
2693 3516 2788 3570 καὶ
2838 3515 3038 3586 πτῶμα
3078 3515 3239 3568 ἔπεσε
3289 3513 3700 3585 χαλεπώτατον,
3739 3518 3876 3585 ὅπερ

2210 3605 2443 3668 ἅπαντες
2490 3604 2696 3657 ἴσασιν·
2745 3603 2931 3674 ἐπειδὴ
2976 3604 3085 3674 γὰρ
3141 3600 3427 3672 ἐγυμνώθη
3481 3602 3580 3673 τῆς
3631 3602 3872 3673 χάριτος,

2208 3693 2419 3763 ἐδείχθη
2475 3693 2569 3745 καὶ
2615 3693 2647 3762 ή
2701 3691 2889 3745 τούτου
2926 3689 3199 3756 ἀσθένεια,
3240 3691 3421 3760 ἐρήμη
3477 3689 3741 3760 γενομένη
3778 3692 3877 3759 τῆς

2208 3779 2303 3832 τοῦ
2342 3779 2474 3832 Θεοῦ
2506 3778 2843 3848 κηδεμονίας.
2882 3777 3083 3848 Ἀφῆκε
3131 3777 3188 3830 δέ
3224 3779 3252 3830 6
3288 3776 3420 3838 Θεὸς
3455 3776 3615 3829 αὑτὸν
3667 3778 3873 3840 πεσεῖν,

2213 3866 2393 3938 ἐπειδὴ
2424 3867 2518 3921 καὶ
2550 3867 2733 3920 τοῦτον
2770 3865 2991 3934 ἔμελλεν
3032 3864 3267 3935 ἄρχοντα
3302 3866 3473 3917 ποιεῖν
3496 3864 3595 3934 τῆς
3622 3864 3876 3932 οἰκουμέη

2212 3972 2306 4025 νης
2340 3954 2556 4022 ἀπάσης
2577 3971 2591 3984 ·
2638 3954 2723 4006 ἵνα
2750 3944 2857 4006 τῶν
2895 3952 3109 4005 οἰκείων
3158 3953 3701 4023 ἀναμιμνησκόμενος
3734 3968 3878 4003 πτω-

2216 4042 2417 4113 μάτων,
2449 4040 2558 4093 τῶν
2617 4040 2817 4109 ἐφεξῆς
2854 4039 3151 4109 γινομένων
3199 4036 3544 4109 συγγινώσκῃ
3585 4042 3694 4100 τοῖς
3742 4039 3875 4090 ὑπο-

2215 4127 2633 4198 σκελιζομένοις.
2679 4125 2782 4181 Καὶ
2840 4128 2922 4179 ὅτι
2990 4126 3049 4179 οὐ
3111 4127 3415 4196 στοχασμὸς
3460 4124 3526 4178 τὰ
3579 4124 3874 4194 εἰρημένα,

2212 4217 2442 4270 ἄκουσον
2476 4213 2637 4268 αὐτοῦ
2671 4213 2917 4282 λέγοντος
2948 4210 3042 4265 τοῦ
3093 4211 3326 4283 Χριστοῦ
3346 4228 3359 4242 ·
3411 4210 3626 4280 Σίμων,
3658 4210 3874 4279 Σίμων,

2213 4305 2468 4369 ποσάκις
2510 4302 2798 4370 ἐζήτησεν
2849 4305 2882 4355 ὁ
2928 4299 3196 4365 Σατανᾶς
3245 4298 3512 4352 σινιάσαι
3557 4315 3631 4351 σε
3662 4298 3741 4363 ὡς
3773 4297 3879 4350 τὸν

2213 4391 2418 4446 σῖτον·
2451 4390 2611 4459 κάγὼ
2653 4387 2906 4455 ἐδεήθην
2949 4386 3082 4455 περὶ
3133 4386 3270 4451 σοῦ,
3314 4386 3414 4439 ἵνα
3457 4385 3537 4453 μὴ
3577 4384 3794 4451 ἐκλίπῃ
3839 4386 3877 4452 ἢ

2215 4481 2416 4544 πίστις
2443 4493 2577 4531 σου.
2604 4477 2709 4531 Kal
2733 4477 2813 4531 σύ
2842 4492 2987 4529 ποτε
3016 4473 3402 4541 ἐπιστρέψας,
3426 4471 3712 4541 στήριξον
3742 4471 3879 4537 τοὺς

2214 4565 2513 4634 ἀδελφούς
2546 4580 2681 4617 σου.
2706 4562 2924 4632 Ταύτην
2960 4578 3047 4631 μοι
3075 4561 3163 4624 δὸς
3195 4561 3291 4630 τὴν
3320 4559 3570 4630 ἀμοιϐὴν,
3596 4558 3748 4629 φησὶ,
3783 4559 3879 4628 τῆς

2216 4653 2343 4723 περὶ
2383 4652 2441 4705 σέ
2475 4651 2753 4720 βοηθείας·
2791 4652 2840 4703 εἰ
2872 4648 2978 4718 γὰρ
3011 4648 3084 4719 μὴ
3131 4648 3232 4717 τῆς
3278 4648 3416 4718 ἐμῆς
3446 4646 3714 4708 ἀπέλαυες
3750 4663 3881 4714 προ-

2215 4737 2382 4802 νοίας,
2404 4738 2505 4790 οὐκ
2539 4736 2604 4788 ἂν
2635 4737 2872 4806 ήρκεσας
2906 4733 3025 4788 καθ’
3055 4733 3243 4787 ἑαυτὸν
3275 4734 3514 4802 ἐνεγκεῖν
3552 4732 3761 4784 ἐκείνου
3785 4730 3880 4801 τὴν

2216 4824 2419 4893 ἔφοδον.
2475 4822 2699 4875 Ἐννοῶν
2752 4820 2928 4875 τοίνυν
2980 4821 3049 4874 τὰ
3097 4820 3183 4879 σὰ,
3226 4820 3376 4888 γίνου
3425 4819 3518 4874 καὶ
3563 4820 3672 4880 τοῖς
3704 4818 3882 4882 ἄλλοις

2219 4909 2655 4980 συγγνωμονικός
2674 4925 2687 4938 ⁸
2727 4907 2789 4961 τὸ
2814 4908 2942 4978 γάρ,
2971 4907 3275 4974 Στήριξον,
3300 4906 3458 4960 τοῦτό
3487 4908 3632 4958 ἐστιν
3659 4906 3882 4957 αἰνιττο-

2222 4997 2411 5067 μένου·
2462 4996 2586 5058 τούς
2643 4995 3028 5064 σαλευομένους
3091 4994 3339 5067 στήριξον
3404 4992 3878 5061 συγκαταϐαίνων,

2218 5085 2376 5153 χεῖρα
2419 5082 2650 5152 ὀρέγων,
2712 5080 3118 5153 φιλανθρωπίαν
3176 5080 3612 5151 ἐπιδεικνύμενος
3665 5078 3879 5149 πολλήν.

2218 5169 2327 5222 Kal
2357 5170 2386 5222 6
2419 5168 2627 5231 Παῦλος
2653 5170 2682 5220 6
2709 5168 2918 5232 λέοντος
2956 5169 3152 5232 παντὸς
3186 5166 3513 5239 θρασύτερος
3544 5167 3640 5230 ὢν,
3679 5167 3712 5237 ἡ
3744 5168 3882 5219 ἀκα-

2218 5254 2526 5326 τάπληκτος
2555 5253 2722 5325 ψυχὴ,
2762 5254 2821 5307 τὸ
2859 5256 2988 5309 αὑτὸ
3023 5254 3180 5309 τοῦτο
3228 5253 3414 5308 ἔπαθε.
3465 5254 3573 5306 Kal
3622 5254 3723 5322 ὅρα
3770 5251 3884 5316 πῶς

2218 5342 2490 5396 δείκνυσιν
2534 5342 2723 5394 ἐαυτὸν
2780 5341 3016 5412 συνεχῶς
3055 5342 3307 5413 δεόμενον
3346 5341 3454 5394 τῶν
3498 5343 3594 5411 τῆς
3639 5356 3886 5392 ταπεινο-

2222 5427 2491 5499 φροσύνης
2534 5428 2876 5499 φαρμάκων·
2921 5428 3222 5498 Κορινθίοις
3262 5427 3372 5498 γὰρ
3423 5427 3749 5480 ἐπιστέλλων
3781 5442 3886 5496 φη-

2223 5515 2339 5567 σίν·
2376 5516 2456 5567 Οὐ
2506 5513 2657 5568 θέλω
2676 5513 2744 5566 δὲ
2770 5511 2924 5582 ὑμᾶς
2966 5514 3223 5583 ἀγνοεῖν,
3272 5512 3543 5581 ἀδελφοὶ,
3596 5511 3726 5579 περὶ
3780 5509 3888 5579 τῆς

2177 5600 2482 5667 .θλίψεως
2528 5598 2696 5668 ἡμῶν
2741 5599 2850 5667 τῆς
2908 5600 3234 5669 γενομένης
3282 5598 3426 5668 ἡμῖν
3469 5599 3537 5652 ἐν
3584 5597 3657 5665 τῇ
3708 5600 3886 5664 Ἀσίᾳ,

2223 5685 2310 5739 ὅτι
2362 5687 2487 5740 καθ’
2546 5686 2892 5754 ὑπερϐολὴν
2956 5687 3325 5756 ἐϐαρήθημεν
3400 5684 3552 5753 ὑπὲρ
3600 5684 3886 5753 δύναμιν·

2222 5771 2358 5827 ἀλλ’
2397 5774 2563 5828 αὐτοὶ
2610 5774 2678 5826 ἐν
2728 5772 2959 5837 ἑαυτοῖς
3004 5774 3069 5826 τὸ
3122 5774 3417 5842 ἀπόκριμα
3474 5770 3581 5825 τοῦ
3632 5770 3888 5828 θανάτου

2287 5964 2309 5991 ⁸
2342 5962 2517 6012 Mclius
2540 5959 2835 6010 scriberetur
2858 5959 3013 6010 τοῦτο.
