4198 6482
465 361 570 415 465

466 473 758 542 confugere
797 477 949 540 potes
985 487 996 522 :
1031 482 1151 522 nam
1185 477 1238 523 et
1269 469 1360 522 ille
1391 483 1590 538 pauper
1615 476 1754 532 erat,
1788 465 2059 520 manium—

466 581 571 634 que
600 559 878 618 hominum
914 561 1287 630 pauperrimus
1321 576 1334 612 :
1365 561 1420 614 in
1452 563 1668 614 deserto
1696 557 2002 622 habitabat,
2036 572 2067 610 a

468 657 764 727 majoribus
798 665 852 710 ct
879 672 909 708 a
941 655 1108 724 patria
1147 653 1395 724 ignobilis
1418 695 1431 718 ,
1464 668 1673 707 necnon
1708 653 1776 706 ab
1803 650 1921 705 aliis
1946 664 2067 704 om-

469 751 646 804 nibus.
697 751 949 802 Attamen
1003 746 1093 800 ille
1139 746 1260 818 plus
1300 761 1462 816 quant
1497 745 1579 800 sol
1622 744 1840 808 effulsit,
1884 751 1938 798 et
1977 741 2070 798 illo

470 851 713 910 tempore
761 849 814 894 et
861 853 1006 894 nunc
1052 853 1287 908 quoque,
1334 846 1390 892 et
1431 846 1685 907 quantam
1728 835 1809 891 sol
1850 835 2071 904 respicit

470 945 693 998 terram,
729 942 938 988 tantam
970 932 1087 1002 ejus
1107 931 1278 1002 gloria
1310 931 1572 1000 pervadit,
1595 929 1806 985 etiamsi
1837 937 1962 983 ante
1993 934 2070 981 tot

469 1025 665 1080 swcula
696 1024 966 1080 exstiterit
986 1040 1001 1090 ;
1021 1023 1116 1078 sed
1138 1033 1342 1077 tantum
1375 1033 1586 1093 tempus
1606 1021 1723 1092 ejus
1749 1019 2067 1076 memoriam

469 1133 576 1171 non
601 1117 902 1180 exStiuxit;
933 1125 988 1170 et
1004 1115 1126 1185 jure
1159 1115 1353 1170 inerito
1379 1113 1618 1185 quidem.
1662 1113 1809 1168 Talis
1837 1125 2067 1182 namque

469 1225 557 1266 res
589 1219 672 1264 est
701 1211 871 1264 virtus
893 1249 908 1274 ,
939 1208 1256 1262 immortalis
1276 1249 1292 1274 ,
1323 1222 1442 1277 quin
1473 1207 1590 1278 plus
1607 1220 1771 1275 quam
1794 1204 1874 1260 sol
1916 1203 2068 1259 efful-

467 1311 611 1371 gcat.
656 1299 896 1366 Verum,
949 1308 1005 1354 ut
1057 1300 1168 1370 jam
1232 1299 1340 1354 dixi
1387 1299 1612 1370 (neque
1655 1299 1797 1352 enim
1855 1294 2070 1366 oportet

470 1410 590 1460 nos,
627 1395 678 1449 in
727 1395 1005 1465 pr0phetie
1053 1393 1269 1447 laudum
1316 1393 1536 1463 pelagus
1577 1392 1805 1456 delatos,
1841 1391 2066 1446 instituti

469 1489 768 1558 argumenti
798 1487 1088 1556 oblivisci),
1120 1486 1206 1539 hic
1231 1501 1446 1556 quoque
1472 1485 1559 1538 illa
1590 1484 1826 1548 exhibet,
1852 1499 1970 1552 qua:
1999 1483 2068 1539 de

470 1580 655 1652 Moyse
679 1580 822 1635 dicta
848 1591 990 1635 sunt.
1023 1580 1157 1649 Quia
1186 1580 1331 1634 enim
1355 1578 1645 1634 verisimile
1670 1587 1785 1633 erat
1807 1577 1978 1646 illum,
2001 1592 2068 1632 ex

472 1672 730 1740 praeclare
757 1673 923 1743 gestis
953 1674 1174 1738 clatum,
1211 1686 1315 1725 nou
1357 1671 1644 1725 admodum
1687 1685 1912 1740 pronum
1955 1670 2068 1724 fore

473 1763 539 1818 ad
570 1765 781 1818 veniam
831 1763 1040 1818 ca-tcris
1086 1763 1524 1830 concedendam;
1571 1763 1693 1818 vide
1743 1762 1869 1834 quid
1910 1760 2068 1816 faciat

471 1855 611 1908 Deus
636 1870 650 1908 :
681 1855 939 1923 permittit
966 1856 1114 1908 illum
1143 1856 1310 1926 gratia
1337 1870 1433 1910 sua
1467 1854 1676 1922 nudari,
1704 1865 1759 1909 ut
1784 1854 2068 1909 infirmita-

472 1957 577 2000 tem
623 1947 740 2016 ejus
785 1947 1194 2003 ostendat:imo
1236 1964 1363 2003 vero
1408 1963 1439 2003 e
1477 1964 1536 2002 re
1567 1946 1762 2013 fuerit,
1789 1955 1846 2001 ut
1895 1946 2067 2016 primo

470 2039 818 2094 ostendamus
844 2039 1113 2110 quomodo
1146 2057 1252 2095 non
1282 2051 1424 2097 esset
1445 2040 1511 2095 ad
1533 2040 1741 2095 veniam
1767 2039 2070 2095 conceden-

474 2131 595 2184 dam
625 2146 845 2201 pronus.
878 2132 1164 2203 Postquam
1193 2133 1336 2188 enim
1368 2133 1636 2188 clauserat
1654 2131 1865 2196 caelum,
1885 2139 1939 2187 et
1963 2138 2070 2184 ter-

478 2240 591 2278 ram
623 2225 1008 2281 infructuosam
1042 2226 1371 2290 reddiderat,
1396 2225 1670 2298 famesque
1692 2233 1841 2290 erat;
1874 2224 2063 2291 fames,

475 2317 715 2388 inquam,
763 2321 999 2374 omnium
1048 2321 1425 2386 acerbissima;
1473 2329 1527 2374 et
1573 2335 1726 2390 aqua:
1769 2318 2068 2388 absumpta:

474 2419 658 2476 erant,
692 2413 954 2467 exsiccata
989 2412 1176 2480 herba,
1209 2413 1425 2468 flumina
1456 2412 1789 2479 defecerant,
1817 2411 2065 2467 horrida-

473 2519 575 2573 quc
605 2514 722 2558 erat
764 2514 920 2560 terrae
967 2507 1150 2572 facies,
1191 2518 1418 2562 mortem
1468 2506 1754 2571 minitans;
1789 2504 2066 2574 famesque

474 2596 700 2650 ulterius
747 2596 1047 2665 procedens
1095 2599 1386 2665 szeviebat,
1419 2597 1773 2653 miserrimam
1807 2597 2067 2652 inducens

471 2697 698 2742 mortem
728 2706 740 2742 :
766 2704 940 2759 neque
966 2691 1042 2744 sic
1085 2690 1176 2745 ille
1227 2689 1452 2745 inflexus
1481 2700 1597 2753 est;
1632 2689 1727 2744 sed
1785 2689 1971 2745 abiens
2015 2691 2067 2745 in

470 2783 666 2836 montis
687 2784 968 2837 cacumine
990 2783 1172 2838 sedem
1203 2791 1380 2852 posuit
1399 2827 1413 2851 ,
1434 2798 1554 2839 cum
1581 2783 1862 2838 Judaicum
1893 2798 2067 2854 popu-

472 2875 582 2928 lum
606 2875 657 2928 in
690 2885 795 2928 tam
819 2891 1037 2946 gravent
1055 2876 1414 2930 calamitatem
1439 2887 1491 2930 et
1519 2875 1694 2931 tabem
1721 2876 2060 2947 conjecisset.

471 2967 577 3022 Sed
609 2967 871 3036 benignus
901 2967 1062 3032 Deus,
1083 2977 1135 3022 et
1155 2967 1438 3022 ineffabilis
1465 2967 1686 3039 ejusque
1703 2967 1937 3030 bonitas,
1957 2977 2068 3022 tan-

470 3067 581 3113 tr-m
624 3061 966 3113 severitatem
1010 3073 1115 3113 non
1160 3059 1308 3125 tulit;
1339 3059 1434 3114 sed
1479 3060 1732 3129 quoniam
1767 3058 1860 3114 ille
1891 3060 2064 3129 ipsum

474 3152 679 3222 precari
720 3153 939 3208 uolebat
983 3162 1038 3206 ut
1063 3154 1422 3208 calamitatem
1447 3154 1702 3218 auferret,
1731 3167 1852 3207 cum
1887 3162 2065 3207 tamen

474 3246 615 3300 Deus
642 3246 758 3300 sine
789 3245 880 3300 illo
910 3246 963 3299 id
997 3246 1255 3314 perficere
1284 3246 1481 3309 nollet;
1527 3244 1647 3300 vide
1699 3245 1826 3315 quid
1871 3248 2065 3299 factum

470 3339 538 3389 sit
563 3354 575 3389 :
596 3337 771 3407 primo
796 3353 916 3400 cum
949 3337 1039 3390 illo
1068 3353 1180 3392 rem
1209 3338 1589 3402 communicat,
1610 3346 1661 3392 et
1689 3345 1814 3391 tunc
1837 3337 2091 3406 pluviam.

473 3430 652 3483 mittit.
683 3430 866 3484 \‘iden‘
896 3430 948 3483 in
979 3429 1082 3484 hac
1103 3431 1263 3484 etiam
1287 3431 1376 3484 Dei
1407 3430 1786 3500 benignitatem
1806 3443 1857 3484 et
1879 3431 2069 3486 huma-

472 3520 712 3584 nitatem,
739 3530 899 3588 atque
944 3522 1203 3575 honorem
1235 3537 1340 3591 quo
1387 3533 1629 3576 sanctum
1663 3522 1832 3574 virmu
1874 3537 2064 3592 prose-

470 3611 768 3680 quebatur?
795 3610 981 3680 Neque
1029 3613 1171 3666 enim
1221 3612 1370 3681 prius
1414 3613 1613 3667 imbres
1656 3613 1869 3678 emisit,
1903 3628 2061 3683 quam

471 3707 622 3761 illum
665 3716 807 3760 esset
863 3706 1172 3776 alloquutus
1200 3714 1254 3760 et
1283 3706 1408 3775 quid
1453 3706 1690 3760 futurum
1729 3713 1874 3760 esset
1901 3706 2070 3761 dixis-

472 3809 588 3862 set,
625 3798 922 3867 flllUl'iquUt}
966 3797 1114 3850 illum
1144 3797 1288 3851 misit
1333 3813 1510 3852 rerum
1552 3797 1892 3852 abundantia:
1925 3813 2064 3868 prim

470 3908 681 3945 conem.
709 3891 844 3957 Quia
895 3891 1036 3946 enim
1095 3907 1192 3960 per
1235 3906 1359 3946 eum
1408 3892 1580 3959 tristia
1629 3902 1942 3958 evenerant,
1971 3909 2061 3946 vo-

472 3985 569 4038 luit
595 3987 752 4040 etiam
786 3986 1048 4040 bonorum
1081 3985 1433 4054 ludorumque
1462 3987 1704 4038 nuntium
1739 4000 1879 4046 esse,
1904 3997 2066 4051 atque

469 4091 533 4129 ex
568 4084 752 4131 monte
805 4075 1055 4131 eductum
1104 4076 1250 4130 illum
1281 4076 1426 4129 misit
1457 4077 1545 4146 qui
1581 4077 1777 4146 ubique
1808 4076 2060 4130 imbrium

469 4169 757 4224 adventum
788 4181 836 4224 et
863 4178 1192 4224 cessaturam
1221 4185 1342 4224 esse
1372 4171 1564 4224 famem
1597 4170 1930 4239 praediceret.
1967 4171 2064 4224 At-

472 4272 650 4317 tamen
677 4278 798 4318 cum
834 4263 1047 4317 tandem
1074 4263 1248 4334 pluvia
1277 4262 1587 4325 decidisset,
1621 4273 1675 4315 et
1705 4261 1850 4316 brevi
1884 4277 2061 4316 rerum

469 4353 707 4408 omnium
735 4354 889 4424 copia
917 4356 1139 4412 advecta
1181 4355 1406 4422 fuisset,
1447 4365 1802 4425 congregatos
1845 4356 1935 4410 ille
1976 4371 2063 4410 sa-

468 4445 714 4500 cerdotes
747 4445 920 4500 Baulis
951 4461 1175 4501 numero
1201 4447 1641 4518 quadringentos,
1669 4448 1776 4502 imo
1801 4449 2059 4517 quadrin-

466 4551 654 4611 gentos
685 4550 738 4595 et
768 4540 1036 4612 octoginta
1087 4541 1353 4611 jugulavit
1373 4581 1387 4607 ,
1415 4552 1467 4597 et
1489 4541 1763 4613 sanguinis
1795 4550 2062 4599 torrentes

466 4631 662 4685 emisit.

535 4724 590 4777 4.
632 4722 769 4790 Quid
801 4722 918 4778 haec
947 4722 1013 4777 ad
1045 4723 1347 4779 institutum
1378 4726 1661 4780 nostrum?
1692 4725 1769 4780 Ne
1792 4727 2060 4797 turberis,

464 4832 497 4870 ο
527 4817 756 4880 dilecte;
787 4817 854 4871 ad
884 4817 1054 4887 ipsam
1086 4818 1351 4873 dictorum
1375 4835 1641 4875 summam
1667 4819 1780 4888 jam
1805 4836 2056 4892 prapero.

461 4905 749 4979 Postquam
781 4910 923 4964 enim
970 4908 1241 4964 flammam
1294 4911 1436 4964 illam
1494 4926 1526 4966 e
1581 4911 1717 4966 caelo
1771 4912 1956 4978 duxit,
2004 4923 2061 4970 et

463 5001 742 5053 victoriam
767 5001 1082 5069 reportavit,
1099 5001 1548 5071 splendidumque
1576 5015 1834 5071 tropazum
1861 5006 2055 5071 erexit,

460 5105 522 5144 ac
553 5089 896 5145 sacerdotum
926 5089 1128 5145 ewdem
1158 5093 1421 5160 patravit,
1453 5093 1582 5146 abiit
1626 5093 1866 5163 gaudens
1895 5105 1948 5148 et
1991 5095 2059 5150 de

459 5183 627 5251 gestis
659 5181 941 5252 magnifice
970 5183 1229 5237 sentiens.
1265 5184 1407 5238 Misit
1437 5185 1504 5238 ad
1534 5185 1681 5238 illum
1713 5202 1848 5240 uxor
1879 5187 2058 5241 Acha-

459 5276 579 5336 alii,
631 5273 970 5330 meretricula
1016 5273 1139 5328 vilis
1172 5286 1228 5330 et
1272 5276 1608 5344 spernenda,
1659 5275 1892 5334 dicens:
1929 5278 2059 5335 llaec

460 5370 652 5438 faciant
684 5369 809 5421 mihi
841 5367 914 5420 dii
938 5408 954 5433 ,
981 5377 1026 5421 et
1057 5367 1166 5422 haec
1209 5367 1439 5434 addant,
1468 5372 1514 5424 si
1553 5387 1653 5424 non
1695 5388 1911 5440 posuero
1940 5390 2056 5428 cras

458 5461 684 5512 miiinam
752 5471 892 5511 tuam
939 5458 1069 5512 sicut
1126 5475 1284 5512 unum
1333 5475 1397 5513 ea:
1448 5460 1525 5514 his
1569 5462 1934 5516 sacerdotibus.
1987 5463 2055 5518 Et

457 5561 623 5604 timuit
650 5553 772 5615 ille,
801 5562 848 5604 el
880 5551 1011 5620 fugit
1037 5551 1169 5604 viam
1206 5551 1548 5621 quadraginta
1579 5552 1776 5606 dierum
1806 5555 1884 5624 (5.
1920 5554 2054 5624 Reg.

458 5645 544 5700 19.
573 5645 628 5700 2.
669 5643 745 5716 5).
779 5644 916 5711 Quid
943 5646 1117 5716 ergo?
1159 5647 1339 5698 anima
1388 5645 1475 5698 illa
1503 5644 1694 5698 caelum
1739 5646 2009 5716 attingens
2033 5689 2048 5714 ,

457 5737 501 5792 is
530 5737 621 5806 qui
648 5744 816 5792 totum
845 5735 1098 5790 mundum
1122 5735 1473 5804 despiciebat,
1499 5737 1586 5807 qui
1619 5735 1815 5791 famem
1849 5746 2048 5792 tantam

453 5839 886 5900 contempserat,
937 5830 1026 5900 qui
1071 5838 1256 5885 contra
1308 5845 1487 5900 regem
1521 5841 1806 5901 tyrannum
1860 5831 2048 5901 hujus-

1151 354 1166 407 l
1208 352 1509 421 llOlllLlA,
1551 353 1736 423 ouoo
1779 352 2063 418 FltEQUEJ

2171 351 2244 407 εις
2282 350 2825 415 CUNVENIE’NDUM
2865 360 2992 427 Sl'l',
3040 363 3190 420 ETC.

3667 377 3774 434 466

2184 466 2327 522 modi
2361 470 2743 538 insurrexerat,
2787 475 2877 543 qui
2923 476 3111 531 cit-lum
3160 481 3423 538 clauserat
3460 496 3515 542 et
3539 503 3769 557 aperue-

2177 567 2292 624 rat,
2320 561 2410 628 qui
2468 576 2611 616 nunc
2654 564 2920 633 pluviam,
2955 583 3097 625 nunc
3134 570 3403 631 flammam
3451 578 3770 650 deduxerat,

2174 658 2264 721 qui
2303 660 2510 707 natura:
2544 658 2894 713 necessitates
2932 662 3380 736 conculcaverat,
3422 671 3514 739 qui
3558 678 3773 732 concuti

2175 757 2284 797 non
2325 753 2568 816 poterat,
2613 757 2667 803 et
2707 750 2905 821 ubique
2949 755 3258 812 confidebat
3301 776 3316 813 :
3365 757 3454 816 hic
3499 775 3770 834 repente,

2177 844 2297 906 post
2327 845 2403 891 tot
2432 839 2692 908 praeclare
2720 853 2869 911 gesta
2890 885 2904 909 ,
2938 855 3054 912 post
3085 856 3284 904 tantam
3308 850 3582 922 fiduciam,
3612 861 3772 914 unius

2175 927 2477 987 fornicaria:
2517 934 2709 1002 puella:
2752 938 2964 1004 minas,
3011 945 3179 999 verbo
3236 955 3444 1004 tantum
3493 953 3767 1021 prolatas,

2176 1038 2282 1078 non
2314 1025 2466 1090 tulit,
2507 1028 2603 1083 sed
2635 1029 2887 1102 profugus
2911 1043 2966 1088 et
2992 1037 3144 1091 exsul
3175 1038 3410 1097 efficitur
3431 1084 3446 1109 ,
3480 1045 3546 1099 ad
3579 1045 3767 1101 deser-

2178 1123 2288 1170 tum
2326 1117 2600 1188 confugit,
2643 1130 2699 1176 et
2746 1125 3096 1196 quadraginta
3140 1130 3349 1187 dierum
3393 1135 3496 1190 iter
3542 1140 3768 1192 recedit.

2175 1210 2434 1280 Quantam
2482 1215 2641 1284 igitur
2686 1216 2842 1288 hujus
2887 1221 2964 1274 rei
3013 1237 3174 1279 causa
3229 1229 3356 1282 est?
3407 1229 3547 1286 Deus
3600 1235 3769 1302 gratia

2175 1317 2270 1358 sua
2310 1304 2529 1360 nudavit
2570 1306 2741 1373 illum,
2770 1318 2824 1364 et
2866 1319 2989 1366 ttmc
3017 1318 3263 1384 apparuit
3298 1327 3500 1375 natura:
3545 1324 3770 1379 infirmi-

2122 1472 2125 1473 ν
2178 1401 2260 1449 tas
2293 1411 2306 1448 :
2338 1405 2737 1454 monstraverat
2765 1401 2906 1456 Deus
2942 1405 3297 1474 prophetam,
3350 1416 3669 1468 monstravit
3715 1430 3771 1469 et

2176 1487 2450 1545 hominem
2477 1533 2492 1556 ,
2547 1500 2603 1546 ut
2629 1493 2902 1550 discerent
2931 1511 2992 1551 ea
3021 1514 3143 1568 qua:
3186 1513 3311 1555 tunc
3336 1513 3482 1572 gesta
3523 1504 3768 1572 fuerant,

2175 1583 2366 1652 gratia:
2420 1598 2556 1654 opus
2588 1584 2776 1642 fuisse.
2829 1587 2954 1643 Haec
3013 1607 3174 1660 porro
3211 1592 3472 1662 faciebat,
3525 1607 3585 1654 ut
3621 1600 3769 1655 illum

2175 1673 2241 1726 ad
2289 1675 2500 1729 veniam
2564 1680 2777 1734 ca‘teris
2837 1682 3242 1739 concedendam
3283 1702 3512 1758 pronum
3570 1693 3767 1747 redde-

2175 1775 2279 1831 ret,
2301 1777 2462 1838 utque
2479 1774 2839 1840 arrogantiam
2865 1791 2928 1828 cx
2959 1779 3215 1845 prmclare
3234 1779 3402 1850 geStis
3430 1793 3635 1852 partam
3655 1802 3773 1840 suc-

2175 1858 2376 1914 cideret
2398 1862 2764 1918 ctcohiberet.
2796 1867 2948 1934 Quod
2976 1879 3152 1925 autem
3195 1887 3443 1942 magnum
3492 1877 3766 1947 quidpiam

2174 1949 2241 2006 de
2269 1967 2327 2006 se
2355 1953 2579 2008 sentiret
2605 1963 2658 2009 et
2690 1955 3074 2027 imaginaretur
3095 2003 3110 2027 ,
3141 1962 3392 2032 quodque
3421 1976 3607 2021 contra
3634 1970 3770 2025 alios

2173 2044 2717 2115 omnesinsurgeret;
2750 2047 2897 2103 illum
2931 2049 3104 2120 ipsum
3129 2054 3205 2108 rei
3239 2063 3428 2110 teStem
3460 2057 3614 2112 vobis
3641 2076 3767 2130 pro-

2173 2131 2363 2187 feram.
2397 2137 2528 2192 Cum
2561 2139 2702 2192 enim
2747 2139 2885 2194 Deus
2917 2141 3087 2210 ipsum
3117 2145 3287 2210 adiit,
3329 2155 3385 2201 et
3413 2147 3768 2220 interrogavit

2171 2241 2270 2304 cur
2298 2228 2399 2282 isto
2425 2229 2477 2282 in
2507 2229 2626 2284 loco
2654 2240 2979 2300 versaretur,
3009 2236 3195 2290 dicens
3229 2255 3241 2290 :
3277 2237 3412 2305 Quid
3440 2239 3528 2293 tibi
3549 2243 3629 2294 hic
3655 2254 3728 2296 est
3752 2285 3765 2306 ,

2174 2335 2204 2372 0
2252 2319 2366 2373 Elia
2405 2321 2460 2394 (5
2487 2321 2615 2392 Reg.
2639 2322 2726 2377 l9.
2763 2323 2902 2394 15)?
2930 2325 3056 2380 illud
3088 2341 3234 2392 vero,
3265 2328 3400 2394 Quid
3428 2330 3514 2384 tibi
3542 2332 3622 2385 hic
3653 2335 3769 2386 est?

2173 2412 2544 2484 interrogavit,
2594 2430 2700 2469 non
2757 2425 2814 2470 ut
2855 2417 2968 2488 ipse
3014 2419 3281 2489 disceret,
3330 2423 3424 2477 sed
3466 2433 3524 2478 ut
3572 2440 3766 2479 arcana

2173 2507 2371 2561 utentis
2419 2508 2586 2579 ipsius
2634 2509 2790 2566 nobis
2840 2512 3133 2579 revelaret;
3180 2529 3300 2569 nam
3330 2517 3491 2571 etiam
3519 2515 3768 2574 Christus

2173 2613 2295 2653 cum
2331 2600 2689 2656 Chananwam
2740 2604 3118 2675 interrogavit,
3178 2623 3282 2662 non
3342 2609 3392 2663 id
3442 2609 3568 2664 fecit
3596 2620 3653 2664 ut
3681 2611 3762 2666 di-

2174 2701 2372 2754 sceret,
2420 2693 2514 2748 sed
2543 2702 2599 2748 ut
2628 2694 2748 2749 fidei
2783 2697 3095 2751 thesaurum
3126 2701 3177 2752 in
3213 2701 3322 2769 ipsa
3351 2703 3643 2771 repositum
3670 2719 3768 2755 nos

2173 2781 2392 2838 doceret
2443 2801 2458 2838 :
2506 2785 2801 2858 interrogat
2863 2787 3023 2859 igitur
3081 2789 3230 2844 illum
3273 2808 3370 2846 cur
3410 2801 3612 2846 tantum
3667 2793 3770 2848 iter

2174 2877 2501 2945 susceperit,
2551 2893 2615 2932 ae
2657 2879 2857 2933 relictis
2896 2881 3116 2934 urbibus
3145 2893 3198 2937 et
3242 2884 3452 2952 pepulis
3495 2884 3764 2939 desertum

2174 2967 2457 3038 delegerit,
2505 2985 2610 3023 nou
2655 2980 2712 3024 ut
2743 2970 2856 3040 ipse
2897 2972 3129 3027 disceret
3159 2991 3170 3026 :
3201 2975 3471 3044 quoumdo
3499 2977 3640 3031 cnim
3677 2978 3766 3047 qui

2174 3059 2353 3113 oumia
2398 3059 2639 3113 sciebat?
2688 3061 2784 3116 sed
2827 3072 2882 3117 ut
2916 3079 3012 3117 nos
3057 3063 3274 3120 doceret
3322 3081 3417 3136 per
3462 3069 3772 3138 responsio-

2176 3167 2296 3206 nem
2327 3151 2443 3222 cjus
2470 3163 2676 3208 secreta
2707 3155 2902 3210 ruentis
2932 3156 3118 3226 ipsius,
3147 3169 3202 3212 et
3229 3158 3370 3227 quod
3397 3159 3510 3228 ipse
3543 3169 3598 3214 ut
3640 3178 3766 3230 per-

2177 3244 2493 3298 terrefactus
2545 3245 2598 3298 in
2651 3244 2998 3302 formidinem
3047 3249 3342 3314 incideret;
3403 3252 3766 3320 permisisset,

2175 3348 2281 3403 non
2313 3333 2641 3404 impulisset;
2693 3338 3068 3402 coacessisset,
3118 3355 3289 3409 neque
3337 3351 3589 3409 operatus
3639 3343 3768 3396 luis-

2171 3436 2276 3494 set,
2313 3427 2406 3483 sed
2439 3429 2691 3484 nudasset
2723 3431 2871 3485 illum
2902 3432 3068 3500 gratia
3103 3441 3305 3486 tantum
3337 3474 3354 3499 ,
3385 3445 3438 3488 et
3470 3434 3560 3488 ille
3590 3435 3764 3489 victus

2173 3532 2318 3577 8556‘.
2350 3542 2361 3575 :
2393 3539 2513 3577 cum
2558 3539 2689 3593 ergo
2734 3524 2991 3590 dixisset,
3030 3525 3166 3592 Quid
3197 3526 3285 3580 tibi
3312 3526 3394 3580 hic
3419 3569 3433 3593 ,
3468 3527 3624 3580 Elia?
3664 3545 3765 3581 au-

2171 3613 2386 3668 diamus
2423 3615 2550 3684 quid
2597 3617 2683 3669 ille
2726 3615 2963 3669 dixerit:
3021 3616 3219 3669 Altun'u
3263 3625 3349 3670 tua
3390 3619 3689 3683 diruerant,
3725 3628 3772 3672 et

2174 3704 2447 3774 proﬂictas
2479 3716 2590 3758 (nos
2621 3705 2954 3768 occiderunt;
2984 3715 3029 3759 et
3059 3723 3149 3776 ego
3176 3707 3380 3760 relictus
3409 3724 3522 3762 sum
3550 3708 3688 3761 solus
3717 3719 3766 3760 et

2171 3808 2401 3866 quierunt
2431 3797 2655 3850 animum
2684 3815 2846 3850 meum
2880 3798 2953 3867 (5.
2990 3796 3112 3866 Reg.
3150 3799 3234 3851 I‘J.
3263 3796 3374 3868 14).
3410 3797 3597 3852 Viden‘
3617 3799 3761 3868 quod

2171 3905 2360 3942 omnes
2405 3889 2631 3960 periisse
2671 3901 2915 3958 putaret,
2959 3902 3013 3942 et
3042 3904 3100 3942 se
3143 3890 3317 3943 solum
3347 3905 3630 3957 superesse
3656 3932 3669 3954 ,
3699 3906 3767 3946 ac

2174 3992 2294 4050 post
2335 3981 2482 4034 illiilli
2537 3981 2738 4035 nullum
2769 3997 2891 4037 csse
2936 3982 3140 4034 alium?
3191 3981 3331 4051 quod
3379 3981 3529 4036 illum
3573 3984 3624 4036 in
3675 3997 3762 4036 ar-

2172 4074 2469 4143 rogautiam
2528 4071 2799 4127 deducere
2852 4073 3106 4142 paulatim
3179 4083 3406 4142 poterat.
3531 4071 3764 4141 Ideoque

2159 4159 2335 4228 'Deus,
2367 4175 2424 4218 ut
2451 4165 2588 4218 hanc
2622 4164 2806 4217 falsam
2835 4164 2952 4234 ejus
2978 4164 3290 4232 tipitti0:;eltl
3318 4173 3618 4228 amoveret,
3647 4164 3721 4216 ait
3747 4179 3762 4216 :

2175 4258 2376 4327 Reliqui
2402 4259 2525 4312 mihi
2556 4268 2743 4326 septem
2769 4258 2927 4311 millia
2951 4257 3296 4326 virorum,qui
3320 4273 3452 4328 genu
3472 4274 3574 4310 non
3599 4258 3760 4326 ﬂexe-

2171 4359 2287 4404 runt
2331 4361 2445 4404 ante
2473 4349 2607 4403 Baal
2637 4348 2800 4413 (Ibid.
2835 4365 2881 4403 υ.
2932 4347 3040 4418 18).
3086 4349 3349 4413 Quoniam
3397 4348 3558 4418 igitur
3599 4349 3760 4402 etiam

2169 4441 2383 4512 quando
2433 4441 2729 4494 siccitatem
2788 4439 3118 4504 induxerat,
3173 4439 3287 4509 ipse
3345 4442 3656 4507 perstiterat
3709 4449 3759 4493 ut

2170 4533 2450 4602 castigatio
2493 4532 2582 4586 illa
2612 4541 2902 4602 augeietur
2922 4573 2935 4598 ,
2969 4542 3026 4587 et
3057 4544 3238 4601 postea
3280 4531 3348 4586 de
3378 4533 3556 4600 seipso
3598 4533 3762 4585 altum

2169 4627 2443 4697 sapiebat,
2500 4643 2563 4680 ac
2603 4626 2646 4680 si
2695 4628 2842 4680 solus
2883 4635 3026 4681 esset
3064 4626 3117 4680 in
3170 4635 3313 4681 terra
3361 4627 3492 4680 tanti
3536 4627 3712 4680 meriti
3749 4649 3762 4682 :

2171 4720 2415 4792 permisit
2443 4721 2582 4774 Deus
2621 4728 2678 4774 ut
2706 4720 3032 4774 infirmiuitis
3069 4735 3178 4774 suae
3210 4735 3426 4774 sensum
3457 4729 3510 4774 et
3546 4721 3762 4789 experi-

2170 4825 2408 4871 mentum
2452 4822 2706 4884 caperet,
2737 4813 2938 4868 docens
2989 4822 3121 4882 quot
3165 4824 3348 4888 essent
3395 4813 3484 4882 qui
3532 4814 3762 4867 salutem

2167 4918 2644 4978 consequerentur,
2665 4922 2757 4977 per
2787 4906 2902 4961 haec
2931 4906 3090 4960 ambo
3133 4906 3251 4975 ejus
3297 4907 3535 4960 animum
3582 4905 3755 4975 depri-

2170 4985 2342 5066 mens,
2371 5001 2709 5069 suadensque
2755 5008 2808 5054 tit
2842 5000 3038 5066 ubique
3089 4998 3330 5052 modeste
3369 5006 3590 5066 ageret,
3614 5009 3668 5052 et
3693 4999 3760 5052 ad

2168 5092 2550 5162 ignoscendum
2583 5091 2790 5145 caeteris
2820 5107 3018 5159 pronus
3046 5099 3212 5154 esset,
3245 5104 3310 5143 ac
3339 5089 3457 5142 zelo
3483 5101 3583 5142 suo
3613 5087 3765 5142 beni-

2166 5185 2428 5255 gnitatem
2460 5184 2802 5237 admisceret.

2240 5276 2292 5332 5.
2325 5275 2471 5329 Petri
2513 5275 2710 5344 lapsus.
2740 5303 2813 5314 —
2837 5272 2991 5341 Quod
3019 5273 3062 5327 si
3085 5271 3320 5327 volueris
3344 5269 3535 5327 eadem
3563 5271 3678 5340 ipsa
3705 5271 3762 5327 in

2164 5366 2316 5422 Novo
2354 5367 2707 5423 Testamento
2753 5363 2963 5430 videre,
3013 5378 3226 5417 rursum
3256 5362 3351 5417 tibi
3397 5361 3714 5433 coryplimos
3743 5403 3759 5429 ,

2165 5471 2360 5526 turres,
2394 5468 2838 5530 propugnatores,
2875 5466 2931 5513 et
2957 5457 3226 5528 principes
3251 5457 3342 5525 qui
3385 5455 3470 5510 hic
3502 5455 3757 5520 ﬂoruere,

2165 5553 2218 5607 in
2265 5551 2498 5606 medium
2547 5551 2816 5606 adducere
2871 5549 3206 5604 conabimur.
3250 5547 3402 5602 Sicut
3444 5547 3662 5618 Moysen
3705 5554 3760 5598 et

2165 5643 2338 5700 Eliam
2367 5643 2718 5707 ostendimus,
2752 5642 2830 5697 sic
2860 5641 3057 5697 Paulus
3095 5650 3150 5696 et
3176 5641 3366 5696 Petrus
3393 5639 3447 5694 in
3477 5638 3627 5693 Novo
3651 5637 3760 5691 Te-

2164 5747 2430 5793 stamento
2445 5745 2828 5792 monstrantur.
2846 5734 3308 5802 Quemadmodum
3323 5733 3466 5788 enim
3485 5729 3754 5791 illiambo,

2165 5834 2299 5888 alius
2329 5830 2561 5903 {Egyptii
2609 5831 2786 5897 unius,
2840 5831 2978 5886 alius
3027 5829 3326 5886 meretricis
3377 5826 3534 5882 unius
3585 5826 3756 5880 minas
