4198 6468
501 303 606 377 ι(ὶῆ

501 431 850 485 formidantes
902 431 953 484 in
984 429 1159 498 fugam
1189 429 1327 482 versi
1355 436 1477 482 sunt
1509 445 1521 480 :
1549 426 1626 480 sic
1654 434 1709 481 et
1738 425 1960 490 Petrus,
1989 423 2080 478 lul-

501 537 649 576 (τιιιιι
701 521 848 583 illud,
901 517 1304 574 fundamentum
1351 528 1406 572 et
1447 517 1717 581 columna,
1767 524 1887 585 post
1935 514 2079 569 mille

496 613 926 683 praedicationes,
959 619 1078 681 post
1102 620 1178 664 tot
1205 610 1489 674 mirabilia,
1525 617 1645 677 post
1671 616 1870 662 tantam
1912 605 2079 677 philo-

501 705 764 773 SOplllnm,
791 718 893 757 non
927 703 1143 772 reginae,
1165 716 1335 770 neque
1366 701 1486 763 viri,
1514 699 1606 754 sed
1625 698 1857 752 ostiaria:
1885 697 2078 767 puellae

499 797 668 848 minas
699 793 872 847 timuit
897 803 1150 862 :eratque
1174 791 1299 845 illud
1341 790 1609 860 prioribus
1654 790 1812 858 longe
1838 788 2072 859 gravius.

503 885 581 940 llli
623 899 850 953 namque
899 883 1152 938 timentes
1201 892 1404 935 tantum
1449 881 1735 950 fugerunt;
1769 880 1855 934 hic
1898 888 2076 934 autem

494 977 812 1047 gravissimo
861 975 1011 1045 lapsu
1054 961 1470 1046 cecidit'(Joan.
1502 973 1590 1028 l8.
1625 971 1735 1044 17),
1781 982 1838 1027 ut
1888 971 2077 1028 omnes

492 1069 702 1123 sciunt:
734 1077 1013 1136 postquam
1039 1067 1182 1121 enim
1213 1067 1381 1134 gratia
1411 1064 1636 1120 nudatus
1664 1074 1766 1128 est,
1793 1065 2077 1120 inﬁrmitas

489 1159 609 1225 ejus
637 1158 878 1226 apparuit
905 1157 1184 1212 deserenle
1202 1173 1321 1209 eum
1349 1158 1436 1210 Dei
1454 1173 1601 1210 cura.
1627 1157 1875 1210 Permisit
1895 1166 2073 1210 autem

494 1249 636 1303 Deus
667 1257 723 1302 ut
744 1249 988 1313 caderet,
1011 1248 1137 1318 quia
1161 1248 1320 1302 etiam
1347 1248 1500 1301 illum
1525 1247 1683 1301 totius
1707 1247 1853 1301 orbis
1879 1247 2078 1316 princi-

487 1355 612 1409 pem
627 1345 1015 1396 constituturus
1031 1347 1176 1404 erat;
1197 1349 1254 1394 ut
1269 1355 1488 1394 suorum
1507 1355 1712 1393 memor
1729 1338 2070 1402 delictorum,

492 1435 557 1487 i'rs
587 1436 676 1503 qui
706 1433 960 1503 deinceps
981 1433 1358 1504 supplantandi
1384 1432 1563 1488 forent
1599 1447 1800 1502 pronus
1825 1441 1969 1486 esset
2005 1433 2072 1486 ad

485 1525 699 1579 ‘veniam
728 1524 1148 1580 concedendum.
1165 1523 1318 1592 Quod
1339 1535 1513 1578 autem
1543 1523 1658 1578 [nec
1679 1539 1784 1578 non
1806 1541 1872 1578 ex
1901 1524 2074 1593 conje-

482 1625 640 1670 ‘ctura
662 1616 858 1682 dicam,
878 1615 1009 1670 audi
1033 1617 1204 1685 ipsum
1231 1615 1504 1670 Christum
1526 1615 1790 1669 dicentem
1823 1634 1838 1669 :
1866 1615 2069 1678 Simon,

492 1707 693 1772 Simon,
727 1709 918 1773 quoties
963 1709 1170 1778 elspetiit
1196 1718 1244 1762 te
1269 1719 1494 1773 satanas,
1548 1717 1602 1762 ut
1649 1709 1898 1762 cribraret
1942 1718 2074 1761 tam-

487 1815 640 1867 quam
672 1799 894 1851 triticum
923 1814 942 1851 :
969 1808 1015 1852 et
1061 1815 1152 1869 ego
1180 1815 1275 1866 pro
1322 1807 1369 1852 te
1416 1799 1591 1868 rogavi
1620 1807 1675 1852 ut
1722 1814 1824 1852 non
1868 1798 2073 1867 deﬁciat

491 1888 618 1954 ﬁdes
649 1897 754 1940 tua.
781 1887 848 1940 Et
877 1897 931 1940 tu
965 1887 1240 1956 aliquando
1277 1903 1548 1941 conversus
1592 1887 1838 1956 conﬁrma
1883 1892 2069 1958 fratres

484 1987 598 2031 tuos
627 1976 776 2048 (an.
804 1976 896 2032 22.
927 1978 1043 2046 51).
1070 1977 1218 2032 Hanc
1239 1977 1390 2041 mihi,
1421 1978 1610 2047 inquit,
1638 1977 1820 2030 auxilii
1846 1980 2067 2046 praestiti

484 2067 551 2121 da
575 2067 985 2123 retributionem
1015 2087 1027 2121 :
1060 2068 1160 2122 nisi
1186 2069 1328 2122 enim
1360 2083 1475 2121 mea
1503 2067 1716 2138 adjutus
1740 2068 1930 2123 fuisses
1956 2084 2073 2136 pro-

488 2158 742 2224 videntia,
777 2157 920 2212 illius
949 2159 1308 2212 incursionem
1337 2173 1434 2228 per
1465 2169 1515 2212 te
1559 2158 1700 2213 ferre
1728 2175 1832 2213 non
1860 2161 2069 2228 potuis-

482 2267 590 2305 ses.
620 2251 732 2306 Tua
782 2267 912 2322 ergo
941 2252 1204 2322 cogitans,
1251 2252 1370 2307 aliis
1417 2254 1577 2308 etiam
1609 2267 1727 2308 esto
1755 2256 2015 2323 propitius
2045 2273 2056 2307 :

478 2342 612 2395 lillud
640 2342 808 2408 enim,
836 2342 1105 2410 conﬁrma,
1141 2342 1242 2396 hoc
1269 2341 1660 2397 subindicantis
1687 2355 1770 2399 est
1803 2362 1816 2397 :
1855 2360 1950 2399 eos
1977 2344 2068 2414 qui

480 2433 738 2486 vacillant
763 2433 1045 2499 conﬁrma,
1073 2433 1178 2488 illis
1209 2443 1260 2488 te
1287 2443 1672 2503 attemperans,
1704 2452 1920 2491 manum
1955 2453 2068 2506 por-

474 2521 681 2592 rigens,
705 2521 1100 2578 humanitatem
1147 2524 1414 2578 exhibens
1445 2525 1684 2580 multam.
1720 2527 1783 2580 Et
1822 2527 2018 2582 Paulus
2048 2569 2066 2595 ,

477 2612 640 2667 leone
685 2614 874 2681 quovis
919 2614 1195 2680 audacior,
1243 2615 1633 2683 imperterritus
1677 2617 1765 2672 ille
1811 2619 2021 2674 animus
2048 2660 2065 2686 ,

475 2703 710 2771 tdipsum
737 2718 928 2772 passus
956 2714 1058 2760 est.
1088 2702 1158 2760 “Et
1187 2705 1304 2760 vide
1331 2707 1612 2777 quomodo
1641 2724 1856 2780 semper
1878 2719 2066 2765 osten-

481 2793 571 2846 dat
598 2808 657 2847 se
685 2793 1000 2850 humilitatis
1028 2795 1317 2864 pharmace
1340 2813 1476 2867 opus
1503 2799 1699 2854 habere
1731 2820 1744 2856 :
1771 2801 2068 2858 Corinthiis

482 2898 712 2952 namque
741 2885 983 2941 scribens
1006 2886 1109 2940 ait:
1129 2885 1266 2940 Nolo
1283 2899 1450 2942 autem
1474 2905 1559 2943 vos
1585 2892 1840 2961 ignorare,
1857 2896 2061 2962 fratres,

483 2974 547 3026 de
575 2973 898 3028 tribulatione
923 2985 1115 3041 nostra,
1144 2993 1256 3045 qum
1280 2977 1416 3046 facta
1437 2989 1508 3032 est
1533 2980 1743 3034 nobisin
1773 2983 1913 3046 Asia,
1941 3000 2066 3053 quo-

479 3067 618 3118 niam
645 3081 803 3135 supra
829 3067 1034 3118 modum
1063 3067 1259 3136 gravati
1287 3084 1458 3121 sumus
1487 3085 1643 3137 supra
1674 3072 1902 3125 virtutem
1934 3086 1953 3126 :
1977 3075 2065 3128 sed

479 3156 583 3225 ipsi
610 3155 664 3210 in
703 3157 1076 3227 nobismetipsis
1121 3175 1420 3227 responsum
1470 3162 1646 3216 mortis
1673 3163 1982 3232 .Itabuimus,
2014 3177 2067 3221 ut

479 3263 584 3299 non
610 3245 768 3301 simus
809 3247 1022 3316 ﬁdentes
1059 3249 1111 3301 in
1160 3250 1322 3314 nobis,
1365 3251 1454 3303 sed
1477 3251 1536 3305 in
1581 3251 1686 3306 Deo
1727 3255 1816 3319 qui
1857 3257 2067 3310 suscitat

479 3348 726 3403 mortuos,
757 3339 844 3407 qui
870 3339 934 3391 de
953 3339 1106 3392 tantis
1124 3339 1362 3408 periculis
1386 3358 1476 3395 nos
1503 3344 1706 3412 eripuit.
1733 3345 2066 3414 Speravimus

478 3437 648 3480 autem
676 3429 810 3496 quod
837 3445 928 3483 nos
957 3431 1131 3500 eripiet
1163 3430 1217 3500 (2
1266 3430 1385 3485 Cor.
1416 3434 1467 3487 1.
1501 3435 1535 3488 8
1573 3435 1682 3506 11).
1733 3437 2066 3507 DeSperaba-

482 3533 620 3580 mus,
640 3519 841 3586 inquit,
862 3534 1034 3589 neque
1062 3523 1502 3589 exspectabanms
1528 3540 1630 3579 nos
1650 3527 1831 3583 vivere
1862 3545 2019 3599 posse
2049 3550 2062 3597 ;

477 3608 574 3661 sed
606 3612 895 3662 morituros
926 3625 1023 3663 nos
1064 3626 1184 3664 esse
1214 3612 1530 3680 putabamus
1555 3633 1569 3670 ι
1605 3617 1706 3672 hoc
1733 3620 1876 3674 enim
1907 3623 2068 3692 signi-

483 3699 607 3753 ﬁcat
660 3699 826 3766 illud,
881 3700 994 3770 Ipsi
1038 3702 1090 3755 in
1132 3703 1501 3766 nobismetipsis
1547 3724 1842 3778 responsum
1888 3715 2066 3770 mortis

480 3789 747 3844 habuimus
779 3803 798 3843 :
832 3790 931 3844 hoc
979 3807 1065 3846 res
1113 3793 1242 3860 ipsa:
1297 3795 1453 3851 nobis
1498 3801 1916 3869 respondebant,
1968 3821 2067 3863 nos

477 3881 701 3934 θηιιιίηο
728 3881 991 3948 pet-ituros
1020 3898 1157 3936 esse.
1183 3883 1297 3937 ‘Cur
1323 3887 1590 3942 conceSSit
1616 3888 1777 3957 Deus,
1804 3903 1866 3947 ut
1888 3894 1954 3948 ad
1989 3905 2068 3951 tot

477 3978 734 4038 tantaque
761 3971 990 4038 pericula
1017 3972 1368 4029 veniremus?
1423 3973 1498 4029 Ut
1550 3989 1619 4030 ne
1677 3980 1904 4039 ﬁdentes
1978 3999 2066 4040 es-

480 4075 664 4114 semus
700 4063 752 4114 in
782 4064 956 4128 nobis,
984 4063 1079 4117 sed
1109 4065 1159 4117 in
1189 4063 1300 4118 Deo
1329 4066 1418 4134 qui
1451 4069 1675 4124 suscitat
1699 4082 1978 4130 mortuos:
2012 4075 2064 4132 id

477 4160 582 4216 est,
612 4161 668 4205 ut
713 4169 818 4207 non
865 4153 1031 4206 altum
1076 4168 1385 4222 saperemus
1406 4197 1420 4221 ,
1450 4171 1556 4211 non
1585 4161 1970 4219 extolleremur
1996 4167 2065 4223 de

478 4239 636 4295 bonis
665 4242 940 4310 operibus.
973 4242 1126 4310 Quod
1173 4244 1400 4299 subinde
1449 4247 1646 4305 cla-rius
1674 4249 1838 4318 dicit,
1864 4253 2063 4311 iterum

480 4331 554 4384 ita
598 4334 860 4388 scribens.
906 4333 1192 4404 Postquam
1230 4337 1371 4390 enim
1421 4337 1630 4396 dixerat
1669 4358 1729 4398 se
1774 4347 1828 4398 in
1865 4346 2060 4404 ‘ca-lurn

478 4433 690 4491 raptum
714 4434 767 4478 et
804 4425 856 4478 in
890 4425 1193 4494 paradisum
1235 4427 1532 4496 ingressum
1566 4430 1751 4493 fuisse,
1783 4444 1943 4504 atque
1971 4453 2062 4492 ar-

477 4528 612 4566 cana
638 4515 722 4568 illa
745 4515 904 4570 verba
929 4515 1218 4582 audivisse,
1246 4519 1518 4588 subjunxit
1550 4539 1562 4575 :
1597 4523 1660 4576 Et
1680 4541 1741 4578 ne
1767 4530 2063 4597 magnitudo

478 4605 844 4658 revelationum
868 4607 1077 4660 extollat
1100 4625 1194 4673 me,
1221 4610 1370 4664 datus
1395 4621 1470 4665 est
1491 4613 1616 4666 mihi
1641 4617 1874 4671 stimulus
1887 4621 2057 4686 carni,

474 4695 688 4763 angelus
735 4705 945 4763 satana,
994 4707 1048 4750 ut
1099 4715 1177 4752 me
1215 4700 1495 4768 colaphizet
1541 4702 1619 4771 (2.
1666 4703 1786 4759 Cor.
1833 4707 1920 4761 12.
1954 4708 2008 4779 7)
2040 4727 2059 4765 ηε

481 4787 567 4840 hic
615 4787 918 4842 subiudicat
959 4790 1080 4844 illos
1105 4792 1193 4859 qui
1224 4807 1284 4845 se
1311 4793 1597 4857 vexabant,
1624 4796 1713 4862 qui
1742 4797 1843 4851 sibi
1893 4800 2065 4855 mole-

479 4876 635 4930 stiam
661 4877 959 4945 pariebant,
982 4888 1036 4934 et
1059 4895 1118 4934 se
1148 4881 1198 4934 iu
1225 4895 1494 4935 carcerem
1525 4883 1880 4953 conjiciebant
1911 4908 1924 4944 :
1957 4891 2063 4946 siu-

472 4967 628 5032 gulos
649 4968 791 5022 enim
816 4969 1026 5023 illorum
1059 4980 1295 5024 satanam
1317 4981 1490 5026 vocat.
1517 4973 1846 5033 Permissum
1877 4992 2056 5037 autem

479 5057 596 5122 luit,
627 5059 816 5128 inquit,
849 5067 906 5112 ut
948 5061 1270 5114 tentationes
1299 5063 1639 5126 sustinerem,
1671 5079 1728 5121 ut
1753 5075 2056 5138 arrogantia

1674 5155 1949 5169 *—

477 5275 602 5332 Cum
634 5277 944 5346 Imperatria:
970 5281 1135 5335 media
1166 5294 1309 5338 nocte
1335 5285 1384 5336 in
1413 5302 1651 5357 magnam
1680 5293 1944 5347 ecclesiam
1969 5312 2057 5350 ve-

553 5371 735 5434 nisset,
777 5371 988 5440 indeque
1030 5374 1270 5443 reliquias
1309 5386 1585 5447 martyrum
1617 5379 1846 5450 tulisset,
1879 5402 2059 5454 prose-

550 5467 762 5528 cutaque
807 5469 932 5514 esset
973 5479 1061 5530 per
1109 5465 1325 5518 medium
1367 5465 1538 5536 forum
1595 5487 1749 5540 usque
1797 5475 1866 5528 ad
1921 5475 2059 5548 Dry-

549 5548 688 5615 pimn
731 5548 834 5617 (a),
876 5566 992 5602 cum
1032 5555 1328 5623 martyrium
1375 5557 1437 5610 ab
1486 5560 1606 5613 urbe
1634 5563 1850 5618 distaret
1879 5582 2057 5620 novent

539 5653 614 5716 (α)
640 5655 917 5720 Martyrium
945 5658 1063 5710 illud
1098 5663 1147 5712 in
1180 5662 1358 5728 Drypia
1393 5676 1499 5719 erat
1537 5672 1744 5727 ecclesia
1777 5675 1830 5729 S.
1857 5677 2059 5734 Thema:

478 5738 676 5798 apostoli
701 5746 750 5788 et
774 5743 1012 5804 martyris.
1037 5751 1091 5794 ut
1114 5745 1234 5795 infra
1257 5747 1444 5798 dicitur.

1205 316 1261 371 s.
1300 314 1574 372 JOANNIS
1611 292 2078 368 cu‘nvsos‘rou'l
2115 294 2429 365 Ananiae.
2469 295 3001 366 CONSTANTINOP.

1895 5159 3337 5278 ﬂow

3661 303 3770 375 ωε

2189 436 2308 475 mea
2358 422 2762 491 reprimeretur,
2813 435 2866 478 et
2917 434 2973 477 ut
3005 423 3246 479 modeste
3289 439 3449 494 agere
3479 426 3766 487 discerem.

2186 509 2416 582 Ideoque
2441 528 2561 566 cum
2592 514 2760 568 Deum
2808 529 3102 584 rogassem,
3129 515 3181 570 id
3219 515 3360 586 quod
3388 518 3631 587 petebam
3660 527 3768 577 non

2186 607 2502 674 impetravi;
2549 607 2643 661 sed
2676 607 2880 661 insidiis
2923 610 3201 678 expositus
3231 619 3495 678 perpetuo
3543 614 3715 666 mansi
3747 655 3765 680 ,

2177 705 2452 752 etcrtimuas
2479 697 2686 753 habens
2713 699 2763 752 in
2810 698 3155 768 pha‘rmacum
3185 700 3516 755 humilitatis.
3549 702 3626 756 Ac
3658 703 3766 757 vita

2183 803 2344 857 quam
2389 789 2592 857 pridem
2651 799 2704 844 et
2752 799 2876 844 ante
2920 792 3325 846 conversionem
3365 791 3610 860 duxerat,
3636 796 3768 849 satis

2181 879 2388 933 eratad
2436 880 2585 934 illum
2618 879 2684 935 ad
2708 895 2899 934 sanam
2931 890 3164 936 mentem
3210 881 3599 938 reducendum.
3630 883 3765 938 Nam

2181 970 2270 1038 qui
2295 969 2367 1024 ad
2401 971 2565 1039 pedes
2590 970 2895 1025 Gamalielis
2926 971 3157 1035 sederat,
3183 969 3276 1041 qui
3299 977 3549 1028 accurate
3573 981 3767 1029 secun-

2181 1059 2304 1113 dum
2337 1069 2607 1128 paternam
2638 1059 2808 1130 legem
2852 1060 3014 1114 vitam
3043 1061 3266 1130 agebat,
3299 1062 3390 1131 qui
3422 1071 3762 1132 paternarum

2183 1149 2526 1205 traditionum
2567 1149 2849 1204 aemulator
2875 1159 3010 1217 erat,
3057 1151 3145 1218 qui
3195 1153 3482 1220 prophetas
3524 1155 3763 1222 quotidie

2178 1235 2479 1306 cvolvebat,
2508 1241 2597 1310 qui
2627 1241 2677 1296 in
2706 1243 2820 1312 lege
2846 1242 3104 1298 educatus
3130 1243 3306 1298 fuerat
3339 1262 3352 1296 :
3383 1243 3468 1299 hic
3485 1245 3761 1302 Christum

2175 1334 2268 1404 qui
2299 1333 2607 1400 advenerat,
2638 1346 2692 1389 et
2719 1335 2974 1390 miracula
2996 1336 3270 1405 patrabat,
3302 1337 3392 1407 qui
3415 1337 3544 1391 talia
3575 1338 3762 1410 loque-

2181 1426 2352 1489 batur,
2375 1434 2431 1479 et
2452 1424 2744 1495 Scriptura:
2773 1425 2914 1482 dicta
2947 1429 3276 1496 proponebat
3303 1433 3462 1498 atque
3494 1431 3761 1500 interpre-

2173 1518 2409 1582 tabatu‘r,
2456 1527 2560 1572 non
2605 1518 2857 1585 admisit;
2905 1519 2999 1573 sed
3049 1529 3102 1573 et
3151 1529 3428 1590 postquam
3473 1524 3761 1579 cruciﬁxus

2177 1609 2351 1662 trierat
2393 1618 2444 1662 et
2492 1619 2901 1674 resnrrexerat,
2957 1609 3129 1679 ipsum
3180 1613 3640 1681 persequebatur,
3694 1628 3759 1670 ac

2178 1701 2323 1756 mille
2353 1699 2598 1753 manibus
2623 1700 2743 1769 ejus
2769 1699 3090 1770 discipulum
3119 1700 3141 1732 ι
3183 1701 3446 1772 lapidibus
3473 1704 3754 1774 impetivit,

2177 1800 2230 1845 et
2254 1799 2442 1846 contra
2459 1790 2731 1845 Ecclesias
2759 1790 2954 1845 bellum
2969 1793 3220 1862 gerebat,
3241 1804 3400 1863 atque
3419 1795 3544 1866 lupo
3570 1799 3758 1867 quovis

2177 1884 2406 1939 ferocior
2429 1894 2546 1938 erat
2567 1901 2580 1938 :
2601 1893 2653 1939 et
2673 1883 2845 1938 donec
2863 1884 2957 1939 lux
2987 1901 3218 1954 superne
3247 1888 3544 1954 rel'nlsit,et
3569 1907 3670 1946 vox
3689 1886 3755 1948 ad

2177 1975 2452 2030 veritatem
2476 1973 2624 2028 illum
2647 1974 2924 2030 attrahens
2941 1975 3111 2030 delata
3133 1986 3236 2042 est,
3255 1993 3320 2033 ex
3349 1995 3406 2036 se
3429 1981 3554 2051 quid
3583 1981 3758 2038 facere

2173 2075 2449 2135 oporteret
2475 2066 2613 2122 scire
2639 2083 2744 2120 non
2785 2076 3012 2136 poterat.
3043 2067 3275 2139 Ideoque
3306 2070 3418 2141 ipse
3449 2073 3757 2144 frequenter

2175 2156 2228 2210 in
2252 2156 2493 2226 epistolis
2505 2165 2664 2226 caput
2688 2155 2949 2213 inclinans
2962 2157 3076 2214 haec
3093 2173 3289 2227 versat,
3308 2163 3630 2219 erubescens
3643 2173 3756 2236 pra:

2175 2247 2380 2318 pudore
2403 2264 2588 2303 eorum
2612 2264 2731 2312 quae
2765 2250 2968 2319 pridem
2994 2250 3224 2307 fecerat:
3248 2269 3309 2308 ac
3325 2253 3608 2312 Timotheo
3633 2260 3759 2314 scri-

2173 2339 2305 2393 hens
2334 2338 2542 2394 dict-bat
2567 2358 2578 2393 :
2602 2337 2807 2394 Gratias
2823 2357 2920 2411 ago
2941 2342 2986 2396 ei
3005 2343 3091 2412 qui
3105 2359 3185 2396 me
3205 2347 3505 2414 confortavit
3527 2344 3747 2413 Christo,

2171 2430 2289 2501 quia
2319 2430 2519 2498 ﬁdelem
2550 2446 2628 2483 me
2671 2431 2995 2498 existimavit,
3027 2447 3218 2502 ponens
3248 2437 3300 2488 in
3341 2438 3636 2505 ministerio,
3669 2444 3755 2513 qui

2173 2521 2314 2591 prius
2345 2521 2665 2591 blasphemus
2686 2523 2763 2592 [ui
2791 2531 2836 2576 et
2863 2537 3193 2593 persequutor
3217 2535 3264 2580 et
3305 2532 3704 2589 contumeliosus
3733 2538 3756 2589 ξ

2171 2611 2260 2665 sed
2290 2612 2685 2666 misericordiam
2715 2625 3050 2684 consequutus
3079 2625 3211 2685 sum,
3239 2621 3360 2689 quia
3386 2622 3628 2692 ignorans
3655 2627 3756 2696 feci

2171 2703 2222 2756 in
2245 2702 2594 2757 incredulitate
2624 2703 2697 2774 (1.
2734 2701 2868 2760 Tim.
2900 2707 2950 2760 1.
2985 2705 3073 2761 12.
3105 2709 3212 2779 15).
3240 2700 3314 2764 Ἐι
3332 2720 3579 2780 ‘rursum,
3627 2715 3754 2770 Ideo

2171 2791 2568 2845 misericordiam
2594 2805 2931 2864 consequutus
2951 2808 3089 2865 sum,
3123 2785 3256 2853 utin
3285 2817 3362 2855 me
3403 2805 3565 2872 primo
3589 2816 3761 2862 osten-

2171 2883 2309 2936 deret
2341 2881 2479 2936 Dcus
2507 2899 2704 2937 omnem
2727 2885 3043 2955 patientiam,
3067 2889 3134 2942 ad
3156 2891 3560 2960 informationem
3582 2912 3754 2950 eorum

2170 2977 2256 3046 qui
2278 2977 2516 3030 credituri
2539 2987 2656 3032 sunt
2679 2977 2758 3032 illi
2773 2978 2822 3032 in
2839 2981 2998 3034 vitam
3021 2989 3264 3037 aeternam
3285 2984 3360 3052 (l.
3388 2983 3522 3040 Tim.
3557 2989 3608 3043 1.
3640 2990 3751 3060 16).

2171 3065 2241 3121 Ει
2268 3066 2561 3121 Corinthiis
2590 3069 2830 3125 scribens
2860 3070 3070 3126 dicebat
3102 3090 3114 3125 :
3143 3070 3251 3138 Qui
3289 3092 3391 3129 non
3435 3094 3546 3131 sum
3571 3080 3752 3150 dignus

2170 3159 2340 3212 vocari
2386 3160 2667 3228 apostolus,
2712 3163 2831 3230 quia
2863 3173 3191 3233 persequutus
3214 3183 3326 3221 sum
3370 3167 3646 3226 Ecclesium
3675 3175 3750 3245 (1.

2166 3243 2290 3300 cor.
2333 3247 2530 3324 15.9).

2233 3338 2296 3395 6.
2347 3338 2592 3395 Ecclesite
2633 3344 2862 3415 praefecti
2889 3345 2954 3399 ad
2977 3348 3178 3401 veniam
3199 3352 3578 3407 cancedendam
3599 3359 3754 3426 proni

2171 3432 2269 3484 sint
2296 3443 2509 3502 Oportet.
2537 3463 2610 3473 —
2639 3435 2762 3491 ﬂzec
2805 3447 2985 3492 autem
3030 3443 3208 3496 Omnia
3263 3445 3495 3514 liebant,
3525 3449 3752 3520 illosque

2175 3521 2316 3574 Deus
2331 3521 2613 3577 deserebat
2630 3527 2795 3593 gratia
2818 3543 2913 3582 sua
2945 3530 3188 3599 nudatos,
3211 3542 3270 3587 ut
3299 3545 3579 3606 postquam
3601 3541 3753 3594 'mlir-

2172 3612 2409 3666 mitatem
2463 3627 2612 3668 suam
2659 3615 2982 3686 didicerant,
3006 3631 3066 3676 et
3094 3625 3364 3691 quomodo
3409 3626 3537 3681 nihil
3587 3629 3754 3699 possit

2170 3700 2334 3755 homo
2356 3704 2470 3758 sine
2496 3722 2726 3774 superna
2749 3722 2882 3776 ope,
2917 3725 3036 3764 cum
3067 3713 3134 3767 ad
3161 3713 3470 3783 j'sdicialcm
3499 3719 3750 3775 thronum

2169 3792 2541 3859 ascenderem,
2572 3806 2625 3850 et
2654 3799 2884 3866 praefecti
2907 3812 2961 3856 et
2982 3803 3244 3874 principes
3279 3811 3750 3875 cunstitnerentur,

2167 3877 2390 3936 inultam
2413 3882 2800 3942 humanitatem
2819 3898 2872 3943 et
2894 3897 3389 3963 attemperatiouem
3405 3901 3748 3968 exhibe-rent,

2170 3983 2330 4060 atque
2357 3975 2421 4028 ad
2453 3977 2660 4032 veniam
2692 3981 2917 4037 subditis
2945 3988 3338 4044 concedendam
3373 3995 3520 4061 proni
3553 4009 3750 4053 essent.

2167 4055 2402 4136 ideoque
2419 4067 2630 4123 Galatis
2659 4073 2899 4129 scribens
2925 4075 3137 4133 dicebat
3170 4097 3182 4133 :
3218 4055 3445 4146 Fratres,
3479 4087 3523 4139 si
3552 4105 3752 4155 prame-

2169 4167 2385 4228 cupatus
2415 4161 2564 4230 fuerit
2590 4161 2739 4217 homo
2761 4166 2813 4218 in
2836 4166 3006 4235 aliqua
3028 4169 3335 4238 delicto,vos
3355 4177 3440 4235 qui
3465 4179 3754 4246 spirituales

2169 4251 2306 4316 estis,
2339 4252 2570 4306 instruite
2600 4256 2913 4326 huiusmodi,
2944 4262 3270 4318 considerans
3297 4268 3508 4338 teipsum
3537 4286 3598 4324 ne
3627 4283 3673 4325 et
3700 4284 3753 4325 tu

2169 4341 2371 4394 tcntcris
2398 4339 2539 4410 (Cal.
2571 4344 2624 4398 6.
2660 4347 2736 4408 l).
2773 4347 2896 4403 llzec
2919 4350 3095 4418 itaque
3120 4355 3373 4421 scientes,
3395 4369 3672 4426 protervos
3697 4375 3755 4416 et

2163 4443 2505 4488 comumaces
2556 4437 2903 4502 attrahamus,
2941 4451 2995 4496 et
3035 4443 3100 4497 ad
3148 4447 3353 4500 veniam
3405 4455 3753 4519 peccantibus

2163 4524 2564 4613 concedendam
2597 4531 2748 4596 proni
2779 4531 2967 4596 simus,
2993 4535 3318 4606 multamque
3363 4540 3748 4613 benignitatem

2167 4612 2517 4668 exhibeamus
2545 4632 2666 4670 cum
2710 4620 2905 4676 divinis
2930 4623 3132 4693 legibus
3165 4645 3179 4681 :
3210 4639 3267 4684 ut
3291 4641 3346 4685 et
3389 4612 3750 4701 ipsiimultarn

2168 4713 2507 4773 peccatorum
2534 4710 2742 4800 veniam
2770 4727 3183 4785 consequamur,
3203 4725 3369 4792 gratia
3408 4735 3463 4780 et
3501 4727 3752 4801 benigni-

2169 4804 2276 4851 tate
2299 4796 2509 4852 Domini
2537 4805 2702 4856 nostri
2729 4795 2855 4859 Iesu
2874 4806 3093 4878 Christi,
3117 4827 3210 4881 per
3239 4832 3396 4884 quem
3425 4827 3478 4872 et
3505 4795 3752 4893 cumquo

2169 4884 2310 4940 Patri
2339 4886 2503 4955 gloria
2529 4929 2544 4948 ,
2589 4906 2692 4944 una
2717 4906 2844 4948 cum
2875 4895 3074 4965 Spiritu
3114 4913 3331 4972 sancto,
3361 4919 3502 4963 nunc
3527 4919 3583 4965 et
3610 4884 3752 4966 sem-

2164 4989 2285 5044 per,
2312 4985 2366 5030 et
2393 4976 2443 5030 in
2474 4980 2668 5032 sarcula
2695 4985 3031 5043 sarculos-um.
3062 4993 3252 5047 Amen.

2231 5088 2247 5118 ¹
2283 5086 2602 5149 Stephanum.

3367 5193 3742 5210 ψ

2242 5301 2400 5401 signis
2439 5321 2528 5358 seu
2573 5308 2878 5367 milliaribus
2902 5329 2922 5367 :
2949 5315 3088 5370 dicta
3113 5328 3185 5373 est
3212 5319 3424 5401 Ito-milia
3463 5326 3517 5381 in
3555 5339 3748 5401 marty-

2238 5393 2346 5488 rio,
2370 5394 2485 5463 ipsa
2513 5411 2757 5464 praesente
2777 5420 2898 5458 cum
2925 5417 3030 5461 tota
3054 5411 3259 5466 civitate
3275 5395 3322 5468 et
3348 5393 3746 5488 magistratibus.

2239 5483 2290 5536 1.
2311 5482 2445 5550 Quid
2461 5485 2636 5543 dicam
2654 5491 2816 5562 iquid
2840 5496 3062 5566 loquar?
3081 5503 3290 5559 essulto
3315 5513 3372 5560 et
3398 5482 3628 5576 insanio,
3652 5515 3747 5569 sed

2168 5572 2369 5628 insania
2383 5593 2502 5647 quae
2520 5581 2631 5649 ipsa
2647 5585 2904 5654 sapientia
2922 5589 3111 5646 melior
3122 5601 3202 5649 est
3220 5611 3233 5647 :
3254 5597 3545 5664 tripudians
3555 5572 3751 5660 ct'cho-

2165 5679 2286 5719 reas
2313 5681 2476 5737 agens
2501 5672 2741 5729 sublimis
2762 5676 2923 5746 feror,
2943 5679 3120 5736 ebrius
3131 5683 3241 5753 jam
3266 5700 3330 5741 ex
3356 5687 3455 5745 hac
3480 5693 3747 5765 voluptate

2163 5759 2444 5827 spirituali.
2468 5763 2604 5831 Quid
2625 5767 2796 5823 dicam
2814 5771 2837 5825 ἲ
2854 5772 2976 5841 quid
3007 5773 3226 5845 loquar?
3245 5759 3619 5853 martyrumne-
3635 5789 3744 5844 vir-
