4198 6454
394 266 498 325 469

398 398 532 443 σεως
561 379 831 444 ἀσθένεια,
852 379 972 433 οὐτε
1016 381 1077 433 τὸ
1114 382 1210 451 τῆς
1247 382 1522 450 διαγωγῆς
1560 382 1916 451 ἁϐροδίαιτον,
1942 382 2064 437 οὕτε

395 476 424 526 ὁ
452 474 552 543 τῆς
583 472 936 543 περιφανείας
980 471 1145 539 τῦφος
1189 472 1376 539 γέγονε
1414 472 1726 541 κώλυματῇ
1771 472 2064 541 προθυμίᾳ.

402 558 695 627 ’Ἄρχοντες
742 557 901 609 πάλιν
952 558 1043 609 καὶ
1074 556 1226 610 αὐτοὶ⁸
1267 558 1337 610 τά
1382 557 1633 626 ὀχήματα
1679 556 2070 620 καταλιπόντες

398 645 492 696 καὶ
518 644 644 706 τούς
673 642 999 713 ῥαϐδούχους
1023 644 1115 696 καὶ
1141 644 1268 706 τοὺς
1301 642 1651 713 δορυφόρους,
1678 645 1789 705 τοῖς
1832 642 2068 707 ἰδιώταις

399 730 625 792 ἑαυτοὺς
657 730 937 798 ἀνέμιξαν.
983 728 1086 781 Καὶ
1135 730 1189 781 τί
1233 730 1313 782 δεῖ
1348 729 1528 797 λέγειν
1576 732 1859 798 γυναῖκας,
1899 729 1932 800 ἦ
1973 729 2070 801 ἄρ-

397 831 610 884 χοντας,
642 814 777 868 ὅπου
825 815 917 867 καὶ¹
965 814 1102 884 αὑτὴ
1139 816 1171 886 ἡ
1205 804 1275 868 τδ
1306 814 1541 885 διάδημα
1574 816 1930 886 περικειμένη
1973 816 2068 869 καὶ

395 901 495 970 τὴν
529 901 831 970 πορφυρίδα
875 901 1335 971 περιϐεϐλημένη,
1367 903 1517 975 παρά
1561 901 1658 972 τὴν
1700 902 1816 955 όδὸν
1849 901 2066 957 ἅπασαν

396 988 518 1041 οὑδέ
562 990 759 1060 μικρὸν
798 988 906 1041 τῶν
955 989 1221 1058 λειψάνων
1269 989 1602 1059 ἀποσχέσθαι
1630 989 1907 1060 ἠνέσχετο,
1951 990 2068 1044 ἀλλ’

396 1074 585 1144 ὥσπερ
611 1075 928 1146 θεραπαινὶς
967 1075 1365 1146 παρηκολούθει
1401 1079 1513 1139 τοῖς
1541 1077 1739 1141 ἁγίοις,
1765 1078 1863 1148 τῆς
1891 1078 2067 1149 θήκης

397 1162 676 1233 ἁπτομένη
719 1163 813 1216 καὶ
844 1164 945 1234 τῆς
971 1161 1161 1232 ὀθόνης
1202 1164 1303 1233 τῆς
1346 1164 1722 1234 ἐπικειμένης,
1755 1165 1849 1218 καὶ
1883 1166 2065 1219 πάντα

395 1254 484 1306 τὸν
507 1251 844 1324 ἀνθρώπινον
871 1252 1260 1306 καταπατοῦσα
1278 1252 1464 1321 τῦφον,
1491 1254 1582 1306 καὶ
1604 1256 1660 1307 ἐν
1686 1254 1833 1325 μέσῳ
1854 1253 2066 1325 θεάτρῳ

396 1339 634 1411 τοσούτῳ
670 1340 969 1411 φαινομένη
1007 1342 1184 1411 δήμῳ,
1208 1340 1274 1411 ἣν
1301 1341 1421 1393 οὐδὲ
1453 1341 1726 1410 εὐνούχοις
1753 1341 1924 1394 ἆπασι
1952 1343 2065 1406 τοῖς

395 1427 455 1479 ἐν
504 1428 624 1488 ταῖς
666 1425 973 1495 βασιλικαῖς
1020 1427 1405 1497 στρεφομένοις
1450 1428 1638 1491 αὐλαῖς
1694 1428 1850 1498 θέμις
1902 1429 2062 1495 ίδεϊν;

409 1512 548 1565 Ἀλλ’
574 1514 602 1564 ὁ
631 1511 740 1565 τῶν
773 1513 1066 1583 μαρτύρων
1105 1513 1262 1575 πόθος
1290 1513 1386 1566 καὶ
1413 1516 1446 1585 ή
1476 1514 1728 1584 τυραννὶς
1768 1517 1861 1567 καὶ
1894 1517 1927 1586 ή
1965 1519 2063 1587 τῆς

395 1599 613 1669 ἀγάπης
652 1599 783 1667 φλὸξ
830 1600 1044 1653 ἅπαντα
1076 1598 1247 1652 ταῦτα
1293 1601 1361 1653 τά
1412 1605 1728 1669 προσωπεῖα
1771 1602 1922 1671 ῥῖψαι
1972 1605 2064 1656 ἀν-

396 1686 604 1748 έπεισε,
637 1687 729 1738 καὶ
755 1689 932 1757 γυμνῇ
968 1690 1032 1757 τῇ
1068 1686 1347 1758 προθυμίᾳ
1375 1687 1465 1740 τὸν
1500 1688 1661 1757 ζῆλον
1693 1689 2064 1756 ἐπιδείξασθαι

396 1771 490 1824 τὸν
534 1773 663 1840 περὶ
709 1774 835 1835 τοὺς
872 1772 1055 1840 ἁγίους
1095 1773 1401 1845 μάρτυρας.
1448 1776 1558 1828 Καὶ
1594 1774 1703 1844 γάρ
1750 1776 2064 1846 ἀνεμνήσθη

393 1861 487 1914 τοῦ
523 1862 795 1932 μακαρίου
825 1860 1005 1926 Δαυῖδ,
1033 1861 1092 1924 ὃς
1138 1862 1233 1914 καὶ
1273 1862 1567 1935 ἁλουργίδα
1602 1863 2065 1933 περιϐεϐλημένος

394 1949 487 2003 καὶ
522 1950 758 2020 διάδημα
801 1951 1209 2022 περικείμενος,
1259 1952 1351 2005 καὶ
1396 1953 1466 2005 τά
1510 1954 1768 2023 σκῆπτρα
1814 1954 1909 2007 τοῦ
1952 1954 2062 2008 τῶν

406 2037 670 2109 Ἐϐραίων
700 2038 838 2108 έχων
870 2039 1066 2109 δήμου,
1088 2039 1273 2111 ἐπειδὴ
1297 2039 1394 2108 τὴν
1425 2040 1657 2093 κιϐωτὸν
1685 2042 1940 2112 ἀνέφερε,
1967 2042 2064 2113 τὴν

395 2126 597 2195 σκηνὴν
626 2124 841 2180 ἃπασαν
872 2127 1087 2197 ἐκείνην
1115 2127 1293 2195 ἀφεὶς,
1322 2127 1547 2198 ἐσκίρτα
1576 2129 1671 2181 καὶ
1711 2130 1930 2199 ἐχόρευε
1970 2132 2064 2184 καὶ

392 2213 565 2282 ἐπήδα
608 2213 819 2283 μεγάλα
854 2213 1061 2277 παίζων
1098 2231 1157 2267 τε
1185 2215 1276 2268 καὶ
1302 2214 1651 2285 ὀρχούμενος,
1681 2217 1775 2270 καὶ
1813 2217 1901 2270 διά
1948 2217 2055 2271 τῶν

393 2301 647 2370 ἀλμάτων
681 2300 781 2371 τὴν
818 2302 1009 2373 ἡδονὴν
1047 2301 1503 2372 ἐπιδεικνύμενος,
1537 2302 1604 2373 ἢν
1640 2298 1785 2371 εἶχεν
1823 2304 1913 2357 ἐπὶ
1949 2308 2062 2369 τοῖς

392 2386 753 2457 τελουμένοις.
786 2386 849 2440 El
893 2388 950 2441 δέ
984 2390 1039 2441 ὲν
1085 2390 1149 2459 τῇ
1196 2389 1325 2458 σκιᾷ
1360 2390 1456 2441 καὶ
1496 2390 1573 2459 τῷ
1610 2389 1765 2458 τύπῳ
1794 2390 2061 2462 τοσαύτην

391 2473 791 2528 ἐπιδείκνυσθαι
840 2474 1149 2545 θερμότητα
1195 2474 1322 2540 ἔδει,
1368 2474 1547 2544 πολλῷ
1600 2475 1799 2545 μᾶλλον
1841 2478 1932 2531 ἐπὶ
1963 2480 2062 2549 τῆς

391 2561 610 2631 χάριτος
632 2561 724 2613 καὶ
747 2562 845 2632 τῆς
877 2560 1159 2632 ἀληθείας·
1189 2561 1310 2614 ἐπεὶ
1338 2563 1432 2614 καὶ
1468 2561 1607 2633 αὐτη
1638 2563 1863 2616 κιϐωτὸν
1891 2564 2060 2634 ἀνῆγε

390 2644 570 2715 πολλῷ
610 2644 853 2715 βελτίονα
888 2647 1102 2717 έκείνης
1140 2653 1237 2716 τῆς
1265 2647 1359 2701 τοῦ
1398 2648 1576 2703 Δαυῖδ.
1604 2649 1679 2701 Οὐ
1714 2649 1823 2720 γάρ
1850 2650 2063 2716 πλάκας

390 2731 626 2796 λιθίνας,
680 2734 816 2787 ἀλλά
867 2735 1079 2797 πλάκας
1129 2734 1240 2805 ἔχει
1297 2737 1702 2805 πνευματικὰς,
1757 2738 1849 2792 καὶ
1900 2740 2061 2811 χάριν

391 2817 750 2883 ἐπανθοῦσαν,
775 2820 868 2874 καὶ
886 2821 1093 2892 δωρεὰν
1122 2822 1572 2887 ἀποστίλϐουσαν,
1593 2825 1688 2876 καὶ
1714 2827 1847 2878 ὀστᾶ
1870 2829 2062 2891 αὑταῖς

391 2905 800 2976 ἀντιλάμποντα
862 2910 982 2970 ταῖς
1034 2909 1253 2961 ἀκτῖσι·
1303 2908 1503 2979 μᾶλλον
1558 2911 1614 2962 δὲ
1675 2911 2061 2985 λαμπροτέραν

391 2991 642 3059 ἀφίενται
692 2994 999 3065 ἀστραπήν.
1038 2996 1255 3049 Ἀκτῖνα
1291 2998 1388 3066 μὲν
1419 2997 1526 3068 γὰρ
1569 2999 1860 3067 βλέποντες
1902 3003 2057 3073 ἡλια-

392 3077 515 3149 κὴν,
559 3079 711 3132 οὐδὲν
742 3082 1010 3150 πάσχουσι
1052 3082 1335 3151 δαίμονες·
1365 3083 1462 3154 τήν
1498 3085 1553 3136 δὲ
1588 3086 1836 3141 ἐντεῦθεν
1885 3089 2060 3160 ἐκπη-

389 3166 568 3219 δώσαν
590 3167 900 3237 λαμπηδόνα
937 3168 1011 3239 μὴ
1038 3169 1314 3239 φέροντες,
1344 3171 1777 3239 ἀποτυφλοῦνται
1808 3176 1903 3228 καὶ
1932 3177 2061 3248 δρα-

393 3258 680 3309 πετεύουσι
722 3259 816 3309 καὶ
864 3259 929 3311 ἐκ
968 3257 1164 3311 πολλοῦ
1217 3260 1478 3328 φεύγουσι
1511 3260 1606 3312 τοῦ
1653 3261 2056 3332 διαστήματος·

388 3340 625 3411 τοσαύτη
654 3343 867 3411 καὶτῆς
905 3345 1108 3414 τέφρας
1145 3344 1252 3398 τῶν
1286 3345 1455 3413 ἁγίων
1488 3347 1521 3415 ἡ
1556 3346 1805 3416 δύναμις,
1844 3350 1944 3401 οὐκ
1977 3350 2060 3402 ἐν·

389 3429 477 3481 δον
510 3429 860 3500 ἐγκαθημένη
903 3432 1061 3499 μόνον
1098 3432 1156 3483 ἐν
1184 3435 1297 3495 τοῖς
1334 3432 1627 3501 λειψάνοις,
1668 3435 1801 3488 ἀλλά
1835 3439 1927 3489 καὶ
1963 3455 2061 3489 πε-

392 3517 631 3586 ραιτέρω
663 3517 925 3587 προϊοῦσα
956 3520 1047 3570 καὶ¹
1068 3519 1166 3581 τὰς
1184 3519 1527 3589 ἀκαθάρτους
1559 3522 1939 3577 ἀπελαύνουσα
1972 3525 2060 3577 δυο

390 3603 601 3671 νάμεις,
631 3605 722 3656 καὶ
747 3604 873 3668 τοὺς
910 3606 1048 3675 μετὰ
1072 3607 1306 3670 πίστεως
1335 3608 1655 3679 προσιόντας
1687 3610 1823 3679 μετά
1862 3612 2061 3684 πολλῆς

386 3690 689 3757 ἀγιάζουσα
740 3692 838 3761 τῆς
879 3693 1220 3763 περιουσίας.
1248 3694 1351 3746 Διά
1378 3711 1461 3747 τοι
1507 3695 1664 3748 τοῦτο
1711 3698 1806 3749 καὶ
1846 3699 1878 3769 ή
1913 3698 2061 3768 φιλό-

388 3793 609 3847 χριστος
646 3777 784 3849 αὑτη
836 3781 1137 3851 παρείπετο
1182 3783 1295 3843 τοῖς
1342 3780 1641 3850 λειψάνοις,
1691 3786 1928 3854 συνεχῶς
1961 3788 2059 3855 ἐφ-

386 3866 691 3937 απτομένη,
719 3867 811 3920 καὶ
834 3867 932 3937 τὴν
956 3868 1205 3935 εὐλογίαν
1228 3870 1610 3941 ἐπισπωμένη,
1632 3872 1727 3925 καὶ
1750 3875 1861 3935 τοῖς
1881 3874 2062 3939 ἄλλοις

388 3954 521 4005 πᾶσι
551 3952 863 4018 διδάσκαλος
909 3956 1167 4026 γινομένη
1195 3956 1295 4025 τῆς
1330 3958 1502 4027 καλῆς
1548 3958 1749 4030 ταύτης
1777 3962 1869 4015 καὶ
1901 3978 2060 4015 πνευ-

390 4042 626 4109 ματικῆς
668 4045 968 4113 ἐμπορίας,
1022 4044 1118 4096 καὶ
1154 4044 1481 4097 διδάσκουσα
1531 4046 1740 4109 πάντας
1792 4049 2058 4121 ἀρύεσθαι

387 4128 496 4179 ἀπὸ
531 4132 630 4197 τῆς
668 4130 853 4200 πηγῆς
883 4130 1086 4202 ταύτης
1122 4132 1221 4202 τῆς
1254 4133 1339 4185 ἀεὶ
1373 4133 1472 4203 μὲν
1500 4135 1883 4206 ἀντλουμένης,
1914 4138 2062 4192 οὐδέ-

386 4230 518 4267 ποτε
551 4215 606 4268 δὲ
638 4218 986 4289 κενουμένης.
1024 4218 1288 4291 Καθάπερ
1317 4220 1425 4292 γὰρ
1452 4222 1521 4275 τά
1554 4224 1773 4294 νάματα
1808 4225 1914 4279 τῶν
1952 4243 2061 4297 πη-

386 4302 500 4369 γῶν
541 4303 795 4374 βρύοντα,
824 4305 925 4357 οὐκ
962 4307 1093 4358 είσω
1119 4305 1226 4358 τῶν
1253 4308 1470 4362 οίκείων
1499 4309 1714 4363 κόλπων
1746 4312 2056 4381 κατέχεται,

386 4391 501 4443 ἀλλ’
531 4390 857 4462 ὑπερϐλύζει
907 4392 1002 4445 καὶ
1042 4395 1391 4466 ὑπερχεῖται·
1438 4397 1581 4451 οὑτω
1627 4398 1691 4469 δὴ
1742 4402 1837 4453 καὶ
1881 4402 1913 4470 ἡ
1963 4401 2058 4454 τοῦ

391 4478 707 4548 Πνεὺματος
761 4478 922 4550 χάρις
979 4481 1014 4551 ἡ
1063 4483 1174 4544 τοῖς
1216 4481 1423 4547 ὀστέοις
1476 4485 1918 4558 παρακαθημένη
1967 4490 2060 4543 καὶ

386 4568 502 4629 τοῖς
546 4566 721 4634 ἁγίοις
768 4566 1115 4634 συνοικοῦσα,
1158 4569 1252 4624 καὶ
1284 4571 1365 4634 είς
1411 4570 1630 4643 ἐτέρους
1679 4573 1894 4642 πρόεισι
1934 4575 2058 4639 τοὺς

388 4653 525 4721 μετά
571 4653 804 4717 πίστεως
856 4655 1227 4725 ἐφεπομένους
1267 4657 1438 4728 αὐτῇ,
1485 4659 1580 4711 καὶ
1611 4658 1718 4710 ἀπὸ
1761 4658 1936 4731 ψυχῆς
1979 4663 2059 4725 είς

391 4739 543 4812 15521
578 4739 824 4811 σώματα,
868 4743 962 4795 καὶ
1003 4743 1110 4796 ἀπὸ
1147 4745 1412 4814 σωμάτων
1458 4746 1538 4806 είς
1571 4746 1780 4815 ίμάτια,
1815 4749 1911 4801 καὶ
1950 4749 2059 4803 ἀπὸ

391 4828 621 4898 ἱματίων
646 4829 727 4890 είς
759 4829 1096 4901 ὑποδήματα,
1131 4832 1226 4885 καὶ
1251 4829 1359 4883 ἀπὸ
1402 4831 1765 4901 ὑποδημάτων
1792 4837 1870 4898 είς
1902 4836 2060 4899 σκιάς

389 4918 654 4988 ἐκτρέχει.
698 4918 800 4971 Διά
837 4937 918 4971 τοι
959 4919 1117 4972 τοῦτο
1159 4920 1218 4975 οὑ
1250 4920 1319 4971 τά
1362 4919 1588 4990 σώματα
1638 4923 1855 4992 ἐνήργει
1901 4925 2059 4994 μόνον

384 5004 497 5059 τῶν
531 5007 702 5075 ἀγίων
735 5008 1067 5069 ἀποστόλων,
1107 5007 1245 5061 ἀλλά
1291 5008 1387 5061 καὶ
1429 5008 1497 5061 τά
1549 5010 1805 5081 σουδάρια
1852 5011 1946 5064 καὶ
1988 5012 2056 5066 τά

386 5092 706 5162 σιμικίνθια·
737 5096 829 5147 καὶ
851 5095 912 5147 οὐ
939 5095 1009 5149 τά
1039 5095 1296 5166 σουδάρια
1326 5095 1484 5165 μόνον
1514 5097 1608 5149 καὶ
1632 5101 1700 5150 τά
1727 5098 2054 5168 σιμικίνθια,

381 5180 519 5232 ἀλλὰ
545 5181 639 5233 καί
675 5183 731 5234 αἱ
772 5182 921 5236 σκιαὶ
950 5181 1042 5235 τοῦ
1078 5183 1284 5252 Πέτρου
1320 5180 1427 5235 τῶν
1461 5181 1677 5247 ζώντων
1714 5184 2057 5257 δυνατώτερα

383 5266 720 5335 εἰργάζοντο.
749 5270 888 5339 Ἤδη
922 5287 1022 5323 που
1054 5270 1147 5323 καὶ
1194 5268 1417 5340 μηλωτὴ
1457 5272 1842 5342 κατενεχθεῖσα
1874 5275 1967 5326 ἐπὶ
1997 5274 2057 5327 τὸ

383 5351 545 5422 σῶμα
569 5353 663 5406 τοῦ
690 5355 995 5409 Ἐλισσαίου
1024 5356 1243 5411 διπλοῦν
1266 5356 1415 5428 αὑτῷ
1440 5359 1686 5429 χάρισμα
1713 5361 2052 5431 κατήγαγεν·

382 5438 442 5489 οὐ
480 5440 586 5510 γάρ
619 5440 679 5492 τὸ
713 5440 872 5511 σῶμα
907 5442 1210 5499 Ἐλισσαίου
1245 5444 1424 5515 μόνον,
1454 5445 1722 5506 ἀλλὰκαὶ
1750 5448 1810 5500 τὸ
1843 5447 2055 5517 ἱμάτιον

386 5527 562 5576 ἐκεῖνο
604 5526 703 5595 τῆς
737 5530 957 5598 χάριτος
989 5526 1055 5599 ἧν
1108 5532 1582 5603 ἐμπεπλησμένον.
1631 5534 1729 5586 Διά
1775 5552 1854 5588 τοι
1900 5535 2055 5587 τοῦτο

383 5612 479 5662 κα¹ι
510 5612 603 5664 ἐπὶ
631 5611 737 5663 τῶν
777 5615 942 5684 τριῶν
976 5617 1177 5670 παίδων
1197 5634 1211 5647 ·
1241 5618 1300 5671 οὑ
1334 5619 1442 5689 γάρ
1462 5632 1486 5659 ι
1514 5619 1581 5673 τά
1610 5620 1839 5691 σώματα
1874 5620 2052 5675 αὐτῶν

488 5760 641 5807 Locus
663 5761 993 5819 perturbatus.
1023 5763 1145 5811 Infra
1171 5770 1279 5823 po<l
1309 5767 1677 5823 τελευτήσαντος
1699 5769 1868 5818 lacuna
1891 5773 2048 5820 mani-

380 5816 504 5893 ξθδιδ
528 5828 621 5893 es}.
645 5816 789 5893 quam
814 5823 1104 5893 ςιριρχςτὶξ
1124 5816 1384 5893 sgfriffe‘udu
1403 5840 1422 5893 _:
1443 5816 1551 5893 οὐδὲ
1569 5816 2053 5893 τελέυτῆσανᾴτδςνάφ-

382 5883 548 5930 laturo
573 5886 601 5940 ἡ
623 5883 758 5946 χάρις
781 5883 1029 5947 αὐτήάλλ’
1053 5885 1193 5943 αὐτὸς
1214 5885 1373 5935 ἐλύετο
1394 5890 1418 5935 ὁ
1439 5890 1648 5944 θάνατος.

1175 272 1232 329 S.
1276 271 1560 327 JOANNIS
1590 272 2079 330 CIIRYSOSTUNI
2119 274 2439 332 ARCIHEP.
2476 275 3025 334 CONSTANTINOP.

3738 274 3840 330 670

2174 384 2370 454 ᾐδέσθη
2419 386 2579 455 μόνον
2610 386 2710 455 τῆς
2754 385 2949 454 φλογὸς
2993 387 3026 454 ἡ
3063 382 3245 453 φύσις,
3289 382 3422 436 ἀλλά
3462 384 3555 437 καὶ
3589 387 3727 440 αὑτά
3774 388 3857 442 τὰ

2176 474 2496 543 ὑποδήματα
2527 490 2542 504 ·
2576 474 2669 526 καὶ
2718 472 2810 524 ἐπὶ
2841 470 2935 524 τοῦ
2970 470 3269 524 Ἐλισσαίου
3316 469 3437 523 οὐδὲ
3487 471 3850 543 τελευτήσανο

2171 575 2283 622 τος,
2315 559 2486 622 οὑτως
2533 558 2717 611 ἐλύετο
2768 558 3035 620 θάνατος.
3079 559 3159 621 εἰς
3204 556 3375 625 τάφον
3414 553 3510 609 τοῦ
3559 559 3844 629 προφήτου

2173 646 2420 716 ῥιφέντος
2452 646 2637 716 ἐτέρου
2672 645 2886 717 νεκροῦ.
2917 644 3073 699 Οὕτω
3107 644 3171 716 δὴ
3208 645 3304 697 καὶ
3346 645 3586 716 σήμερον
3613 645 3839 713 γέγονε·

2171 730 2279 783 τῶν
2317 731 2424 802 γὰρ
2471 731 2738 801 λειψάνων
2786 730 3123 801 φερομένων,
3171 730 3494 801 ἐμπρησμοὶ
3546 730 3841 801 δαιμόνων,

2172 816 2425 884 ὀλολυγαὶ
2462 820 2555 871 καὶ
2596 818 2831 871 κωκυτοὶ
2868 818 3203 888 πανταχόθεν
3244 817 3461 888 ᾔροντο,
3495 818 3596 888 τῆς
3625 818 3845 883 ἀκτῖνος

2173 904 2281 957 τῶν
2307 905 2480 959 ὀστῶν
2514 905 2857 976 ὲκπηδώσης,
2896 904 2988 957 καὶ
3023 904 3120 975 τήν
3153 904 3411 973 φάλαγγα
3450 902 3561 958 τῶν
3601 904 3844 959 ἀντικει-

2175 990 2353 1061 μένων
2380 992 2781 1060 κατακαιούσ-ης
2810 992 3112 1063 δυνάμεων.

2241 1077 2307 1148 β’.
2345 1079 2442 1131 Διά
2470 1077 2641 1131 ταῦτα
2660 1079 2862 1151 σκιρτῶ
2897 1081 2990 1133 καὶ
3007 1079 3239 1149 πέτομαι
3268 1077 3373 1132 ὑπὸ
3394 1078 3494 1149 τῆς
3513 1079 3730 1150 ἡδονῆς,
3757 1079 3843 1134 ὅτι

2168 1161 2267 1234 τήν
2305 1164 2508 1235 ἔρημον
2552 1165 2706 1219 πόλιν
2756 1166 3073 1236 ἐποιήσατε,
3117 1166 3216 1235 τὴν
3254 1164 3407 1218 πόλιν
3457 1165 3834 1229 κενώσαντες·

2168 1251 2249 1304 ὅτι
2281 1251 2371 1303 τὸν
2405 1251 2630 1305 πλοῦτον
2661 1253 2791 1322 ἡμῖν
2820 1252 2916 1323 τῆς
2959 1250 3283 1321 Ἐκκλησίας
3315 1250 3629 1315 ὑπεδείξατε
3669 1252 3843 1320 σήμε-

2170 1354 2281 1409 ρον.
2324 1338 2455 1391 Ἰδοὺ
2505 1339 2648 1392 πόσα
2697 1338 2977 1410 πρόϐατα,
3023 1338 3119 1391 καὶ
3161 1337 3397 1409 οὐδαμοῦ
3440 1336 3635 1401 λύκος·
3674 1337 3841 1390 πόσαι

2170 1427 2429 1495 ἄμπελοι,
2463 1426 2555 1479 καὶ
2599 1426 2836 1496 οὐδαμοῦ
2866 1425 3110 1479 ἄκανθα·
3146 1425 3302 1478 πόσοι
3344 1425 3593 1494 στάχυες,
3627 1425 3721 1478 καὶ
3746 1425 3841 1477 οὑ-

2168 1511 2341 1582 δαμοῦ
2398 1512 2630 1577 ζιζάνια.
2675 1512 2927 1567 Θάλαττα
2969 1512 3079 1567 ἀπὺ
3123 1511 3223 1581 τῆς
3271 1510 3477 1574 πόλεως
3527 1511 3692 1582 μέχρι
3741 1511 3837 1562 τοῦ

2168 1598 2433 1670 παρόντος
2463 1599 2690 1670 ἐξετάθη
2731 1600 2952 1670 χωρίου,
2998 1598 3238 1654 θάλαττα
3282 1599 3543 1670 κυμάτων
3591 1598 3838 1668 ἀπηλλα-

2166 1687 2367 1757 γμένη,
2408 1686 2664 1756 ναυάγιον
2690 1688 2788 1739 οὐκ
2826 1686 3045 1757 ἔχουσα,
3077 1685 3357 1740 σκοπέλων
3383 1684 3834 1755 ἠλευθερωμένη·

2167 1773 2406 1829 θάλαττα
2436 1775 2650 1845 μέλιτος
2684 1775 2881 1839 παντὸς
2922 1775 3253 1844 γλυκυτέρα,
3285 1772 3391 1826 τῶν
3423 1772 3669 1843 ποτίμων
3715 1771 3840 1825 ὑδά-

2164 1878 2272 1914 των
2316 1862 2680 1935 ποτιμωτέρα.
2724 1863 2839 1916 Οὑκ
2885 1861 2951 1916 ἁν
2999 1879 3085 1925 τις
3128 1860 3364 1931 ἁμάρτοι
3411 1859 3509 1931 τήν
3563 1858 3836 1913 θάλατταν

2164 1948 2368 2018 ταύτην
2395 1949 2490 2002 καὶ
2527 1947 2769 2019 ποταμὸν
2806 1949 2977 2020 πυρδς
3018 1946 3330 2019 προσειπών
3351 1965 3364 1978 ·
3398 1946 3570 2010 οὕτως
3604 1948 3658 1999 αἱ
3695 1944 3840 2015 λαμ-

2166 2034 2332 2097 πάδες
2358 2037 2413 2088 αί
2442 2035 2529 2089 διὰ
2556 2035 2654 2104 τῆς
2700 2034 2893 2099 νυκτὸς
2926 2036 2984 2088 αἱ
3014 2033 3216 2087 πυκναὶ
3253 2034 3350 2087 καὶ
3386 2035 3628 2103 συνεχεῖς
3674 2030 3841 2103 μέχρι

2163 2122 2258 2175 τοῦ
2310 2123 2609 2195 μαρτυρίου
2655 2122 2845 2175 τούτου
2876 2121 3168 2185 διαπαντὸς
3226 2120 3559 2185 ὲκταθεῖσαι,
3609 2118 3836 2189 πυρίνου

2165 2211 2408 2281 ποταμοῦ
2440 2211 2738 2279 φαντασίαν
2769 2212 3028 2282 παρεῖχον
3059 2210 3171 2273 τοῖς
3193 2208 3379 2279 ὁρῶσι.
3406 2207 3517 2261 Καὶ
3542 2206 3713 2259 ταῦτα
3739 2204 3839 2274 μὲν

2164 2298 2223 2350 ὲν
2248 2300 2313 2368 τῇ
2343 2298 2492 2351 νυκτί
2512 2315 2525 2329 ·
2560 2298 2661 2367 τῆς
2695 2298 2753 2351 δέ
2785 2298 2996 2368 ἡμέρας
3039 2296 3303 2367 φανείσης
3342 2295 3527 2367 ἓτεραι
3556 2292 3838 2363 λαμπάδες

2164 2385 2329 2439 πάλιν
2340 2386 2640 2455 ἐφαίνοντο·
2669 2385 2884 2449 ἐκείνας
2903 2384 3002 2457 μὲν
3020 2386 3127 2457 γὰρ
3141 2385 3170 2437 ὁ
3187 2384 3336 2455 ἠλιος
3351 2383 3584 2453 ἀνίσχων
3596 2381 3837 2453 ἔκρυπτε

2164 2474 2257 2527 καὶ
2294 2473 2671 2544 ἀμαυροτέρας
2703 2472 2889 2538 ἐτίθει,
2933 2472 3033 2536 τὰς
3060 2472 3117 2525 δὲ
3150 2473 3208 2525 ὲν
3250 2472 3318 2542 τῇ
3360 2470 3591 2524 ἑκάστου
3629 2467 3841 2539 διανοίᾳ

2164 2561 2521 2633 φαιδροτέρας
2551 2561 2759 2614 ἐδείκνυ
2780 2577 2794 2591 ·
2825 2558 2922 2613 τοῦ
2956 2559 3063 2631 γάρ
3109 2558 3281 2627 πυρδς
3328 2557 3537 2611 ἐκείνου
3581 2555 3677 2609 τοῦ
3708 2571 3834 2624 φαι-

2162 2645 2388 2717 νομένου
2417 2646 2744 2717 θερμότερον
2768 2645 2830 2698 τὸ
2860 2646 2959 2717 τῆς
2988 2643 3294 2717 προθυμίας
3317 2644 3415 2713 τῆς
3440 2641 3708 2713 ὑμετέρας
3734 2637 3802 2713 ἦν
3819 2658 3832 2672 ·

2163 2733 2258 2787 καὶ
2298 2733 2527 2797 ἕκαστος
2564 2731 2757 2802 διπλῆν
2787 2731 2949 2802 ἔφερε
2981 2730 3263 2803 λαμπάδα,
3301 2729 3398 2801 τὴν
3437 2728 3532 2782 τοῦ
3567 2728 3737 2799 πνρδς
3776 2730 3837 2782 ἐν

2160 2824 2227 2892 τῇ
2260 2823 2435 2889 νυκτὶ,
2462 2820 2561 2892 τήν
2591 2820 2691 2891 τῆς
2730 2819 3034 2890 προθυμίας
3071 2819 3164 2874 καὶ
3195 2819 3252 2871 ὲν
3279 2820 3345 2888 τῇ
3374 2816 3530 2872 νυκτὶ
3560 2815 3656 2870 καὶ
3683 2816 3740 2870 ἐν
3767 2818 3834 2887 τῇ

2162 2906 2371 2978 ἡμέρᾳ·
2423 2906 2622 2977 μᾶλλον
2670 2907 2727 2961 δὲ
2772 2905 2892 2959 οὐδὲ
2944 2904 3116 2958 νύκτα
3151 2904 3334 2957 λοιπὸν
3385 2902 3599 2972 ἐκείνην
3648 2901 3832 2955 καλῶ·

2164 2995 2301 3066 πρὸς
2332 2993 2441 3065 γάρ
2476 2994 2576 3062 τὴν
2607 2994 2822 3065 ἡμέραν
2850 2992 3134 3063 ἡμιλλᾶτο,
3174 2992 3300 3054 τοὺς
3335 2990 3486 3053 υίοὺς
3527 2989 3621 3042 τοῦ
3659 2990 3835 3058 φωτὸς

2164 3080 2309 3151 ὑμᾶς
2348 3079 2719 3150 περιφέρουσα
2744 3121 2758 3145 ,
2791 3079 2887 3131 καὶ
2920 3078 3134 3148 μυρίων
3159 3076 3404 3147 ἀστέρων
3444 3076 3539 3129 καὶ
3558 3076 3836 3147 ἑωσφόρον

2161 3166 2568 3238 λαμπροτέρους
2589 3168 2984 3234 ἀποφαίνουσα.
3013 3164 3223 3235 ’Ὥσπερ
3245 3162 3353 3233 γὰρ
3381 3162 3475 3216 καὶ
3503 3161 3598 3232 τὴν
3626 3161 3837 3232 ἡμέραν

2161 3254 2329 3306 νύκτα
2362 3254 2605 3306 ποιοῦσιν
2632 3255 2680 3306 οἱ
2727 3252 3038 3324 μεθύοντες,
3067 3251 3209 3304 οὑτω
3240 3252 3334 3303 καὶ
3361 3250 3459 3315 τὴν
3490 3249 3659 3304 νύκτα
3696 3251 3837 3320 ἡμέ-

2165 3357 2262 3411 ραν
2293 3340 2614 3410 ὲργάζονται
2650 3340 2700 3392 οἱ
2729 3339 3156 3409 παννυχεύοντες
3192 3338 3287 3392 καὶ
3324 3337 3705 3409 ἐγρηγορότες.
3736 3337 3838 3390 Διά

2160 3426 2224 3496 δὴ
2257 3426 2414 3479 τοῦτο
2445 3426 2532 3479 διὰ
2567 3427 2745 3497 πάσης
2775 3427 2967 3488 νυκτὸς
3004 3426 3181 3478 ἐκεῖνο
3206 3424 3268 3477 τὸ
3297 3423 3634 3493 προφητικὸν
3672 3417 3799 3496 ᾖδον
3819 3438 3832 3452 ·

2160 3514 2289 3577 Νὺξ
2334 3513 2638 3581 φωτισμὸς
2668 3513 2737 3565 ἐν
2777 3511 2852 3579 τῇ
2896 3511 3092 3581 τρυφῇ
3128 3527 3274 3582 μου·
3320 3513 3420 3567 καὶ
3478 3512 3561 3565 ὅτι
3611 3512 3833 3573 σκότος

2160 3602 2232 3653 οὺ
2286 3597 2748 3664 σκοτισθήσεται
2802 3599 2919 3653 ἀπὸ
2971 3598 3123 3652 σοῦ·
3170 3599 3268 3651 καί
3327 3597 3442 3663 νὺξ
3498 3598 3580 3663 ὡς
3643 3597 3836 3665 ἡμέρα

2160 3686 2629 3755 φωτισθήσεται·
2658 3686 2736 3751 ὠς
2785 3685 2850 3738 τὸ
2898 3688 3120 3752 σκότος
3164 3683 3376 3753 αὐτῆς,
3420 3684 3572 3739 οὕτω
3613 3684 3711 3737 καὶ
3766 3684 3831 3736 τὸ

2161 3773 2289 3842 φῶς
2331 3772 2537 3839 αὐτῆς.
2574 3774 2739 3836 Ποίας
2773 3773 2881 3843 γάρ
2913 3774 3124 3845 ἡμέρας
3161 3775 3223 3826 οὑ
3270 3774 3459 3841 γέγονε
3506 3771 3838 3842 φαιδροτέρα

2162 3863 2195 3931 ἡ
2232 3862 2326 3924 νὺξ
2374 3861 2534 3931 αὐτη,
2571 3862 2627 3912 ἐν
2674 3860 2912 3933 τοσαύτῃ
2959 3862 3132 3930 χαρᾶς
3173 3859 3445 3930 ὑπερϐολῇ
3489 3856 3836 3927 σκιρτῶντων

2160 3950 2435 4012 ἁπάντων,
2488 3949 2658 4019 χαράν
2710 3948 2938 4018 ἐχόντων
2974 3949 3370 4018 πνευματικὴν,
3424 3946 3691 4000 τοσούτων
3736 3946 3833 3996 ἐκ-

2161 4036 2430 4106 χυθέντων
2457 4037 2664 4105 δήμων,
2692 4038 2786 4088 καὶ
2809 4036 2909 4106 τὴν
2941 4035 3061 4088 ὁδὸν
3100 4036 3192 4088 καὶ
3237 4034 3336 4105 τὴν
3374 4034 3582 4105 ἀγοράν
3619 4031 3839 4085 ἐπικλυ-

2164 4125 2409 4186 σάντων;
2440 4122 2575 4175 Οὑδέ
2612 4122 2721 4193 γάρ
2746 4117 2813 4192 ἦν
2844 4122 3036 4189 ἔδαφος
3071 4122 3278 4191 γυμνὸν
3315 4121 3461 4183 ἰδεῖν,
3492 4119 3624 4172 ἀλλά
3652 4120 3836 4173 πᾶσαν

2160 4211 2260 4280 τὴν
2288 4210 2407 4263 ὁδὸν
2434 4208 2679 4281 σώμασιν
2709 4209 3064 4280 ἀνθρωπίνοις
3097 4207 3454 4277 καλύψαντες,
3486 4205 3835 4278 μίανοσειράν

2160 4312 2279 4348 τινα
2321 4296 2529 4370 χρυσῆν
2579 4296 2674 4348 καὶ
2728 4297 2951 4364 συνεχῆ,
2993 4293 3086 4347 καὶ
3121 4293 3365 4363 ποταμὸν
3407 4293 3502 4345 ἕνα
3542 4288 3720 4360 πολλῷ
3754 4289 3835 4359 τῷ

2163 4383 2327 4453 ῥοθίῳ
2383 4382 2678 4453 φερόμενον
2711 4382 2796 4433 διά
2834 4383 3013 4449 πάσης
3053 4380 3291 4444 ἐδείξατε
3341 4379 3442 4449 τῆς
3489 4378 3830 4447 ὁδοιπορίας·

2162 4470 2256 4523 καὶ
2300 4469 2413 4523 ἀνω
2467 4470 2564 4539 μὲν
2612 4470 2694 4533 είς
2734 4469 2825 4521 τὸν
2873 4468 3099 4537 οὐρανὸν
3132 4466 3523 4529 ἀναϐλέποντες
3568 4465 3834 4537 ἑωρῶμεν

2165 4556 2314 4629 [555]
2338 4557 2566 4628 σελήνην
2591 4558 2685 4611 καὶ
2709 4558 2942 4627 ἀστέρας
2966 4558 3023 4609 ὲν
3048 4558 3219 4626 μέσῳ,
3247 4556 3397 4609 κάτω
3418 4555 3475 4609 δέ
3496 4555 3605 4607 τῶν
3626 4554 3835 4607 πιστῶν

2160 4643 2220 4695 τὸ
2248 4644 2469 4713 πλῆθος,
2513 4645 2607 4697 καὶ
2649 4644 2749 4712 τῆς
2792 4643 3020 4715 σελήνης
3058 4642 3434 4711 λαμπρότερον
3477 4643 3534 4694 ἐν
3563 4640 3639 4710 τῷ
3681 4640 3835 4719 μέσῳ

2160 4729 2258 4802 τὴν
2310 4730 2553 4801 βασιλίδα
2614 4730 2941 4801 φερομένην.
2983 4730 3195 4800 ’Ὠσπερ
3254 4731 3363 4800 γάρ
3407 4730 3456 4782 οἱ
3510 4730 3735 4799 ἀστέρες
3781 4728 3832 4780 ot

2161 4819 2311 4872 κάτω
2354 4818 2609 4888 ἀμείνους
2650 4817 2758 4869 τῶν
2801 4816 2942 4870 ἀνω·
2970 4815 3115 4869 οὑτω
3147 4818 3237 4868 καὶ
3278 4815 3416 4887 αὕτη
3448 4815 3580 4868 πολῦ
3612 4814 3833 4883 φαιδρο-

2158 4904 2294 4976 τέρα
2339 4907 2573 4973 ἐκείνης.
2607 4905 2674 4957 Τί
2706 4904 2844 4973 γάρ;
2884 4903 3136 4957 τοσοῦτον
3184 4902 3400 4973 σελήνη,
3442 4903 3565 4955 ὅσον
3595 4901 3739 4972 ψυχὴ
3774 4903 3833 4953 ὲν

2159 4991 2425 5062 ἀξιώματι
2462 4990 2707 5061 τοσούτῳ
2730 4989 2962 5060 τοσαύτῃ
2990 4988 3477 5059 κατακοσμουμένη
3508 4987 3721 5051 πίστεις
3767 4987 3831 5038 Τί

2159 5080 2224 5132 ἀν
2258 5096 2343 5142 τις
2375 5080 2544 5149 αὐτῆς
2575 5080 2841 5146 ἀγάσαιτο
2883 5079 3167 5148 πρότερον,
3213 5078 3304 5130 τὸν
3331 5075 3493 5146 ζῆλον
3519 5076 3614 5127 τὸν
3658 5075 3829 5145 πυρὸς

2161 5165 2507 5237 θερμότερον,
2539 5165 2636 5236 τὴν
2662 5165 2840 5218 πίστιν
2864 5165 2959 5235 τὴν
2987 5167 3292 5235 ἀδάμαντος
3321 5161 3701 5235 στερροτέραν,
3732 5162 3830 5229 τὴν

2161 5256 2449 5325 συντριϐὴν
2476 5253 2574 5323 τῆς
2607 5254 2843 5317 διανοίας
2870 5255 2962 5307 καὶ
2986 5256 3085 5325 τήν
3110 5250 3629 5322 ταπεινοφροσύνην,
3663 5251 3730 5302 δι’
3760 5246 3830 5321 ἧς

2160 5343 2368 5404 πάντας
2413 5340 2729 5410 ἀπέκρυψε,
2785 5341 3057 5412 βασιλείαν
3105 5343 3200 5411 μὲν
3251 5342 3344 5393 καὶ
3381 5339 3686 5410 διαδήματα
3735 5338 3829 5389 καὶ

2155 5430 2247 5482 τὸν
2298 5428 2547 5481 ἐντεῦθεν
2577 5427 2790 5481 ἅπαντα
2836 5429 3003 5498 τῦφον
3051 5430 3190 5499 μετά
3240 5426 3441 5497 πολλῆς
3484 5427 3689 5498 ῥίψασα
3730 5425 3831 5495 τῆς

2157 5516 2502 5586 περιουσίας,
2550 5516 2882 5587 ἐνδυσαμένη
2931 5516 2989 5569 δὲ
3039 5516 3136 5587 τὴν
3185 5516 3284 5585 τῆς
3328 5511 3831 5584 ταπεινοφροσύνης

2160 5603 2351 5672 στολὴν
2385 5604 2507 5655 ἀντὶ
2549 5604 2647 5672 τῆς
2680 5603 3022 5675 πορφυρίδος.
3054 5603 3149 5656 καὶ
3188 5602 3278 5656 διὰ
3319 5601 3524 5670 ταύτης
3565 5598 3829 5669 λάμψασα

2163 5690 2457 5761 μειζόνως;
2490 5690 2765 5753 Βασιλίδες
2794 5690 2892 5763 μέν
2925 5690 3029 5761 γάρ
3049 5690 3240 5743 πολλαὶ
3277 5690 3535 5750 πολλάκις
3563 5687 3827 5755 ἐγένοντο,

2162 5778 2217 5829 αἶ
2248 5779 2345 5846 τῆς
2379 5779 2569 5848 στολῆς
2601 5779 2769 5847 αὐτῆς
2816 5779 2909 5855 καὶ
2949 5778 3056 5830 τῶν
3083 5778 3426 5847 διαδημάτων
3466 5773 3831 5841 ἐκοινώνησαν

2166 5865 2341 5936 μόνον,
2390 5867 2481 5919 καὶ
2519 5866 2612 5936 τῆς
2651 5865 2803 5934 δόξης
2838 5866 2936 5936 τῆς
2973 5864 3288 5937 βασιλικῆς·
3321 5863 3524 5935 ταύτης
3563 5861 3617 5914 δὲ
3660 5861 3826 5932 μόνης
