4198 6450
467 249 572 302 ιϐ9

466 354 678 412 tatem?
706 369 774 408 an
827 349 1059 408 civitatis
1089 346 1464 404 alacritatem?
1488 359 1555 400 an
1586 340 1943 413 lmperatricis
1969 355 2063 395 ze-

464 449 610 506 lum?
637 464 704 502 an
728 445 1032 520 principum
1054 438 1417 501 concursum?
1440 453 1508 493 au
1531 434 1732 491 diaboli
1755 429 2068 488 infamiam?

461 560 530 598 an
558 545 868 599 daemonum
898 536 1148 593 cladem?
1179 532 1442 590 Ecclesiae
1467 528 1808 585 nobilitatem
1827 566 1843 592 ,
1886 523 2065 579 crucis

463 640 720 694 virtutem
739 674 752 698 ,
782 627 1036 688 Cruciﬁxi
1085 624 1365 687 miracula,
1395 620 1569 677 Patris
1594 618 1820 691 gloriam
1840 658 1857 683 ,
1888 614 2065 695 Spiri-

464 744 549 788 tus
574 729 827 801 gratiam,
850 721 1033 794 populi
1064 719 1227 775 totius
1251 718 1604 787 voluptatem,
1630 712 1866 769 civitatis
1885 709 2069 767 exsul-

465 827 701 881 tatioues
723 863 739 888 ,
774 816 1162 875 monachorum
1207 822 1405 876 cintus,
1426 810 1695 879 virginum
1721 806 1919 862 choros
1939 846 1954 869 ,
1981 819 2071 858 sa-

464 919 744 974 cerdotum
772 912 1011 977 ordines,
1039 907 1379 963 saecularium
1403 904 1643 958 virorum
1680 896 2064 962 constantiam,

467 1022 745 1065 servorum
767 1048 783 1070 ,
814 1004 1108 1059 liberorum
1131 1039 1146 1063 ,
1181 998 1507 1068 principum,
1536 992 1871 1047 subditorum
1891 1031 1906 1055 ,
1930 1003 2063 1056 pau-

466 1116 652 1172 pe'l‘llltl
675 1142 691 1167 ,
720 1097 990 1158 divitum,
1022 1091 1455 1163 peregrinorum,
1486 1085 1724 1141 civium?
1752 1081 2077 1153 Opportune»

462 1198 532 1250 de
566 1192 822 1248 omnibus
855 1189 1064 1244 dicatur
1099 1203 1112 1239 :
1157 1183 1287 1251 Qui:
1329 1182 1563 1251 loquetur
1604 1176 1857 1248 potentias
1910 1180 2022 1225 tuas
2047 1213 2063 1238 ,

464 1289 716 1350 Domine,
751 1283 958 1338 auditas
987 1280 1139 1349 faciet
1167 1293 1342 1331 omne:
1372 1273 1549 1328 laudes
1576 1282 1689 1324 tuas
1719 1266 1892 1341 (Psal.
1941 1265 2063 1321 I05.

462 1382 557 1452 2)?
580 1379 833 1435 Mulieres
862 1376 913 1428 in
946 1371 1197 1428 thalamis
1226 1377 1528 1432 versantes,
1549 1373 1737 1419 etcera
1764 1358 2064 1425 molliores,

465 1472 670 1530 relictis
690 1468 898 1525 aedibus
927 1475 983 1520 et
1010 1462 1169 1519 tectis
1189 1502 1203 1528 ,
1236 1475 1360 1514 cum
1393 1454 1786 1512 robustissimis
1827 1452 2065 1506 virorum

465 1565 751 1621 alacritate
768 1557 1073 1619 certabant,
1100 1562 1305 1609 tantum
1326 1550 1533 1605 itineris
1553 1547 1778 1618 pedibus
1796 1556 2064 1606 emensas;

464 1675 571 1714 non
591 1658 818 1729 juvenes
839 1651 1023 1717 modo,
1046 1648 1142 1704 sed
1167 1647 1328 1702 etiam
1353 1659 1488 1698 anus
1517 1660 1530 1695 :
1563 1656 1735 1712 neque
1756 1650 1963 1693 natura:
1987 1639 2067 1691 iu-

464 1754 709 1816 lirmitas,
735 1765 910 1819 neque
951 1746 1122 1801 solitae
1160 1742 1280 1796 vita:
1304 1738 1577 1801 mollities,
1622 1751 1797 1805 neque
1832 1732 2064 1789 celebri-

465 1847 590 1900 tatis
628 1857 823 1914 pompa
870 1836 1259 1908 impedimento
1292 1832 1465 1888 fuere.
1502 1829 1776 1899 Principes
1808 1827 1906 1897 ipsi
1941 1842 2059 1881 rur-

461 1954 584 1993 sum
612 1935 818 1991 relictis
844 1932 1120 1994 curribus,
1154 1924 1435 1982 lictoribus
1459 1932 1513 1980 et
1547 1920 1893 1984 satellitibus,
1920 1916 2063 1989 plebi

462 2045 584 2086 sese
624 2028 983 2084 admiscuere.
1017 2020 1223 2093 Ecquid
1247 2017 1501 2073 mulieres
1533 2013 1914 2085 principesque
1948 2026 2066 2066 me-

462 2136 689 2186 morem,
716 2116 932 2189 quando
959 2116 1050 2170 illa
1086 2115 1199 2184 ipsa
1228 2127 1347 2183 qua:
1376 2107 1622 2165 diadema
1660 2117 1833 2177 gestat
1855 2116 1909 2160 et
1932 2122 2063 2176 pur-

465 2230 596 2285 pura
624 2212 878 2275 induitur,
908 2223 1003 2279 per
1032 2216 1198 2262 totam
1227 2205 1367 2258 viam
1400 2219 1468 2258 ne
1499 2202 1763 2258 tantillum
1792 2198 2006 2271 quidem
2031 2213 2061 2252 a

436 2332 441 2333 ί
468 2304 709 2376 reliquiis
728 2301 963 2373 separari
984 2299 1187 2365 voluit;
1218 2297 1313 2354 sed
1331 2297 1542 2352 ancilla:
1563 2297 1733 2350 instar
1744 2301 1964 2349 sanctos
1984 2306 2063 2346 se-

466 2400 751 2472 quebatur,
785 2396 993 2452 thecam
1016 2404 1070 2451 et
1090 2394 1269 2449 velum
1299 2392 1699 2461 superpositum
1730 2397 1979 2458 tangens,
2007 2394 2064 2441 et

438 2509 681 2549 omnem
739 2491 1033 2545 humanum
1087 2488 1281 2542 fastum
1330 2485 1570 2550 calcans,
1609 2494 1770 2552 atque
1827 2484 1877 2536 in
1930 2481 2060 2536 tanti

434 2620 437 2621 ν
463 2585 654 2640 theatri
685 2583 863 2639 medio
882 2598 912 2636 a
941 2581 1138 2652 populo
1167 2579 1446 2634 videbatur
1472 2578 1581 2642 illa,
1605 2591 1765 2647 quam
1797 2591 1865 2630 ne
1888 2590 2061 2630 eunu-

458 2678 575 2732 chis
591 2676 805 2748 quidem
825 2674 1101 2739 omnibus,
1118 2672 1208 2743 qui
1230 2674 1281 2727 in
1311 2670 1655 2741 imperatoria
1674 2670 1889 2723 aluntttr
1916 2669 2058 2732 aula,

458 2770 771 2840 conspicere
791 2767 939 2823 licet.
954 2766 1061 2821 Sed
1083 2775 1380 2837 martyrum
1400 2779 1553 2818 amor
1576 2776 1714 2833 pene
1747 2760 2062 2833 tyrannicus

457 2874 513 2918 et
539 2862 782 2919 caritatis
807 2860 1022 2916 ﬂamma
1042 2860 1141 2930 ipsi
1171 2869 1229 2913 ut
1253 2858 1428 2913 larvas
1445 2871 1635 2912 omnes
1652 2856 1774 2911 illas
1803 2855 2064 2925 ahjiceret

457 2958 650 3020 suasit,
706 2965 873 3025 utque
916 2961 1105 3023 aperte
1147 2966 1304 3007 suum
1350 2964 1479 3020 erga
1522 2960 1743 3004 sanctos
1793 2956 2062 3021 martyres

456 3048 697 3105 studium
723 3046 1027 3103 exhiberet.
1059 3044 1366 3100 Recordata
1398 3043 1597 3114 quippe
1624 3051 1707 3098 est
1737 3041 1879 3097 beati
1904 3040 2065 3096 Davi-

456 3144 576 3209 tIlS,
599 3144 691 3215 qui
722 3154 775 3199 et
815 3157 1052 3214 purpura
1080 3140 1402 3196 induebatur
1432 3149 1486 3194 ct
1514 3138 1760 3194 diadema
1793 3136 2062 3210 gestatat,

457 3249 843 3307 sceptrumque
874 3233 1151 3290 obtinebat
1177 3234 1229 3288 in
1263 3231 1586 3288 llebralcum
1616 3230 1899 3303 populum,
1928 3243 2064 3300 quo-

461 3328 603 3383 niam
638 3328 729 3384 ille
758 3341 938 3383 arcam
963 3324 1344 3391 transferebat,
1394 3323 1480 3379 illa
1512 3331 1620 3379 tota
1660 3337 1822 3378 scena
1871 3321 2061 3377 relicta

458 3419 690 3477 Saltabat
716 3429 773 3475 ct
794 3418 1026 3475 choreas
1046 3416 1273 3488 agebat,
1306 3415 1552 3485 tripudiis
1583 3413 1774 3470 ludens
1826 3412 2058 3484 magnis,

458 3528 522 3570 ac
568 3530 663 3585 per
691 3513 863 3568 saltus
889 3511 1129 3566 ltetitiam
1171 3524 1333 3580 quam
1365 3508 1431 3565 de
1461 3510 1539 3564 rei
1587 3507 1900 3565 celebritate
1926 3522 2063 3562 con-

458 3608 710 3679 cipiebat,
742 3604 1097 3678 significabat.
1138 3602 1291 3672 Quod
1341 3601 1386 3658 si
1442 3603 1495 3657 in
1546 3602 1734 3657 umbra
1783 3610 1841 3657 et
1894 3602 2062 3672 figura

459 3706 666 3756 tatnum
710 3697 981 3755 fervorem
1030 3695 1320 3753 ostendere
1351 3710 1448 3765 par
1476 3702 1616 3761 erat,
1645 3702 1849 3765 quanto
1894 3692 2065 3763 magis

461 3800 514 3853 in
547 3805 789 3867 tempore
809 3794 998 3865 gratiae
1026 3803 1080 3848 et
1110 3790 1390 3848 veritatis?
1410 3788 1844 3861 quanquuidem
1866 3796 1921 3843 et
1948 3787 2065 3843 huic

462 3907 641 3947 arcam
685 3886 1047 3944 transferebat
1103 3886 1262 3956 longe
1313 3883 1745 3956 prtestantiorem
1780 3882 1869 3936 illa
1904 3880 2063 3935 Davi-

461 3988 544 4041 dis
574 4000 721 4040 arca.
770 3981 956 4054 Neque
984 3980 1127 4037 enim
1184 3978 1298 4034 haec
1349 3977 1560 4033 tabulas
1611 3974 1771 4031 habet
1797 3974 2061 4044 lapideas,

463 4080 556 4135 sed
589 4076 797 4133 tabulas
817 4074 1149 4146 Spirituales,
1170 4082 1224 4128 et
1248 4073 1476 4142 gratiam
1507 4069 1813 4134 florentem,
1836 4068 2066 4123 donum-

461 4189 566 4245 que
597 4169 972 4241 resplendens,
998 4176 1053 4222 et
1094 4180 1216 4221 ossa
1264 4179 1387 4221 cum
1444 4163 1575 4233 ipsis
1603 4160 1871 4216 solaribus
1902 4159 2066 4214 radiis

463 4268 671 4337 fulgure
731 4246 1061 4336 pugnantia,
1123 4260 1234 4315 imo
1288 4253 1711 4328 Splendidiorem
1762 4252 2063 4327 eminentia

414 4384 419 4387 ~
464 4357 748 4427 fulgorem.
801 4354 1045 4410 Sularem
1095 4363 1332 4420 namque
1374 4346 1620 4402 videntes
1663 4344 1873 4400 radium
1932 4343 2064 4398 nihil

416 4470 419 4477 ’
465 4454 744 4521 pariuntur
766 4448 1073 4511 daemones;
1120 4443 1215 4500 sed
1262 4440 1605 4512 splendorem
1637 4438 1763 4495 hinc
1806 4438 2064 4495 exsilien-

466 4555 574 4599 tem
607 4557 717 4598 non
756 4541 993 4596 ferentes
1033 4541 1375 4592 excaecantur
1402 4539 1457 4587 et
1483 4531 1715 4599 fugiunt,
1747 4543 1909 4601 atque
1941 4546 2067 4601 pros

464 4637 551 4691 cul
575 4649 635 4691 se
665 4632 931 4703 recipiunt
957 4648 972 4687 :
1007 4639 1150 4684 tanta
1178 4626 1261 4681 vis
1285 4630 1471 4685 estvel
1487 4624 1686 4679 cineris
1715 4633 2068 4680 sanctorum:

417 4750 425 4755 ‘
465 4746 587 4801 qm:
615 4743 725 4784 non
755 4735 959 4782 tantmn
994 4725 1139 4778 intus
1168 4722 1220 4775 in
1254 4718 1497 4789 reliquiis
1518 4718 1619 4774 sita
1643 4727 1747 4785 est,
1779 4718 1873 4774 sed
1904 4719 2067 4774 etiam

467 4822 695 4878 ulterius
738 4832 1047 4891 progressa.
1082 4816 1319 4884 imputas
1368 4811 1489 4866 illas
1536 4820 1828 4882 potestates
1880 4811 2070 4883 dape].

467 4918 529 4973 lit
554 4916 655 4989 (α),
685 4926 735 4971 et
759 4930 854 4971 eos
880 4928 972 4983 qut
999 4926 1121 4967 cum
1166 4908 1270 4963 fide
1298 4905 1586 4970 accedunt,
1620 4920 1754 4962 cum
1801 4913 2072 4975 potestate

467 5011 632 5065 multa
664 5006 989 5062 sanctificat.
1182 5004 1183 5009 “

540 5099 895 5173 Ιηψρναινὶεἱε
926 5107 1110 5170 pietas.
1138 5124 1211 5137 -ο
1243 5092 1367 5150 Ideo
1395 5092 1595 5148 Christi
1618 5107 1806 5147 amans
1828 5089 2070 5161 Impera-

469 5196 575 5253 trix
604 5196 856 5267 reliquias
877 5195 1204 5262 sequebatur
1221 5228 1235 5253 ,
1267 5186 1622 5256 tangebatque
1648 5185 1958 5257 frequenter
1978 5184 2072 5240 be-

470 5290 836 5348 nedictionem
885 5285 986 5339 sibi
1015 5280 1316 5345 attrahens,
1339 5290 1503 5349 atque
1527 5278 1593 5332 ad
1624 5278 1905 5349 pulchrum
1940 5278 2071 5334 illud

469 5384 855 5458 spiritualeque
884 5375 1270 5434 commercium
1297 5414 1314 5439 ,
1342 5382 1554 5427 ceteros
1585 5386 1775 5428 omnes
1820 5371 2073 5426 institue-

470 5481 562 5537 bat
590 5491 645 5536 et
677 5478 907 5534 docebat
954 5483 1011 5528 ut
1055 5488 1122 5528 ex
1168 5469 1269 5522 hoc
1299 5467 1445 5522 fonte
1479 5465 1789 5527 haurirent,
1842 5480 1910 5523 ex
1966 5480 2072 5537 qua

468 5589 684 5646 semper
713 5569 960 5628 hauritur
990 5575 1047 5621 et
1074 5577 1363 5632 numquam
1398 5569 1707 5616 evacuatur.
1740 5558 1891 5614 Sicut
1920 5558 2066 5610 enim

530 5756 605 5813 fa}
631 5752 819 5807 Similia
844 5751 1070 5800 «limantur
1095 5754 1133 5797 t.
1158 5745 1207 5794 2.
1230 5743 1323 5794 col.
1351 5740 1433 5795 99,
1456 5738 1567 5799 617,
1592 5738 1703 5789 669,

802 5840 1073 5899 Parnm.
1120 5839 1239 5899 Gn.
1296 5834 1521 5898 LXIII.
1838 5884 1945 5921 “an

1113 235 1155 294 Il
1195 231 1708 301 IIOMlLIA,DlCT.\
1751 228 2062 297 POSTQUA

2174 226 2514 297 RELIQUIA:
2558 224 3135 296 manemane.

3674 232 3706 288 οἱ
3714 231 3775 286 7G

2180 335 2405 392 fontium
2455 335 2655 393 fluenta
2697 340 2999 392 scaturiunt
3051 353 3153 394 nec
3182 338 3321 393 intra
3353 340 3599 410 proprios
3629 356 3781 401 smus

2175 431 2540 493 continentur,
2573 429 2671 486 sed
2714 430 2991 485 exundant
3035 440 3089 486 et
3141 430 3576 502 superefﬂuunt:
3608 436 3678 490 ita
3726 424 3784 491 et

2174 522 2411 594 Spiritus
2452 518 2647 594 gratia,
2678 538 2799 595 quae
2843 524 2896 578 in
2939 525 3152 579 ossibus
3179 525 3378 581 insidet
3407 541 3471 581 ac
3499 542 3625 582 cum
3651 542 3783 582 sau—

2172 615 2275 670 ctis
2306 613 2591 679 inhabitat,
2641 623 2696 670 et
2740 613 2793 667 in
2839 613 2976 670 alios
3009 614 3352 685 profunditur
3379 616 3471 688 qui
3520 633 3644 673 cum
3675 619 3787 675 fide

2176 705 2298 760 illos
2326 714 2647 776 sequuntur,
2670 714 2834 781 atque
2861 705 2929 762 ab
2957 707 3137 761 anima
3168 711 3220 762 in
3259 723 3461 779 corpus
3491 711 3782 780 redundat,

2172 807 2229 852 et
2256 813 2287 852 a
2317 797 2548 869 carpore
2573 800 2625 852 in
2657 799 2998 864 vestimenta,
3030 814 3061 851 a
3094 799 3431 855 vestimentis
3459 800 3510 856 in
3539 803 3781 868 ealceos,

2171 905 2204 945 a
2227 890 2520 949 calceisin
2553 889 2774 944 umbras
2821 890 3083 971 excurrit.
3111 890 3344 963 Ideoque
3393 910 3501 949 non
3548 911 3778 967 corpora

2174 990 2382 1037 tantum
2440 990 2751 1035 sanctorum
2817 980 3186 1052 apostolorum
3269 996 3568 1055 operantur
3599 1028 3615 1054 ,
3684 988 3778 1042 sed

2171 1075 2335 1130 etiam
2390 1073 2606 1129 sudaria
2656 1083 2714 1128 et
2749 1074 3082 1137 semicinctia
3132 1075 3292 1145 (Act.
3346 1076 3619 1149 19.12);
3672 1081 3782 1134 imo

2174 1169 2381 1223 umbras
2434 1167 2579 1223 Petri
2629 1167 2759 1237 ipsis
2804 1168 3109 1223 viventibus
3160 1171 3364 1240 majora
3414 1174 3783 1242 Operabautur

2171 1259 2315 1333 (Act.
2335 1257 2515 1332 5.15).
2538 1257 2735 1315 Melete
2769 1274 2987 1331 quoque
3030 1260 3225 1330 injecta
3257 1277 3417 1333 supra
3446 1279 3642 1335 corpus
3677 1267 3781 1321 Eli-

2172 1354 2288 1419 ετξ,
2320 1354 2589 1425 duplicem
2620 1355 2718 1425 ipsi
2750 1355 2976 1424 gratiam
3011 1355 3220 1411 induxit
3247 1357 3325 1429 (5.
3356 1357 3481 1431 Reg.
3517 1359 3606 1415 19.
3642 1360 3732 1433 l9)
3761 1380 3778 1418 :

2173 1462 2279 1500 non
2318 1447 2462 1500 enim
2506 1460 2706 1516 corpus
2748 1446 2930 1501 Elisaai
2978 1455 3207 1513 emtum,
3260 1449 3356 1504 sed
3405 1452 3569 1506 etiam
3612 1456 3778 1507 vesti—

2172 1546 2412 1594 mentum
2444 1536 2577 1594 illud
2605 1538 2824 1608 plenum
2873 1540 3043 1609 gratia
3091 1550 3227 1595 erat.
3260 1539 3495 1613 Ideoque
3523 1544 3574 1598 iu
3608 1546 3781 1600 tribus

2173 1632 2357 1702 pueris
2405 1632 2636 1686 flamma:
2665 1642 2854 1687 natura
2888 1649 2993 1687 non
3026 1633 3204 1689 solum
3233 1635 3379 1704 ipsos
3406 1638 3639 1692 reverita
3670 1648 3777 1705 est,

2169 1724 2273 1782 sed
2294 1724 2455 1779 etiam
2485 1724 2723 1795 ipsorum
2752 1724 2964 1779 calceos
2990 1723 3151 1795 (Dan.
3191 1726 3224 1781 5
3272 1725 3389 1795 9i).
3432 1727 3497 1783 Et
3526 1728 3778 1785 Ειίμαδιιηι

2146 1835 2347 1893 neque
2389 1828 2660 1874 mortumn
2705 1818 2788 1874 vis
2833 1819 2922 1873 illa
2971 1819 3216 1874 deseruit
3253 1837 3266 1875 :
3301 1819 3530 1891 injectus
3580 1826 3781 1893 quippe

2171 1920 2417 1966 mortuus
2459 1910 2510 1964 in
2558 1909 2864 1979 sepulcrum
2912 1909 3210 1981 prophetzc,
3235 1925 3265 1964 a
3297 1920 3472 1968 morte
3514 1912 3779 1969 liberatus

2169 2011 2253 2060 est
2287 2002 2365 2076 (4.
2397 2002 2527 2075 Reg.
2564 2003 2647 2059 l5.
2678 2003 2797 2072 2!).
2831 2003 2921 2058 Sic
2969 2013 3024 2058 et
3067 2003 3230 2059 hodie
3259 2003 3455 2060 factum
3486 2015 3608 2061 est:
3642 2006 3771 2063 dum

2169 2097 2314 2154 enim
2346 2097 2587 2168 Reliquias
2616 2107 2977 2167 gestarentur,
3009 2098 3317 2154 daemonum
3349 2101 3618 2166 incendia,
3655 2102 3777 2156 uluo

2172 2192 2313 2248 latus
2340 2201 2395 2247 et
2419 2192 2834 2247 lamentationes
2862 2192 3099 2262 undique
3126 2191 3454 2261 ferebantur,
3488 2196 3776 2251 exsiliente

2169 2286 2372 2343 ossium
2395 2285 2547 2341 radio
2570 2296 2623 2341 et
2653 2286 3082 2342 adversariarum
3112 2296 3435 2357 potestatum
3458 2289 3775 2361 phalangem

2171 2380 2523 2437 incendente.

2250 2480 2306 2535 2.
2342 2479 2637 2550 Propterea
2672 2478 2889 2535 exsulto
2940 2485 2995 2533 et
3040 2492 3153 2548 prae
3202 2477 3483 2547 voluptate
3535 2476 3773 2531 volatum

2179 2589 2404 2629 assumo
2431 2573 2555 2642 quia
2586 2572 2861 2628 desertum
2903 2571 3181 2627 civitatem
3222 2570 3505 2632 effecistis.
3531 2572 3661 2641 quia
3690 2569 3777 2625 di-

2179 2667 2343 2721 vitias
2384 2664 2641 2720 Ecclesiae
2680 2663 2838 2719 nobis
2881 2663 3043 2719 hodie
3077 2662 3429 2719 exhibuistis.
3466 2663 3608 2717 Ecce
3640 2671 3779 2732 quot

2179 2771 2334 2823 oves,
2364 2764 2420 2812 et
2457 2770 2730 2825 nusquam
2772 2754 2966 2826 lupus;
3003 2761 3137 2824 quot
3183 2753 3378 2816 vinea),
3404 2761 3461 2809 et
3500 2766 3774 2823 nusquam

2180 2844 2369 2914 spina;
2416 2854 2550 2913 quot
2590 2844 2778 2914 spicae,
2830 2851 2884 2897 et
2932 2859 3202 2913 nusquam
3253 2843 3486 2898 zizania.
3527 2842 3675 2898 Mare
3708 2841 3779 2897 ab

2181 2935 2318 2989 urbe
2343 2932 2422 2986 'ad
2456 2932 2603 2986 hunc
2654 2948 2827 3002 usque
2867 2933 3044 2987 locum
3090 2943 3377 2987 extensum
3413 2940 3524 2999 est;
3558 2947 3710 2987 mare
3747 2945 3778 2984 a

2180 3027 2444 3081 fluctuum
2476 3026 2731 3096 procellis
2766 3026 3029 3090 liberum,
3064 3024 3413 3096 naufragium
3448 3040 3555 3079 non
3584 3022 3778 3087 habet,

2180 3134 2214 3174 a
2256 3120 2498 3190 scopulis
2537 3133 2767 3172 vacuum
2811 3124 2922 3185 est;
2966 3132 3118 3174 mare
3156 3117 3305 3172 omni
3342 3116 3504 3173 melle
3535 3115 3779 3180 dulcius,

2181 3211 2359 3282 magis
2392 3210 2632 3282 potabile
2669 3224 2831 3280 quam
2868 3223 3023 3279 aquae
3064 3209 3354 3281 potabiles.
3386 3206 3578 3279 Neque
3617 3207 3782 3262 aber-

2170 3308 2375 3365 raverit
2398 3307 2489 3377 qui
2532 3306 2635 3361 hoc
2665 3318 2816 3359 mare
2842 3304 3005 3359 etiam
3033 3301 3256 3358 fluvium
3284 3303 3425 3375 ignis
3454 3304 3732 3358 vocaverit
3762 3322 3775 3355 :

2170 3403 2244 3458 ita
2262 3414 2456 3470 nempe
2472 3395 2752 3468 lampades
2771 3411 2891 3467 quae
2908 3405 3071 3451 noctu
3099 3396 3409 3467 frequentes
3428 3410 3492 3451 ac
3509 3396 3784 3451 continuat

2170 3495 2236 3549 ad
2260 3507 2432 3564 usque
2463 3490 2781 3563 martyrium
2813 3489 2915 3545 hoc
2946 3488 3447 3556 ferebantur,ﬂuvii
3476 3490 3615 3560 ignei
3647 3490 3785 3545 ima-

2171 3587 2352 3659 ginem
2384 3583 2695 3639 videntibus
2721 3582 3081 3639 exhibebant.
3106 3582 3176 3638 Et
3207 3584 3326 3639 hrec
3341 3583 3561 3655 quidem
3580 3594 3740 3640 noctu
3764 3603 3781 3646 ;

2171 3678 2262 3733 die
2286 3686 2468 3731 autem
2495 3675 2846 3731 illucescente
2867 3674 2989 3729 alia:
3012 3690 3226 3729 rursum
3259 3674 3534 3747 lampades
3560 3678 3783 3747 conspi-

2148 3770 2488 3828 ciebantur:
2509 3770 2629 3825 illas
2644 3770 2843 3841 quippe
2870 3769 2950 3825 sol
2984 3769 3168 3825 oriens
3186 3770 3475 3841 obtegebat
3500 3779 3557 3826 et
3583 3770 3783 3826 obscu-

2172 3867 2347 3923 riores
2368 3863 2667 3930 reddebat;
2698 3864 2828 3919 istas
2855 3878 3004 3930 vero,
3025 3880 3146 3935 quas
3175 3866 3228 3919 in
3260 3864 3599 3936 singulorum
3632 3881 3783 3920 meno

2172 3960 2319 4015 tibus
2349 3957 2575 4029 fulgent,
2607 3956 2843 4014 Iretiores
2864 3957 3188 4014 ostendebat
3216 3975 3230 4013 :
3262 3973 3385 4013 nam
3420 3959 3544 4030 igne
3573 3961 3665 4015 illo
3691 3961 3783 4033 qui

2173 4054 2393 4123 apparet
2418 4051 2702 4107 ardentior
2721 4060 2838 4106 erat
2856 4050 2945 4104 ille
2961 4049 3052 4121 qui
3076 4052 3129 4105 in
3152 4050 3436 4113 alacritate
3453 4060 3632 4107 vestra
3649 4068 3782 4107 eon-

2173 4144 2314 4201 sistit
2330 4162 2343 4197 :
2357 4152 2415 4198 et
2429 4143 2624 4214 singuli
2638 4141 2909 4213 duplicem
2927 4141 3234 4211 lampadem
3250 4141 3553 4213 gestabant,
3570 4142 3784 4216 igneam

2176 4237 2326 4292 illam
2354 4245 2518 4292 noctu
2541 4274 2558 4301 ,
2587 4250 2707 4290 eam
2742 4250 2872 4290 vero
2898 4249 3018 4304 quae
3050 4234 3102 4288 in
3133 4234 3415 4291 alacritate
3442 4247 3623 4295 vestra
3649 4238 3787 4292 resi-

2177 4327 2266 4384 det
2304 4338 2361 4383 et
2405 4337 2567 4383 noctu
2616 4337 2671 4383 et
2717 4326 2955 4382 interdiu
2986 4345 3000 4382 :
3030 4327 3139 4383 imo
3190 4343 3320 4383 vero
3357 4343 3531 4400 neque
3565 4340 3781 4388 noctem

2174 4421 2320 4477 illam
2353 4434 2490 4476 voco
2522 4438 2538 4473 :
2570 4435 2694 4477 cum
2727 4419 2816 4475 die
2852 4434 3085 4490 namque
3114 4421 3486 4488 concertabat,
3518 4422 3645 4478 dum
3688 4439 3789 4481 vos

2174 4514 2314 4569 lucis
2347 4513 2486 4568 lilios
2522 4511 2921 4577 circumferret,
2956 4520 3014 4569 et
3058 4512 3234 4568 stellis
3264 4511 3565 4571 innumeris
3594 4513 3786 4572 lucife-

2176 4623 2348 4680 roque
2371 4607 2775 4679 splendidiores
2806 4606 3109 4663 exhiberet.
3144 4607 3614 4676 Quemadmodum
3640 4612 3785 4667 enirn

2174 4701 2378 4759 ebriosi
2426 4709 2639 4756 noctem
2690 4701 2742 4753 in
2795 4699 2941 4755 diem
2972 4700 3447 4757 convertunt:sic
3489 4711 3545 4757 et
3571 4712 3787 4759 noctem

2176 4796 2423 4853 efficiunt
2470 4795 2614 4851 diem
2652 4795 2686 4849 ii
2730 4794 2823 4866 qui
2874 4795 3153 4866 pervigilia
3183 4804 3352 4866 agunt
3392 4795 3782 4867 expergefacti.

2179 4892 2416 4962 Ideoque
2444 4905 2540 4961 per
2573 4898 2739 4943 totam
2788 4897 3002 4945 noctem
3050 4890 3428 4961 propheticum
3460 4890 3593 4947 illud
3620 4906 3788 4948 cane-

2180 4984 2311 5039 bant
2331 5003 2343 5039 :
2362 4983 2487 5037 No.1:
2514 4983 2826 5037 illuminatio
2858 4999 2970 5037 utea
2986 4982 3040 5036 in
3067 4982 3267 5037 deliciis
3288 4983 3448 5049 meis;
3477 4991 3527 5037 et
3569 4982 3789 5039 tenebrae

2179 5094 2282 5134 non
2299 5078 2704 5134 obscurabuntur
2732 5094 2765 5131 a
2792 5086 2859 5141 te,
2885 5086 2931 5130 et
2959 5092 3065 5131 nox
3083 5079 3212 5131 sicut
3236 5076 3740 5135 tlieailluntinabitur
3768 5091 3791 5132 :

2179 5174 2309 5228 sicut
2335 5181 2384 5226 et
2411 5170 2630 5224 tenebrae
2649 5170 2783 5241 ejus,
2816 5171 2888 5222 ita
2918 5179 2965 5223 et
2990 5169 3162 5223 lumen
3187 5170 3299 5241 ejus
3326 5167 3499 5239 (Psal.
3530 5171 3657 5227 l53.
3692 5170 3785 5226 ll.

2180 5268 2296 5339 19.).
2330 5266 2451 5334 Quo
2479 5265 2624 5321 enim
2656 5265 2745 5319 die
2785 5279 2895 5319 non
2936 5264 3109 5320 laetior
3139 5263 3239 5319 fuit
3270 5279 3376 5319 nox
3410 5264 3497 5321 illa
3528 5264 3786 5321 omnibus

2181 5369 2331 5415 tanto
2356 5358 2554 5431 gaudio
2586 5355 2979 5411 exsultantibus
3003 5398 3019 5424 ,
3053 5356 3319 5428 spirituali
3363 5356 3547 5412 lzetitia
3591 5356 3788 5428 plenis.

2182 5464 2262 5511 tot
2300 5451 2486 5507 effusis
2514 5451 2746 5521 populis,
2778 5450 2865 5519 qui
2899 5459 2955 5505 et
2981 5450 3081 5505 vice
3120 5458 3176 5506 et
3211 5448 3311 5505 fori
3341 5449 3548 5506 aditum
3570 5450 3789 5507 claude-

2179 5545 2349 5601 bant?
2377 5544 2558 5614 Neque
2584 5544 2729 5599 enim
2762 5552 2972 5612 poterat
3013 5544 3215 5605 nudum
3245 5544 3425 5601 solum
3462 5544 3660 5611 videri,
3692 5545 3792 5600 sed

2186 5646 2348 5695 lotam
2379 5639 2516 5693 viam
2544 5636 2865 5708 corporibus
2883 5638 3137 5695 humanis
3165 5640 3494 5710 aperientes,
3516 5640 3610 5697 sed
3631 5655 3791 5695 unam

2187 5740 2434 5795 catenam
2486 5746 2702 5786 auream
2734 5741 2783 5786 cl
2804 5732 3135 5799 continuam,
3170 5732 3391 5788 ﬂuvium
3421 5724 3585 5787 unum
3620 5732 3788 5787 multo

3378 5821 3456 5887 23
