4198 6484
497 291 590 345 471

497 403 703 471 impetu
723 402 1055 460 manantem,
1081 407 1175 463 per
1197 400 1366 445 tututn
1384 391 1486 444 iter
1511 387 1862 444 exhibuistis:
1891 394 1946 439 et
1966 399 2082 440 sur-

497 507 618 547 sum
642 489 858 562 quidem
886 489 935 542 in
955 486 1144 541 cadum
1162 483 1484 553 aSpicientes
1500 481 1680 536 lunam
1701 477 2013 533 videbamus
2033 487 2088 530 et

498 585 682 640 stellas
714 584 766 637 in
795 580 996 643 medio.
1031 578 1166 632 infra
1214 591 1344 630 vero
1391 574 1629 628 ﬁdelium
1660 570 2084 635 multitudinem,

497 690 550 732 et
569 680 690 732 luna
710 672 1124 745 splendidiorem
1147 670 1196 722 in
1223 669 1400 723 medio
1419 667 1816 738 lmperatricem
1846 673 2086 719 euntem.

499 769 648 822 Sicut
669 767 812 820 enim
833 763 1004 817 stellae
1035 761 1318 815 inferio;es
1346 757 1746 828 prmstantiores
1775 763 1899 809 sunt
1929 767 2088 821 supc-

501 857 770 920 riorihus;
814 854 890 907 sic
920 861 975 906 et
1019 851 1134 904 ha‘c
1165 851 1332 902 multo
1360 849 1530 902 lartior
1557 859 1609 902 et
1638 845 1945 918 prieclarior
1972 853 2088 899 erat

498 951 606 1003 illa.
639 946 775 1013 Quid
803 945 944 999 enim
968 942 992 997 ’ἒ
1024 948 1337 996 lautum‘est
1363 939 1506 1003 luna,
1527 939 1570 990 si
1599 947 1941 1006 comparetur
1965 949 2086 988 cum

495 1043 701 1101 anima,
734 1038 786 1091 in
814 1035 1072 1104 dignitate
1102 1041 1244 1086 tanta
1278 1031 1587 1093 constituta,
1622 1037 1766 1081 tanta
1799 1025 1902 1080 ﬁde
1929 1039 2089 1080 orna-

497 1131 586 1183 ta?
616 1128 752 1198 Quid
783 1128 926 1182 enim
947 1125 1065 1195 quis
1089 1124 1140 1177 in
1165 1123 1252 1176 illa
1283 1121 1431 1192 prius
1460 1117 1880 1174 adniireturhn
1911 1117 2084 1170 zelum

495 1225 613 1291 ipso
628 1226 748 1292 igne
763 1214 1176 1275 ferventiorem?
1193 1230 1258 1268 an
1280 1214 1437 1267 Iidem
1457 1211 1737 1266 adamante
1758 1207 2086 1264 ﬁrmiorem?

493 1331 561 1367 an
590 1311 969 1367 contritionem
994 1308 1155 1360 animi
1183 1316 1237 1361 et
1264 1305 1637 1368 humilitatem,
1662 1316 1764 1371 qua
1792 1315 1978 1355 omnes
1995 1315 2086 1354 su-

495 1406 740 1475 peravit?
769 1403 1054 1471 Imperium
1074 1397 1614 1470 quidem,diademata
1640 1406 1694 1450 et
1714 1411 1928 1450 omnem
1959 1393 2086 1449 hinc

494 1498 625 1552 oriri
669 1497 884 1551 solitum
927 1495 1118 1548 fastum
1168 1490 1601 1546 constantissime
1641 1489 1876 1556 abjecit;
1912 1489 2085 1544 induit

497 1604 629 1643 vero
659 1604 755 1658 pro
775 1602 1005 1657 purpura
1031 1584 1345 1638 humilitatis
1367 1593 1590 1647 vestem,
1611 1589 1664 1636 et
1683 1596 1777 1650 per
1803 1581 1943 1635 hanc
1973 1597 2086 1634 ma-

493 1683 578 1752 gis
627 1681 961 1752 resplendet.
1005 1679 1138 1733 Nam
1182 1677 1547 1748 impe-ratrices
1577 1675 1789 1744 quidem
1821 1673 2000 1727 multa:
2032 1683 2084 1725 et

496 1787 640 1842 smpe
661 1771 896 1838 fuerunt,
923 1786 1042 1839 qua:
1067 1768 1232 1824 vestis
1255 1778 1309 1822 el
1335 1767 1694 1821 diadematum
1713 1776 1766 1820 et
1794 1766 2081 1834 imperato-

494 1865 590 1918 ri:e
634 1864 819 1933 gloriae
865 1863 1037 1916 solum
1069 1861 1357 1930 participes
1401 1858 1664 1912 fuerunt:
1698 1856 1860 1926 hujus
1901 1865 2079 1911 autem

494 1958 660 2012 solius
690 1956 788 2010 fuit
813 1956 1049 2011 eximius
1080 1954 1168 2009 ille
1196 1962 1439 2018 ornatus,
1469 1951 1637 2004 solius
1666 1951 1768 2003 hoc
1796 1959 2074 2018 tropaeum.

494 2051 621 2105 Ihec
673 2062 905 2118 namque
961 2046 1073 2101 sola
1126 2045 1440 2114 imperati-ix
1484 2058 1604 2096 cum
1654 2051 1802 2094 tanto
1850 2039 2096 2108 honore,

492 2141 670 2196 studio
697 2151 858 2211 atque
888 2140 1084 2210 pietate
1111 2147 1378 2209 martyres
1402 2136 1655 2191 comitata
1696 2142 1799 2198 est,
1830 2133 1969 2202 plebi
2000 2131 2082 2185 in-

492 2237 777 2300 termixta,
805 2248 928 2288 cum
975 2232 1266 2287 satellitum
1313 2243 1473 2283 omne
1512 2230 1832 2292 amovisset,
1868 2237 1920 2281 et
1971 2226 2082 2282 fere

492 2343 706 2382 onmem
735 2324 1070 2381 conditionis
1105 2322 1514 2392 inaequalitatem
1547 2334 1668 2374 cum
1716 2318 1879 2372 multa
1922 2332 2070 2371 exsu-

494 2418 734 2489 perantia
772 2416 1076 2487 abjeeisset.
1105 2412 1230 2468 Ideo
1254 2426 1364 2466 non
1406 2409 1579 2464 minus
1608 2425 1766 2479 quam
1818 2418 2080 2479 martyres

490 2509 688 2578 populo
736 2506 952 2578 profuit.
990 2501 1456 2572 Quemadmodum
1504 2500 1646 2553 enim
1694 2499 1956 2568 reliquias
1997 2514 2082 2552 as.

493 2601 768 2672 piciebant
803 2613 992 2654 omnes
1015 2639 1030 2665 ,
1064 2599 1134 2650 ita
1163 2596 1279 2665 ejus
1323 2593 1691 2648 assiduitatem
1745 2594 2081 2648 mirabantur

490 2701 545 2748 et
573 2692 770 2746 divites
798 2698 854 2745 et
888 2703 1171 2760 pauperes,
1208 2686 1449 2740 videntes
1483 2686 1626 2739 illam
1657 2687 1774 2739 sine
1805 2685 2077 2739 intermis-

490 2785 642 2837 sione
670 2797 767 2852 per
794 2791 1000 2835 tantum
1046 2779 1144 2832 via:
1192 2778 1422 2846 Spatium
1450 2777 1662 2831 ossibus
1686 2776 2076 2843 adhaerentem,

492 2893 592 2930 nee
623 2889 874 2944 umquam
893 2872 1161 2927 defessam
1187 2871 1268 2924 vet
1297 2869 1647 2934 resilientem,
1671 2869 1764 2924 sed
1782 2885 1922 2923 arca:
1939 2884 2082 2923 sem-

488 2984 587 3037 per
614 2966 936 3020 adstantem.
963 2963 1251 3033 Propterea
1282 2970 1332 3015 Ie
1381 2963 1589 3015 beatam
1637 2959 1928 3029 praedicare
1973 2974 2080 3015 non

485 3073 797 3124 cessamus;
829 3071 1004 3127 neque
1046 3070 1144 3110 nos
1190 3064 1415 3121 tantum,
1449 3051 1544 3108 sed
1586 3055 1746 3108 etiam
1772 3052 1960 3108 l'uturm
1987 3068 2082 3125 ge-

495 3151 807 3206 neratiOnes
832 3163 1042 3204 omnes.

564 3245 618 3298 5.
639 3243 770 3297 Nam
793 3257 912 3312 qua:
937 3240 1022 3294 hic
1038 3248 1185 3310 gesta
1208 3237 1566 3294 suntandient
1582 3235 1716 3291 ﬁnes
1734 3237 1878 3292 orbis
1903 3247 1955 3292 et
1971 3246 2080 3294 tota

484 3346 746 3409 quantam
771 3335 853 3390 sol
883 3337 1103 3404 respicit
1134 3341 1313 3398 terra;
1346 3331 1567 3386 audient
1589 3330 1714 3384 item
1746 3329 1822 3384 illi
1848 3331 1937 3400 qui
1963 3340 2083 3400 post

486 3446 591 3484 nos
613 3429 775 3484 futuri
802 3437 945 3494 sunt,
971 3435 1023 3482 et
1050 3427 1141 3498 qui
1175 3433 1295 3496 post
1315 3425 1469 3491 illos;
1499 3437 1563 3477 ac
1589 3438 1704 3478 rem
1733 3433 1941 3494 gestam
1964 3424 2083 3478 nul-

489 3523 606 3576 lum
636 3529 847 3590 tempus
873 3517 1125 3573 oblivioni
1151 3515 1425 3569 mandabit
1441 3554 1456 3581 ,
1476 3514 1584 3568 Deo
1603 3513 1798 3584 ubique
1817 3524 2080 3568 terrarum

495 3624 548 3667 et
579 3628 673 3684 per
701 3627 890 3667 omnes
941 3609 1145 3665 futuras
1191 3607 1569 3679 generationes
1617 3621 1730 3660 rem
1761 3621 1880 3659 cum
1911 3605 2080 3660 multo

493 3703 780 3774 splendore
797 3702 1122 3758 celebrante.
1137 3698 1190 3756 Si
1209 3699 1352 3754 enim
1373 3697 1610 3752 mulieris
1633 3697 1932 3752 meretricis
1948 3712 2083 3767 opus

487 3798 556 3850 ad
586 3796 843 3873 terminos
861 3808 1033 3864 usque
1050 3793 1197 3847 orbis
1224 3789 1528 3846 annuntiari
1543 3789 1752 3843 curavit
1779 3798 1833 3843 et
1862 3790 2084 3843 immor-

484 3889 612 3943 talis
632 3889 904 3942 memoria:
930 3885 1203 3940 reddidit:
1231 3883 1400 3938 multo
1427 3883 1596 3950 magis
1613 3883 2082 3953 modestze,gravis

483 3990 546 4033 et
562 3990 722 4035 casta:
738 3978 997 4043 mulieris,
1017 3991 1136 4046 qua:
1158 3976 1209 4029 in
1231 3975 1458 4045 Imperio
1477 3985 1675 4028 tantam
1695 3974 1937 4028 exhibuit
1964 3974 2082 4044 pie-

483 4083 680 4140 tatem,
699 4087 805 4127 non
836 4073 977 4126 sinet
998 4085 1132 4140 opus
1150 4069 1346 4128 latere;
1376 4065 1468 4122 sed
1505 4075 1556 4122 te
1584 4067 1791 4120 beatam
1821 4067 2082 4136 prtedica-

490 4169 625 4223 bunt
653 4181 864 4231 omnes,
885 4163 1028 4234 quod
1051 4170 1272 4216 sanctos
1302 4159 1536 4230 hospitio
1557 4157 1813 4229 excipias,
1835 4159 1976 4229 quod
1996 4173 2084 4212 ec-

493 4259 675 4314 t'lesiis
713 4257 1085 4329 patrocineris,
1131 4253 1272 4325 quod
1303 4255 1418 4308 zelo
1450 4252 1625 4322 parsis
1655 4252 1934 4322 apostolis.
1968 4251 2081 4306 Etsi

492 4351 638 4406 enim
673 4359 915 4403 naturam
937 4346 1125 4400 sortita
1153 4360 1218 4400 es
1247 4342 1569 4409 femineam,
1602 4352 1656 4396 at
1685 4343 1813 4396 licet
1841 4341 1933 4396 tibi
1961 4355 2082 4395 cum

495 4442 754 4513 apostolis
773 4441 940 4511 θεειὶε
980 4447 1312 4493 concertare.
1332 4433 1772 4506 Quandoquidem
1802 4443 1927 4488 tunc
1949 4448 2084 4503 quo-
2151 4451 2154 4454 ’

497 4549 600 4606 que
623 4534 712 4588 illa
747 4531 949 4588 Phoebe
979 4529 1153 4601 (Rom.
1175 4531 1262 4584 16.
1280 4530 1495 4600 i),qtve
1517 4527 1793 4582 doctorem
1811 4527 1957 4582 orbis
1986 4541 2086 4582 ex-

493 4627 657 4697 cepit,
675 4625 882 4696 ipsique
910 4623 1240 4694 patrocinaia
1258 4631 1362 4687 est,
1393 4621 1589 4676 mulier
1609 4620 1979 4691 eratejusdem
2008 4629 2088 4677 to-

494 4736 618 4775 cum
638 4727 865 4784 natura},
881 4724 935 4770 et
956 4723 1133 4770 tamen
1156 4729 1324 4785 usque
1343 4714 1480 4769 adeo
1493 4714 1655 4778 fulsit,
1674 4719 1734 4766 ut
1749 4722 1966 4767 sanctus
1992 4712 2085 4769 ille

435 4818 442 4828 '
493 4810 628 4865 caelo
654 4802 848 4880 dignus
870 4817 926 4863 et
957 4807 1325 4877 apostolorum
1352 4806 1591 4860 omnium
1623 4805 1892 4859 maximus
1914 4805 2085 4872 ipsam

491 4902 794 4958 celebraret
821 4916 884 4955 ac
913 4900 1135 4966 diceret,
1158 4899 1363 4952 Adstitit
1391 4897 1586 4964 multis,
1605 4907 1650 4950 et
1672 4897 1796 4951 mihi
1824 4898 1942 4970 ipsi.
1964 4897 2082 4951 Pri.

494 4993 646 5049 scilla
675 5007 888 5065 quoque
921 4992 1162 5047 feminini
1189 5003 1351 5046 sexus
1376 4999 1492 5044 erat
1518 5006 1534 5044 :
1561 5005 1742 5044 verum
1763 4989 1813 5044 id
1847 5007 1952 5043 non
1975 4991 2084 5044 im-

491 5088 804 5159 pedimento
827 5085 947 5152 fuit,
968 5086 1096 5155 quin
1130 5083 1215 5138 illa
1243 5082 1608 5139 celebraretur
1629 5091 1680 5136 et
1702 5080 1833 5152 quin
1851 5083 2082 5136 immor-

465 5189 468 5194 '
497 5180 617 5232 talis
637 5178 754 5248 ejus
775 5185 921 5232 esset
947 5177 1225 5231 memoria.
1243 5173 1393 5230 Atius
1421 5187 1633 5245 quoque
1657 5183 1785 5230 tunc
1815 5185 1932 5229 erat
1959 5192 2084 5230 inu—

497 5272 688 5327 iierum
705 5272 925 5338 chorus,
939 5285 1057 5340 qua:
1075 5268 1235 5323 vitam
1256 5267 1523 5322 ducebant
1538 5267 1907 5338 apostolicam.
1927 5266 2080 5322 Ideo-

497 5380 601 5428 que
641 5380 739 5420 nos
797 5371 1007 5434 quoque
1055 5379 1161 5418 non
1207 5361 1599 5428 aberrabimus,
1643 5361 1688 5416 si
1731 5371 1783 5416 te
1811 5375 1932 5416 cum
1975 5361 2086 5416 illis

1290 281 1348 337 5.
1373 275 1653 335 JOANNIS
1687 271 2164 333 CHRYSOSTOMI
2205 272 2524 330 ARCHIEP.
2567 272 3105 331 CONSTANTINOP.

3675 273 3796 329 472·

2195 401 2630 451 annnmercmus,
2650 389 2771 457 quia
2791 397 2845 441 tu
2865 386 3227 442 Ecclesiarum
3241 385 3478 441 omnium
3496 396 3684 456 portus
3698 401 3768 447 es.

2195 485 2245 531 et
2273 478 2522 547 praesenti
2548 493 2711 548 regno
2727 478 2973 534 uterisad
2993 477 3226 533 futurum
3246 494 3469 549 regnum
3499 481 3776 550 acquiren-

2192 567 2342 636 dum,
2371 569 2626 625 ecclesias
2649 569 3208 640 erigens,sacerdotes
3234 571 3524 638 honoraris,
3557 569 3780 626 hzereti—

2192 675 2378 714 corum
2403 675 2641 716 errorem
2667 662 2988 726 dissolvens,
3033 674 3299 734 martyres
3337 665 3636 734 excipiens,
3665 681 3772 719 non

2192 751 2259 805 ad
2293 768 2558 819 mensam,
2590 753 2682 808 sed
2715 755 2926 820 animo;
2957 771 3063 811 non
3093 757 3259 816 domi.
3291 757 3386 812 sed
3412 757 3638 823 aﬂ'ecw;
3672 759 3780 812 imo

2194 844 2369 912 potius
2422 854 2477 899 et
2524 844 2577 898 in
2627 845 2790 900 domo
2836 856 2889 902 et
2938 847 3152 902 affectu.
3199 848 3362 903 Maria
3399 865 3614 919 quoque
3650 850 3778 902 olim

2194 937 2446 1006 populum
2478 939 2722 1002 ducebat,
2747 954 2866 994 ossa
2896 940 3116 1011 Josephi
3147 941 3396 1007 aﬁ‘erens,
3424 950 3478 996 et
3506 942 3777 996 canticum

2192 1030 2388 1084 cecinit
2433 1030 2626 1102 (Exod.
2669 1032 2758 1085 15.
2791 1031 2888 1100 20)
2924 1049 2937 1086 :
2978 1034 3072 1087 sed
3112 1033 3201 1086 illa
3245 1033 3462 1103 quidem
3499 1041 3778 1102 postquam

2191 1120 2425 1193 Aigyptii
2474 1124 2527 1178 in
2570 1139 2717 1179 mare
2758 1124 2991 1178 demersi
3040 1135 3203 1189 sunt;
3234 1134 3287 1178 tu
3330 1139 3459 1180 vero
3493 1133 3774 1194 postquam

2189 1215 2464 1270 d:emones
2511 1217 2754 1272 snﬁ'ocati
2800 1217 2949 1273 fuere
2998 1235 3014 1270 :
3061 1219 3148 1272 illa
3196 1217 3476 1272 Pharaone
3520 1217 3576 1272 in
3629 1233 3777 1271 mare

2189 1308 2471 1375 demerso,
2509 1318 2563 1364 tu
2614 1321 2797 1365 autem
2849 1310 3067 1366 diabolo
3106 1310 3355 1380 dejecto;
3397 1311 3486 1364 illa
3529 1311 3776 1381 cymbala

2189 1401 2416 1468 habens,
2449 1414 2503 1454 ιιι
2538 1412 2772 1455 mentem
2807 1410 2862 1456 et
2901 1401 3137 1455 animam
3180 1402 3302 1470 plus
3339 1417 3498 1472 qimm
3527 1403 3654 1457 tuba
3684 1418 3774 1457 so-

2189 1501 2444 1558 nantem;
2481 1493 2567 1547 illa
2599 1493 2800 1548 Judaeis
2834 1493 3097 1556 liberatis,
3131 1501 3186 1546 tu
3217 1491 3457 1547 Ecclesia
3485 1501 3771 1552 coronata;

2190 1589 2274 1641 illa
2310 1585 2566 1655 pepnlum
2614 1601 2778 1640 unum
2820 1584 3057 1639 edocens
3094 1585 3252 1639 unius
3279 1583 3497 1654 linguze,
3534 1594 3587 1637 tu
3619 1585 3776 1638 innu—

2188 1695 2371 1735 meros
2415 1679 2642 1734 diversa:
2684 1678 2880 1750 linguae
2922 1677 3170 1749 pepulos.
3203 1677 3417 1732 Etenim
3463 1679 3774 1730 innumeros

2188 1771 2344 1825 nobis
2385 1772 2618 1826 eduxisti
2647 1770 2867 1835 choros,
2907 1770 3068 1825 alium
3112 1768 3376 1834 Romana,
3407 1769 3570 1822 alium
3611 1767 3768 1839 Syra,

2187 1865 2351 1918 alium
2395 1863 2648 1928 barbara,
2687 1862 2850 1916 alium
2895 1859 3082 1917 Graeca
3125 1875 3259 1916 voce
3304 1859 3522 1914 Davidis
3565 1861 3771 1914 cantica

2191 1953 2470 2024 pulsantes
2500 1969 2513 2006 :
2542 1953 2889 2022 diversasque
2935 1960 3126 2019 gentes
3166 1966 3228 2007 ac
3269 1951 3515 2007 diversos
3575 1952 3775 2006 choros

2193 2045 2378 2098 videre
2404 2052 2522 2098 erat
2563 2059 2720 2098 unam
2752 2044 3012 2098 citharam
3044 2027 3234 2098 omnes
3268 2041 3558 2107 habentes,
3581 2058 3772 2112 nempe

2190 2136 2426 2202 Davidis,
2444 2151 2505 2190 ac
2524 2136 2778 2206 precibus
2793 2135 2906 2191 suis
2924 2144 2975 2190 te
2989 2145 3330 2190 coronantes.
3348 2132 3671 2189 Festivitatis
3685 2134 3776 2187 hu-

2181 2229 2270 2298 jus
2302 2229 2486 2282 laetitia
2517 2227 2822 2298 requirebat
2859 2226 3320 2296 religiosissimum
3373 2227 3770 2295 imperatorem,

2187 2322 2277 2392 qui
2335 2321 2549 2391 pietatis
2602 2331 2842 2376 aratrum
2899 2329 3073 2375 tecum
3124 2318 3454 2373 trahitzsed
3484 2317 3535 2372 id
3561 2333 3774 2387 qunque

2188 2415 2486 2486 prudentiae
2507 2423 2610 2468 tuae
2631 2412 2746 2478 fuit,
2767 2412 2908 2483 quod
2939 2413 3088 2466 illum
3107 2411 3268 2466 hodie
3283 2410 3427 2465 domi
3457 2410 3772 2476 detinueris,

2187 2517 2244 2563 et
2294 2509 2345 2562 in
2386 2508 2529 2562 diem
2583 2505 2876 2562 crastinum
2929 2506 3048 2573 ejus
3103 2503 3392 2558 adventum
3435 2501 3770 2572 promiseris.

2187 2601 2320 2656 Nam
2361 2614 2429 2654 ne
2471 2606 2651 2652 tantus
2696 2597 2935 2667 equitum
2967 2609 3248 2661 numerus,
3277 2607 3410 2648 neve
3439 2601 3772 2646 armatorum

2186 2695 2415 2750 militum
2446 2691 2726 2755 tumultus,
2757 2687 3076 2759 virginibus,
3100 2687 3332 2753 annbus,
3357 2685 3774 2752 senioribusque

2188 2787 2314 2841 viris
2332 2784 2633 2841 molestiam
2655 2781 2889 2850 aﬁ'erret,
2912 2781 3212 2851 festumque
3226 2779 3368 2834 diem
3386 2778 3643 2839 turbaret.
3659 2793 3772 2830 rem

2187 2878 2472 2949 prudentia
2491 2891 2587 2932 sua
2599 2874 2810 2946 dignam
2829 2875 3025 2928 faciens
3042 2872 3378 2942 imperatrix,
3403 2870 3773 2926 celebritatem

2185 2972 2388 3027 divisit.
2422 2969 2555 3024 Nam
2598 2970 2642 3023 si
2687 2967 2846 3022 ambo
2875 2965 3036 3021 hodie
3065 2965 3361 3028 venissent,
3390 2977 3512 3018 cras
3541 2961 3774 3018 celebri-

2189 3066 2312 3122 tatis
2343 3063 2465 3120 ﬁnis
2495 3063 2684 3118 fuisset
2718 3078 2731 3115 :
2761 3070 2817 3115 ut
2843 3069 3020 3113 autem
3048 3067 3105 3112 et
3132 3057 3184 3111 in
3215 3055 3303 3111 die
3344 3055 3592 3124 przesenti
3619 3055 3774 3124 quie-

2188 3167 2294 3213 tem
2321 3157 2496 3221 daret,
2529 3164 2586 3209 et
2622 3152 2805 3208 addito
2831 3149 2919 3205 die
2958 3149 3196 3204 crastino
3233 3147 3517 3217 largiorem
3553 3153 3767 3214 pararet

2187 3249 2452 3314 laetitiam,
2465 3247 2667 3302 remita
2684 3242 2970 3314 disposuit,
2988 3251 3043 3296 ut
3065 3241 3277 3311 liturgia
3300 3241 3621 3310 imperatore
3639 3255 3774 3308 prae-

2191 3353 2345 3397 sente
2374 3339 2526 3394 ﬁeret
2559 3356 2571 3392 :
2600 3347 2656 3391 et
2679 3335 2841 3390 hodie
2889 3335 3004 3404 ipsa
3053 3335 3296 3400 veniens,
3329 3331 3578 3401 promisit
3619 3330 3774 3385 nobis

2189 3434 2334 3488 illum
2359 3432 2444 3486 die
2465 3429 2704 3486 crastino
2726 3437 3006 3482 venturum
3033 3440 3174 3480 esse.
3199 3425 3348 3480 Sicut
3368 3424 3511 3479 enim
3533 3438 3656 3478 cum
3683 3423 3777 3477 illo

2188 3525 2396 3596 imperii
2447 3534 2672 3577 consors
2711 3529 2814 3584 est,
2839 3519 2911 3572 ita
2936 3527 2990 3571 et
3017 3517 3068 3572 in
3093 3517 3290 3587 pietate
3316 3529 3561 3586 quoque;
3598 3529 3776 3584 neque

2189 3619 2449 3690 permittit
2468 3631 2593 3671 eum
2615 3621 2763 3669 recte
2783 3611 3041 3667 factorum
3065 3625 3171 3665 non
3190 3622 3309 3663 esse
3329 3609 3665 3678 participem,
3679 3607 3777 3661 sed

2189 3711 2387 3781 ubique
2412 3715 2715 3764 consortem
2745 3706 2895 3760 illum
2917 3703 3132 3773 accipit.
3162 3702 3427 3770 Quoniam
3450 3701 3611 3771 igitur
3631 3701 3777 3755 cele-

2186 3803 2357 3860 britas
2381 3802 2496 3858 luee
2524 3799 2814 3871 spiritualis
2838 3798 2890 3851 in
2920 3805 3236 3868 sequentem
3258 3809 3472 3865 quoque
3501 3793 3644 3848 diem
3682 3809 3778 3848 ex-

2191 3897 2333 3952 tendi
2375 3896 2567 3960 debet,
2597 3893 2769 3964 idem_
2788 3907 2974 3947 rursus
2999 3890 3232 3946 studium
3275 3889 3656 3957 exbibeamus,
3687 3899 3774 3956 ut,

2188 3992 2328 4044 sicut
2357 3989 2515 4042 hodie
2538 3989 2676 4040 hanc
2717 3985 2915 4040 Christi
2952 3991 3219 4038 amantem
3261 3998 3387 4038 cum
3407 3984 3620 4038 civibus
3642 3985 3781 4038 vidi-

2189 4099 2330 4149 mus,
2358 4084 2437 4137 sic
2483 4081 2570 4135 die
2595 4081 2830 4134 crastino
2871 4079 3179 4145 religiosum
3220 4079 3595 4149 imperatorem
3653 4094 3777 4132 cum

2188 4176 2428 4230 exercitu
2458 4175 2734 4227 videamus
2775 4169 3119 4225 accedentem
3144 4211 3160 4237 ,
3188 4178 3244 4225 et
3270 4169 3410 4224 idem
3453 4170 3776 4225 sacriﬁcium

2195 4266 2307 4322 Deo
2347 4281 2470 4319 eum
2521 4264 2720 4334 pietate
2764 4261 3084 4316 oti‘erentem
3124 4277 3191 4315 ex
3235 4261 3352 4315 zelo
3394 4275 3590 4328 nempe
3623 4270 3679 4314 et
3707 4273 3777 4314 ex

2196 4359 2322 4421 ﬁde,
2357 4364 2411 4413 et
2434 4357 2674 4426 acceptis
2701 4356 2908 4410 sanctis
2935 4353 3271 4425 martyribus
3297 4367 3520 4422 precum
3547 4365 3779 4406 consor-

2197 4451 2366 4516 tibus,
2391 4449 2495 4504 illis
2518 4462 2872 4520 appreeemnr
2893 4447 3056 4500 vitam
3081 4445 3416 4506 diuturnam,
3441 4451 3779 4498 senectutem

2191 4548 2478 4617 vigentem,
2499 4542 2636 4597 ﬁlios
2655 4551 2710 4596 et
2735 4539 2875 4594 ﬁlios
2891 4537 3154 4600 ﬁliorum;
3178 4549 3243 4590 ac
3268 4550 3377 4604 pra:
3400 4532 3485 4588 his
3506 4534 3779 4592 omnibus.

2191 4648 2251 4694 ut
2271 4636 2418 4692 zelus
2440 4635 2541 4690 iste
2569 4639 2844 4700 augeatur,
2862 4629 3032 4698 pietas
3047 4635 3336 4690 accrescat,
3358 4633 3414 4680 et
3439 4627 3512 4679 ita
3535 4641 3784 4696 praisen-

2194 4741 2302 4786 tem
2331 4731 2494 4783 vitam
2511 4722 2829 4793 transigant,
2859 4730 2914 4774 ut
2937 4735 3032 4790 per
3061 4717 3266 4773 inﬁnita
3285 4717 3479 4792 saacula
3509 4733 3629 4771 eum
3659 4716 3772 4769 u-.i-

2191 4821 2372 4893 genito
2395 4819 2486 4874 Dei
2511 4816 2648 4870 Filio
2675 4821 2936 4884 regnent:
2973 4826 3096 4866 nam
3139 4810 3200 4865 Si
3240 4811 3484 4881 patimur,
3518 4809 3706 4878 inquit,
3736 4816 3786 4861 et

2191 4910 2612 4983 conregnabimus
2641 4906 2659 4979 (
2687 4906 2744 4962 2.
2778 4905 2919 4976 Tim,
2939 4904 2994 4958 2.
3028 4903 3096 4958 12
3123 4901 3174 4975 );
3216 4912 3376 4971 atque
3416 4909 3618 4955 aeterna
3645 4903 3784 4952 booa

2193 5018 2586 5074 consequemur
2612 5019 2624 5054 :
2649 4999 2841 5070 quibus
2863 4988 3067 5052 utinam
3108 5010 3297 5051 omnes
3329 4994 3634 5064 dignemur,
3657 5009 3782 5063 gra-

2195 5098 2266 5154 tia
2289 5110 2341 5152 et
2368 5093 2696 5164 benignitate
2731 5090 2938 5146 Domini
2964 5089 3133 5144 nostri
3164 5087 3288 5143 Jesu
3311 5087 3536 5153 Christi,
3554 5087 3638 5141 cui
3659 5099 3785 5140 cum

2196 5195 2354 5251 Patre
2380 5191 2569 5263 gloria,
2603 5201 2706 5242 una
2737 5200 2859 5241 cum
2906 5193 3094 5238 sancto
3131 5182 3357 5253 Spiritu,
3389 5194 3530 5237 nunc
3563 5189 3620 5237 et
3643 5192 3788 5234 seni-

2204 5301 2318 5356 per,
2361 5293 2416 5338 et
2445 5283 2496 5337 in
2543 5279 2736 5336 saecula
2766 5275 3117 5332 saculos-um.
3149 5276 3342 5330 Amen.
