4138 6528
452 476 546 532 1τὸ

1310 476 1376 532 Hi
1419 476 1723 544 HOMILIA,
1768 476 1970 532 ΜΕΤΑ
2013 475 2402 536 PMSENTE
2447 482 2922 542 IMPERtTOllE.

2962 637 2964 640 .
3317 635 3333 662 ε
3569 659 3718 669 MM”
3741 664 3760 674 η

1820 687 2172 752 ΗΟΜΙΗΑ
2216 691 2331 756 III.

446 843 712 915 Ejusdem.
748 840 1039 912 Insequenti
1064 841 1146 895 die
1171 840 1468 894 adveniente
1495 840 1797 911 imperatore
1819 837 1870 891 in
1899 851 2040 889 mar-

515 935 707 1008 tyrium
748 950 837 988 seu
887 935 1153 989 ecclesiam
1209 936 1436 1004 apostoli
1461 943 1510 989 et
1539 933 1776 1004 martyris
1809 931 2054 998 Tliontat,k

511 1043 625 1099 qua!
646 1030 744 1082 sita
771 1037 844 1082 est
873 1028 927 1081 in
950 1026 1169 1098 Drypia,
1209 1044 1323 1080 cum
1369 1029 1651 1082 recessisset
1692 1037 1810 1082 ante
1833 1027 2040 1082 concio-

512 1137 644 1184 nem,
661 1120 770 1174 licet:
797 1119 1008 1174 ltomitia
1037 1120 1208 1174 Ital-ita
1227 1130 1300 1174 est
1324 1119 1394 1172 ad
1422 1119 1602 1190 populi
1623 1129 1824 1176 coetum.

515 1215 563 1270 1.
598 1212 922 1268 Benedictus
949 1211 1094 1267 Deus
1128 1230 1142 1266 :
1174 1221 1389 1282 quantae
1410 1221 1535 1266 sunt
1555 1221 1851 1284 martyrum
1874 1211 2044 1266 virtu-

440 1307 558 1361 tes!
591 1304 707 1361 heri
735 1305 890 1361 nobis
916 1303 991 1359 illi
1021 1312 1186 1360 totam
1217 1305 1487 1360 civitatem
1515 1321 1636 1361 cum
1676 1305 2038 1374 imperatrice,

444 1399 602 1455 hodie
659 1399 1042 1469 imperatorem
1100 1413 1222 1454 cum
1260 1398 1499 1453 exemita
1545 1407 1603 1453 et
1644 1397 1844 1469 pietate
1872 1397 2069 1455 multa-

436 1492 590 1547 nobis
621 1500 978 1557 attraxerant,
1013 1505 1118 1545 non
1149 1490 1379 1546 vinculis
1416 1489 1512 1546 sed
1553 1499 1742 1545 eatena
1773 1489 2037 1554 caritatis,

432 1595 621 1643 eatena
669 1599 790 1656 qua:
840 1597 1131 1654 numquam
1180 1583 1465 1654 rumpitur.
1509 1581 1622 1638 Hoc
1647 1589 1825 1636 autem
1870 1581 2038 1635 mira-

435 1681 542 1738 bile
586 1691 699 1744 est,
733 1692 840 1736 non
887 1677 1031 1749 quod
1061 1677 1270 1734 venerit
1298 1677 1611 1748 imperator,
1629 1675 1724 1731 sed
1745 1675 1888 1747 quod
1914 1690 2035 1730 cum

433 1789 622 1844 magna
676 1772 989 1838 alacritate;
1030 1785 1137 1826 non
1167 1769 1508 1836 necessitate,
1537 1768 1633 1826 sed
1662 1769 1893 1834 affectu;
1928 1782 2034 1822 non

429 1875 654 1942 gratiam
684 1869 966 1940 praebens,
993 1866 1088 1923 sed
1115 1862 1342 1937 gratiam
1372 1865 1644 1936 accipiens
1672 1881 1686 1919 :
1715 1875 1770 1920 et
1799 1864 1888 1934 qui
1937 1862 2036 1918 be-

431 1963 621 2019 neficia
652 1961 907 2017 omnibus
941 1974 1038 2031 per
1083 1959 1273 2016 orbem
1304 1959 1547 2025 confert,
1575 1957 1721 2012 venit
1770 1956 2033 2012 beneﬁcia

430 2074 457 2109 a
490 2057 692 2111 sumtis
723 2056 874 2110 hisce
905 2069 1238 2126 magnosque
1259 2053 1520 2108 bonorum
1554 2051 1758 2107 fructus
1784 2060 2036 2121 acceptu-

431 2166 542 2206 rus.
572 2149 804 2221 Ideoque
833 2159 889 2204 et
919 2149 1034 2219 ipse
1065 2146 1392 2211 diademate,
1416 2156 1472 2202 et
1520 2147 1779 2202 satellites
1816 2161 2029 2212 clunes,

433 2245 520 2298 alii
542 2245 767 2316 clypeis,
791 2243 878 2297 alii
898 2243 1102 2298 lanceis
1122 2242 1406 2312 depositis,
1427 2251 1480 2296 et
1503 2239 1640 2296 fastu
1664 2240 1758 2295 illo
1780 2240 2028 2312 depulso,

434 2350 556 2389 cum
585 2335 816 2390 demisso
842 2335 1022 2390 animo
1061 2349 1344 2390 accessere
1389 2323 1602 2397 omnes,
1630 2333 1783 2404 quasi
1810 2348 1841 2387 a
1884 2343 2034 2389 terra

435 2432 487 2486 in
519 2431 705 2487 malum
743 2430 994 2502 ingressi,
1043 2430 1130 2485 ubi
1169 2429 1480 2500 dignitates,
1527 2428 1806 2498 splendor,
1838 2437 1888 2483 et
1919 2436 2028 2482 tota

427 2525 515 2578 illa
546 2523 860 2594 dignitatum
889 2538 1050 2580 scena
1079 2523 1311 2594 ejicitur,
1342 2524 1465 2578 vitae
1491 2532 1670 2579 autem
1717 2521 2026 2592 exemplum

424 2625 482 2671 et
523 2616 734 2672 virtutis
792 2616 1002 2673 fructus
1046 2625 1254 2672 tantum
1307 2616 1583 2687 effulgent.
1635 2615 1790 2682 Quod
1844 2617 1889 2671 si
1940 2615 2028 2672 hic

424 2717 568 2764 tanta
611 2720 689 2765 est
723 2719 1023 2782 martyrum
1071 2710 1264 2778 virtus,
1314 2710 1490 2780 cogita
1537 2718 1735 2780 quanta
1781 2709 1838 2764 in
1880 2708 2028 2764 caelis

421 2802 597 2858 futura
641 2806 710 2859 sit
744 2821 758 2858 ε
791 2804 836 2858 si
887 2805 940 2858 in
1003 2819 1236 2875 agonum
1282 2811 1337 2858 et
1379 2803 1736 2859 certaminum
1780 2811 2026 2872 tempore

423 2898 556 2952 tales
585 2909 713 2952 sunt
740 2898 978 2967 ipsorum
999 2897 1285 2966 ,Ιιοιιοιοεες
1321 2896 1374 2952 in
1407 2896 1756 2968 praemiorum
1779 2904 2024 2964 tempore

418 2993 597 3064 qualia
644 2991 833 3047 bravia
877 2992 1075 3046 erunt?
1104 2991 1319 3046 Etenim
1367 2999 1550 3045 nostra
1583 3005 1689 3045 non
1727 2998 1853 3044 sunt
1882 3005 2023 3060 pra:-

418 3089 586 3143 sentis
635 3087 762 3142 vitae
806 3086 1067 3141 limitibus
1115 3086 1566 3157 circumscripta:
1612 3084 1710 3142 sed
1749 3085 1816 3139 ad
1859 3083 2020 3140 aliam

416 3183 580 3235 vitam
623 3178 880 3250 prmsenti
928 3179 1209 3234 meliorem
1256 3192 1628 3249 properamus,
1688 3185 1746 3232 et
1785 3175 1851 3231 ad
1897 3177 2021 3232 lon-

416 3277 621 3346 giorem
661 3289 812 3344 spem
859 3273 1257 3339 contendimus,
1290 3281 1347 3328 et
1390 3271 1458 3327 ad
1500 3271 1765 3326 bonorum
1820 3271 2024 3326 haben—

413 3371 553 3424 tium
624 3365 1016 3423 usttml‘ructum
1071 3365 1454 3421 immortalem.
1504 3364 1564 3421 lu
1627 3364 1736 3420 duo
1789 3377 2023 3434 namque

414 3478 527 3516 aera
558 3463 698 3517 Deus
747 3462 908 3515 vitam
944 3472 1184 3515 nostram
1212 3458 1435 3523 divisit;
1472 3471 1816 3529 praesensque
1845 3472 2020 3512 aevum

415 3554 746 3608 laboriosum
802 3553 1070 3619 reddidit,
1119 3551 1356 3606 futurum
1407 3566 1538 3607 vero
1584 3564 1754 3605 suave
1793 3558 1850 3604 et
1894 3548 2020 3604 inii-

414 3649 583 3703 nitum
614 3665 629 3712 ;
665 3657 724 3703 ut
763 3657 884 3716 post
925 3646 1167 3702 modicos
1198 3644 1286 3699 hic
1324 3645 1632 3700 exantlatos
1663 3642 1877 3699 labores
1921 3643 2020 3696 im-

414 3721 732 3796 mortalibus
784 3739 891 3794 illic
943 3740 1183 3793 fruamur
1226 3737 1464 3793 coronis.
1520 3736 1745 3793 Volebat
1797 3736 2015 3806 quidem

411 3833 500 3888 ille
522 3832 702 3887 statim
728 3831 797 3885 ab
818 3830 1042 3888 exordio
1073 3830 1137 3884 ad
1171 3830 1315 3885 illam
1346 3843 1444 3884 nos
1464 3828 1662 3908 dueere
1685 3829 1886 3894 vitam;
1919 3827 2014 3884 sed

412 3944 510 3983 nos
541 3942 648 3982 non
700 3925 1069 3998 permisimus,
1106 3924 1423 3995 ignaviaque
1472 3933 1654 3978 neStra
1687 3923 1883 3976 multas
1912 3937 2014 3977 tae-

410 4023 625 4078 Xuimus
655 4035 855 4083 moras,
890 4030 945 4074 et
1001 4034 1097 4089 per
1135 4018 1402 4088 ingratum
1433 4017 1672 4071 animum
1703 4016 2014 4070 diuturnam

411 4117 558 4171 illam
588 4114 904 4172 dilationem
939 4113 1094 4167 nobis
1133 4110 1590 4181 comparavimus.
1621 4109 1688 4163 Et
1715 4109 1816 4164 hoc
1832 4125 1895 4162 ex
1925 4108 2010 4176 iis,

407 4228 530 4282 quzc
560 4211 628 4265 ab
656 4210 807 4266 initio
837 4209 994 4263 nobis
1035 4207 1156 4261 data
1187 4205 1421 4270 fuerant,
1457 4205 1672 4274 planum
1716 4202 1893 4259 facere
1917 4217 2013 4258 co-

411 4306 602 4360 nabor.
649 4303 786 4360 Nam
809 4304 889 4358 sic
919 4302 1064 4358 Deus
1097 4300 1376 4355 nobiscum
1410 4299 1558 4369 agit:
1584 4314 1706 4354 cum
1732 4298 2038 4369 quidpiam-

407 4401 533 4455 boni
582 4397 738 4454 nobis
782 4397 1120 4467 prmstiturus
1149 4402 1253 4459 est,
1284 4391 1494 4448 etiamsi
1525 4392 1727 4462 indigni
1759 4391 1879 4461 ejus
1910 4391 2008 4447 be-

408 4492 693 4549 neﬁcentia
741 4489 1039 4553 videamur,
1076 4495 1256 4541 tamen
1304 4485 1608 4554 peremnia
1658 4483 1916 4550 ostendit,
1947 4497 2008 4539 se

404 4587 624 4658 quidem
653 4582 908 4650 voluisse,
937 4579 1032 4636 sed
1061 4594 1157 4649 per
1183 4578 1455 4650 ignaviam
1481 4586 1721 4634 nostram
1745 4575 2008 4633 accidisse

405 4691 464 4735 ut
507 4679 576 4734 ab
604 4695 670 4733 eo
696 4677 840 4750 quod
870 4675 960 4730 ille
1007 4672 1225 4729 volebat
1259 4670 1652 4726 cxcideremus.
1705 4668 1818 4724 lloc
1861 4679 2006 4726 certe

403 4773 559 4828 initio
595 4771 740 4827 fecit.
1280 4782 1287 4789 '

481 4864 717 4918 Hominis
763 4862 992 4934 dignitas
1048 4861 1100 4914 in
1157 4867 1294 4916 statu
1347 4855 1669 4911 iuuat-entire.
1730 4854 2007 4910 Peccatum

399 4962 587 5013 Adumi
620 4959 876 5012 hominem
901 4958 969 5011 ad
989 4955 1336 5010 sublimiorem
1360 4951 1758 5007 statttnr'evexit.
1781 4980 1856 4992 —
1870 4949 2004 5005 Cum

399 5057 546 5110 enim
578 5054 854 5109 hominem
872 5051 1178 5107 elformavit
1193 5050 1355 5111 Deus,
1371 5047 1550 5102 statim
1575 5061 1680 5100 non
1704 5045 2001 5113 laboribus,

399 5166 506 5204 non
555 5148 810 5213 miserim,
842 5161 947 5201 non
977 5143 1151 5199 dolori
1195 5141 1497 5198 olmoxium
1542 5139 1690 5205 fecit,
1724 5153 1829 5194 non
1859 5153 2006 5195 mor-

401 5247 561 5299 talem
602 5224 885 5305 condidit;
925 5237 1024 5294 sed
1055 5251 1156 5292 nec
1195 5235 1425 5290 triSIitia:
1452 5248 1552 5290 nec
1581 5230 1872 5288 sudoribus
1903 5246 2004 5287 nec

397 5337 558 5391 morti
592 5345 717 5391 tunc
748 5333 998 5388 addictus
1039 5338 1175 5384 erat.
1206 5327 1391 5398 Neque
1418 5326 1586 5392 enim,
1621 5325 1722 5380 nisi
1752 5325 1822 5379 ab
1847 5324 2002 5380 initio

395 5431 500 5486 hoc
532 5431 607 5487 illi
637 5427 1034 5492 concessisset,
1065 5431 1188 5494 post
1213 5419 1694 5491 transgressionem
1721 5418 1788 5473 ad
1835 5418 2016 5474 talem-

397 5525 547 5580 illom
603 5523 940 5595 punitiouem
983 5533 1046 5574 ac
1084 5514 1406 5586 supplicium
1437 5513 1828 5568 damnavisset.
1859 5513 1996 5571 Cum
2047 5560 2053 5568 .

397 5622 577 5691 itaque
596 5619 679 5673 bis
707 5615 947 5672 nondum
974 5611 1244 5668 obnoxius
1268 5619 1432 5675 esset,
1453 5610 1744 5679 plusquam
1769 5608 1852 5664 sol
1882 5608 1998 5678 ipse

395 5713 656 5784 fulgebat,
684 5710 925 5765 vestibus
951 5705 1146 5773 nudus,
1177 5705 1346 5776 gloria
1367 5702 1754 5758 circumdatus.
1781 5702 1997 5758 Etenim

394 5810 496 5861 hoc
523 5820 739 5876 quoque
777 5801 1121 5859 beatitudinis
1148 5801 1267 5868 ejus
1291 5799 1501 5869 signqu
1531 5806 1650 5852 erat
1676 5798 1992 5865 maximum,

394 5903 535 5971 quod
571 5916 671 5958 nec
697 5899 936 5955 vestibus
965 5905 1146 5968 egeret
1177 5910 1353 5966 neque
1402 5902 1713 5964 tegumento
1757 5909 1858 5949 nec
1887 5894 2007 5950 alie"

391 5998 585 6070 quovis
629 5997 855 6066 attactu,
895 5993 991 6051 sed
1017 6008 1212 6066 corpus
1244 5991 1468 6049 babcret
1511 5990 1703 6048 lterum
1748 5991 1993 6047 omnium

2156 853 2253 893 usu
2302 843 2571 911 superius.
2615 843 2800 918 Neque
2845 847 2972 903 hinc
3021 851 3197 906 solum
3245 853 3432 910 beatus
3476 867 3630 920 erat:
3659 860 3756 915 sed

2152 934 2294 1002 quod
2325 945 2480 990 antea
2514 937 2609 992 Dei
2637 939 2905 996 frueretur
2933 943 3228 1014 colloquio,
3259 957 3314 1002 et
3343 949 3594 1018 loquendi
3631 967 3754 1006 cum

2152 1022 2272 1095 ipso
2301 1025 2545 1083 libertate
2571 1029 2852 1099 gauderet.
2881 1031 2948 1087 Et
2974 1035 3147 1105 angeli
3177 1038 3394 1107 qtliuiem
3428 1042 3754 1106 tremebant.

2149 1117 2440 1173 Clterubim
2460 1131 2514 1174 et
2539 1122 2824 1191 Seraphim
2848 1140 2914 1180 ne
2935 1128 3206 1183 audebant
3227 1132 3444 1200 quidem
3465 1135 3709 1205 aspicere
3741 1155 3752 1190 :

2151 1209 2266 1280 ipse
2297 1228 2426 1267 vero
2454 1223 2510 1268 ut
2537 1216 2744 1271 amicus
2785 1231 2908 1272 cum
2949 1220 3126 1274 amieo
3171 1223 3442 1294 colloquia
3491 1242 3613 1282 cum
3661 1230 3752 1282 illo

2151 1303 2429 1361 miscebat.
2465 1308 2678 1365 Etenim
2726 1311 2942 1382 quando
2974 1313 3250 1370 brutormn
3296 1319 3610 1376 animalium
3657 1340 3750 1390 ge-

2148 1413 2280 1453 nera
2305 1401 2568 1469 condidit,
2601 1403 2667 1458 ad
2701 1404 2876 1474 ipsum
2909 1407 2998 1461 illa
3025 1408 3271 1477 adduxit,
3302 1424 3358 1468 et
3385 1415 3500 1484 ipse
3529 1418 3751 1475 nomina

2148 1489 2281 1560 ipsis
2333 1493 2588 1564 imposuit
2616 1497 2633 1566 (
2663 1497 2793 1553 Gen.
2823 1498 2878 1556 2.
2909 1501 2977 1556 l9
3007 1500 3050 1574 ),
3083 1520 3206 1574 quae
3259 1507 3541 1566 immutata
3597 1528 3746 1568 tuan.

2146 1593 2285 1674 scre.
2318 1582 2450 1638 Nam
2481 1585 2584 1642 hoe
2626 1603 2842 1661 quoque
2867 1593 3161 1653 maximum
3191 1607 3307 1652 erat
3336 1597 3560 1657 honoris
3590 1603 3692 1674 ipsi
3721 1622 3750 1659 ει

2147 1671 2256 1769 Deo
2273 1677 2498 1746 prtestiti
2517 1679 2752 1751 signum,
2766 1699 2873 1740 non
2892 1687 3035 1757 quod
3054 1687 3227 1758 ipsum
3243 1693 3459 1750 nomina
3475 1671 3752 1769 imponere

2138 1763 2381 1835 jusserit,
2413 1771 2510 1827 sed
2541 1773 2684 1845 quod
2713 1777 2897 1846 etiam,
2933 1791 3214 1852 postquam
3248 1783 3412 1841 homo
3433 1788 3534 1844 sibi
3550 1763 3747 1852 datam

2143 1857 2317 1931 legem
2349 1873 2640 1934 everterat,
2672 1868 2814 1925 Deus
2845 1871 3137 1942 honorem,
3165 1892 3324 1945 quem
3357 1878 3458 1950 ipsi
3498 1891 3628 1940 ante
3663 1857 3744 1939 le-

2140 1966 2260 2022 gem
2307 1969 2674 2027 concesserat,
2720 1976 2826 2018 non
2875 1963 3205 2034 abstulerit;
3251 1971 3353 2028 sed
3399 1973 3562 2030 Omne
3608 1981 3746 2042 quod

2139 2050 2336 2142 vocet-it
2362 2051 2550 2118 Adam,
2583 2054 2681 2109 Itoc
2708 2073 2892 2112 nomen
2911 2071 2983 2114 est
3012 2062 3114 2132 ipsi
3141 2061 3349 2136 (lbid.).
3391 2067 3580 2125 Vidcn'
3611 2089 3745 2142 quo-

2138 2140 2302 2196 modo
2327 2143 2530 2200 nullum
2556 2145 2628 2203 ibi
2646 2161 2789 2205 esset
2809 2155 3090 2221 praesentis
3117 2157 3242 2212 vitm
3263 2161 3568 2232 symbolum
3591 2140 3746 2223 ?nou

2135 2241 2282 2289 artes
2336 2234 2430 2302 ibi,
2477 2252 2583 2294 non
2628 2245 2971 2310 commercia,
3022 2263 3128 2302 non
3157 2251 3416 2321 mdiﬁcia,
3448 2272 3555 2312 non
3585 2258 3742 2315 indu-

2136 2336 2340 2418 menta,
2374 2343 2479 2382 ιιοη
2512 2331 2887 2409 ρειιοθοειηοη
2936 2348 3164 2406 tectum,
3195 2358 3302 2399 llOll
3330 2361 3596 2418 mensam,
3629 2368 3738 2408 llOll

2137 2414 2401 2484 laborem,
2427 2437 2535 2477 non
2562 2423 2826 2494 dolorem,
2855 2444 2963 2484 non
2987 2445 3238 2503 mortem,
3260 2451 3366 2490 non
3396 2439 3540 2496 aliud
3575 2414 3742 2500 malo-

2134 2526 2254 2566 rum
2285 2527 2476 2584 agmen
2500 2515 2736 2582 videris;
2761 2520 2854 2574 sed
2885 2523 3163 2593 splendida
3195 2539 3348 2584 erant
3377 2526 3658 2603 prommia,
3684 2549 3742 2593 et

2133 2604 2257 2660 laeta
2279 2608 2561 2677 vestibula,
2585 2621 2639 2666 et
2660 2612 2870 2669 initium
2891 2615 2959 2670 ad
2987 2618 3265 2676 meliorem
3290 2622 3450 2678 vitam
3477 2626 3735 2686 ducebat.

2131 2698 2239 2756 Sed
2294 2700 2346 2756 id
2380 2718 2485 2759 non
2519 2707 2762 2775 permisit
2811 2709 3004 2775 Adam,
3032 2727 3154 2766 eum
3207 2715 3416 2784 ignavia
3470 2735 3598 2775 usus
3639 2738 3739 2776 ex.

2134 2794 2705 2866 plicabili,jussorum
2752 2800 2856 2856 sibi
2899 2803 3160 2860 terminos
3209 2809 3516 2879 transilirit,
3560 2829 3735 2884 neque

2129 2890 2199 2946 ab
2231 2906 2340 2946 ιιιιο
2362 2893 2632 2948 abstinere
2657 2896 2803 2966 ligno
2826 2900 3083 2954 sustinuit
3109 2919 3122 2956 :
3149 2911 3389 2960 attamen
3414 2907 3498 2962 sic.
3520 2925 3734 2978 quoque

2131 2985 2296 3038 tnulta
2341 2984 2433 3041 Dei
2467 2987 2770 3056 benignitas
2811 2993 3136 3046 ostenditur.
3182 2994 3334 3052 Solet
3376 2998 3519 3052 enim
3551 2999 3691 3054 Deus
3717 3043 3754 3065 ,4

2128 3078 2345 3149 quando
2394 3095 2422 3133 a
2472 3081 2724 3151 quopiam
2779 3099 2874 3152 per
2927 3085 3212 3155 ignaviam.
3243 3087 3449 3160 delapsi
3499 3106 3732 3159 sumus1

2129 3172 2305 3226 omnia
2336 3170 2540 3238 Lubere,
2573 3190 2674 3230 nec
2706 3188 2830 3231 ante
2856 3177 3143 3245 absiszere,
3169 3197 3328 3251 quam
3358 3201 3456 3240 nos
3472 3186 3538 3240 ad
3563 3189 3760 3246 inulto.

2130 3265 2333 3336 majora
2375 3266 2449 3322 iis
2485 3283 2604 3338 quae
2633 3270 2915 3328 amisimus
2959 3274 3214 3332 extulerit
3247 3293 3261 3331 :
3294 3276 3347 3331 id
3374 3281 3518 3350 quod
3566 3282 3754 3340 etiam.

2129 3369 2256 3415 tunc
2295 3357 2517 3415 factum.
2551 3362 2870 3419 Excidimus
2909 3368 3054 3420 enim
3107 3382 3171 3428 ex
3203 3371 3554 3438 paradiso,et
3580 3391 3755 3430 δείξω,

2129 3455 2304 3519 pimus
2322 3455 2515 3511 Caelum
2543 3475 2556 3510 :
2585 3456 2813 3526 ideoque
2834 3457 3033 3514 damno
3057 3463 3232 3531 majus
3254 3475 3336 3519 est
3362 3467 3592 3524 illl‘l‘lllll.
3622 3471 3728 3526 Sed

2126 3563 2232 3603 non
2286 3548 2466 3606 statim
2519 3547 2649 3603 illud
2701 3552 3046 3620 accepimus;
3100 3554 3258 3625 idque
3310 3573 3377 3614 ex
3422 3559 3542 3632 ejus
3598 3579 3734 3618 ριιιει,

2123 3651 2178 3696 et.
2207 3642 2543 3710 providentia
2575 3641 2774 3697 factum
2807 3653 2908 3698 est.
2944 3645 3080 3712 Quia
3109 3648 3252 3701 enim
3302 3650 3512 3706 dixerat
3545 3654 3727 3708 inimi-

2121 3747 2239 3801 cus,
2276 3733 2435 3789 Eritis
2479 3735 2608 3789 sicut
2648 3735 2724 3788 dii
2772 3734 2930 3810 (Gen.
2977 3739 3032 3792 5.
3067 3738 3160 3807 5),
3205 3751 3260 3795 et
3301 3743 3447 3812 ip~os
3497 3746 3586 3800 tali
3631 3764 3730 3816 spe

2122 3826 2426 3892 inilaverat,
2464 3835 2521 3881 ut
2567 3836 2948 3898 exspectarent
2991 3845 3050 3884 se
3079 3829 3188 3885 Deo
3234 3847 3390 3901 pares
3419 3833 3557 3901 fore,
3590 3846 3644 3892 et
3674 3841 3726 3894 in

2120 3920 2484 3992 arrogantiam
2537 3919 2686 3989 ipsos
2730 3920 2996 3976 allexerat
3047 3930 3099 3976 et
3141 3922 3207 3976 ad
3256 3924 3514 3995 majorem
3565 3945 3749 3999 quam.

2121 4022 2310 4067 natura
2340 4026 2436 4067 sua
2463 4010 2632 4067 ferret
2667 4011 2979 4082 Opinionem
3013 4031 3028 4068 ς
3065 4013 3373 4085 hujusmotli
3404 4018 3552 4073 ulcus
3587 4028 3744 4090 peni-.

2121 4114 2208 4162 tus
2251 4119 2450 4161 curans
2478 4105 2643 4170 Deus,
2685 4106 2868 4160 statim
2895 4107 2960 4160 ad
3003 4116 3216 4178 tempus
3265 4110 3396 4164 sinit
3448 4111 3501 4166 in
3551 4127 3751 4171 morte.

2119 4201 2349 4266 versari,
2381 4209 2440 4256 ut
2479 4199 2855 4269 experimento
2881 4199 3080 4256 diaboli
3112 4203 3397 4259 consilium
3431 4206 3723 4273 edisceret,

2117 4307 2172 4352 et
2205 4298 2371 4367 probe
2402 4297 2644 4351 instituta
2681 4299 2884 4363 anima,
2914 4311 3114 4367 corpus
3141 4297 3449 4356 immortale
3476 4317 3726 4358 assume-

2118 4402 2220 4449 ret.
2266 4391 2484 4446 Interim
2533 4405 2664 4462 ergo
2712 4390 2925 4445 volebat
2982 4389 3126 4447 Deus
3180 4393 3372 4449 mortis
3427 4405 3629 4453 metum
3673 4399 3751 4457 iu.

2115 4487 2300 4541 animo
2346 4483 2550 4554 vigere,
2595 4482 3000 4554 terribilemque
3030 4498 3147 4540 rem
3176 4481 3382 4548 putari.

2185 4579 2242 4634 2.
2284 4575 2366 4632 De
2393 4575 2561 4631 Abelis
2590 4578 2748 4632 ccede.
2797 4575 3125 4632 Resurrectio
3151 4581 3332 4650 futura
3361 4579 3574 4636 obscure
3605 4584 3720 4654 μή-.

2113 4688 2254 4726 nium
2280 4668 2738 4726 indicata.—ldeo
2765 4669 2990 4725 Abelem
3020 4670 3173 4740 prius
3199 4671 3340 4732 mori
3371 4675 3636 4744 permisit,
3662 4687 3746 4740 ut.

2111 4767 2201 4837 qui
2249 4765 2632 4837 prtevaricatus
2681 4761 2878 4831 fuerat,
2907 4779 2976 4819 ex
3002 4764 3121 4836 ipso
3147 4765 3266 4822 visu
3301 4766 3539 4827 disceret
3563 4771 3724 4841 quid:

2115 4876 2238 4915 nam
2260 4875 2408 4916 mors
2425 4869 2592 4926 esset,
2607 4868 2661 4915 et
2683 4874 2844 4931 quam
2865 4860 3046 4931 gravis
3074 4875 3418 4934 onerosaque
3438 4880 3528 4922 res
3553 4879 3738 4928 esse-1..

2111 4954 2245 5011 Nam
2268 4957 2312 5011 si
2340 4955 2455 5026 ipse
2478 4955 2684 5025 primus
2725 4964 2971 5010 mortuus
3017 4965 3192 5023 esset,
3231 4967 3478 5014 naturam
3505 4962 3583 5015 rei
3611 4979 3741 5023 non.

2112 5051 2374 5116 novisset,
2403 5064 2525 5105 cum
2557 5066 2662 5104 non
2691 5049 2859 5104 alium
2886 5047 3111 5104 vidisset
3134 5059 3408 5106 morttutm
3430 5069 3604 5108 :nunc
3633 5073 3723 5110 au-

2114 5155 2222 5202 tem
2247 5130 2371 5215 ipse.
2382 5143 2602 5216 quidem
2623 5145 2798 5209 vivus,
2819 5144 2870 5198 in
2892 5143 2999 5198 alio
3015 5154 3197 5199 autem
3229 5157 3736 5216 corporenmortem.

2112 5243 2303 5298 videns
2335 5244 2425 5296 lilii
2456 5256 2655 5312 corpus
2681 5241 3396 5312 occupantem,'accuratius
3435 5243 3731 5299 etclarins.

2109 5327 2407 5397 punitionis
2426 5327 2848 5398 magnitudinem
2867 5325 3075 5384 didicit.
3112 5325 3352 5396 Ideoque
3375 5341 3481 5382 non
3510 5335 3730 5386 tantum-

2108 5420 2165 5475 in
2191 5420 2394 5486 alieno,
2429 5419 2524 5475 sed
2556 5428 2612 5474 et
2639 5419 2694 5474 in
2736 5418 2827 5472 filii
2853 5416 2938 5473 sui
2959 5432 3188 5488 corpore
3214 5419 3266 5472 id
3292 5418 3447 5485 vidit,
3477 5419 3566 5474 ubi
3589 5437 3730 5478 cuin.

2108 5515 2224 5586 ipsa
2262 5515 2339 5570 rei
2384 5523 2574 5569 natura
2618 5513 2929 5586 tyrannicas
2967 5515 3136 5583 patris
3160 5513 3387 5570 allectus
3407 5517 3729 5586 graviorem.

2106 5607 2354 5679 pariebat
2394 5605 2672 5672 dolorem,
2718 5605 2993 5676 etiamque
3021 5621 3145 5662 cum
3196 5604 3316 5676 ipsa
3357 5617 3548 5666 natura
3605 5609 3716 5664 vir-

2109 5712 2194 5758 tus
2225 5701 2350 5766 filii;
2383 5716 2505 5755 cum
2545 5700 2746 5754 virtute
2785 5697 3132 5770 ﬂosquoque
3164 5700 3363 5755 aetatis.
3395 5699 3512 5755 Non
3565 5703 3724 5764 enim,

2107 5798 2160 5854 in
2200 5806 2501 5865 senectute,
2559 5794 2654 5849 sed
2692 5795 2744 5848 in
2787 5794 2905 5865 ipso
2951 5793 3252 5866 juventutis
3295 5797 3482 5865 vigore
3537 5809 3726 5858 morte.

2104 5894 2348 5950 sublatus
2378 5901 2480 5947 est.
2505 5889 2584 5945 Ad
2619 5890 2735 5946 lure
2755 5905 2884 5944 vero
2901 5889 3082 5944 outnia
3111 5902 3140 5942 a
3175 5887 3340 5943 fratre
3375 5902 3475 5943 suo
3505 5890 3555 5944 id
3590 5905 3708 5958 pns-

2103 6005 2196 6047 sus
2227 5988 2419 6056 fuerat,
2455 5995 2508 6043 ct
2536 6002 2563 6040 ει
2588 5983 2751 6040 fratre
2773 5983 3032 6041 scelerate
3053 5991 3106 6038 et
3138 5981 3318 6053 inique
3360 5991 3570 6052 agente.
3609 5983 3721 6040 Per.
