4138 6516
379 451 485 512 επ»

378 574 497 627 lucc
537 571 682 626 enim
711 567 889 623 omnia
941 564 1198 619 terribilis
1227 562 1416 616 mortis
1458 561 1670 630 species
1697 558 1963 614 reddeba-

378 673 540 718 tur-et
567 670 784 731 aspectu
814 657 1106 728 lugubrior,
1137 666 1192 709 et
1229 656 1282 709 iit
1316 653 1522 707 Adatno
1547 653 1761 722 gravior
1789 651 1964 705 luctus

377 754 742 811 concitabatur
767 793 780 816 ,
824 766 944 805 cum
975 747 1393 818 unumquodque
1440 761 1628 800 eorum
1675 758 1794 814 qum
1822 743 1964 797 dixi-

378 863 501 903 mus
554 859 800 915 magnam
832 841 1154 896 accenderet
1185 841 1459 894 fornacem
1499 846 1554 892 et
1597 837 1961 891 ardentioreu.

377 943 646 995 ﬂammam
679 939 954 1001 efficeret,
984 937 1314 1005 decoretque
1366 932 1418 986 in
1465 941 1723 1001 quantum
1764 928 1965 985 malum

375 1033 553 1102 ipsum
583 1029 859 1100 injecisset
885 1028 1154 1082 diabolus.
1183 1024 1314 1080 Nam
1359 1024 1402 1078 si
1435 1037 1533 1077 nos
1554 1063 1568 1085 ,
1598 1021 1687 1092 qui
1719 1020 1964 1090 quotidie

378 1133 622 1177 mortuos
654 1121 898 1176 videmus
927 1160 942 1185 ,
986 1119 1264 1172 tttrbatuur
1288 1158 1303 1181 ,
1335 1113 1745 1182 expavescimus
1765 1153 1778 1175 ,
1812 1125 1964 1166 cout-

378 1213 694 1281 pritnimur;
721 1226 818 1265 nec
848 1225 944 1264 nos
975 1217 1197 1272 tantum,
1229 1205 1324 1261 sed
1353 1206 1514 1259 etiam
1548 1204 1581 1256 ii
1612 1201 1702 1271 qui
1723 1200 1966 1270 superci-

377 1305 447 1358 lia
488 1303 752 1358 extollunt
787 1311 948 1372 atque
993 1301 1042 1354 itt
1076 1298 1284 1369 magnis
1315 1304 1596 1351 versantur
1620 1291 1968 1362 dignitatibus

379 1407 434 1449 ct
462 1395 736 1460 inflantur,
762 1394 808 1450 si
828 1395 1043 1448 veniant
1061 1392 1125 1445 ad
1147 1392 1304 1444 funus
1327 1387 1489 1444 etiam
1517 1386 1710 1441 mortui
1736 1383 1969 1453 vulgaris

377 1488 741 1554 conditionis,
787 1488 901 1556 ipso
954 1495 1173 1557 aspectu
1221 1483 1688 1553 comprimuntur,
1736 1488 1790 1532 et
1832 1493 1965 1547 quo.

381 1583 462 1636 vis
504 1581 611 1634 alio
664 1580 975 1634 humiliores
1008 1577 1342 1633 redduntur:
1372 1574 1501 1646 quid
1546 1571 1836 1630 verisimile
1889 1579 1970 1623 est

381 1679 596 1742 passum
649 1688 768 1728 esse
824 1673 970 1726 illtutt
1019 1671 1106 1740 qui
1159 1677 1426 1722 ntortuutn
1454 1665 1682 1735 primum
1731 1661 1966 1727 videbat,

382 1772 438 1818 et
486 1767 538 1818 itt
598 1765 727 1831 lilii,
784 1765 891 1818 imo
936 1763 1054 1817 talis
1103 1761 1230 1828 ﬁlii,
1275 1772 1541 1829 corpore;
1599 1756 1688 1826 qui
1732 1752 1967 1809 nondum

381 1873 449 1912 ex
509 1866 840 1912 mortuorum
910 1855 1208 1925 frequentia
1265 1852 1336 1906 de
1399 1859 1545 1905 tanto
1608 1849 1748 1903 ntalo
1795 1846 1967 1915 cogita

387 1961 574 2016 verat,
619 1965 682 2005 ex
737 1950 812 2003 rei
865 1948 1145 2002 insolentia
1193 1946 1423 2000 maxime
1471 1938 1968 2010 turbaretur?quid

384 2059 598 2116 passum
670 2055 791 2097 esse
849 2039 1138 2095 verisimile
1186 2047 1268 2093 est
1307 2079 1322 2103 ,
1372 2051 1493 2091 cum
1547 2035 1754 2090 videret
1821 2033 1967 2086 illum

386 2154 485 2193 nec
551 2152 735 2191 vocem
793 2134 1020 2198 audire,
1080 2146 1177 2186 nec
1234 2139 1407 2184 tactus
1460 2142 1675 2183 sensmu
1735 2138 1968 2195 capere,

385 2246 484 2284 nec
537 2227 785 2300 lacrymis
839 2236 892 2280 et
949 2223 1234 2294 gemitibus
1285 2219 1484 2275 moveri
1536 2234 1634 2273 nec
1676 2215 1816 2287 patri
1860 2215 1974 2270 ilo-.-

385 2321 515 2374 lcnti
565 2317 858 2373 condolere
917 2331 1016 2373 nec
1065 2321 1322 2372 consueta
1372 2310 1587 2368 faccre?
1635 2310 1844 2370 Etenim
1905 2323 1974 2364 ne

389 2420 709 2481 praesentem
765 2423 946 2462 rerum
1002 2415 1199 2458 statum
1254 2401 1600 2465 consideres;
1655 2401 1750 2454 sed
1797 2399 1972 2468 cogita.

385 2503 526 2572 quod
557 2512 684 2558 tunc
715 2500 941 2570 primum
993 2497 1154 2552 homo
1185 2504 1459 2553 mortuum
1491 2493 1714 2556 viderit,
1746 2502 1799 2546 et
1829 2491 1971 2560 quod

387 2597 578 2648 timore
609 2607 801 2662 magno
832 2591 1105 2658 tttultaque
1135 2587 1538 2658 perturbatione
1590 2587 1827 2654 repletus
1859 2583 1972 2642 fue-

387 2685 474 2738 tit.
511 2689 758 2738 Attamen
787 2693 974 2754 postea
1002 2680 1382 2734 consolationis
1409 2676 1624 2732 modum
1657 2673 1975 2745 excogitavit

390 2777 530 2829 licus
564 2791 577 2828 :
613 2789 785 2844 neque
815 2773 962 2827 enim
997 2781 1198 2825 tantum
1230 2769 1443 2824 volebat
1489 2779 1543 2822 ut
1584 2777 1757 2822 metus
1787 2766 1974 2819 mortis

387 2867 673 2920 adderetur
702 2905 720 2931 ,
774 2863 870 2918 sed
918 2863 1079 2916 etiam
1123 2870 1179 2916 ut
1220 2860 1505 2930 quamdam
1549 2859 1978 2919 consolationem

391 2959 551 3011 homo
595 2955 917 3027 perciperet.
949 2954 1281 3021 Quamnam?
1327 2954 1369 3008 A
1408 2953 1815 3010 resm'rectione.
1867 2951 1972 3005 Sed

390 3052 533 3103 illaut
568 3065 672 3103 non
717 3047 895 3102 statim
938 3046 1152 3118 quidem
1202 3044 1381 3110 dedit,
1432 3060 1616 3098 verum
1659 3043 1775 3112 ejus
1823 3056 1972 3112 spem

387 3143 614 3196 obscure
670 3149 722 3192 et
767 3139 916 3209 quasi
967 3138 1019 3194 in
1068 3136 1350 3206 aenigmate
1408 3135 1632 3204 aperuit.
1686 3134 1972 3204 l’ostqnaut

387 3233 530 3287 coitu
577 3240 753 3285 metus
787 3229 1019 3284 multum
1051 3236 1240 3282 auctus
1292 3225 1394 3285 fuit
1445 3225 1780 3293 hominisque
1819 3240 1972 3284 ineti-

390 3335 494 3378 teut
523 3321 815 3386 concussit,
857 3330 1242 3390 ostensumque
1292 3317 1390 3373 fuit
1445 3318 1572 3388 quid
1617 3331 1761 3370 mors
1809 3323 1970 3379 esset,

389 3434 550 3487 quam
582 3415 778 3486 gravis,
811 3431 968 3486 quam
1001 3415 1251 3481 molesta,
1284 3430 1446 3484 quam
1491 3428 1740 3475 onerosa,
1773 3428 1876 3465 non
1909 3413 1976 3466 :tb

391 3516 615 3578 aspectu
664 3508 876 3572 solum,
920 3506 1015 3561 sed
1069 3506 1230 3561 etiam
1286 3505 1354 3559 ab
1413 3506 1476 3560 iis
1533 3521 1650 3574 qua:
1698 3515 1972 3574 aSpectum

389 3609 725 3670 sequuntur,
757 3588 802 3652 al
847 3599 1153 3663 vermibus,
1181 3612 1210 3649 a
1257 3596 1445 3655 fmtore
1471 3639 1490 3662 ,_
1515 3612 1543 3648 a
1595 3595 1743 3648 sanie
1765 3636 1778 3659 ,
1814 3610 1842 3648 a
1895 3595 1976 3651 ci-

393 3707 553 3756 nere,
606 3691 835 3759 aliiSque
885 3690 1170 3754 omnibus,
1209 3703 1328 3758 qua:
1384 3688 1434 3740 itt
1488 3697 1700 3740 mortuo
1752 3700 1977 3755 corporo

392 3785 745 3842 observantur
781 3801 798 3840 :
836 3800 956 3838 cum
1024 3784 1202 3852 itaque
1247 3783 1407 3835 tiutor
1453 3789 1644 3834 auctus
1688 3790 1862 3845 esset,
1921 3787 1977 3838 et,

392 3882 630 3935 attintuttt
683 3886 1087 3941 commoveret,
1119 3876 1242 3930 vide
1296 3873 1566 3944 quomodo
1615 3873 1775 3928 etiam
1826 3887 1976 3942 spem

395 3972 804 4027 resurrectionis
835 3979 1017 4041 postea
1054 3969 1305 4034 inducat,
1333 3967 1622 4029 involutam
1663 3965 1876 4035 quidem
1925 3973 1979 4019 et

393 4065 714 4130 obscuraut,
752 4063 845 4118 sed
880 4061 1085 4119 inducit
1115 4069 1314 4113 tamen.
1360 4058 1489 4111 Nam
1541 4057 1816 4113 Enochum
1846 4095 1860 4118 ,
1889 4057 1989 4123 qui

397 4168 580 4226 postea
617 4156 714 4210 fuit
744 4199 759 4220 ,
807 4155 941 4208 mori
987 4169 1093 4208 non
1146 4150 1426 4221 permisit;
1457 4149 1692 4220 dicitque
1733 4147 1931 4212 Paulus
1965 4165 1978 4201 :

398 4248 529 4302 Fide
560 4248 740 4302 Euuclt
785 4250 1065 4300 translatus
1103 4253 1176 4298 est
1202 4285 1216 4310 ,
1261 4254 1313 4296 ut
1353 4259 1454 4296 non
1502 4242 1688 4296 rideret
1733 4252 1940 4298 mortem
1964 4282 1980 4307 ,

396 4351 443 4392 et
474 4357 572 4393 non
601 4339 948 4392 inveniebatur
969 4378 984 4403 ,
1028 4337 1148 4404 quia
1178 4335 1435 4388 transtulit
1467 4349 1579 4387 cum
1613 4332 1748 4387 Deus
1789 4331 1984 4403 (Hebr,

398 4436 485 4488 ll.
531 4433 608 4505 5).
655 4432 956 4488 Transtulit
981 4443 1103 4487 eum
1131 4472 1145 4496 ,
1196 4445 1297 4492 nec
1329 4429 1463 4483 mori
1495 4429 1777 4498 permisit:
1813 4443 1986 4497 neque

401 4537 578 4578 tamen
636 4523 992 4577 immortalem
1045 4521 1260 4576 interim
1313 4521 1460 4582 illum
1497 4519 1648 4584 fecit,
1685 4529 1742 4572 ut
1785 4529 1984 4572 metum

400 4637 505 4672 non
551 4621 816 4683 solveret,
852 4618 944 4671 sed
979 4626 1188 4682 manet,
1235 4632 1333 4671 uec
1369 4617 1595 4670 moritur
1629 4631 1642 4667 :
1679 4631 1850 4684 neque
1905 4625 1986 4666 ta-

401 4729 520 4764 men
564 4721 648 4765 est
679 4711 996 4764 immortalis
1017 4750 1032 4776 ,
1065 4710 1158 4764 sed
1215 4710 1266 4762 itt
1324 4709 1534 4763 mortali
1567 4723 1792 4777 corpore
1821 4706 1989 4775 longi-

401 4805 638 4858 tndinem
672 4803 792 4856 vita:
843 4803 942 4872 ipsi
994 4803 1218 4871 largitus
1261 4811 1345 4856 est
1375 4819 1386 4852 :
1422 4802 1648 4858 obscure
1677 4841 1690 4862 ,
1739 4811 1794 4852 ttt
1838 4800 1988 4864 dixi,

400 4914 550 4964 spem
599 4907 726 4949 ante
774 4895 1225 4953 resnrrectionem
1291 4893 1562 4964 aperiens.
1615 4893 1737 4953 ideo
1786 4893 1989 4960 justum

403 4991 538 5045 mori
592 4990 764 5061 ptimo
812 4989 1082 5044 conces$it
1124 5007 1137 5043 :
1187 5004 1308 5042 nam
1361 4998 1554 5056 praeter
1593 4987 1808 5040 allatam
1867 5002 1994 5041 cau-

401 5103 548 5149 satu,
582 5101 686 5139 ttott
715 5083 1045 5140 aberraverit
1091 5082 1180 5152 qui
1214 5083 1351 5139 hanc
1376 5081 1538 5137 etiam
1564 5079 1772 5136 afferet.
1805 5081 1994 5149 Quam-

403 5179 566 5232 nam?
600 5175 730 5231 Eam
754 5192 873 5246 qua:
911 5174 1107 5245 petitur
1130 5189 1194 5227 ex
1228 5172 1642 5227 resurrectione.
1671 5172 1803 5239 Quia
1848 5171 1991 5227 enim

403 5285 550 5323 mors
581 5285 686 5322 non
741 5277 998 5339 perpetuo
1040 5275 1321 5337 regnatura
1383 5274 1537 5327 erat,
1588 5264 1708 5323 ideo
1762 5264 1992 5334 primum

405 5361 524 5429 ejus
575 5359 975 5414 fundamentum
1029 5361 1360 5429 primamque
1409 5356 1642 5411 radieeut
1668 5397 1683 5422 ,
1715 5357 1766 5409 itt
1794 5357 1993 5425 justifi-

407 5456 620 5507 ratione
645 5453 801 5522 deligi
848 5455 1090 5518 curavit,
1124 5463 1179 5506 ut
1209 5451 1610 5506 fundamentum
1645 5466 1748 5503 non
1775 5448 1991 5503 tirmum

409 5555 664 5600 maneret.
697 5547 848 5600 Sicut
885 5546 1029 5598 enim
1077 5558 1350 5614 peceatum
1393 5553 1474 5597 est
1528 5544 1715 5598 mortis
1765 5542 1995 5596 alimen-

412 5650 546 5698 tum,
572 5638 639 5691 ita
668 5647 720 5692 et
742 5638 1051 5708 justificatio
1073 5646 1156 5692 est
1183 5639 1373 5693 mortis
1419 5636 1648 5689 sublatio
1671 5645 1721 5689 et
1748 5635 1989 5688 abolitio.

409 5731 691 5782 Concessit
736 5730 894 5799 igitur
945 5737 1004 5782 ut
1047 5729 1090 5782 is
1128 5730 1216 5798 qui
1260 5729 1460 5798 primus
1490 5729 1788 5780 moriturus
1833 5735 1949 5779 erat
1979 5767 1993 5789 ,

413 5823 582 5878 iustus
611 5830 750 5874 esset
776 5865 788 5883 ,
815 5821 883 5874 ab
905 5820 1056 5873 initio
1081 5835 1178 5874 nos
1196 5820 1493 5888 alloquens,
1520 5818 1818 5886 bonamque
1839 5833 1991 5887 spem

413 5912 670 5966 exhibens
695 5955 708 5978 ,
743 5912 1134 5979 ostendensque
1164 5928 1219 5967 se.
1250 5928 1417 5983 genus
1448 5919 1686 5962 nostrum
1729 5909 1780 5964 itt
1815 5921 1985 5965 morte

1091 451 1146 504 S.
1187 446 1469 504 J0.lNNlS
1505 443 1990 500 CHRYSOS'I‘OMI
2028 442 2354 500 ARCBIEP.
2394 441 2934 500 CONSTANTINOP.

3553 447 3658 510 476

2072 572 2182 613 non
2209 557 2521 614 relicturum
2547 571 2700 612 esse:
2725 567 3050 630 quapropter
3074 555 3466 621 debilissitnotn
3499 564 3656 621 morti

2072 649 2478 710 fundamentum
2533 650 2728 719 posuit.

2145 742 2199 798 5.
2243 740 2447 801 Deinde
2474 750 2592 810 post
2619 741 2895 805 Euochtun
2928 743 2979 797 in
3011 742 3121 800 Noe
3139 759 3348 798 rursum
3367 743 3474 800 alio
3498 746 3662 803 modo

2076 831 2236 886 nobis.
2252 833 2661 887 resurrectionis
2682 834 2916 902 speciem
2939 833 3104 889 dedit.
3129 835 3333 889 Etenim
3362 851 3430 889 an
3448 838 3661 897 meliori

2076 931 2201 975 tunc
2229 937 2388 992 quam
2417 924 2612 980 mortui
2637 923 2942 980 conditione
2980 934 3097 980 erat
3131 925 3264 991 Noe,
3293 927 3352 980 it!
3395 928 3662 998 profundo

2077 1021 2248 1079 tanto,
2270 1016 2320 1066 in
2342 1014 2574 1075 tenebris
2587 1022 2640 1068 et
2657 1015 2709 1068 in
2725 1025 2940 1070 carcere
2955 1018 3239 1072 conclusus
3255 1017 3278 1070 ἓ
3297 1020 3539 1074 Attamen
3561 1021 3658 1074 im-

2076 1118 2261 1160 mensa
2287 1103 2375 1157 illa
2398 1107 2584 1170 maria,
2599 1117 2719 1176 quin
2742 1107 3000 1162 montium
3017 1111 3292 1167 cactuniua
3319 1112 3656 1179 Opericbant,

2076 1195 2224 1254 illum
2252 1195 2342 1265 qui
2368 1195 2420 1249 in
2447 1211 2572 1250 arca
2595 1206 2712 1253 erat
2737 1238 2751 1261 ,
2780 1214 2884 1251 non
2915 1199 3301 1268 absorpserunt
3326 1217 3341 1266 ;
3372 1202 3466 1256 sed
3505 1205 3658 1273 quasi

2074 1303 2139 1343 ex
2171 1299 2345 1344 morte
2374 1302 2686 1359 resurgens,
2717 1291 2795 1344 sic
2827 1306 2891 1345 ex
2919 1291 3172 1346 diuturna
3215 1293 3304 1346 illa
3336 1303 3658 1366 tempestate

2077 1392 2204 1436 tunc
2230 1383 2369 1437 exiit
2399 1381 2514 1438 Noe
2534 1423 2549 1448 ,
2587 1383 2640 1438 in
2682 1384 2858 1444 saltue
2883 1399 2976 1438 sua
3007 1388 3424 1446 resurrectionis
3469 1389 3660 1459 imagi-

2074 1489 2194 1526 nem
2218 1472 2499 1537 exhibens.
2526 1475 2652 1530 Post
2677 1475 2825 1530 illum
2853 1492 3036 1531 rursus
3065 1474 3408 1549 (procedente
3430 1497 3664 1550 namque

2075 1573 2317 1634 tempore
2364 1566 2623 1621 clariores
2666 1569 3077 1623 resurrectionis
3106 1570 3367 1641 imagines
3409 1575 3660 1630 ostende-

2078 1655 2296 1720 bantur,
2341 1657 2398 1717 in
2425 1656 2557 1719 lena
2588 1674 2801 1729 quoque
2831 1659 3065 1729 idipsuin
3094 1660 3236 1717 fecit.
3272 1663 3404 1719 Tres
3431 1681 3661 1737 namque

2075 1745 2191 1800 dies
2218 1748 2267 1800 in
2302 1759 2489 1804 ventre
2514 1750 2621 1806 ceti
2653 1750 2812 1804 trium
2841 1752 3049 1809 dierum
3077 1752 3128 1810 itt
3158 1764 3331 1810 morte
3360 1759 3658 1827 symbolum

2075 1850 2266 1905 erant;
2315 1853 2370 1896 et
2415 1842 2660 1896 libet-alio
2697 1857 2727 1897 a
2771 1852 2893 1898 ceto
2940 1847 3346 1901 resurrectionis
3397 1849 3660 1908 Dontinitti

2079 1933 2327 2001 cbrporis
2376 1936 2572 2003 prrevia
2614 1935 2924 2005 praedicatio
2973 1946 3105 1991 erat.
3161 1940 3500 2010 Quapropter
3549 1946 3662 2013 ipse

2074 2021 2327 2078 dicebat:
2382 2017 2651 2080 licueritne
2703 2028 2815 2080 haec
2857 2031 3057 2099 signum
3111 2034 3324 2101 quierit,
3370 2045 3416 2086 et
3461 2036 3661 2104 signum

2075 2131 2175 2169 non
2206 2116 2410 2170 dabitur
2439 2118 2485 2172 ei
2525 2119 2622 2171 nisi
2663 2119 2868 2190 signant
2907 2121 3104 2186 Jama;
3146 2124 3275 2190 sicut
3317 2126 3449 2180 enim
3497 2126 3662 2188 Jonas

2075 2209 2130 2270 in
2159 2219 2328 2270 ventre
2363 2212 2458 2266 ceti
2483 2213 2642 2272 tribus
2685 2213 2863 2271 diebus
2905 2226 2948 2268 et
2981 2216 3139 2270 tribus
3169 2219 3395 2278 noctibus
3423 2223 3558 2291 fuit,
3589 2226 3662 2285 sic

2077 2305 2170 2360 erit
2197 2299 2366 2360 Filius
2400 2305 2620 2362 hominis
2649 2307 2702 2359 in
2729 2307 2880 2360 corde
2910 2319 3056 2362 terra:
3084 2311 3242 2364 tribus
3268 2314 3441 2368 diebus
3469 2326 3517 2368 et
3555 2321 3623 2369 tri
3633 2346 3654 2358 η

2077 2394 2166 2447 bus
2189 2395 2415 2450 noctibus
2442 2394 2652 2467 (Mutila.
2682 2398 2767 2461 l2.
2793 2399 2880 2452 59.
2915 2399 3020 2469 40).
3055 2399 3214 2455 lsaaei
3245 2420 3456 2474 quoque
3484 2419 3665 2464 ortum

2077 2503 2184 2542 non
2235 2489 2564 2544 aberravcrit
2593 2491 2685 2560 qui
2733 2494 3139 2548 resurrecdonis
3168 2494 3388 2565 ﬁguram
3433 2515 3552 2554 esse
3580 2502 3662 2554 di-

2077 2580 2235 2634 xerit.
2285 2581 2486 2636 ldcirco
2529 2581 2726 2637 Paulus
2755 2599 2966 2657 queque
2993 2603 3053 2639 ea
3096 2601 3215 2665 qua:
3243 2599 3420 2642 ortum
3451 2591 3565 2659 ejus
3594 2609 3661 2652 ex

2078 2673 2248 2733 sterili
2289 2683 2535 2742 spectant
2575 2689 2832 2728 enarratis
2859 2716 2880 2738 ,.
2907 2691 3028 2731 cum
3061 2678 3283 2733 dixisset
3317 2692 3517 2748 patrem
3545 2685 3662 2751 ejus

2077 2775 2276 2834 pra-ter
2304 2781 2453 2834 Spem
2485 2768 2536 2820 in
2585 2782 2680 2836 spe
2709 2769 3004 2824 credidisse
3046 2770 3220 2840 (liam.
3251 2774 3302 2826 4.
3338 2775 3443 2838 18),
3489 2793 3661 2846 neque

2079 2858 2132 2912 iit
2163 2858 2266 2913 [ide
2314 2857 2640 2912 iulirmatuui
2672 2861 2836 2915 fuisse
2859 2901 2873 2923 ,
2908 2877 3029 2915 cum
3072 2863 3440 2920 consideraret
3465 2882 3662 2937 eor-prs

2077 2964 2230 3002 suum
2263 2958 2564 3004 emortuum
2595 2959 2648 3004 et
2676 2962 2976 3008 emortuam
3005 2955 3214 3010 vulvam
3255 2955 3440 3012 Sarae:
3478 2958 3540 3010 In
3581 2976 3662 3012 re-

2079 3044 2410 3112 promissione
2461 3045 2614 3098 etiam
2660 3044 2756 3098 Dei
2780 3085 2794 3109 ,
2837 3048 3041 3116 inquit,
3072 3064 3173 3102 non
3223 3049 3473 3107 batsitaeit
3522 3051 3659 3121 ὤθεε-ι

2079 3137 2249 3190 dentia
2267 3152 2287 3201 ;
2327 3137 2416 3191 sed
2465 3141 2782 3208 confortatus
2811 3149 2886 3192 est
2933 3138 3035 3206 [ide
3058 3181 3072 3205 ,
3105 3140 3234 3201 dans
3263 3142 3480 3211 gloriam
3507 3140 3616 3196 Dco
3641 3159 3657 3206 ;

2079 3228 2368 3298 plenissime
2409 3229 2573 3282 sciens
2619 3231 2738 3298 quia
2779 3246 3106 3301 quarumque
3153 3235 3386 3302 promist
3411 3276 3425 3300 ,
3483 3246 3667 3304 potens

2078 3329 2150 3373 est
2178 3328 2226 3379 et
2257 3319 2442 3388 facere.
2476 3319 2706 3390 Ideoque
2735 3322 3002 3389 subjunin
3037 3341 3050 3375 :
3084 3323 3202 3376 Non
3233 3335 3304 3377 est
3345 3340 3511 3378 autem
3539 3331 3664 3382 stui-

2079 3423 2223 3479 ptum
2250 3421 2443 3466 tantum
2472 3423 2678 3482 prapter
2705 3414 2874 3480 ipsum
2899 3453 2914 3478 ,
2962 3417 3051 3468 sed
3077 3426 3123 3468 et
3150 3427 3357 3486 prapter
3393 3435 3483 3472 nos
3509 3459 3522 3480 .
3552 3421 3664 3489 qui.

2079 3502 2172 3556 bus
2219 3501 2536 3570 reputabitur
2580 3503 2898 3558 credentibus
2954 3506 3007 3559 in
3055 3522 3170 3559 cum
3208 3547 3221 3569 ,
3276 3509 3362 3572 qui
3411 3514 3666 3564 summit

2078 3593 2258 3655 Jesum
2301 3593 2560 3650 Christum
2590 3594 2871 3652 Dominum
2912 3610 3140 3653 nostrum
3179 3618 3209 3654 a
3250 3604 3459 3657 mortuis
3502 3603 3673 3674 (Ibid.

2087 3700 2135 3739 υ.
2182 3685 2274 3740 9.2.
2319 3687 2436 3758 24).
2492 3689 2675 3741 l’alatu
2726 3691 2905 3759 itaque
2935 3701 3014 3747 est
3048 3690 3211 3746 lsaaci
3241 3705 3416 3756 ortum
3446 3696 3665 3765 figuram

2082 3778 2247 3833 fuisse
2281 3781 2696 3834 resurrectionis
2723 3781 2950 3838 Christi.
2981 3784 3036 3836 Si
3073 3784 3214 3837 enim
3248 3786 3412 3855 figura
3443 3804 3548 3841 non
3577 3805 3666 3842 es-

2081 3881 2184 3936 set,
2214 3887 2320 3926 uou
2358 3873 2728 3941 sultjunxisset
2750 3915 2765 3938 ,
2801 3873 2921 3928 Non
2969 3885 3038 3928 est
3066 3888 3231 3936 autem
3261 3878 3504 3953 scriptum
3557 3891 3671 3939 tuu-

2083 3973 2186 4017 tum
2217 3976 2425 4035 propter
2446 3967 2612 4034 ipsum
2637 4006 2653 4033 ,
2678 3967 2766 4020 sed
2797 3969 2951 4021 etiam
2981 3980 3190 4039 promer
3223 3987 3313 4023 nos
3336 4011 3352 4034 ,
3381 3970 3559 4039 quibus
3585 3988 3669 4032 re-

2086 4059 2363 4130 putabitur.
2413 4061 2549 4132 Typi
2602 4063 2746 4115 enim
2791 4079 2887 4116 seu
2937 4063 3122 4132 figurat
3165 4080 3271 4117 non
3304 4074 3522 4134 propter
3553 4065 3674 4118 illos

2088 4161 2290 4215 tantum
2332 4155 2644 4209 scribuntur
2672 4156 2761 4224 qui
2790 4156 3076 4224 figurarum
3110 4165 3350 4226 tempore
3388 4173 3495 4225 quo
3539 4157 3676 4212 fiunt

2087 4247 2379 4316 accipiunt,
2415 4248 2510 4301 sed
2543 4258 2762 4318 propter
2788 4250 2905 4303 ilios
2933 4250 3094 4303 etiam
3121 4251 3215 4318 qui
3255 4265 3322 4304 ex
3369 4252 3473 4312 illis
3503 4251 3676 4304 luera-

2090 4339 2193 4392 turi
2219 4348 2346 4394 sunt
2372 4339 2425 4394 in
2460 4341 2746 4409 pesteriori
2782 4351 3042 4410 tempore.
3075 4340 3308 4411 Ideoque
3349 4343 3474 4396 alibi
3503 4343 3673 4396 dicit;

2094 4429 2219 4485 Haec
2243 4443 2413 4487 autem
2455 4434 2509 4486 in
2552 4435 2719 4506 ﬁgura
2770 4436 3125 4506 contingebant
3154 4435 3258 4488 illis
3287 4452 3306 4491 :
3337 4438 3530 4512 scripta
3555 4446 3673 4490 sunt

2091 4535 2264 4582 (tutam
2290 4527 2358 4582 ad
2390 4530 2762 4595 correptionem
2794 4537 3020 4580 nostrum
3043 4569 3057 4588 ,
3089 4529 3138 4580 in
3181 4544 3306 4597 quos
3351 4529 3474 4596 lines
3518 4543 3678 4581 saecu-

2093 4615 2258 4668 lorum
2285 4617 2584 4672 dereuet‘unt
2618 4618 2692 4686 (Ι.
2722 4617 2840 4670 Cor.
2886 4617 2973 4672 10.
3010 4619 3118 4688 ll).
3166 4619 3308 4672 libus
3351 4635 3456 4685 quo
3479 4635 3560 4686 lue
3588 4635 3679 4672 as.

2093 4719 2340 4778 sumptus
2397 4711 2535 4763 hanc
2584 4712 2736 4770 nobis
2784 4726 2933 4782 spem
2988 4713 3401 4766 resurrectionis
3448 4714 3678 4781 aperuit.

2093 4801 2197 4856 Sed
2247 4803 2332 4856 illa
2379 4803 2594 4872 quidem
2631 4805 2784 4872 quasi
2818 4806 2869 4856 in
2903 4805 3065 4872 figura
3098 4815 3251 4858 erant
3280 4822 3294 4859 :
3327 4821 3460 4862 euut
3497 4817 3678 4858 autem

2098 4896 2402 4965 uttigeuitus
2435 4897 2526 4949 Dei
2559 4896 2725 4949 Filius
2753 4897 2963 4953 advenit
2996 4909 3116 4968 post
3149 4899 3312 4951 inulta
3345 4911 3392 4950 et
3439 4898 3687 4951 inmune-

2099 5004 2160 5042 ra
2191 4987 2386 5041 sarcula
2415 5030 2426 5047 ,
2459 4988 2510 5040 i.t
2542 4986 2657 5056 ipsa
2693 5005 2750 5042 re
2776 4988 2929 5042 nobis
2959 4991 3410 5045 resurrectionem
3449 4990 3686 5043 ostendit

2098 5096 2195 5151 per
2247 5079 2520 5150 proprium
2567 5095 2798 5148 corpus,
2845 5081 3130 5135 absolvens
3188 5082 3362 5150 ipsum
3411 5098 3439 5136 a
3495 5082 3686 5136 mortis

2101 5175 2385 5248 tyrannide
2415 5193 2427 5228 :
2463 5175 2692 5244 ideoque
2719 5176 2793 5229 ait
2823 5193 2834 5227 :
2866 5176 3094 5230 Christus
3146 5188 3375 5232 mortuus
3421 5189 3469 5232 et
3513 5195 3684 5232 resur-

2100 5286 2220 5341 gens
2249 5285 2314 5323 ea:
2360 5270 2571 5325 mortuis
2603 5311 2616 5332 ,
2653 5271 2768 5339 jam
2795 5286 2894 5322 non
2926 5271 3138 5328 moritur
3165 5285 3183 5322 :
3223 5271 3357 5338 quod
3385 5272 3516 5325 enim
3549 5289 3686 5325 mor-

2100 5374 2218 5419 tuus
2243 5372 2312 5416 est
2344 5371 2570 5431 peccato,
2601 5373 2829 5415 mortuus
2855 5372 2925 5414 est
2957 5363 3109 5416 semel
3143 5360 3316 5427 (Rom.
3347 5363 3398 5417 6.
3435 5363 3486 5417 9.
3524 5364 3630 5423 l0),

2135 5491 2138 5493 -
2175 5451 2228 5504 4.
2270 5447 2375 5503 Sed
2406 5448 2454 5499 in
2487 5447 2789 5515 primordiis
2817 5447 3030 5515 quidem
3062 5447 3172 5499 Ita'c
3198 5447 3423 5518 obscure.
3454 5447 3686 5511 [ie-haut;

2105 5539 2512 5596 t‘esurreetionis
2539 5539 2677 5592 enim
2705 5553 2827 5606 spes
2849 5538 2998 5606 quasi
3024 5538 3073 5590 in
3101 5538 3380 5607 a-nigutate
3407 5538 3692 5592 exhibeba-

2109 5640 2194 5685 tur
2221 5630 2371 5684 nobis
2400 5646 2492 5698 per
2519 5630 2791 5683 littoeltout
2816 5644 2829 5691 ;
2856 5630 3040 5682 mortis
3076 5645 3203 5682 \ero
3231 5631 3425 5682 Solutio
3451 5645 3541 5697 per
3561 5628 3692 5683 Ahe-

2109 5725 2211 5778 lt‘lll
2244 5742 2256 5777 :
2289 5724 2401 5777 inec
2428 5735 2600 5777 autem
2628 5724 2786 5776 atulto
2811 5724 2975 5784 clare,
2997 5725 3292 5783 manifeste.
3312 5725 3529 5782 omnino
3555 5733 3608 5774 et
3643 5724 3691 5774 itt

2107 5816 2332 5870 veritate
2374 5833 2465 5884 per
2501 5817 2827 5885 unigenitum
2861 5815 2950 5868 liei
2987 5813 3172 5868 Filium
3211 5816 3344 5867 iacta
3376 5825 3517 5867 Sunt.
3549 5813 3696 5868 Unde

2115 5913 2274 5964 etiam
2321 5919 2608 5974 that-urunt
2660 5907 2937 5962 multitudo
2965 5906 3116 5962 nobis
3161 5907 3502 5976 germinatit,
3531 5918 3700 5959 motte
