4138 6474
394 502 495 558 λ’ἶἿ

370 608 565 673 ευιιιιιι
607 620 664 664 et
704 605 1101 664 resurrectione
1146 605 1401 676 fulgente.
1447 603 1736 673 Propterea
1778 616 1989 672 quoque

392 721 634 779 pnesens
662 704 767 758 vita
798 702 1064 757 laboriosa
1097 699 1233 754 facta
1270 708 1355 752 est
1394 707 1448 753 et
1490 696 1671 750 multis
1706 694 1993 749 sudoribus

393 803 546 872 plena
569 815 583 864 ;
603 805 663 853 ut
684 796 807 851 hinc
831 793 1125 849 crassiores
1153 791 1396 845 homines
1417 788 1507 856 qui
1533 787 1690 842 rebus
1705 784 1991 856 pratsenti-

394 894 489 948 bus
534 905 660 946 sese
706 888 939 942 libenter
972 883 1204 947 dedunt,
1236 880 1482 951 depulsi,
1515 887 1569 934 et
1592 879 1660 933 ob
1683 880 1804 932 vitae
1834 876 1992 947 hujus

395 981 694 1038 molestiam
743 976 1085 1035 fatiscentcs,
1132 973 1433 1041 voluptates
1476 981 1530 1025 et
1577 970 1823 1025 affectum
1865 982 1990 1037 erga

393 1084 715 1148 pra'sentem
734 1070 894 1123 vitam
910 1067 1171 1135 fugerent,
1187 1073 1347 1134 atque
1362 1062 1426 1117 ad
1444 1062 1695 1115 catlornm
1714 1066 1993 1114 currerent

392 1180 633 1220 antorem
659 1203 675 1227 ,
715 1170 771 1215 et
809 1159 875 1213 ad
916 1159 1060 1212 illaut
1098 1156 1412 1212 festinarent
1437 1155 1600 1209 diem.
1635 1152 1991 1220 PhiloSophus

394 1260 536 1315 enim
578 1265 634 1311 ct
672 1250 920 1310 sublimis
962 1251 1043 1303 vir
1090 1264 1196 1304 non
1244 1261 1381 1317 opus
1427 1245 1644 1300 habebit
1688 1241 1989 1313 hujusmodi

394 1349 639 1414 monitis,
663 1345 758 1400 sed
780 1343 1022 1413 cogitans
1042 1351 1239 1411 quanta
1261 1354 1347 1393 res
1368 1338 1436 1392 sit
1458 1351 1681 1407 regnum
1702 1336 1987 1400 caelorum;

392 1443 502 1497 imo
527 1448 652 1495 ante
677 1452 922 1508 regnum,
952 1441 1210 1505 quantum
1238 1434 1307 1487 sit
1331 1446 1455 1485 cum
1482 1431 1591 1485 Deo
1614 1439 1668 1484 et
1692 1443 1813 1483 cum
1836 1425 1992 1480 Chri-

391 1544 477 1588 sto
505 1547 628 1588 esse
655 1530 797 1601 (hoc
823 1529 1021 1598 quippe
1049 1524 1197 1580 omni
1226 1537 1392 1592 regno
1421 1520 1592 1591 majus
1617 1518 1756 1591 est),
1788 1517 1990 1572 nullam

392 1639 507 1679 rem
537 1628 856 1693 prtesentem
884 1631 1102 1673 suavem
1135 1616 1363 1679 sentiet;
1390 1611 1485 1668 sed
1514 1611 1630 1667 hate
1653 1611 1987 1680 despiciens,

393 1718 561 1788 magis
581 1730 741 1788 quam
770 1712 1014 1768 umbram
1038 1710 1127 1766 illa
1150 1710 1546 1781 prtetercurrct.
1575 1707 1837 1775 Quoniam
1861 1722 1971 1760 vcrt

391 1808 581 1873 multi,
612 1805 762 1861 carni
802 1803 1099 1859 servientes
1139 1810 1195 1855 et
1237 1815 1270 1855 a
1321 1797 1603 1872 tyrannide
1647 1798 1988 1853 saecularium

391 1914 569 1953 rerum
600 1895 849 1961 detenti,
878 1895 1017 1948 sicut
1059 1892 1111 1947 in
1146 1891 1393 1967 cavernis
1432 1890 1702 1944 latitantes
1740 1887 1865 1943 fera:
1890 1929 1904 1953 ,
1934 1888 1989 1943 in

392 1992 473 2047 his
515 1993 743 2046 libenter
785 1997 1069 2043 versantur
1103 2005 1117 2041 :
1149 1985 1362 2039 illorunt
1400 1998 1527 2054 erga
1563 1984 1712 2038 ista'c
1741 1982 1987 2037 affectum

390 2082 734 2145 exscindens,
761 2080 926 2136 multa
955 2079 1059 2135 illis
1088 2077 1255 2131 tristia
1279 2076 1520 2141 immisit,
1546 2076 1786 2140 timores,
1808 2090 1985 2138 coras,

392 2176 801 2238 sollicitudines,
831 2174 1147 2237 certamina,
1178 2169 1436 2241 pericula,
1468 2182 1741 2239 pavorem,
1770 2176 1824 2221 et
1852 2168 1988 2220 mu!-

397 2280 508 2321 tmn
538 2266 893 2335 corporalium
924 2263 1208 2318 atl‘ectuum
1241 2276 1468 2331 agmen,
1501 2270 1661 2330 atque
1692 2260 1833 2313 illam
1863 2274 1985 2313 cor-

401 2377 588 2431 porum
616 2360 944 2414 obsidionem
963 2398 977 2423 ,
1009 2357 1216 2425 aliaque
1242 2356 1405 2409 multa
1427 2397 1441 2420 ,
1470 2370 1589 2423 qum
1616 2368 1863 2407 sermone
1891 2368 1986 2406 ex-

399 2455 554 2523 primi
587 2470 690 2507 non
722 2460 945 2523 possunt
973 2467 986 2504 :
1018 2458 1076 2505 ut
1108 2450 1250 2503 illam
1281 2448 1468 2503 saltem
1499 2446 1756 2501 malorum
1793 2446 1987 2499 nubent

396 2548 759 2612 formidantes,
779 2547 845 2599 ad
871 2543 1213 2614 tranquillum
1234 2550 1443 2611 portum
1462 2540 1731 2608 appellere
1749 2540 1983 2608 cupiant,

391 2651 447 2697 et
471 2644 758 2696 serenitate
800 2638 901 2693 frui
936 2645 1188 2708 perpetua
1216 2677 1228 2699 ,
1265 2651 1384 2706 qna:
1412 2649 1516 2687 non
1547 2633 1682 2686 mala
1709 2633 1859 2685 bonis
1886 2631 1986 2685 ad-

392 2732 553 2786 mixta
594 2730 788 2784 habeat
810 2770 827 2796 ,
859 2728 953 2783 sed
993 2728 1131 2782 bona
1172 2740 1300 2796 pura
1326 2765 1343 2788 ,
1372 2740 1493 2793 qua:
1525 2738 1647 2778 vere
1689 2722 1824 2776 bona
1856 2725 1982 2776 sint.

1024 486 1090 542 IV
1134 486 1438 553 llOllliLlA,
1483 485 1848 542 Αυιέῐιευδ
1890 486 1991 542 E0!

2099 484 2171 542 ‘Ul
2210 485 2344 543 NON
2383 486 2825 581 ADFUERANT,
2866 488 3020 543 ETC.

3588 489 3693 547 678

2097 600 2229 657 Nam
2261 619 2380 674 qua:
2407 602 2495 658 hic
2520 604 2766 659 videntur
2795 604 2933 659 bona
2963 619 3113 671 esse,
3143 612 3201 660 ut
3225 604 3460 671 divitiae,
3490 603 3695 676 gloria,

2098 694 2355 764 potentia,
2379 697 2592 752 nomina
2616 709 2741 752 sunt
2761 697 3022 753 bonorum
3043 707 3097 753 ει
3116 700 3399 755 contrariis
3415 698 3651 755 admixta
3675 718 3692 755 :

2095 805 2216 860 qua:
2239 806 2369 845 vero
2400 790 2527 854 illic,
2557 792 2765 846 sincera
2788 793 2852 846 et‘
2866 807 2993 861 pura
3021 801 3167 859 sunt,
3192 808 3315 848 non'
3331 794 3549 848 nomine
3576 802 3717 848 tan--

2098 892 2246 948 tum,
2292 881 2389 938 sed
2432 898 2490 938 re
2534 883 2921 939 beatitudinem
2972 884 3243 940 habentia.
3290 885 3360 942 Ut
3403 902 3531 957 ergo
3576 885 3694 942 hac

2095 987 2521 1042 consequamur,
2549 975 2864 1031 mmulemur
2892 984 3184 1049 martyrum
3214 977 3465 1034 virtutem
3487 1021 3501 1042 ,
3532 978 3692 1036 forti-

2097 1062 2335 1118 tudinem
2359 1104 2376 1130 ,
2409 1064 2583 1118 zelum
2610 1104 2626 1129 ,
2659 1065 2816 1120 [idem
2842 1107 2858 1132 ,
2898 1068 3241 1136 praesentium
3279 1079 3646 1140 contemptum
3672 1112 3689 1138 ,

2097 1153 2395 1210 futurorunt
2413 1156 2759 1212 desiderium.
2779 1157 3010 1213 Possunt
3024 1160 3166 1214 enim
3186 1160 3299 1216 haec
3309 1163 3468 1217 etiam
3485 1164 3692 1234 absque

2096 1249 2516 1318 persequutione
2556 1249 2737 1304 omnia
2776 1249 3037 1306 exhiberi.
3078 1251 3301 1309 Etiamsi
3346 1256 3489 1311 enim
3530 1271 3691 1327 rogus

2096 1354 2202 1394 non
2250 1342 2558 1410 propositus
2594 1341 2700 1408 sit,
2732 1350 2787 1396 at
2824 1342 3149 1399 desiderium
3187 1345 3340 1402 adest
3374 1347 3687 1413 ardentius;

2094 1431 2305 1486 etiamsi
2333 1432 2632 1487 belluarum
2660 1432 2850 1489 dentes
2876 1450 2983 1489 non
3010 1435 3206 1503 adsint,
3230 1446 3285 1491 at
3305 1438 3518 1494 animus
3539 1439 3692 1496 adest

2095 1519 2270 1575 bellua
2314 1522 2561 1591 gravior;
2592 1524 2802 1579 etiamsi
2836 1526 3116 1582 carnifices
3146 1542 3251 1582 non
3284 1528 3460 1583 adsint
3488 1530 3578 1599 qui
3607 1531 3689 1585 la-

2094 1622 2207 1667 tera
2238 1612 2529 1669 dilacerent
2551 1656 2567 1680 ,
2596 1624 2653 1669 at
2679 1616 2836 1671 instat
2872 1617 3066 1672 invidia
3092 1619 3281 1689 quovis
3304 1621 3558 1683 carnifice
3583 1640 3689 1678 sat.-

2093 1705 2230 1769 vior,
2258 1720 2379 1775 qua:
2407 1706 2645 1762 animum
2673 1707 2915 1763 devorat.
2944 1708 3169 1780 Oportet
3195 1710 3358 1781 igitur
3380 1729 3480 1768 nos
3502 1725 3689 1771 contra

2092 1794 2211 1851 haec
2238 1798 2402 1852 animi
2432 1799 2556 1853 vitia
2587 1810 2866 1871 promptos
2895 1810 2949 1856 et
2980 1802 3267 1871 expeditos
3293 1845 3307 1871 ,
3341 1814 3398 1860 et
3445 1807 3688 1876 philoso-

2092 1889 2323 1959 phorum
2380 1890 2675 1947 ratiociniis
2722 1892 3002 1958 munitos,
3040 1894 3113 1947 ita
3159 1906 3480 1964 prmsentem
3524 1899 3686 1953 vitam

2093 1983 2410 2052 transigere,
2448 1993 2504 2038 et
2533 1997 2749 2053 semper
2770 1982 2837 2037 ad
2868 1984 3181 2038 certandum
3210 1997 3423 2055 paratos
3448 2003 3602 2053 esse;
3632 1999 3690 2042 ttt

2092 2081 2374 2141 postquam
2415 2073 2622 2128 tantillo
2653 2085 2895 2144 tempore
2931 2073 3393 2142 laboraverimus,
3429 2089 3688 2149 petpetuo

2092 2180 2449 2230 coronemur,
2477 2177 2531 2221 et
2561 2167 2954 2223 immortalibus
2985 2167 3222 2224 fruantur
3249 2171 3404 2227 bonis
3426 2214 3441 2238 ,
3474 2189 3689 2244 semper

2091 2274 2211 2315 cum
2240 2261 2467 2315 Domino
2488 2270 2783 2326 versantes,
2808 2272 2864 2317 et
2886 2264 3157 2318 consortio
3181 2265 3270 2320 illo
3291 2281 3503 2321 ontnem
3529 2285 3686 2323 men-

2094 2361 2198 2409 tem
2222 2363 2277 2409 et
2299 2353 2673 2424 cogitationem
2700 2366 2990 2425 superante
3016 2356 3291 2413 fruentes:
3316 2360 3458 2429 quod
3484 2363 3684 2419 utinam

2092 2462 2191 2503 nos
2214 2462 2403 2502 omnes
2427 2463 2838 2518 consequamur,
2864 2450 3032 2519 gratia
3053 2463 3106 2506 et
3128 2452 3453 2523 benignitate
3479 2455 3686 2511 Domini

2092 2539 2261 2594 nostri
2283 2538 2408 2594 Jcsu
2429 2539 2648 2608 Christi,
2675 2556 2771 2610 per
2790 2557 2951 2611 quem
2976 2552 3171 2597 etcum
3194 2560 3300 2614 quo
3322 2545 3463 2600 Patri
3485 2549 3685 2616 gloria,

2093 2649 2196 2687 una
2223 2649 2345 2689 cum
2374 2634 2574 2705 Spiritu
2601 2645 2809 2704 saneto,
2834 2652 2977 2693 nunc
2999 2646 3054 2694 et
3077 2653 3313 2710 semper,
3337 2651 3390 2696 et
3418 2642 3469 2696 in
3493 2644 3688 2699 sarcula

2094 2727 2433 2781 satculorum.
2463 2728 2653 2782 tmen.

393 2842 3660 2871 MM—

1858 2906 2207 2971 HOMILIA
2243 2910 2355 2971 ιν.

395 3038 623 3094 Homilia
652 3035 933 3092 Itortatoria
962 3034 1133 3088 habita
1175 3034 1230 3087 in
1273 3032 1463 3103 templo
1491 3040 1681 3086 sancta:
1709 3032 1992 3086 Anastasia:

459 3136 702 3189 adversus
730 3148 816 3186 eos
843 3131 929 3201 qui
966 3145 1069 3183 non
1095 3127 1367 3197 adfuerant
1391 3144 1409 3192 ;
1437 3143 1497 3180 ac
1535 3125 1899 3180 demonstratio
1930 3124 1991 3178 de

461 3225 707 3297 agonibus
733 3233 780 3278 et
804 3220 1164 3276 certaminibus
1190 3220 1323 3273 beati
1353 3229 1400 3273 et
1417 3220 1548 3290 justi
1576 3217 1715 3272 Jobi.

462 3321 512 3373 1.
555 3317 636 3371 De
659 3316 953 3369 auditorum
986 3314 1242 3384 paucitate
1274 3313 1517 3382 queritur.
1536 3310 1833 3379 —Quanto
1863 3326 1989 3380 pau-

386 3411 563 3465 ciores
604 3408 767 3466 solito
806 3416 933 3462 sunt
980 3406 1015 3459 ii
1060 3405 1151 3474 qui
1192 3411 1603 3467 convenerunt,
1634 3413 1782 3456 tanto
1811 3414 1859 3456 et
1895 3417 1991 3457 nos

389 3505 596 3573 majore
627 3508 841 3556 utemur
866 3497 1163 3553 alacritate.
1206 3495 1390 3567 Neque
1417 3494 1558 3550 enim
1590 3510 1799 3562 {Equum
1834 3494 1993 3547 fuerit

389 3593 691 3648 absentium
732 3582 1015 3661 segnitiem
1058 3587 1293 3645 studium
1339 3597 1580 3641 nostrum
1628 3586 1987 3652 labefactare;

391 3688 500 3742 imo
535 3694 819 3756 propterea
861 3682 1140 3737 lautiorem
1169 3680 1329 3734 etiam
1364 3694 1695 3750 apponcmus
1726 3694 1988 3745 mensam,

392 3792 447 3831 ut
478 3777 566 3842 qui
597 3792 702 3831 non
734 3775 1026 3829 adfuerunt
1051 3780 1312 3843 quantum
1345 3771 1525 3825 damni
1558 3772 1701 3840 passi
1755 3773 1861 3824 sint
1898 3786 1991 3823 ex-

392 3870 692 3940 perimento
733 3866 1007 3922 discentes
1030 3905 1046 3931 ,
1082 3863 1436 3918 studiosiores
1466 3871 1649 3933 postea
1697 3863 1805 3915 sint
1848 3861 1989 3915 circa

389 3969 687 4015 («inventus
712 3967 945 4013 nostros.
969 3957 1096 4011 Ideo
1117 3956 1277 4010 etiam
1296 3957 1575 4011 caritatem
1599 3967 1829 4008 ves:ram
1864 3968 1993 4023 rogo

390 4053 551 4107 dictis
581 4049 871 4105 attendatis
901 4051 917 4105 ξ
946 4048 1023 4102 sic
1052 4048 1194 4102 enim
1224 4046 1419 4116 duplex
1450 4046 1599 4099 vobis
1630 4046 1832 4099 luerunt
1865 4060 1991 4113 pro-

395 4147 602 4202 veniet:
624 4143 938 4199 absentibus
967 4142 1109 4197 enim
1138 4141 1277 4196 dicta
1305 4139 1619 4204 referentes,
1639 4137 1992 4192 studiosiores

395 4241 513 4294 illos
538 4237 805 4299 efﬁcietis,
837 4246 892 4291 et
917 4244 1149 4289 vestram
1178 4233 1410 4286 animam
1441 4229 1795 4300 pltilOSophite
1822 4230 1993 4293 magis

397 4336 637 4389 deditam
681 4331 941 4386 reddetis.
981 4323 1454 4393 Quemadmodum
1499 4318 1645 4371 enim
1689 4326 1850 4373 terrae
1890 4330 1987 4369 na-

400 4434 523 4479 tura
565 4426 611 4479 si
654 4422 981 4492 negligatur,
1016 4418 1214 4473 herbas
1251 4416 1451 4472 emiltit
1502 4412 1700 4480 malas;
1740 4411 1826 4467 sin
1857 4426 1987 4467 vero

395 4518 703 4586 frequenter
722 4512 1078 4583 agricolarum
1097 4507 1343 4563 manibus
1366 4506 1588 4568 fruatur,
1614 4506 1838 4559 fructum
1871 4504 1991 4558 red-

392 4609 474 4664 dit
506 4616 770 4663 tnaturnm
802 4623 815 4658 :
844 4605 923 4659 sic
962 4616 1016 4658 et
1044 4601 1275 4656 hominis
1295 4600 1494 4657 anima.
1524 4614 1644 4668 qua:
1676 4597 1726 4651 in
1766 4597 1990 4667 segnitie

392 4700 557 4769 jacet,
581 4697 899 4752 delictorum
923 4694 1103 4763 spinas
1120 4691 1280 4764 parit,
1299 4706 1418 4760 qua:
1448 4704 1575 4741 vero
1604 4688 1842 4742 studiose
1865 4689 1997 4741 coli-

396 4804 502 4853 tur,
535 4799 840 4847 comantem
869 4787 1082 4843 virtutis
1109 4788 1211 4840 fert
1244 4782 1499 4838 fructum.
1518 4782 1642 4837 Ideo
1667 4797 1879 4852 quoque
1906 4797 1994 4834 sa-

396 4886 549 4956 piens
566 4882 784 4954 quidam
812 4881 1087 4944 admonet,
1110 4878 1320 4933 dicens:
1344 4875 1505 4943 Quasi
1523 4891 1643 4945 ager
1667 4884 1737 4929 est
1770 4875 1845 4928 vir
1872 4875 2001 4929 stul-

397 4990 500 5044 tus,
536 4987 583 5033 et
610 4975 758 5046 quasi
785 4975 930 5029 vinea
956 4974 1031 5027 vir
1058 4980 1225 5026 mente
1251 4985 1465 5031 carens;
1486 4969 1528 5023 si
1557 4968 1819 5032 reliqueris
1846 4983 1957 5020 eum
1978 5008 1996 5033 ,

395 5081 609 5137 arescet,
634 5058 1074 5141 atque'inutilibus
1101 5063 1268 5119 herbis
1296 5062 1575 5117 luxuriabit
1592 5060 1774 5132 (Prov.
1792 5060 1884 5117 24.
1906 5061 1995 5117 50.

396 5165 462 5221 51
491 5167 533 5235 ).
580 5163 659 5219 Νε
700 5162 862 5234 igitur
901 5158 1004 5214 hoc
1043 5170 1187 5213 nunc
1224 5154 1476 5217 eveniat,
1508 5151 1818 5223 frequenter
1849 5151 1997 5205 verbi

399 5262 592 5318 falcem
618 5258 998 5323 immittimus;
1030 5264 1085 5313 et
1109 5256 1154 5311 si
1182 5254 1307 5325 quid
1327 5253 1450 5308 tnali
1480 5254 1764 5323 germinet,
1783 5250 2001 5308 assidue

398 5364 778 5426 :nnputamus;
813 5350 861 5405 si
898 5348 1026 5419 quid
1056 5357 1234 5403 autem
1275 5356 1658 5418 Opportunum,
1681 5345 1725 5399 si
1769 5344 1999 5399 fructum

402 5446 608 5499 habens
632 5482 655 5511 ,.
686 5442 953 5498 nutrimus
991 5448 1047 5495 et
1089 5439 1373 5509 irrtgamtts
1393 5478 1407 5504 ,
1440 5445 1495 5491 et
1527 5436 1593 5490 ad
1637 5436 1997 5490 maturitatem

399 5540 758 5605 adducimus,
799 5534 1074 5592 assiduam
1118 5534 1197 5588 rei
1241 5547 1425 5588 curam
1468 5530 1744 5584 habentes.
1795 5527 2000 5597 Duplici

399 5632 544 5687 enim
568 5673 585 5699 ,
618 5631 729 5686 imo
757 5627 953 5700 triplici
984 5640 1203 5697 egemus
1245 5621 1613 5694 providentia;
1643 5620 1817 5691 primo
1840 5660 1856 5686 ,
1887 5627 1941 5672 nt
1970 5634 2001 5674 a

400 5723 641 5792 nequitia
685 5721 1009 5784 liberemur;
1041 5713 1316 5782 secundo,
1350 5722 1404 5767 ut
1436 5713 1687 5767 virtutem
1721 5711 2000 5782 possidea-

402 5830 551 5877 mus;
586 5814 652 5868 ad
687 5812 801 5867 lnec
823 5825 975 5874 vero,
1002 5818 1061 5864 ut
1088 5806 1404 5877 acquisitant
1432 5805 1685 5859 virtutem
1710 5818 1999 5859 conserveo

400 5920 523 5960 tnns
553 5923 564 5958 2
597 5903 686 5960 ubi
714 5903 945 5958 maxime
970 5901 1130 5956 etiam
1160 5898 1329 5952 multo
1359 5896 1540 5952 labore
1571 5904 1655 5950 est
1684 5909 1839 5967 opus.
1870 5894 1998 5950 Nam

401 5996 668 6069 malignus
694 5995 909 6052 daemon
939 5992 1076 6050 bona
1100 5989 1448 6062 operantibus
1476 5988 1630 6047 nobis
1660 5989 1829 6060 magis
1860 5989 1997 6045 ittvi~

2094 3033 2223 3101 det,
2268 3044 2324 3090 et
2367 3034 2506 3091 bene
2551 3045 2839 3105 operantes
2869 3036 3073 3094 invadit
3102 3056 3116 3094 :
3145 3054 3209 3095 ac
3250 3041 3389 3096 sicut
3431 3043 3614 3112 pirata:
3644 3046 3689 3100 si

2094 3139 2255 3196 quam
2286 3127 2459 3182 navim
2484 3127 2704 3183 videant
2729 3143 2889 3184 arena
2918 3140 3191 3197 onustam,
3222 3144 3578 3202 praetereunt;
3607 3138 3689 3191 sin

2094 3234 2224 3275 vero
2240 3221 2480 3275 sarcinas
2497 3221 2758 3290 pretiosas
2772 3231 2826 3276 et
2848 3221 3062 3277 divitias
3086 3222 3367 3292 ferentem,
3399 3225 3535 3280 hanc
3561 3220 3693 3281 ade;

2096 3313 2328 3380 riuntur,
2360 3313 2496 3368 infra
2524 3312 2876 3383 perforantcs,
2901 3330 3132 3385 superne
3159 3327 3549 3387 oppugnantes,
3575 3319 3690 3372 nol-

2096 3408 2311 3475 lamque
2337 3406 2637 3460 machinam
2671 3421 2774 3461 non
2803 3406 3059 3462 adhibent
3085 3425 3098 3462 :
3128 3407 3196 3461 ita
3224 3419 3276 3462 et
3302 3409 3545 3463 diabolus
3572 3410 3695 3465 illos

2098 3501 2331 3554 maxime
2369 3498 2569 3553 adoriri
2607 3500 2783 3565 solet,
2816 3500 2906 3570 qui
2946 3501 3156 3556 virtutis
3195 3501 3403 3573 copiam
3445 3519 3691 3573 magnam

2097 3591 2454 3661 collegerunt,
2487 3590 2723 3661 ipsisque
2754 3591 2994 3648 invidere
3020 3603 3074 3648 et
3106 3594 3326 3649 insidias
3356 3604 3583 3651 struere.

2182 3682 2350 3739 Virtus
2379 3683 2673 3753 impugnata
2698 3684 2757 3753 ﬁt
2783 3686 3052 3752 potentior.
3074 3685 3264 3739 —Tot
3284 3688 3425 3740 enim
3452 3688 3695 3745 homines

2099 3774 2152 3829 in
2179 3775 2309 3829 orbe
2338 3782 2492 3829 erant
2517 3774 2637 3829 Johi
2671 3784 2943 3844 tempore;
2972 3783 3028 3830 ct
3058 3784 3234 3830 tamen
3261 3777 3519 3833 adversus
3546 3780 3692 3834 illum

2098 3867 2272 3923 solum
2315 3882 2437 3922 sese
2483 3867 2715 3921 accinxit
2757 3866 2999 3922 diabolus
3024 3910 3039 3933 ,
3087 3868 3466 3939 machinasque
3507 3886 3694 3926 omnes

2098 3969 2285 4016 contra
2304 3958 2451 4013 illum
2476 3959 2660 4013 movit.
2678 3959 2784 4014 Sed
2804 3974 2907 4013 non
2928 3960 3099 4029 potuit
3115 3959 3309 4015 inferre
3326 3963 3652 4029 naufragium
3676 3978 3691 4027 ;

2100 4052 2228 4121 qttin
2266 4051 2425 4105 etiam
2468 4051 2725 4119 majorem
2770 4052 3035 4105 sarcinam
3076 4050 3252 4105 effecit
3285 4060 3340 4105 et
3376 4052 3694 4121 ampliorem

2100 4143 2541 4212 negotiationem.
2562 4141 2838 4210 Ejusmodi
2870 4142 3011 4197 enim
3040 4152 3122 4196 est
3153 4142 3322 4197 virtus
3350 4144 3693 4215 :impugnata

2104 4235 2374 4307 potentior
2394 4235 2643 4297 eftieitnr,
2668 4246 2722 4290 et
2746 4235 2952 4290 insidiis
2975 4235 3213 4307 impetita
3231 4237 3396 4291 tutior
3410 4238 3586 4291 evadit
3610 4257 3624 4292 ;
3647 4239 3697 4293 id

2099 4326 2241 4396 quod
2263 4335 2318 4381 et
2340 4327 2391 4381 itt
2416 4326 2570 4380 beato
2592 4327 2682 4381 illo
2704 4326 2947 4397 contigit,
2970 4327 3061 4397 qui
3085 4327 3317 4398 undique
3337 4338 3696 4400 oppugnatus,

2102 4418 2307 4472 firmior
2331 4417 2591 4484 constitit,
2616 4426 2670 4471 et
2694 4416 2838 4472 mille
2863 4417 2983 4472 telis
3005 4419 3249 4487 exceptis
3271 4434 3376 4473 non
3400 4418 3578 4483 cessit,
3602 4420 3698 4475 sed

2101 4510 2297 4565 diaboli
2342 4509 2648 4579 pharetram
2689 4509 2994 4576 evacuavit;
3037 4510 3152 4579 ipse
3190 4525 3321 4564 vero
3360 4526 3466 4565 non
3506 4511 3699 4566 cecidit

2101 4617 2276 4672 neque
2296 4601 2671 4671 supplantatus
2691 4611 2806 4656 est:
2829 4600 2922 4656 sed
2945 4601 3083 4656 sicut
3102 4603 3334 4672 optimus
3351 4604 3695 4673 gubernator,

2103 4708 2204 4747 nec
2230 4693 2441 4748 furente
2461 4694 2591 4747 tttari
2615 4701 2669 4746 et
2689 4693 2970 4747 concitatis
2991 4692 3239 4748 ﬂuctibus
3260 4694 3698 4765 immergehatnr,

2104 4800 2282 4855 neque
2318 4785 2692 4855 in'tranquillo
2723 4795 2966 4855 tempore
2998 4785 3352 4856 negligentior
3379 4786 3549 4843 faetus
3577 4796 3662 4843 est
3688 4806 3702 4851 ;

2104 4878 2200 4932 sed
2233 4877 2287 4932 in
2319 4891 2546 4947 utroque
2574 4888 2876 4947 temporum
2902 4876 3214 4933 discrimine
3244 4893 3429 4949 parem
3456 4880 3706 4935 servabat

2105 4982 2278 5026 artem
2311 4990 2326 5026 :
2353 4982 2407 5027 et
2433 4986 2607 5042 neque
2633 4970 2833 5025 divitiae
2865 4971 3036 5040 ipsum
3070 4971 3345 5036 innabant,
3377 4987 3551 5043 neque
3574 4988 3707 5044 pau~

2106 5075 2288 5135 pertas
2327 5062 2443 5135 ejus
2480 5063 2717 5117 animum
2754 5062 3106 5131 deprimebat.
3138 5061 3249 5117 Nec
3279 5063 3438 5133 igitur
3464 5078 3587 5118 cum
3617 5080 3707 5119 res

2110 5158 2183 5212 illi
2227 5171 2484 5229 prospere
2514 5156 2802 5223 cederent,
2836 5155 3016 5227 segnis
3051 5162 3207 5219 erat;
3242 5170 3416 5226 neque
3444 5168 3566 5210 cum
3601 5166 3708 5209 tota

2109 5249 2303 5305 domus
2329 5248 2449 5320 ejus
2474 5262 2666 5305 eversa
2722 5255 2866 5302 esset
2903 5255 2958 5302 et
3012 5246 3263 5301 universa
3310 5246 3362 5301 in
3409 5247 3703 5317 perniciem

2112 5342 2291 5398 ierunt
2310 5384 2324 5406 ,
2356 5340 2601 5397 turbatus
2624 5348 2739 5407 est,
2768 5353 2869 5395 nec
2893 5355 2922 5393 a
2953 5330 3150 5393 viriute
3178 5339 3586 5409 constantiaque
3613 5355 3709 5395 sua

2111 5434 2351 5491 deﬂexit.
2402 5433 2635 5489 Andiant
2651 5432 2869 5499 divites,
2884 5431 3103 5487 audiant
3124 5447 3387 5502 pauperes
3413 5451 3426 5488 :
3452 5432 3713 5489 ambobus

2112 5526 2256 5582 enim
2273 5525 2387 5580 hate
2410 5525 2679 5581 enarratio
2701 5525 2847 5580 utilis
2863 5534 2945 5579 est
2966 5525 3103 5580 :imo
3120 5540 3249 5581 vero
3270 5524 3521 5581 omnibus
3543 5527 3716 5582 homi-

2112 5619 2267 5674 nibus
2285 5618 2400 5673 lnec
2416 5618 2636 5674 historia
2655 5618 2936 5674 utilitatem
2957 5618 3128 5685 all‘ert,
3143 5629 3248 5674 tam
3268 5619 3333 5675 iis
3349 5619 3438 5690 qui
3458 5635 3715 5691 prospere

2113 5728 2227 5769 rem
2246 5722 2431 5784 agunt,
2446 5728 2604 5783 quam
2625 5711 2690 5768 iis
2707 5713 2796 5782 qui
2816 5713 2868 5768 in
2896 5713 3199 5769 calamitate
3226 5722 3530 5769 versantur.
3550 5713 3715 5771 Utra-

2115 5820 2222 5877 que
2242 5805 2385 5861 enitn
2403 5820 2552 5859 arma
2568 5812 2820 5869 tractans,
2846 5806 2985 5875 picta
2995 5806 3060 5860 tis
3078 5814 3329 5872 certator,
3345 5804 3491 5861 orbis
3518 5806 3716 5863 athleta

2110 5908 2397 5953 coronatus
2418 5940 2432 5963 ,
2462 5897 2514 5953 itt
2546 5906 2772 5969 utroque
2798 5898 3096 5954 certamine
3127 5906 3386 5967 tropaeum
3419 5898 3621 5959 erexit;
3653 5908 3707 5953 et

2113 5994 2166 6049 in
2193 5992 2339 6049 omni
2381 5992 2505 6049 belli
2547 6008 2744 6063 genere
2778 5993 3023 6050 daemone
3052 5991 3143 6047 illo
3176 5992 3411 6049 irruente
3432 6036 3452 6064 ,
3484 5991 3537 6047 in
3565 5992 3708 6046 omni
