4138 6492
439 484 511 540 τε)
1085 474 1145 533 S.
1182 468 1461 531 JOANNIS
1493 462 1971 527 CHRYSOSTOMI
2011 459 2330 516 ARClilEP.
2369 455 2908 517 CONS’I‘ANTINOP.

408 607 701 665 certamine
727 605 901 662 stabat
926 643 943 669 ,
969 612 1027 659 et
1057 603 1110 658 in
1136 601 1386 657 omnibus
1413 598 1584 654 victor
1620 592 1993 668 proclamaba-

413 708 499 756 tur
521 717 536 754 :
561 713 624 754 ac
641 697 780 752 sicut
807 695 962 751 miles
983 707 1275 765 generosus
1299 691 1389 762 qui
1416 690 1579 746 sciret
1602 698 1762 746 noctu
1790 699 1993 757 pugna-

418 806 519 858 re',
545 802 726 844 muros
753 800 1061 857 oppugnare
1082 825 1100 851 ,
1130 783 1304 838 navali
1335 780 1634 838 certamine
1670 777 1958 847 confligere
1978 815 1995 843 ,

417 879 582 950 pede
603 886 933 941 concertare,
957 889 1111 943 arcu,
1138 874 1345 938 lances,
1367 870 1554 935 funda,
1584 869 1726 935 telis,
1748 866 2003 936 omnique

419 983 606 1042 pugna
623 984 820 1040 genere
838 965 1176 1023 adversarios
1192 976 1450 1035 superare
1466 971 1524 1019 et
1541 961 1738 1032 ubique
1756 961 2000 1015 vincere:

417 1062 499 1117 sic
535 1061 696 1117 etiam
740 1075 1037 1131 generosus
1082 1058 1171 1113 ille
1209 1056 1456 1128 quamvis
1497 1056 1842 1111 tentationem
1880 1066 2004 1107 eum

416 1150 732 1209 fortitudine
758 1166 948 1221 magna
975 1150 1112 1216 tulit,
1141 1164 1174 1204 a
1201 1157 1534 1220 paupertate,
1556 1161 1588 1201 a
1615 1145 1777 1210 fame,
1802 1159 1831 1198 a
1860 1157 2007 1199 mor-

419 1244 526 1309 bo,
555 1258 588 1299 a
631 1243 856 1310 dolore,
899 1257 930 1297 a
974 1241 1206 1296 filiorum
1248 1238 1521 1311 penticie,
1566 1239 1636 1294 ab
1674 1235 1898 1300 amicis,
1938 1232 2009 1288 ab

422 1336 657 1392 inimicis
677 1377 694 1403 ,
726 1336 795 1390 ab
830 1349 1000 1389 uxore
1021 1373 1039 1399 ,
1069 1348 1099 1386 a
1142 1332 1311 1388 servis
1354 1339 1614 1401 paratam.
1645 1327 1827 1399 Neque
1864 1325 2009 1382 enim

424 1430 659 1485 humana
685 1429 963 1485 calamitas
991 1426 1096 1482 ulla
1126 1433 1255 1491 est,
1289 1439 1411 1495 quat
1439 1438 1546 1478 non
1578 1424 1631 1477 in
1668 1435 1866 1491 corpus
1892 1418 2013 1489 ejus

430 1522 633 1578 inﬂicta
679 1521 857 1577 fuerit.
903 1521 1155 1575 Attamen
1200 1518 1404 1573 retibus
1438 1516 1687 1571 omnibus
1723 1521 1778 1569 et
1814 1510 2013 1568 diaboli

430 1614 607 1671 illiciis
646 1613 889 1683 superior
918 1611 1016 1666 fuit
1041 1629 1056 1665 :
1083 1609 1331 1681 quodque
1365 1607 1659 1665 mirabilius
1685 1613 1769 1661 est
1787 1645 1803 1673 ,
1833 1603 2013 1660 omnia

431 1705 486 1761 in
517 1705 666 1759 illuni
697 1703 972 1759 irruebant
991 1743 1008 1771 ,
1039 1700 1217 1757 omnia
1243 1715 1364 1757 cum
1392 1698 1767 1770 exsuperantia
1791 1738 1806 1765 ,
1835 1696 2015 1752 omnia

435 1810 543 1850 uno
569 1803 829 1864 tempore.

502 1886 559 1939 2.
591 1884 670 1940 Ne
690 1884 835 1940 enim
859 1882 962 1937 hoc
985 1882 1157 1938 solum
1182 1880 1493 1938 consideres
1510 1919 1525 1945 ,
1550 1878 1693 1950 quod
1721 1885 1864 1933 tanta
1890 1891 2018 1950 pas-

435 1992 528 2033 sus
548 1977 638 2044 sit,
661 1977 756 2032 sed
782 1976 937 2039 adde,
962 1989 1068 2030 non
1094 1974 1367 2045 paulatim,
1392 1986 1566 2043 neque
1587 1970 1716 2026 dato
1738 1969 2021 2026 intervallo

436 2068 565 2130 ullo,
593 2066 689 2122 sed
718 2066 894 2121 omnia
920 2065 1078 2120 simul
1103 2073 1158 2120 et
1181 2079 1290 2120 uno
1315 2075 1573 2134 tempore.
1606 2061 1723 2117 Non
1750 2061 2020 2116 modicum

435 2168 614 2214 autem
650 2157 778 2213 illud
814 2164 898 2212 est
931 2156 1283 2213 tentationum
1311 2154 1737 2210 additamentum
1763 2170 1778 2207 :
1807 2152 1861 2207 in
1889 2153 2021 2208 reli-

437 2250 558 2319 quis
586 2249 728 2305 enim
770 2248 1075 2304 hominibus
1110 2248 1337 2318 primum
1367 2260 1528 2302 nemo
1556 2245 1893 2310 inveniatur,
1931 2243 2022 2313 qui

437 2342 617 2396 omnia
645 2340 805 2395 simul
835 2340 1063 2410 patiatur
1081 2377 1096 2404 ,
1124 2337 1220 2394 sed
1246 2338 1292 2393 si
1315 2353 1437 2395 cum
1468 2346 1779 2407 paupertate
1802 2350 2024 2392 concer-

439 2442 554 2499 tet,
598 2433 737 2488 bona
784 2441 961 2486 tamen
1001 2429 1307 2486 valetudine
1349 2427 1581 2495 fruitur;
1612 2428 1673 2483 si
1715 2434 2031 2497 paupertate

439 2523 602 2579 simul
654 2533 710 2577 et
759 2522 949 2577 morbo
990 2519 1474 2586 cireumveniatur,
1519 2526 1576 2573 at
1615 2522 1761 2589 saepe
1804 2531 2033 2572 uxorem

442 2617 604 2672 habet
640 2616 709 2672 ad
746 2617 927 2687 gravia
966 2614 1215 2685 patienda
1253 2613 1503 2670 solatium
1530 2610 1875 2675 all‘erentem,
1906 2623 2031 2680 qua

445 2718 631 2780 portus
658 2709 824 2762 instar
849 2707 949 2776 ipsi
978 2707 1081 2772 sit;
1113 2705 1196 2761 sin
1226 2720 1326 2761 nec
1350 2718 1578 2760 uxorem
1606 2702 1803 2757 habeat
1831 2701 1990 2755 talem
2011 2739 2028 2767 ,

444 2810 509 2855 at
538 2815 646 2854 non
685 2815 803 2854 eam
844 2807 1021 2852 tamen
1054 2813 1174 2868 qua:
1207 2797 1280 2851 ita
1320 2794 1619 2865 perniciosa
1643 2792 1920 2859 consulat;
1948 2791 2031 2846 sin

445 2894 607 2947 etiam
634 2891 704 2945 ita
733 2889 1028 2961 perniciosa
1055 2888 1448 2954 consulentem,
1476 2896 1532 2942 at
1554 2901 1660 2941 non
1685 2886 1826 2940 ﬁlios
1843 2897 2034 2940 omnes

447 3000 559 3040 uno
584 2983 839 3053 temporis
879 2992 1151 3039 momento
1177 2979 1470 3048 amittit;si
1494 2980 1654 3036 etiam
1695 2992 1807 3034 uno
1829 2988 2037 3046 tempo-

450 3074 528 3131 ris
557 3081 829 3129 momento
851 3113 866 3136 ,
893 3081 949 3127 at
967 3087 1072 3128 non
1107 3072 1201 3129 tali
1224 3072 1419 3139 modo;
1440 3056 1494 3126 si
1517 3069 1610 3125 illo
1627 3068 1810 3138 modo,
1831 3076 1886 3124 et
1904 3067 2039 3122 ami-

450 3181 547 3223 cos
573 3164 736 3221 habet
761 3164 850 3236 qui
877 3180 937 3221 se
963 3164 1344 3231 consolentur;
1373 3163 1419 3219 si
1456 3177 1564 3218 non
1589 3162 1959 3225 consolentur,
1984 3166 2041 3214 at

453 3277 561 3317 non
612 3258 892 3315 domestici
948 3258 1238 3325 insultant;
1265 3257 1350 3314 sin
1396 3257 1675 3323 insultant,
1716 3266 1773 3311 at
1811 3271 1916 3310 non
1964 3254 2040 3311 illi

454 3353 616 3407 etiam
667 3352 721 3407 in
760 3349 950 3406 faciem
992 3358 1330 3421 construunt;
1374 3349 1422 3406 si
1457 3358 1637 3405 autem
1688 3349 1763 3405 illi
1794 3349 1954 3405 etiam
1987 3348 2041 3404 iit

455 3444 647 3499 faciem
671 3451 988 3511 conSpuant,
1021 3452 1079 3496 at
1107 3457 1212 3496 non
1249 3440 1342 3497 ille
1378 3440 1471 3496 tali
1518 3440 1707 3495 morbo
1732 3442 2041 3506 detinetur;

457 3537 505 3591 si
552 3535 643 3590 tali
694 3534 884 3590 morbo
931 3533 1224 3596 detinetur,
1278 3541 1456 3589 tamen
1485 3532 1758 3588 domicilio
1808 3540 1863 3587 et
1904 3531 2043 3587 lecto

458 3627 688 3694 fruitur;
721 3641 897 3696 neque
936 3626 990 3680 in
1023 3624 1148 3682 [imo
1177 3624 1367 3692 sedet;
1415 3624 1458 3680 si
1508 3624 1694 3679 inlimo
1736 3622 1941 3688 sedeat,
1990 3630 2044 3677 at

466 3720 629 3775 habet
650 3718 740 3789 qui
767 3717 867 3772 sibi
897 3732 1138 3784 manum,
1174 3717 1483 3788 porrigant;
1530 3716 1577 3772 si
1616 3732 1722 3771 non
1767 3715 1928 3771 habet
1951 3715 2043 3786 qui

459 3812 563 3868 sibi
612 3825 827 3866 manum
879 3809 1176 3880 porrigant,
1213 3816 1268 3864 at
1312 3825 1418 3864 non
1452 3808 1615 3864 habet
1650 3808 1740 3879 qui
1767 3814 1954 3863 contra
1983 3820 2043 3864 se

462 3903 804 3962 invehantur.
832 3900 927 3958 llic
952 3910 1130 3956 autem
1164 3899 1251 3955 illa
1281 3900 1461 3955 omnia
1490 3901 1773 3966 sustinuit;
1798 3899 2048 3970 quodque

465 3997 762 4053 mirabilius
801 4003 919 4060 est,
952 4004 1003 4049 ut
1031 3994 1142 4064 jam
1171 3992 1313 4060 dixi,
1356 3993 1534 4049 omnia
1586 3992 1950 4063 simul:quod
1996 3991 2049 4048 id

464 4089 632 4146 eflicit
677 4097 736 4143 ut
788 4088 928 4143 maia
970 4087 1133 4157 duplo
1180 4097 1236 4143 et
1299 4086 1459 4158 triplo
1512 4085 1716 4155 majora
1767 4085 2048 4141 videantur

465 4196 612 4246 esse,
657 4179 869 4250 quando
909 4179 955 4234 is
989 4179 1083 4249 qui
1112 4192 1234 4233 cum
1261 4177 1418 4232 malis
1440 4186 1714 4232 concertat
1735 4216 1751 4242 ,
1782 4191 1848 4231 ne
1873 4177 2049 4246 respi-

469 4274 620 4330 randi
674 4272 888 4344 quidem
929 4270 1176 4325 solatium
1213 4268 1398 4336 habet,
1453 4268 1548 4323 sed
1585 4284 1652 4324 cx
1703 4269 2054 4327 continuit-ate

469 4365 656 4421 inllicti
695 4364 818 4419 tnali
847 4365 1017 4432 major
1048 4364 1202 4418 dolor
1230 4372 1285 4418 et
1313 4362 1639 4432 perturbatio
1667 4356 1838 4417 oritur
1868 4382 1881 4417 :
1910 4365 2051 4435 quod

474 4458 561 4511 hic
600 4454 840 4524 contigit.
897 4451 1029 4507 Nam
1072 4452 1251 4507 ovium
1305 4451 1596 4521 perniciem
1647 4462 1701 4507 et
1750 4454 2057 4509 incendium

473 4546 682 4616 excepit
719 4546 881 4601 boum
916 4545 1101 4614 rapina
1125 4586 1140 4609 ,
1180 4553 1234 4600 et
1263 4545 1402 4599 hanc
1428 4545 1736 4613 asinorum;
1767 4545 1906 4603 hanc
1929 4562 2058 4604 vero

474 4638 801 4693 camelorum
823 4645 1039 4706 captura
1061 4644 1116 4690 et
1139 4649 1417 4690 servorum
1439 4635 1648 4703 ctedes;
1681 4637 1835 4692 istam
1854 4653 1982 4693 vero
2006 4640 2060 4692 ti-

474 4733 666 4795 iiortnn
690 4730 971 4801 pernicies,
989 4739 1043 4783 et
1066 4727 1300 4784 terribile
1323 4727 1450 4782 illud
1477 4728 1853 4801 insolitumque
1873 4732 2062 4788 mortis

474 4837 647 4903 genus
674 4820 1083 4890 horribiliustu
1104 4820 1409 4890 sepulcrum
1435 4819 1684 4891 (idipsum
1705 4822 1847 4877 enim
1870 4830 1926 4878 et
1947 4824 2062 4879 exi-

478 4917 608 4981 tium
639 4922 694 4972 et
730 4912 1031 4984 sepulcrum
1073 4910 1206 4983 fuit)
1234 4921 1290 4967 et
1318 4927 1501 4967 mensa
1525 4953 1542 4981 ,
1570 4928 1689 4983 qua:
1717 4929 1858 4969 nunc
1884 4915 2060 4975 cibum

477 5007 744 5063 sumentis
777 5018 1003 5075 corpora
1028 5044 1045 5072 ,
1086 5019 1229 5059 nunc
1253 5003 1468 5059 concisa
1509 5006 1752 5075 excepit;
1781 5017 1834 5061 et
1871 5007 2063 5077 phiala:

476 5110 635 5169 atque
663 5099 848 5169 pocuL't
869 5110 989 5152 cum
1010 5098 1134 5151 vino
1158 5095 1470 5167 sanguinem
1490 5096 1829 5167 excipientis,
1853 5108 1905 5153 et
1929 5115 2061 5156 con—

478 5192 588 5247 cisa
620 5190 878 5245 membra.
910 5191 1157 5243 Attamen
1196 5197 1316 5258 post
1345 5186 1484 5243 hanc
1506 5202 1723 5258 gravem
1753 5191 2062 5260 tragoediam

478 5282 723 5352 graviora
748 5280 852 5335 alia
881 5293 1067 5334 rursus
1091 5294 1211 5333 cum
1243 5287 1498 5345 manent,
1526 5294 1650 5334 cum
1675 5294 1742 5335 ne
1771 5282 1851 5335 vel
1882 5284 2061 5337 tantil-

482 5374 589 5431 lum
639 5373 973 5440 respirasset.
1012 5372 1146 5426 llinc
1186 5373 1330 5427 enim
1371 5373 1631 5428 vermium
1673 5374 2062 5445 scaturigines,

482 5462 648 5517 saniei
680 5461 896 5527 ﬂuenta,
927 5463 978 5516 in
1007 5463 1130 5517 timo
1158 5463 1338 5527 sedes,
1370 5470 1506 5519 testa
1530 5479 1650 5534 quae
1676 5464 1841 5521 latera
1871 5466 2062 5534 radat,

483 5558 763 5609 vulnerum
789 5552 965 5618 laetor,
987 5554 1077 5623 qui
1101 5569 1299 5608 novum
1324 5554 1450 5610 illud
1477 5554 1631 5612 famis
1648 5570 1815 5626 genus
1838 5555 2067 5623 induxit,

482 5660 548 5703 ac
571 5660 637 5698 ne
664 5653 954 5715 prmsentes
973 5644 1187 5714 quidem
1209 5643 1360 5700 cibos
1382 5655 1598 5717 tangere
1618 5649 1800 5702 sitiens
1816 5689 1835 5713 ,η
1853 5650 2071 5716 gravius

485 5736 598 5804 ipsa
630 5736 766 5790 hunc
800 5734 1065 5790 fastidiunt
1093 5735 1375 5791 inducebat
1403 5755 1417 5792 :
1444 5747 1500 5792 et
1528 5736 1642 5794 hare
1671 5754 1776 5792 ttntt
1802 5739 2063 5805 duorum,

486 5842 593 5879 non
620 5825 839 5892 decem,
866 5841 974 5882 non
1000 5825 1183 5896 viginti
1204 5866 1221 5894 ,
1252 5841 1357 5880 non
1382 5836 1596 5883 centum
1622 5828 1828 5884 dierum
1857 5829 2031 5899 δικαίη
2048 5872 2065 5898 ,

483 5917 578 5979 scd
606 5916 848 5989 plurimis
875 5918 1166 5977 mensibus.
1197 5916 1383 5991 Neque
1410 5916 1496 5976 hic
1512 5928 1772 5976 steterunt
1795 5938 2068 5992 corporea:

3578 456 3687 510 ‘30

2105 599 2439 659 calamitates
2468 618 2480 652 :
2509 598 2602 655 sed
2632 612 2751 652 cum
2780 598 2832 651 in
2866 596 2967 650 hoc
2995 603 3134 651 statu
3162 594 3249 650 ille
3284 602 3422 685 esset
3449 603 3508 651 et
3535 598 3689 651 uadi-

2104 707 2209 763 que
2236 694 2582 758 cruciaretur,
2612 691 2777 752 intus,
2800 688 3155 754 extrinsecus,
3179 689 3361 744 uxoris
3384 689 3545 743 etiam
3575 706 3689 742 ms-

2105 784 2281 839 chinae
2326 799 2447 838 eum
2494 781 2959 852 aggrediebsntur.
3009 778 3277 836 Damonis
3308 779 3470 832 telum
3496 777 3689 834 effecta

2082 874 2301 944 ‘conjux
2327 913 2343 938 ,
2374 873 2547 927 virum
2596 887 2753 927 suum
2800 872 2974 942 lingua
3004 870 3235 940 impetit,
3264 879 3315 926 et
3362 879 3518 940 pacto
3556 871 3690 925 inito

2108 979 2229 1021 cum
2271 964 2505 1031 diabolo,
2555 963 2704 1018 illum
2746 962 2870 1018 telis
2914 971 3209 1034 oppugnat,
3264 960 3330 1015 iis
3357 976 3480 1030 quae
3529 975 3693 1031 supra

2109 1057 2342 1114 diximus
2367 1057 2735 1112 acerbioribus
2767 1066 2823 1110 et
2846 1054 3335 1125 perniciosa-ribus.
3385 1054 3571 1126 Neque
3608 1056 3695 1113 hic

2114 1147 2210 1203 fuit
2243 1147 2592 1205 certaminum
2645 1145 2805 1210 iittis;
2833 1145 2929 1201 sed
2970 1145 3115 1200 initia
3144 1159 3329 1200 rursus
3351 1155 3403 1202 et
3435 1148 3695 1215 prconiis

2112 1239 2247 1294 aciei
2299 1246 2475 1294 erant.
2532 1237 2667 1305 Quia
2698 1237 2873 1294 enim
2923 1237 3055 1293 nihil
3109 1237 3234 1292 inde
3282 1237 3521 1294 lucratus
3582 1251 3705 1296 erit

2114 1331 2380 1396 diabolus,
2436 1332 2730 1386 amicorum
2783 1329 2983 1385 chorus
3022 1329 3293 1396 accessit,
3337 1332 3424 1402 qui
3469 1334 3699 1387 commi-

2115 1424 2407 1480 serantinm
2456 1423 2637 1494 specie
2678 1421 3016 1478 inimicorum
3057 1436 3208 1478 more
3264 1422 3505 1478 insiliunt
3534 1424 3584 1478 in
3611 1425 3700 1495 ja-

2116 1526 2348 1578 centem,
2370 1525 2425 1569 et
2452 1515 2634 1570 ulcera
2673 1511 2937 1571 refricant
2971 1513 3074 1571 sibi
3114 1524 3300 1569 mutuo
3328 1517 3704 1584 succedentes,

2119 1623 2293 1679 neque
2320 1608 2585 1676 respirare
2625 1606 2884 1670 sinentes,
2918 1605 3100 1661 multis
3134 1605 3352 1661 circulis
3379 1606 3552 1677 ipsum
3592 1609 3702 1663 cir-

2117 1700 2436 1757 cnmdantes
2484 1698 2865 1770 crudelemque
2922 1707 3140 1770 agentes
3193 1698 3465 1755 eboream.
3521 1700 3711 1757 Dicam

2120 1792 2281 1847 etiam
2341 1790 2515 1847 noctis
2589 1790 2979 1846 intolerabilem
3025 1791 3371 1846 tentationem
3399 1831 3415 1857 ,
3469 1807 3590 1861 quae
3648 1801 3713 1849 et

2123 1881 2237 1952 ipsa
2267 1897 2403 1937 nova
2449 1881 2772 1951 insolitaque
2814 1882 2969 1937 erat?
3003 1880 3226 1938 (laeteris
3261 1897 3492 1954 namque
3529 1882 3706 1939 homi-

2124 1974 2282 2029 nibus
2300 1974 2575 2040 omnibus,
2608 1972 2735 2029 licet
2757 1975 3033 2029 innumera
3062 1974 3330 2044 patiantur
3348 1975 3553 2045 gravia,
3583 1976 3715 2032 licet

2125 2068 2181 2124 in
2204 2083 2423 2124 carcere
2447 2068 2707 2135 habitent,
2739 2068 2863 2125 licet
2887 2076 3077 2124 catena
3104 2071 3558 2140 constringuntur,
3587 2070 3711 2125 licet

2125 2160 2454 2214 calamitates
2501 2158 2818 2230 deplorent,
2866 2159 2991 2215 licet
3033 2160 3277 2231 corporis
3322 2161 3710 2217 mutilationem

2128 2254 2397 2324 patiantur
2417 2292 2433 2317 ,
2459 2252 2583 2307 licet
2611 2251 2751 2307 fame
2780 2260 3090 2321 premantur
3114 2260 3169 2307 ct
3196 2254 3384 2308 morbo
3410 2253 3712 2309 laboribus-

2127 2358 2233 2415 que
2252 2353 2306 2400 et
2326 2342 2613 2407 aerumnis;
2638 2352 2874 2398 attamen
2897 2357 3001 2398 nox
3023 2342 3313 2398 adveniens
3332 2343 3716 2399 consolationis

2131 2437 2474 2508 pltarmacum
2523 2435 2779 2503 adducit,
2824 2450 3020 2505 corpus
3059 2435 3332 2491 laboribus
3368 2452 3590 2492 vacuum
3616 2480 3628 2501 ,
3660 2445 3725 2493 et

2130 2530 2363 2584 animam
2405 2543 2435 2581 a
2473 2526 2619 2582 euris
2659 2526 2878 2582 liberam
2915 2525 3236 2581 dimittens:
3268 2526 3392 2582 huic
3423 2542 3551 2582 vero
3591 2537 3719 2583 tunc

2132 2623 2295 2678 etiam
2326 2629 2511 2691 portus
2540 2619 2592 2675 in
2624 2618 2909 2689 scapulum
2931 2631 3118 2673 versus
3141 2628 3225 2673 est
3246 2658 3262 2683 ,
3294 2626 3350 2674 et
3376 2620 3721 2689 pharmacum

2135 2710 2234 2767 fuit
2288 2713 2456 2776 ulcus,
2516 2709 2814 2765 consolatio
2855 2708 3117 2779 gravioris
3153 2709 3598 2780 terribiliorisque
3621 2710 3729 2765 do-

2136 2803 2267 2860 loris
2329 2801 2771 2866 additamentum,
2843 2810 3134 2871 tempestas
3183 2800 3283 2871 ipsi
3348 2802 3450 2856 fuit
3513 2802 3565 2856 in
3620 2818 3721 2857 no-
3777 2850 3787 2857 .

2135 2904 2246 2962 cte,
2278 2911 2396 2964 qua:
2447 2894 2655 2949 caeteris
2702 2891 3003 2949 hominibus
3054 2892 3194 2963 parit
3235 2892 3717 2963 tranquillitatem:

2138 2994 2194 3043 et
2215 2984 2448 3056 fugiebat
2474 2983 2692 3055 quidem
2721 2983 2812 3040 ille
2839 2985 2989 3054 quasi
3014 2999 3045 3039 s
3073 2983 3319 3040 fluetibus
3341 3001 3372 3040 a
3397 2985 3485 3041 die
3504 3027 3522 3053 ,
3545 2986 3615 3041 eb
3640 2987 3723 3042 in-

2142 3077 2446 3135 tolerabiles
2477 3077 2598 3132 illos
2621 3075 2872 3143 dolores;
2902 3076 3106 3133 invenit
3132 3085 3310 3133 autem
3340 3075 3532 3133 ﬂuctus
3556 3078 3725 3134 decu-

2141 3184 2332 3225 manos
2354 3209 2371 3236 ,
2403 3168 2634 3224 vortices
2655 3208 2673 3236 ,
2706 3177 2885 3238 petras
2907 3176 2963 3223 et
2988 3182 3114 3223 saxa
3146 3167 3363 3224 latentia
3385 3208 3403 3236 ,
3436 3169 3505 3225 ita
3534 3179 3592 3224 ut
3614 3169 3725 3241 jam

2142 3262 2249 3319 diei
2280 3260 2475 3316 ﬂuctus
2500 3267 2729 3329 optaret.
2757 3258 2881 3314 Ideo
2905 3262 3069 3315 etiam
3095 3260 3227 3331 ipse,
3261 3260 3364 3315 hoc
3393 3277 3585 3329 novum
3619 3280 3743 3317 ωτι-ς

2144 3354 2255 3410 lum
2293 3366 2587 3418 enarratis,
2620 3350 2885 3407 clamabat
2918 3350 3105 3427 dicens
3135 3369 3149 3406 :
3178 3351 3240 3408 Si
3275 3355 3509 3410 accubent
3528 3394 3547 3422 ,
3573 3356 3687 3411 dico
3711 3398 3728 3423 ,

2148 3443 2366 3511 Quando
2406 3443 2513 3496 dies
2556 3443 2689 3496 erit?
2726 3442 2769 3496 si
2808 3458 3015 3513 surgam
3038 3484 3056 3510 ,
3094 3443 3208 3497 dico
3230 3483 3244 3506 ,
3281 3444 3497 3510 Quando
3525 3462 3732 3517 vespera

2147 3536 2293 3609 (Job
2321 3537 2374 3590 7.
2411 3536 2447 3591 ι
2472 3534 2525 3606 )⁶1
2552 3534 2666 3604 Qua
2701 3534 2771 3591 de
2799 3549 2958 3589 causa
2982 3575 2999 3600 ,
3029 3534 3121 3590 die
3156 3535 3328 3591 mihi?
3370 3552 3493 3592 nam
3533 3539 3584 3593 in
3644 3540 3751 3596 die

2149 3627 2364 3699 quidem
2404 3625 2527 3696 iure
2565 3631 2775 3680 noctem
2824 3624 3096 3694 requiris:
3126 3639 3405 3695 vesperam
3453 3629 3594 3701 enim
3646 3630 3734 3685 ille

2149 3730 2362 3778 noctem
2404 3726 2583 3786 vocat,
2609 3733 2731 3790 qua;
2775 3732 2806 3773 a
2853 3717 3062 3773 diurnis
3111 3717 3267 3772 malis
3300 3718 3395 3774 dat
3448 3722 3730 3790 requiem:

2150 3829 2272 3871 cum
2300 3822 2476 3868 autem
2508 3827 2620 3867 nox
2651 3809 2891 3874 advenit,
2920 3816 3050 3865 tunc
3079 3808 3234 3865 adest
3269 3811 3653 3880 tranquillitas,
3683 3823 3748 3868 et.

2150 3907 2403 3963 dolorum
2434 3903 2965 3971 sollicitudinumque
3006 3901 3232 3958 oblivio.
3260 3901 3370 3957 Cur
3397 3917 3526 3973 ergo
3553 3918 3753 3961 rursus.

2151 4001 2294 4055 diem
2338 3996 2607 4068 requiris?
2659 3995 2792 4063 Quia
2840 3993 2971 4049 mihi
3016 4008 3121 4049 uox
3166 3993 3254 4049 die
3296 3995 3571 4050 molestior
3611 4007 3736 4052 est:

2153 4106 2330 4161 neque
2365 4091 2508 4145 enim
2552 4086 2682 4143 mihi
2710 4086 3097 4143 immunitatem
3138 4101 3167 4140 a
3197 4087 3466 4143 laboribus
3500 4097 3738 4158 prmslat,

2153 4184 2251 4240 sed
2282 4196 2469 4239 eorum
2503 4188 2848 4252 augmentum
2878 4187 2934 4233 et
2974 4179 3232 4234 tumultus
3260 4188 3419 4249 atque
3459 4179 3738 4248 perturba-

2156 4276 2332 4331 tiones
2361 4293 2376 4330 :
2406 4285 2568 4344 atque
2609 4273 2712 4329 hoc
2751 4271 2925 4355 ipsum
2961 4271 3241 4328 declarans
3280 4272 3492 4329 dicebat
3524 4290 3538 4326 :
3567 4271 3754 4328 Terras.

2158 4383 2238 4422 me
2270 4367 2324 4421 in
2359 4365 2655 4428 insomniis,
2688 4373 2734 4420 et
2760 4365 2812 4417 in
2838 4363 2956 4417 visis
2985 4378 3064 4416 me
3090 4362 3323 4430 porcellis
3350 4361 3509 4435 (Ibid.
3549 4376 3592 4414 υ.
3636 4364 3741 4433 is).

2160 4458 2370 4514 Etenim
2401 4456 2798 4526 perterrebatur
2828 4453 3121 4509 tremendis
3153 4454 3255 4509 illis
3285 4455 3562 4510 nocturnis
3596 4455 3754 4521 visis,

2160 4548 2499 4606 intolerando
2526 4549 2750 4610 timore,
2784 4546 2978 4600 mentis
3003 4559 3229 4600 excessu
3260 4555 3469 4601 terrore
3498 4547 3743 4603 obrutus.

2233 4641 2290 4696 5.
2333 4642 2522 4694 Annon
2569 4636 2929 4707 defatigamini
2967 4637 3245 4692 audientes
3293 4646 3399 4692 tam
3442 4638 3755 4709 frequentes

2164 4732 2280 4788 illas
2325 4728 2695 4786 calamitates?
2752 4731 2820 4783 At
2873 4729 2961 4783 ille
3020 4729 3228 4799 patiens
3280 4746 3385 4784 non
3447 4730 3745 4789 fatiscciiat.

2163 4821 2521 4891 Quamobrem
2549 4835 2676 4889 rogo
2701 4820 2974 4875 caritatem
3007 4829 3255 4886 vestram,
3278 4820 3453 4876 adhuc
3482 4823 3746 4892 paululum

2163 4911 2483 4983 exspectetis
2531 4928 2546 4964 :
2591 4910 2826 4965 nondum
2870 4909 3012 4963 enim
3063 4917 3235 4966 totum
3274 4910 3525 4978 diximus,
3580 4929 3753 4983 neque

2165 5006 2468 5064 addidimus
2515 5003 2738 5059 alteram
2803 5005 3253 5072 exsuperantiam.
3315 5004 3487 5061 Unum
3537 5007 3750 5074 quidem

2166 5109 2306 5163 erat,
2340 5096 2480 5166 quod
2516 5095 2707 5148 omnia
2762 5094 2898 5147 mala
2947 5110 3067 5164 quae
3127 5096 3432 5153 hominibus
3479 5099 3753 5163 accidunt,

2169 5205 2331 5245 unum
2375 5202 2569 5257 corpus
2624 5184 2885 5255 perferret
2927 5201 2943 5265 ς
2983 5186 3127 5242 aliud
3178 5203 3327 5253 vero,
3378 5189 3521 5258 quod
3573 5190 3757 5245 omnia

2168 5279 2350 5345 simul,
2376 5296 2474 5336 nec
2488 5280 2571 5334 vel
2593 5279 2867 5333 minimam
2907 5277 3137 5335 habebat
3162 5280 3398 5349 requiem
3429 5282 3510 5335 vel
3539 5283 3759 5337 dilatio—

2171 5391 2316 5432 nem.
2375 5373 2614 5429 Tertium
2656 5372 2856 5428 addere
2894 5373 3014 5428 volo
3058 5390 3073 5427 :
3124 5374 3392 5443 quodnam
3452 5375 3581 5430 illud
3631 5378 3759 5431 est?

2170 5466 2323 5536 Quod
2377 5465 2642 5520 dictorum
2694 5463 2901 5536 singula
2957 5478 3064 5518 non
3124 5463 3283 5519 modo
3333 5466 3487 5529 simul
3542 5467 3751 5538 ingrue-

2172 5568 2325 5624 runt,
2377 5557 2475 5614 sed
2525 5558 2689 5615 etiam
2740 5571 2863 5613 cum
2920 5555 2972 5610 vi
3025 5571 3213 5626 magna
3259 5568 3314 5611 et
3365 5560 3700 5617 vehementia
3733 5577 3757 5618 :.

2173 5665 2296 5706 nam
2342 5657 2622 5719 paupertas
2658 5647 2777 5717 ejus
2803 5654 2921 5703 erat
2966 5649 3111 5702 omni
3152 5658 3459 5718 [n'tupcrtttte
3500 5652 3759 5721 gravior;

2173 5739 2394 5796 morbus
2437 5740 2585 5806 item,
2629 5738 2809 5806 sedes,
2860 5736 3091 5793 ﬁliorum
3136 5740 3418 5809 pernicies,
3463 5742 3753 5799 baiulorum.

2171 5847 2278 5903 que
2328 5832 2588 5888 omnium.
2636 5829 2916 5900 Perpende
2964 5840 3142 5885 autem
3171 5848 3185 5885 :
3215 5832 3443 5902 perdidit
3490 5838 3754 5906 quispiam

2177 5924 2314 5983 bona
2362 5941 2455 5980 sua
2478 5924 2500 5976 ἵ
2525 5932 2580 5980 at
2606 5940 2713 5979 non
2744 5921 2953 5994 penitus
2995 5921 3199 5992 omnia,
3238 5939 3410 5996 neque
3450 5926 3539 5983 tali
3569 5929 3749 5982 modo.
