4138 6496
408 363 511 420 ιει

405 478 608 537 Amisit
655 477 833 537 ﬁlios?
885 486 941 532 at
980 493 1271 548 numquam
1324 494 1431 532 uno
1474 486 1747 532 momento
1802 490 2012 541 omnes,

402 588 590 642 neque
646 580 763 638 tot,
819 586 995 641 neque
1054 572 1207 625 tales.
1269 570 1326 627 lu
1378 570 1625 626 morbum
1680 568 1905 624 incidit?
1964 578 2019 622 at

402 680 517 720 non
546 663 729 725 talem,
757 662 851 717 sed
899 662 981 717 vel
1030 660 1165 718 febri
1213 662 1496 730 laboravit,
1527 663 1613 718 vel
1660 662 2017 725 mutilatioue,

401 756 492 810 vel
519 754 876 825 similialiquo
898 764 1265 826 consuetaque
1286 754 1495 810 morbo.
1526 753 1620 809 Illa
1652 763 1831 808 autem
1864 754 2016 823 plaga

402 846 623 904 insolita
654 857 789 913 erat,
822 848 1049 918 qumuni
1080 846 1301 917 patienti
1332 857 1457 901 nota
1479 856 1640 901 esset.
1663 845 1849 899 Nullus
1873 845 2016 899 enim

399 957 588 997 sermo
609 941 882 1010 explicare
913 939 1082 1011 possit
1103 955 1262 1010 quam
1289 939 1481 995 acerba
1504 946 1687 993 essent
1718 938 1895 992 ulcera
1925 937 2014 992 illa

398 1046 457 1091 et
487 1045 746 1106 quantum
789 1033 1049 1089 inferrent
1074 1034 1298 1089 vulnera
1329 1033 1613 1100 dolorem;
1646 1032 1739 1088 sed
1771 1032 1902 1086 satis
1931 1040 2015 1088 est

398 1127 608 1186 dixisse
651 1127 773 1198 quis
801 1129 1002 1182 malum
1041 1127 1315 1191 inflixerit,
1349 1135 1404 1182 et
1433 1141 1594 1197 quam
1622 1126 1942 1181 exulcerato
1968 1125 2013 1182 is

397 1222 590 1279 animo
616 1230 785 1288 esset,
817 1230 876 1275 ut
906 1221 1076 1291 plaga:
1120 1220 1433 1292 magnitudo
1476 1220 1811 1276 ostendatur.
1864 1218 2010 1275 Nova

398 1321 531 1375 item
553 1330 609 1378 et
624 1318 839 1375 insolita
868 1326 986 1375 erat
1011 1318 1127 1388 ejus
1150 1318 1328 1375 sedes.
1355 1318 1540 1391 Neque
1560 1319 1704 1375 enim
1728 1318 1866 1376 ullus
1889 1335 2010 1375 um-

395 1429 561 1485 quam
593 1426 797 1484 panper
826 1413 905 1467 sic
933 1413 1072 1467 sedit
1100 1414 1245 1468 onmi
1278 1421 1521 1483 tempore
1548 1413 1649 1468 sub
1677 1413 1798 1481 dio,
1834 1422 1890 1469 ut
1921 1414 2011 1471 ille

393 1504 651 1571 sedebat,
669 1505 913 1560 vestibus
939 1504 1187 1570 nudatus,
1210 1517 1349 1561 tecto
1368 1507 1604 1576 privatus
1622 1508 1790 1573 omni,
1812 1508 1862 1561 in
1882 1508 2010 1564 fimo

394 1597 599 1653 sedens
622 1597 901 1652 vermibus
930 1606 1167 1652 scatens.
1199 1597 1357 1668 Szt'pe
1386 1599 1565 1653 evenit
1588 1600 1783 1670 utquis
1812 1600 2006 1655 malam

395 1690 622 1746 haberet
658 1705 882 1743 uxorem
908 1690 1197 1745 :setlnulla
1222 1706 1474 1761 umquam
1494 1700 1601 1745 tam
1627 1692 1868 1762 improba
1912 1694 2008 1748 fuit

393 1800 516 1855 qttzc
546 1783 598 1836 in
631 1792 776 1836 tanta
819 1782 1127 1838 calamitate
1167 1783 1338 1837 virum
1381 1783 1770 1852 insectaretur,
1804 1796 1858 1841 et
1896 1787 2008 1857 gla-

392 1877 541 1931 dium
573 1885 790 1929 acueret
822 1874 1084 1930 advcrsus
1113 1876 1350 1930 animam
1386 1876 1571 1946 ipsius,
1601 1877 1833 1949 taliaque
1874 1895 2001 1935 con-

393 1974 511 2027 silia
539 1972 712 2026 daret.
751 1970 1065 2025 Amicorum
1094 1986 1310 2041 quoque
1351 1980 1401 2026 et
1428 1972 1856 2027 domesticorum
1885 1974 2004 2027 ani-

395 2081 543 2120 mum
572 2063 863 2120 considera
895 2081 908 2117 :
943 2062 1098 2118 famis
1140 2079 1355 2134 quoque
1395 2079 1591 2120 novum
1621 2080 1820 2137 genus,
1862 2066 2003 2137 quod

398 2172 582 2210 mensa
616 2156 859 2227 apposita
890 2155 1018 2210 nihil
1046 2165 1261 2224 gustare
1297 2165 1497 2226 posset.
1532 2157 1714 2212 Dicam
1759 2169 1813 2213 et
1843 2175 2006 2229 quar-

405 2256 513 2301 tam
553 2248 927 2320 hyperbolen?
981 2247 1196 2302 divitias
1247 2264 1440 2320 nempe
1489 2258 1542 2305 et
1594 2252 2001 2319 prosperitatem

410 2340 705 2408 pristinam.
748 2339 881 2394 Nam
922 2338 1012 2411 qui
1043 2340 1110 2393 ab
1156 2339 1307 2393 initio
1361 2342 1412 2394 in
1454 2351 1770 2411 paupertate
1826 2342 2000 2407 vixit,

410 2430 615 2484 facilius
651 2430 750 2485 fert
786 2431 955 2497 illam,
989 2440 1172 2503 utpote
1212 2431 1303 2503 qui
1347 2432 1546 2487 malum
1580 2434 1707 2488 illud
1738 2434 1829 2489 diu
1862 2435 2005 2491 tule-

402 2525 469 2577 rit
500 2539 515 2574 :
541 2523 630 2594 qui
660 2531 839 2578 autem
871 2538 937 2579 ex
983 2531 1127 2578 tanta
1159 2524 1433 2592 opulentia
1464 2525 1717 2597 delapsus
1743 2535 1848 2592 est,
1876 2542 2000 2583 eum

397 2625 581 2686 utpote
608 2633 707 2672 nec
737 2629 1044 2688 expertum,
1069 2634 1169 2673 nec
1201 2627 1517 2674 nascentem
1540 2619 1683 2674 illam
1710 2621 2003 2677 verisimile

393 2721 477 2765 est
517 2711 737 2779 gravius
786 2711 1042 2775 sensisse,
1103 2712 1351 2768 acerbius
1402 2712 1676 2778 doluisse,
1734 2722 1789 2769 et
1832 2715 2000 2786 magis

406 2806 680 2859 turbatum
713 2804 898 2860 fuisse.
942 2805 1201 2871 Quintum
1246 2807 1408 2860 etiam
1439 2804 1545 2860 dici
1588 2808 1757 2876 possit
1786 2825 1798 2861 :
1827 2807 1996 2877 quod-

390 2915 515 2953 mm
545 2899 715 2953 illud?
745 2900 800 2954 ln
830 2900 949 2954 aliis
978 2899 1222 2970 quidem,
1248 2899 1448 2970 singuli
1468 2900 1715 2956 homines
1744 2902 1833 2972 qui
1857 2902 1999 2957 mul-

390 3000 567 3045 torum
596 2990 698 3045 sibi
752 2991 1017 3045 malorum
1071 2991 1275 3047 conscii
1306 3000 1451 3057 sunt,
1505 3006 1726 3047 causam
1775 3004 1994 3060 norunt,

384 3083 544 3151 eujus
593 3098 757 3137 causa
818 3084 1123 3153 patiuntur;
1178 3083 1339 3154 idque
1399 3098 1505 3139 non
1562 3100 1749 3154 parum
1803 3094 1885 3141 est
1928 3086 1997 3142 ad

383 3176 819 3230 consolationem
851 3194 865 3231 :
910 3176 1000 3231 ille
1033 3191 1160 3231 vero
1184 3192 1357 3246 neque
1388 3176 1491 3233 hoc
1517 3179 1732 3248 quidem
1761 3181 1998 3250 cogitare

384 3277 621 3337 poterat,
641 3262 782 3339 quod
802 3268 1120 3323 delictorum
1142 3280 1589 3342 peccatorumque
1608 3288 1792 3343 poenas
1807 3274 1959 3330 daret
1979 3292 1993 3329 :
2014 3292 2025 3309 κ

383 3368 442 3413 et
466 3359 569 3414 hoc
592 3362 826 3415 maxime
856 3360 1200 3416 ratiocinium
1231 3362 1347 3431 ejus
1378 3364 1656 3419 turbabat.
1688 3366 1823 3421 Cum
1850 3369 1993 3423 enim

382 3452 555 3506 vitam
586 3468 738 3508 suam
769 3454 1145 3523 perpendebat
1174 3464 1228 3509 et
1267 3457 1653 3512 conscientiam
1686 3474 1837 3512 suam
1877 3460 1996 3530 plus

378 3560 549 3614 quam
581 3546 662 3599 sol
709 3546 1053 3617 etTulgentcm
1101 3562 1163 3601 ac
1203 3558 1349 3603 recte
1384 3546 1649 3603 factorum
1692 3550 1994 3607 multitudi-

380 3652 533 3700 nem,
566 3647 789 3692 noverat
815 3653 873 3693 se
914 3639 1129 3694 coronis
1159 3647 1213 3693 ct
1260 3640 1443 3694 bravio
1483 3650 1538 3695 et
1567 3642 1801 3712 prarmiis
1841 3643 1995 3697 inmt-

380 3730 553 3785 meris
579 3744 699 3785 esse
728 3730 949 3800 dignum
980 3749 995 3786 :
1028 3746 1150 3785 cum
1175 3746 1304 3786 vero
1331 3746 1525 3801 corpus
1547 3746 1700 3787 suum
1734 3735 1992 3803 respicie-

380 3823 498 3889 bat,
535 3822 735 3886 ulcera,
763 3832 819 3877 et
848 3823 1026 3878 omnia
1053 3839 1173 3892 qua:
1203 3824 1304 3878 sibi
1335 3824 1685 3892 acciderant;
1714 3827 1902 3882 videns
1933 3844 1993 3883 se

378 3915 631 3984 graviora
669 3915 797 3984 pati,
830 3931 991 3986 quam
1030 3916 1122 3986 qui
1171 3926 1415 3972 extrema
1462 3918 1668 3973 scelera
1713 3930 1993 3989 perpetra-

380 4016 528 4073 rant,
561 4008 761 4062 nullam
788 4023 1006 4063 causam
1040 4009 1286 4065 invenire
1328 4019 1382 4065 ct
1414 4009 1598 4066 dicere
1638 4021 1851 4082 poterat
1893 4030 1993 4069 cur

379 4104 511 4159 talia
538 4090 833 4173 pateretur.
867 4101 989 4158 Ideo
1007 4102 1168 4174 igitur
1184 4104 1251 4158 ad
1277 4105 1876 4176 incomprehensibilem
1898 4102 1990 4161 Dei

375 4197 845 4267 dispensationem
870 4196 1183 4265 confugiens
1200 4197 1413 4251 dicebat
1436 4196 1615 4252 :Sicut
1634 4195 1856 4253 Domino
1877 4198 1993 4267 pla-

377 4294 509 4357 cuit,
535 4293 605 4345 ita
635 4294 828 4362 factum
853 4299 925 4344 est
956 4289 1076 4362 (Job
1110 4292 1159 4345 l.
1200 4290 1315 4361 2|).
1340 4290 1407 4344 Et
1433 4306 1656 4346 uxorem
1686 4290 1991 4360 reprimens

379 4402 483 4455 pro
512 4384 762 4437 facultate
790 4382 1051 4436 rationem
1084 4383 1417 4453 exprompsit
1442 4399 1559 4453 qua!
1588 4383 1841 4452 pietatem
1872 4381 1991 4450 ejus

378 4479 676 4534 admodum
706 4478 1049 4541 ostendebat,
1069 4478 1146 4532 sic
1174 4478 1361 4533 dicens
1386 4496 1398 4531 :
1424 4479 1484 4531 Si
1510 4477 1643 4531 bona
1673 4475 1989 4545 suscepimus

376 4594 413 4629 α
446 4572 692 4637 Domino,
722 4573 860 4627 mala
886 4588 987 4626 nun
1008 4572 1363 4627 sustinebimus
1392 4570 1545 4642 (Job.
1578 4568 1635 4632 2,
1660 4566 1797 4641 10)?

453 4671 587 4723 Ante
626 4668 847 4739 gratiam
883 4666 1041 4720 virtus
1084 4664 1339 4737 difﬁcilior
1374 4673 1501 4718 erat.
1530 4692 1602 4703 —
1624 4662 1801 4717 Aliam
1850 4674 1990 4732 quo-

376 4777 490 4831 que
531 4762 706 4815 dicam
751 4759 1122 4833 hyperbolen,
1162 4776 1282 4829 qua:
1323 4756 1583 4813 athletam
1627 4755 1779 4811 illum
1822 4754 1993 4809 maxi-

380 4871 474 4911 me
517 4862 742 4909 coronet
782 4868 847 4908 ac
883 4853 1162 4922 prmdicet,
1203 4851 1561 4921 ostendatque
1591 4849 1733 4904 illius
1752 4848 1988 4903 animam

378 4948 673 5003 sublimem
705 4945 772 4999 ad
818 4945 1009 4999 eaalum
1051 4959 1217 5015 usque
1264 4943 1681 5013 pcrtingentem.
1729 4939 1988 5009 Qumnam

379 5041 548 5109 igitur
577 5038 665 5091 illa
695 5037 821 5091 est?
850 5033 1133 5104 Temporis
1158 5033 1462 5089 dill'erentia
1498 5053 1510 5089 :
1545 5048 1669 5088 cum
1695 5033 1837 5087 enim
1865 5041 1991 5086 ante

375 5131 611 5202 gratiam
640 5137 696 5185 et
723 5138 848 5183 ante
880 5128 1054 5197 legem
1083 5126 1399 5205 exstitisset,
1441 5124 1533 5179 tali
1579 5136 1757 5180 tamen
1799 5123 1991 5195 plenus

377 5233 503 5278 erat
534 5221 893 5293 philosophia.
936 5218 1055 5275 Non
1102 5234 1289 5289 parum
1336 5228 1516 5273 autem
1561 5217 1692 5272 illud
1741 5227 1845 5282 est,
1894 5217 1990 5272 sed

379 5315 529 5388 quod
571 5324 857 5371 sexcentos
895 5312 1061 5382 possit
1108 5319 1325 5366 nectere
1368 5325 1619 5366 coronas.
1665 5309 1989 5364 Eorumdem

381 5412 531 5467 enim
563 5420 709 5465 recte
737 5409 1001 5462 factorum
1032 5420 1137 5459 non
1166 5404 1369 5459 easdem
1394 5411 1519 5457 sunt
1542 5401 1843 5466 mercedes,
1867 5417 1990 5456 cum

381 5506 525 5559 alius
554 5502 774 5574 quidem
817 5499 1007 5571 priscis
1039 5495 1370 5566 temporibus
1412 5495 1534 5551 talia
1568 5495 1817 5566 patravit,
1855 5494 1993 5547 alius

381 5606 566 5652 autem
597 5596 784 5650 intimo
811 5607 959 5657 arvo;
991 5591 1086 5645 sed
1122 5588 1287 5659 priori
1318 5588 1477 5656 longe
1506 5585 1761 5654 majores.
1806 5584 1990 5654 Neque

380 5694 530 5747 cnim
570 5706 666 5759 par
696 5703 783 5742 res
824 5696 927 5752 est,
976 5693 1260 5755 postquam
1296 5679 1545 5735 Christus
1571 5678 1809 5741 advenit,
1853 5687 1993 5747 post-

380 5800 547 5857 quam
595 5790 676 5838 tot
727 5791 981 5850 tantaque
1025 5775 1267 5837 exhibuit
1310 5782 1358 5828 et
1417 5770 1626 5825 monuit
1667 5779 1721 5825 ct
1757 5770 1995 5840 philoso-

385 5879 590 5951 phandi
620 5877 847 5937 consilia
878 5875 1025 5932 dedit
1070 5870 1324 5945 praeclare
1355 5881 1513 5936 agere
1559 5874 1613 5923 et
1663 5877 1789 5922 ante
1825 5867 1991 5939 ipsius

1065 362 1131 418 IV
1174 358 1479 429 HOMlLlA,
1524 360 1886 418 ADVERSUS
1928 360 2054 417 EOS
2093 362 2209 430 QUI
2252 366 2392 426 NON
2433 369 2880 441 ADFUERANT,
2924 375 3076 432 ETC.

3635 382 3740 436 ἂεὲ

2129 477 2417 536 adventum
2440 494 2495 538 et
2526 495 2651 541 ante
2682 486 2852 558 legero
2893 499 2948 544 et
2975 490 3264 561 prophetas
3296 494 3418 550 talia
3449 510 3729 567 pra-stare.

2129 568 2419 640 Propterea
2452 585 2734 648 postquam
2781 580 3020 649 advenit,
3056 583 3317 654 majorem
3350 588 3601 645 virtutem
3644 610 3729 647 rc-

2126 663 2323 732 qnirit,
2366 665 2552 722 dicens
2584 685 2597 722 :
2633 667 2754 723 Nisi
2789 672 3124 729 abundaverit
3150 676 3357 747 justitia
3398 690 3561 735 vestra
3610 686 3727 753 plus

2123 772 2277 825 quant
2322 757 2621 815 Scribarum
2666 773 2716 817 et
2766 764 3170 835 Pharistcorum,
3224 788 3326 826 non
3369 773 3625 831 intrabitis
3672 782 3726 832 in

2124 864 2336 919 regnum
2361 854 2602 908 ctelorrtm
2634 854 2847 930 (Matth.
2882 861 2934 915 5.
2966 861 3082 931 20).
3115 863 3325 930 Quanto
3371 868 3547 938 major
3578 873 3724 927 enim

2125 942 2222 996 fuit
2253 945 2516 1012 doctrina,
2557 957 2705 1003 tanto
2733 952 2964 1021 majores
2985 966 3034 1008 et
3060 954 3313 1025 justiores
3330 960 3542 1015 virtutis
3567 979 3723 1018 mett-

2121 1050 2261 1089 surae
2285 1040 2472 1108 posita:
2515 1052 2658 1095 sunt.
2699 1046 2767 1097 At
2820 1044 2905 1100 hic
2951 1064 3057 1102 non
3112 1049 3352 1106 doctrina
3408 1054 3707 1122 institutus,

2122 1143 2228 1182 non
2260 1130 2479 1203 scriptis
2508 1134 2772 1202 eruditus,
2814 1154 2920 1192 non
2954 1139 3124 1205 libris,
3153 1157 3276 1198 cum
3307 1146 3485 1201 nullos
3514 1148 3720 1205 similes

2119 1222 2362 1290 vidisset,
2397 1240 2499 1281 nec
2523 1237 2704 1295 posset
2731 1229 2797 1284 ad
2823 1233 3100 1302 Superiora
3130 1245 3371 1308 tempora
3412 1255 3716 1307 recurrere.

2117 1323 2173 1369 et
2199 1316 2453 1385 prrcclara
2476 1320 2728 1390 exempla
2755 1323 3103 1379 considerare
3130 1345 3144 1391 ;
3174 1329 3410 1384 nondum
3435 1332 3576 1387 enim
3600 1343 3719 1390 erat

2115 1410 2403 1480 scriptura,
2434 1427 2532 1467 nec
2573 1414 2793 1469 historia
2823 1434 2941 1487 qua:
2971 1433 3059 1474 res
3084 1430 3264 1490 gestas
3307 1423 3580 1491 traderet;
3620 1429 3716 1483 sed

2117 1502 2168 1557 in
2199 1504 2280 1558 via
2312 1520 2417 1560 non
2452 1507 2597 1572 trita,
2632 1508 2684 1562 in
2720 1509 2851 1563 mari
2880 1510 2932 1565 in
2964 1526 3073 1580 quo
3104 1514 3283 1568 nullus
3310 1518 3710 1588 enavigaverat,

2116 1595 2168 1649 in
2202 1605 2344 1651 tanta
2373 1598 2628 1667 nequitia:
2666 1600 2918 1669 caligine,
2953 1604 3101 1659 solus
3141 1614 3196 1660 et
3228 1607 3433 1677 primus
3463 1610 3552 1665 ille
3590 1619 3717 1668 tunc

2114 1685 2251 1742 hanc
2275 1687 2625 1760 philosophias
2653 1690 2790 1745 viam
2809 1694 3041 1761 aperuit,
3064 1695 3116 1749 in
3135 1711 3344 1753 smnma
3372 1700 3569 1756 virtute
3590 1716 3713 1759 cum

2113 1780 2489 1849 crsuperautia
2544 1798 2791 1838 summus
2847 1784 3171 1842 declaratus.
3236 1788 3405 1846 Valde
3461 1809 3713 1865 magnum

2111 1876 2307 1944 quippe
2323 1884 2407 1930 est
2437 1875 2519 1930 vel
2553 1876 2793 1932 minores
2814 1878 3029 1934 virtutis
3060 1890 3243 1950 partes
3273 1894 3422 1939 recte
3448 1890 3667 1958 exsequi
3695 1905 3709 1952 ;

2111 1964 2269 2035 longe
2287 1966 2460 2036 majus
2478 1977 2654 2022 autem
2678 1969 2729 2023 in
2749 1984 2960 2024 summo
2974 1986 3288 2042 supremum
3301 1977 3541 2032 omnium
3556 1995 3709 2036 esse:

2110 2056 2252 2127 quod
2274 2067 2455 2113 autem
2484 2059 2740 2129 patientia
2775 2061 3101 2116 sitomnium
3126 2079 3402 2135 suprema,
3429 2084 3587 2123 nemo
3615 2087 3710 2126 ne-

2109 2151 2332 2219 gaverit.
2362 2150 2490 2206 Ilmc
2512 2152 2672 2222 igitur
2687 2167 2807 2208 cum
2833 2154 2948 2223 ipse
2972 2154 3221 2212 diabolus
3244 2157 3431 2225 sciret,
3456 2160 3707 2218 dicebat:

2110 2242 2307 2299 Pellem
2330 2260 2424 2314 pro
2450 2244 2603 2314 pelle,
2646 2253 2693 2298 et
2721 2246 2892 2299 omnia
2919 2263 3033 2318 qute
3061 2248 3208 2302 habet
3247 2248 3418 2317 homo,
3450 2252 3587 2306 dabit
3618 2272 3710 2323 pro

2108 2335 2281 2387 anima
2312 2351 2405 2388 sua
2435 2351 2453 2388 :
2472 2335 2563 2388 sed
2590 2336 2728 2389 mitte
2779 2353 2988 2390 manum
3016 2347 3177 2406 tuam,
3220 2350 3270 2394 et
3310 2350 3461 2411 tange
3504 2360 3709 2400 carnem

2108 2428 2217 2494 ejus
2240 2424 2361 2493 (Job
2388 2425 2442 2479 2.
2479 2426 2557 2497 4).
2593 2425 2749 2482 Unde
2782 2428 2954 2496 palam
2989 2440 3072 2484 est
3116 2428 3255 2486 hanc
3299 2433 3549 2490 virtutem
3586 2451 3709 2493 esse

2107 2516 2345 2570 omnium
2386 2530 2719 2583 supremam,
2773 2534 3001 2589 quaeque
3058 2521 3198 2575 virili
3246 2532 3301 2577 et
3340 2522 3514 2580 ferrea
3572 2543 3709 2597 opus

2108 2609 2305 2664 habeat
2344 2610 2559 2677 anima;
2593 2611 2857 2680 siquidem
2903 2613 3085 2669 videre
3131 2630 3320 2685 posses
3349 2630 3579 2689 quantus
3619 2622 3709 2678 ille

2106 2711 2224 2757 erat
2273 2702 2325 2758 in
2385 2704 2797 2759 tentationibus.
2850 2704 2984 2759 Rem
3035 2707 3180 2762 enim
3228 2723 3408 2764 sermo
3456 2726 3709 2772 accurate

2105 2793 2364 2849 exhibere
2394 2810 2500 2849 non
2533 2796 2724 2865 potuit.
2762 2796 3012 2852 Dolorem
3041 2799 3206 2866 enim,
3244 2803 3505 2871 supplicia
3529 2846 3544 2868 ,
3574 2818 3712 2863 mm-

2105 2887 2244 2942 roris
2271 2888 2634 2959 tyrannidem,
2673 2900 2727 2944 et
2754 2890 3216 2959 perturbationem
3247 2909 3314 2949 ex
3355 2904 3432 2949 tot
3463 2897 3707 2956 tristibus

2103 2983 2267 3038 rebus
2310 2991 2506 3047 ortam,
2552 2984 2694 3038 nulla
2742 2986 2822 3039 vis
2869 2987 3139 3041 sermonis
3186 2987 3381 3044 efferre
3408 2990 3487 3045 sic
3529 3002 3705 3062 potest

2102 3074 2465 3142 audientibus,
2494 3085 2553 3131 ut
2600 3076 2713 3146 ipsa
2755 3092 2936 3132 rerum
2983 3080 3340 3149 experientia.

2174 3168 2230 3223 4.
2271 3167 2384 3239 Age
2410 3182 2539 3238 ergo
2562 3168 2712 3224 illum
2743 3169 2838 3224 tibi
2881 3170 3043 3224 etiam
3069 3174 3383 3229 monstrabo
3406 3174 3532 3249 (hoc
3558 3177 3701 3233 enim

2103 3274 2210 3314 non
2236 3260 2510 3314 modicum
2541 3270 2644 3322 est,
2678 3260 2774 3315 setl
2807 3262 2990 3316 animo
3016 3263 3177 3319 valde
3218 3266 3538 3338 philosopho
3565 3284 3705 3339 Opus

2102 3350 2371 3422 habentis)
2395 3350 2448 3406 in
2475 3351 2680 3407 divitiis
2703 3361 2758 3408 et
2782 3353 2832 3406 in
2856 3354 3135 3425 opulentia
3167 3372 3414 3428 magnam
3441 3362 3704 3418 exhiben-

2103 3453 2211 3499 tem
2226 3443 2644 3514 philosophiam.
2669 3443 2857 3513 Qualis
2882 3445 3045 3515 igitur
3065 3458 3181 3502 erat
3203 3463 3323 3503 cum
3350 3450 3501 3506 dives
3518 3456 3704 3511 esset?

2098 3534 2415 3590 Communis
2435 3534 2675 3589 omnium
2703 3544 2908 3604 portus,
2933 3538 3235 3592 communis
3265 3541 3503 3595 onmium
3526 3551 3715 3612 pater,-

2097 3627 2401 3682 communis
2431 3626 2703 3691 medicus;
2753 3627 2864 3681 imo
2902 3628 3115 3683 medico
3146 3630 3317 3700 major
3350 3649 3364 3687 :
3394 3634 3517 3689 audi
3548 3651 3702 3691 nam-

2097 3734 2203 3790 que
2232 3734 2355 3775 eum
2392 3719 2663 3773 dicentem
2699 3737 2714 3774 :
2750 3718 2860 3790 Ego
2899 3736 3040 3773 eram
3077 3721 3257 3775 oculus
3297 3739 3567 3790 caecorum,
3611 3744 3700 3798 pes

2096 3814 2400 3868 claudorum
2431 3811 2552 3882 (Job
2579 3812 2668 3867 29.
2700 3812 2815 3883 l5).
2849 3811 3039 3868 Viden’
3079 3816 3351 3882 quomodo
3374 3817 3583 3874 medico
3626 3822 3697 3877 sit

2096 3906 2310 3975 major?
2327 3905 2540 3961 Natura:
2564 3906 2734 3961 vicem
2759 3906 2950 3977 agebat
2967 3922 3093 3977 erga
3118 3909 3339 3964 mutilos
3360 3919 3415 3966 et
3436 3927 3656 3969 mancos
3672 3914 3699 3969 ἲ

2097 4008 2153 4054 et
2181 3998 2325 4068 quod
2358 4013 2463 4052 non
2513 4007 2763 4068 poterant
2798 3997 2990 4053 medici
3028 4008 3146 4055 arte
3187 4004 3482 4072 corrigere,
3521 4002 3573 4058 id
3606 4003 3699 4062 ille

2095 4089 2374 4145 reficiebat
2402 4088 2794 4151 consolatione,
2820 4088 2890 4144 ob
2918 4089 3140 4144 multam
3170 4091 3313 4147 circa
3345 4093 3464 4149 illos
3501 4095 3697 4152 solliei-

2098 4182 2336 4236 tudinem
2366 4182 2731 4236 membrorum
2760 4181 2931 4236 vicem
2964 4182 3093 4251 ipsis
3119 4196 3333 4253 gerens.
3363 4184 3497 4241 Nam
3537 4189 3693 4259 quasi

2095 4276 2237 4340 sani,
2262 4272 2491 4342 pedibus
2536 4273 2796 4339 valentes,
2842 4283 2897 4327 et
2942 4273 3187 4329 videntes
3217 4274 3484 4347 degebant
3524 4279 3558 4335 ii
3597 4281 3690 4351 qui

2094 4363 2179 4419 his
2206 4363 2447 4418 mulctati
2474 4370 2628 4417 erant
2653 4362 2928 4429 membris,
2957 4379 3062 4419 non
3094 4367 3389 4430 sentientes
3422 4369 3698 4429 claudica-

2098 4458 2298 4513 tionem
2331 4470 2507 4525 neque
2534 4455 2833 4509 creeilatem
2876 4457 2946 4511 ob
2988 4472 3235 4528 magnam
3270 4458 3387 4530 ejus
3410 4462 3696 4530 providen-

2096 4551 2245 4606 tiam.
2276 4549 2614 4619 Quapropter
2642 4562 2749 4602 non
2779 4547 2933 4614 dixit,
2968 4547 3083 4619 Ego
3109 4548 3362 4604 consolor
3384 4550 3610 4609 claudos
3639 4567 3696 4611 et

2094 4656 2269 4699 ett-cos
2303 4659 2316 4696 :
2348 4640 2465 4706 sed,
2500 4639 2600 4694 Pes
2621 4649 2668 4693 et
2694 4640 2871 4694 oculus
2902 4640 3117 4694 illorum
3159 4657 3333 4706 erant;
3378 4650 3433 4696 et
3477 4659 3693 4710 rursus,

2095 4736 2210 4809 Ego
2238 4752 2377 4789 eram
2402 4746 2546 4805 pater
2570 4734 2923 4802 impotentium
2945 4730 3107 4801 (Ibid.
3186 4728 3301 4799 16).
3390 4731 3577 4805 Neque
3611 4736 3698 4792 hic

2096 4828 2247 4895 dicit,
2273 4825 2608 4883 Consolabar
2624 4822 2931 4894 orphanos;
2961 4821 3079 4887 sed,
3110 4820 3266 4876 Pater
3284 4823 3496 4879 illorum
3516 4843 3696 4882 eram:

2097 4921 2226 4976 hinc
2251 4918 2547 4975 ostendens
2572 4931 2633 4972 se
2662 4931 2770 4971 non
2798 4915 2989 4970 sivisse
3024 4928 3120 4968 eos
3151 4914 3234 4969 vel
3266 4914 3319 4968 in
3354 4931 3572 4971 sensum
3604 4934 3698 4973 ve-

2097 5015 2214 5071 nire
2240 5013 2385 5084 quod
2417 5009 2644 5081 orphani
2668 5016 2873 5074 essent,
2909 5020 3082 5077 neque
3118 5006 3429 5075 permisisse
3459 5018 3514 5061 ut
3542 5009 3696 5064 triste

2098 5108 2226 5165 illud
2252 5116 2538 5179 appareret
2568 5123 2581 5160 :
2614 5099 3063 5176 quemadmodum
3084 5108 3138 5153 et
3167 5099 3273 5152 illic
3298 5099 3597 5154 cJ-citatem
3628 5116 3697 5157 ne

2044 5219 2051 5227 ·
2098 5202 2359 5259 sentirent
2386 5199 2514 5256 cneci
2538 5197 2588 5253 vi
2620 5193 2973 5265 providentia:
3001 5205 3114 5246 sua:
3135 5189 3421 5256 efficiebat,
3444 5190 3571 5246 dum
3601 5193 3691 5248 in-

2098 5292 2380 5351 commoda
2428 5290 2685 5346 auferret.
2716 5287 2902 5356 Neque
2946 5296 3172 5353 corpora
3202 5282 3377 5336 solum
3420 5297 3608 5339 manca
3639 5293 3696 5338 et

2101 5387 2285 5442 mutila
2326 5383 2570 5447 curabat,
2604 5394 2779 5452 neque
2822 5376 3098 5449 orphanos
3142 5382 3371 5441 tantum,
3414 5374 3542 5430 dum
3592 5376 3698 5432 illis

2100 5479 2487 5536 membrorum,
2533 5475 2617 5529 his
2668 5480 2951 5544 parentum
2983 5469 3099 5525 vice
3129 5468 3348 5533 aderat;
3398 5467 3496 5523 sed
3533 5468 3698 5523 etiam

2102 5572 2264 5645 jntlex
2315 5586 2343 5624 a
2398 5570 2579 5639 seipse
2626 5567 2952 5621 constitutus
3003 5561 3179 5617 fuerat
3210 5560 3321 5615 imo
3365 5561 3485 5632 plus
3537 5576 3701 5630 quam

2101 5666 2267 5738 iudex
2292 5680 2308 5732 ;
2341 5678 2463 5718 nam
2493 5661 2568 5715 ait
2595 5677 2608 5714 :
2640 5657 2859 5713 Causam
2884 5671 3038 5727 quam
3055 5651 3339 5709 nesciebam
3368 5653 3666 5725 investigaui
3685 5694 3702 5720 ,

2102 5770 2148 5815 et
2176 5756 2406 5832 confregi
2422 5753 2583 5807 multis
2601 5752 2914 5822 iniquorum,
2942 5756 2989 5802 et
3010 5762 3073 5801 ea:
3091 5745 3261 5802 medio
3290 5744 3516 5800 dentium
3528 5761 3704 5799 eorum

2105 5858 2331 5932 predum
2375 5848 2539 5920 eripui
2589 5843 2774 5918 (Ibid.
2819 5840 2910 5898 29.
2962 5840 3027 5896 l7
3148 5836 3266 5896 ltoc
3306 5836 3480 5896 multo
3526 5835 3706 5909 majus
