4138 6492
463 302 570 360 485

468 429 553 474 est
602 431 762 489 quam
814 413 1018 484 judieis
1077 410 1333 467 officium.
1397 408 1613 466 lodices
1669 405 1814 462 enim
1871 401 2059 458 sedent

472 516 850 581 exspectantes
888 507 977 577 qni
1003 505 1250 576 injuriam
1282 502 1425 573 passi
1475 508 1643 564 sunt;
1694 507 1749 553 et
1778 504 2058 567 postquam

473 600 551 655 illi
603 599 871 669 supplices
899 603 1261 652 accesserunt.
1307 602 1433 647 tunc
1460 606 1615 646 suum
1639 588 1883 661 prrebent
1905 583 2063 639 auxi-

475 692 603 746 lium
660 690 733 745 illi
780 688 874 765 gni
932 689 1071 741 inter
1126 684 1337 755 jndices
1394 682 1629 737 maxime
1686 678 1835 750 probi
1890 686 2065 742 sunt;

479 784 659 852 plures
685 778 948 849 siquidem
978 791 1078 832 nec
1118 775 1246 829 illud
1282 780 1538 843 prmstant
1568 788 1581 823 :
1613 769 1700 825 hic
1742 782 1873 824 vero
1900 767 2063 820 etiam

477 874 715 945 optimos
759 871 877 927 illos
916 870 1043 924 vicit
1078 878 1132 924 et
1171 868 1331 937 longe
1369 862 1661 933 superavit.
1710 860 1894 927 Neque
1922 860 2065 914 enim

478 963 828 1034 exspectabat
876 961 1052 1016 donec
1115 959 1148 1012 ii
1204 956 1296 1027 qui
1344 954 1538 1024 injuria
1577 952 1950 1008 afficiebantur
1998 949 2066 1003 ad

480 1072 539 1111 se
569 1056 835 1119 venirent,
891 1066 1064 1123 neque
1108 1060 1390 1123 postquam
1442 1046 1518 1101 illi
1570 1043 1840 1114 supplices
1886 1055 2067 1096 acces-

476 1158 685 1213 serant,
709 1148 775 1203 ad
801 1162 958 1216 opem
987 1143 1262 1200 ferendam
1296 1139 1579 1212 pergebat;
1604 1136 1699 1192 sed
1728 1137 1815 1191 ille
1863 1150 2068 1204 praeve-

480 1240 636 1293 ηἰυιιε
664 1239 927 1294 circuibat
945 1249 1193 1307 quaerens
1222 1247 1317 1289 eos
1338 1232 1426 1303 qui
1454 1230 1567 1284 lzesi
1614 1227 1843 1292 fuerant;
1872 1234 1927 1280 et
1961 1238 2068 1277 non

480 1332 642 1387 modo
663 1344 930 1402 qumrens,
958 1327 1051 1384 sed
1073 1342 1194 1383 cum
1223 1326 1386 1380 multa
1410 1321 1705 1394 vigilantia,
1729 1334 1849 1374 cum
1877 1330 2069 1387 magna

482 1422 864 1479 sollicitudine.
888 1421 942 1476 ld
966 1436 1095 1476 vero
1125 1420 1269 1474 clare
1303 1417 1540 1480 noveris,
1563 1415 1607 1467 si
1632 1413 1759 1467 dicti
1788 1412 1891 1465 vim
1925 1410 2068 1465 didi-

483 1516 641 1570 ceris.
672 1512 788 1569 Non
819 1513 960 1568 enim
1004 1510 1165 1575 dixit,
1212 1508 1483 1575 Qtncsivi;
1526 1504 1641 1565 sed.
1677 1503 1894 1560 Causam
1921 1518 2071 1572 quam

485 1608 769 1661 nesciebam
794 1604 1091 1674 investigavi
1106 1618 1128 1668 ;
1161 1602 1210 1656 id
1236 1611 1338 1664 est,
1370 1599 1690 1664 examinavi,
1715 1602 1927 1653 curiose
1948 1611 2073 1665 per-

486 1695 678 1768 quisivi
708 1712 827 1752 cum
858 1696 1236 1756 sollicitudine,
1264 1694 1443 1747 omnia
1471 1708 1689 1746 movere
1717 1708 1820 1746 non
1844 1689 2071 1757 cessavi,

490 1801 546 1844 ut
572 1790 924 1858 comperirem
969 1803 1036 1843 an
1081 1788 1202 1859 quis
1232 1788 1462 1841 latenter
1487 1783 1678 1855 injuria
1716 1785 1873 1838 lzesus
1914 1781 2068 1838 foret.

495 1883 740 1937 Vitlislitt'
769 1883 979 1956 vigilem
1007 1882 1242 1935 animum
1268 1881 1292 1933 ?
1323 1877 1444 1934 vide
1469 1893 1681 1950 quoque
1711 1875 2074 1939 fortitudinem

474 1987 545 2031 'et
590 1990 771 2030 curam
806 1996 820 2030 :
853 1974 916 2029 Et
964 1974 1175 2028 contrivi
1215 1973 1378 2027 molas
1421 1972 1729 2036 iniquorum.
1777 1969 1925 2023 Illam
1970 1969 2076 2021 vim

489 2068 795 2122 mordacem
826 2065 982 2132 solvi,
1018 2065 1208 2136 inquit,
1237 2074 1293 2120 ιιι
1323 2064 1387 2118 ad
1441 2065 1599 2118 aliam
1646 2061 1944 2117 faciendam
1972 2060 2077 2114 ini-

488 2161 746 2232 quitatem
770 2160 881 2230 jam
903 2160 1107 2215 inutilis
1134 2161 1225 2214 sit.
1257 2160 1460 2214 Ambos
1483 2159 1659 2228 itaque
1684 2157 1923 2227 juvabat,
1956 2154 2076 2210 illos

490 2269 558 2306 ne
587 2252 725 2307 male
752 2258 1082 2322 paterentur,
1124 2244 1231 2306 hos'
1253 2265 1320 2305 ne
1350 2249 1489 2305 male
1518 2248 1755 2303 facerent
1785 2246 2081 2317 impediens

490 2352 543 2397 et
570 2342 956 2397 moderatiores
986 2340 1236 2395 reddens.
1280 2340 1446 2394 Porro
1483 2337 1834 2395 constantiam
1870 2345 1925 2393 et
1962 2351 2085 2406 pcr-

491 2435 845 2490 sevcrantiam
878 2452 892 2489 :
927 2432 1075 2487 Elea:
1112 2432 1276 2487 medio
1301 2431 1528 2485 dentium
1556 2446 1729 2485 eorum
1757 2429 1922 2500 eripui
1949 2441 2081 2499 prm-

493 2526 633 2579 dam.
686 2523 871 2593 Neque
920 2522 1064 2579 enim
1119 2520 1489 2591 desperabam,
1515 2536 1688 2591 neque
1734 2520 2080 2586 desistebam,

491 2618 592 2674 etsi
623 2634 709 2673 res
726 2617 838 2687 jam
861 2624 1015 2687 capta
1040 2624 1193 2681 erat;
1222 2614 1317 2670 sed
1344 2613 1487 2686 quod
1504 2615 1614 2683 jam
1635 2613 1945 2684 absorptum
1971 2624 2085 2669 erat

493 2709 860 2776 retraltebam,
887 2708 1121 2779 pastoris
1153 2707 1342 2778 optimi
1379 2717 1434 2764 et
1462 2706 1636 2778 vigilis
1666 2704 2084 2765 sollicitudinem

495 2814 622 2868 erga
650 2814 943 2855 conservos
972 2797 1255 2854 exhibens.
1924 2846 1935 2857 ,

568 2893 689 2948 Jobi
744 2892 1027 2947 humilitas.
1068 2920 1143 2933 —
1188 2891 1397 2960 Quanta
1449 2906 1581 2947 vero
1634 2889 1910 2947 humilitas
1969 2889 2088 2960 ejus

507 2995 654 3041 esset
677 2985 872 3055 cogita.
933 2984 994 3041 Si
1020 2993 1188 3039 autem
1229 2983 1436 3049 despexi
1478 2982 1735 3055 judicium
1778 2982 1962 3053 famuli
1992 2983 2091 3041 mei

499 3087 547 3130 et
595 3076 816 3137 ancillae,
862 3075 983 3129 dum
1032 3073 1325 3143 iudicantur
1353 3076 1621 3129 adversum
1652 3091 1750 3130 me.
1782 3074 1921 3142 Quid
1957 3074 2091 3128 enim

503 3170 690 3241 faciam
745 3168 791 3222 si
845 3168 1179 3223 visitationem
1244 3182 1408 3220 meam
1476 3166 1633 3237 faciat
1687 3164 1868 3221 Deus?
1918 3182 2092 3221 annon

505 3273 561 3317 ut
611 3277 703 3331 ego
757 3262 810 3315 in
857 3269 1027 3316 centre
1071 3260 1166 3331 fui,
1214 3270 1260 3314 et
1298 3260 1397 3330 ipsi
1435 3264 1640 3331 fuerunt
1684 3257 1834 3328 (Job
1869 3259 1957 3314 5|.
2001 3261 2095 3315 l5-

507 3356 576 3411 15
591 3354 650 3427 )?
672 3352 970 3408 Contritum
994 3351 1230 3406 animum
1253 3350 1457 3412 vidisti,
1474 3359 1527 3405 et
1545 3359 1786 3404 naturam
1816 3348 2092 3406 hominum

507 3455 754 3502 accurate
785 3442 1215 3501 considet-antem
1247 3455 1310 3495 ac
1336 3442 1596 3496 scientem
1629 3439 1756 3509 quid
1788 3441 1855 3494 sit
1882 3455 2090 3505 servus,

508 3536 638 3607 quid
668 3535 821 3602 liber,
868 3533 923 3589 id
948 3533 1088 3603 quod
1120 3548 1148 3585 a
1178 3532 1360 3588 multis
1389 3529 1785 3587 circumfertur.
1821 3531 1967 3586 lianc
1993 3531 2096 3601 igi-

515 3638 604 3683 tur
630 3626 848 3699 cjiciens
893 3624 1308 3696 inmqualitatem
1355 3639 1383 3678 a
1424 3624 1536 3693 pari
1580 3624 1836 3681 natalium
1866 3623 2094 3690 honore,

511 3724 583 3778 de
623 3720 961 3792 philosophia
1015 3733 1319 3773 sermonem
1373 3716 1592 3773 inducit.
1631 3715 1887 3787 Quodque
1940 3717 2101 3771 mira-

514 3813 623 3871 bile
642 3814 693 3868 in
718 3813 808 3867 illo
826 3820 928 3877 est,
966 3811 1069 3864 hoc
1093 3809 1297 3864 faciens
1323 3823 1427 3863 non
1455 3824 1518 3862 ex
1548 3807 1847 3863 humilitate
1868 3823 1929 3864 se
1959 3808 2100 3879 lnqui

514 3903 774 3975 putabat,
815 3900 907 3956 sed
954 3900 1190 3954 debitum
1247 3897 1496 3966 implere.
1544 3896 1880 3968 Quapropter
1929 3901 2101 3953 ratio-

515 3993 716 4049 cinium
750 3991 1074 4062 posuitque
1119 3987 1424 4042 hominibus
1469 3987 1718 4042 onmibus
1759 3988 2012 4057 suadeat,
2046 3998 2107 4047 ut

519 4100 628 4140 non
659 4083 818 4137 altius
849 4080 1059 4150 sapiant
1085 4094 1244 4149 quam
1268 4078 1430 4143 servi,
1454 4077 1663 4131 etiamsi
1685 4077 1878 4135 millies
1898 4079 2101 4137 domini

517 4179 645 4231 sint.
678 4174 807 4232 [an
844 4173 1041 4243 quippe
1079 4170 1316 4235 neinina,
1367 4184 1555 4225 servus
1598 4180 1652 4226 et
1681 4171 1838 4234 liber,
1889 4172 2103 4229 nomina

521 4278 731 4327 tantum
757 4275 882 4320 sunt
909 4280 967 4319 re
992 4278 1158 4317 vacua
1191 4278 1204 4315 :
1239 4262 1471 4318 servitus
1489 4272 1667 4318 autem
1699 4263 1750 4318 in
1776 4277 2019 4336 peccato,
2049 4277 2106 4323 et

519 4359 740 4416 libertas
771 4356 823 4411 in
849 4354 1053 4424 justitia
1080 4352 1352 4409 delinitur.
1387 4353 1527 4424 Ergo
1553 4369 1650 4408 nos
1690 4357 1771 4411 sic
1801 4355 2106 4413 humiliabi-

522 4449 676 4506 mus?
703 4463 885 4504 annon
923 4461 1052 4500 vero
1080 4445 1451 4501 desiderabilis
1477 4446 1826 4518 amabilisque
1847 4451 1936 4505 ille
1975 4451 2107 4506 est?

524 4541 700 4597 Etiam
746 4538 991 4593 amabilis
1050 4552 1064 4589 :
1117 4546 1171 4592 et
1234 4534 1323 4591 hic
1380 4536 1728 4608 hyperbolem
1793 4542 2106 4611 consideres

526 4634 704 4689 velim.
737 4629 1194 4698 Quemadmodum
1235 4629 1377 4684 enim
1422 4629 1475 4684 in
1522 4630 2109 4688 molestiisvirilitcr-ct

460 4718 467 4725 ’
526 4742 650 4782 cum
710 4723 1023 4780 fortitudine
1072 4737 1260 4794 magna
1311 4721 1454 4778 illata
1500 4723 1640 4780 mala
1688 4723 1809 4779 tulit
1862 4744 1875 4781 :
1927 4727 1998 4781 ita
2052 4736 2111 4791 et

526 4821 579 4876 in
626 4817 978 4890 prosperitate
1016 4816 1240 4873 virtutes
1284 4816 1524 4887 singulas
1567 4817 1810 4888 apprime
1849 4821 2106 4888 exercuit,

516 4928 637 4969 non
680 4912 1021 4969 mediocriter
1060 4925 1160 4966 nec
1211 4919 1538 4980 utcumque,
1588 4910 1682 4966 sed
1731 4910 1799 4966 ad
1846 4927 2111 4971 summum

528 5010 701 5079 ipsum
744 5005 1061 5063 ascendens.
1092 5004 1153 5059 Si
1176 5020 1291 5059 vero
1316 5019 1452 5073 stupe
1483 5003 1704 5059 dixerint
1731 5005 1937 5062 ancillis
1966 5024 2107 5073 mete,

526 5101 657 5170 Quis
703 5101 788 5155 det
830 5098 972 5155 nobis
1016 5100 1080 5152 de
1117 5095 1355 5151 carnibus
1399 5096 1507 5150 suis
1535 5107 1588 5150 ut
1624 5100 1954 5154 saturentur?
1998 5117 2113 5156 cum

526 5192 676 5249 reide
718 5192 879 5247 bonus
908 5207 999 5262 ego
1025 5189 1121 5247 sim
1152 5187 1274 5260 (Job
1308 5189 1394 5245 l3.
1425 5189 1539 5262 5|).
1565 5189 1665 5247 llic
1687 5207 1927 5249 antorem
1955 5209 2114 5250 enar-

528 5295 609 5339 rat
650 5280 971 5339 fatnnlorum
1002 5280 1558 5351 vehementissimam,
1602 5285 1726 5354 qui,
1765 5285 1831 5340 ad
1877 5286 2114 5343 furorem

530 5390 701 5445 usque
718 5383 989 5430 amatores
1013 5374 1266 5433 ardentes
1294 5383 1470 5444 erant,
1501 5391 1567 5431 ex
1595 5377 1757 5433 modo
1781 5378 1986 5434 scilicet
2007 5395 2115 5449 quo
2158 5376 2174 5393 ‘

529 5479 655 5535 erga
684 5464 806 5519 illos
833 5478 893 5519 se
928 5466 1168 5536 gerebat.
1204 5466 1278 5522 lta
1306 5468 1472 5535 enim,
1518 5467 1710 5538 inquit,
1758 5469 1885 5523 mihi
1918 5469 2113 5553 addicti

529 5561 706 5619 erant,
751 5553 823 5614 ita
857 5553 1025 5622 affixi,
1067 5555 1137 5612 ita
1182 5573 1269 5614 me
1310 5560 1583 5624 amabant,
1637 5568 1694 5614 ut
1740 5570 1999 5631 (superent
2027 5562 2114 5618 vel

531 5646 663 5715 ipsis
692 5644 898 5713 impleri
927 5647 1196 5716 carnibus,
1243 5649 1495 5723 ipsasque
1541 5649 1825 5723 devorare,
1856 5653 1999 5725 quod
2027 5669 2113 5712 me

525 5738 737 5798 ardenti
756 5755 940 5800 amore
958 5740 1261 5814 diligerent.

1209 295 1264 353 S.
1307 290 1582 351 JOANNIS
1615 280 2088 349 CHRYSOSTOMI
2128 277 2440 337 ARCHIEP.
2480 273 3010 336 CONSTANTINOP.

3658 277 3764 331 ιει

2242 396 2297 452 5.
2339 396 2480 463 Quid
2505 410 2632 452 vero
2656 396 2758 451 dici
2791 396 2959 466 possit
2980 393 3048 449 de
3077 403 3385 465 contemptu
3416 394 3761 451 divitiarum?

2168 505 2290 545 nam
2335 488 2473 546 hanc
2511 505 2721 560 quoque
2759 489 2853 545 ille
2900 488 3157 544 virtutem
3205 491 3449 559 apprime
3492 492 3758 548 exercuit.

2168 584 2284 640 Non
2333 584 2493 659 modo
2530 584 2673 639 enim
2720 585 2927 639 alienas
2976 599 3084 639 non
3135 583 3760 657 concupiscebat,-quod

2171 677 2322 732 multi
2339 693 2478 732 nunc
2502 675 2720 740 faciunt,
2739 677 2832 733 sed
2852 693 3025 746 neque
3039 692 3186 744 snas,
3201 694 3388 732 verum
3409 677 3477 733 ab
3502 677 3583 733 his
3599 678 3761 733 etiam

2168 783 2289 824 eum
2324 769 2703 839 exsuperantia
2737 769 2902 823 multa
2931 784 2992 824 se
3021 770 3288 824 continuit
3313 789 3326 822 :
3359 770 3585 841 ideoque
3610 772 3764 827 dicc-

2172 860 2262 915 bat
2292 879 2304 913 :
2338 858 2401 915 Si
2432 861 2632 917 [celatus
2669 878 2784 915 sum
2824 879 2942 915 cum
2967 862 3140 917 multa:
3174 864 3301 917 milii
3328 866 3518 937 fuerint
3548 866 3760 932 divitiw,

2170 967 2332 1018 neque
2369 951 2535 1022 lapidi
2568 955 2792 1021 pretioso
2825 953 3019 1020 conlidi
3075 952 3200 1023 (Job
3233 955 3321 1010 51.
3355 955 3449 1009 25.
3475 956 3589 1027 26).
3620 957 3762 1025 Qua-

2173 1053 2393 1116 pmpter
2419 1060 2542 1100 cum
2574 1045 2798 1101 sublatae
2843 1047 2942 1116 ipsi
2982 1045 3154 1113 fuere,
3184 1048 3450 1118 jacturam
3486 1049 3574 1105 ille
3603 1050 3759 1106 facil-

2174 1138 2302 1194 lime
2351 1139 2469 1193 tulit
2496 1155 2511 1205 ;
2543 1154 2776 1209 cumque
2805 1138 3077 1204 adessent,
3111 1141 3512 1213 eleemosynam
3544 1143 3765 1216 largiter

2172 1229 2448 1300 erogabat,
2491 1230 2743 1285 omnibus
2785 1230 3063 1286 dexteram
3111 1232 3392 1305 porrigens
3438 1233 3765 1307 domumque

2174 1337 2324 1376 suam
2353 1322 2622 1391 aperiens.
2654 1321 2839 1391 Neque
2868 1321 2920 1377 id
2954 1321 3202 1387 faciebat,
3233 1326 3375 1396 quod
3409 1327 3558 1381 tnnlti
3588 1327 3767 1384 Solent

2175 1417 2264 1487 qui
2312 1417 2527 1472 curiose
2581 1418 2857 1488 inquirunt
2886 1432 2915 1471 a
2949 1419 3294 1490 petentibus,
3351 1422 3567 1487 quinam
3616 1422 3763 1477 sint:

2177 1509 2291 1574 sed,
2331 1510 2506 1563 lanna
2548 1526 2681 1577 mea,
2735 1510 2926 1581 inquit,
2973 1511 3111 1564 omni
3155 1512 3372 1566 venienti
3413 1522 3590 1581 aperta
3635 1523 3765 1569 crat.

2184 1600 2383 1675 Inﬁrmi
2407 1601 2537 1655 enim
2566 1617 2661 1671 0pc
2686 1618 2795 1655 mea
2824 1619 2924 1655 non
2955 1601 3280 1672 privabantur
3303 1620 3321 1656 :
3345 1612 3639 1675 peregrinus
3665 1623 3766 1661 non

2178 1672 2532 1764 lgrediebatnr
2566 1709 2629 1748 ea:
2653 1695 2821 1765 janua
2842 1710 2952 1747 mea
2978 1695 3093 1748 sinu
3118 1712 3275 1749 vacuo
3309 1694 3357 1765 (1
3367 1672 3477 1751 bid.
3503 1697 3591 1751 51.
3625 1694 3694 1751 52
3721 1705 3769 1752 rt

2178 1782 2295 1857 5i).
2336 1783 2523 1839 Vidisti
2553 1784 2894 1855 largitatem?
2919 1783 3094 1839 vidisti
3137 1786 3519 1841 humanitatem
3542 1830 3556 1852 ,
3590 1788 3766 1844 vidisti

2179 1877 2584 1947 benignitatem,
2610 1875 3006 1932 humilitatem?
3029 1877 3122 1933 Vis
3140 1879 3299 1934 etiam
3329 1881 3631 1936 castitatem
3655 1880 3772 1935 ειη-

2180 1967 2371 2023 scere?
2404 1966 2582 2039 Pepigi
2610 1967 2797 2033 foedus,
2829 1968 3020 2037 inquit,
3045 1985 3161 2023 cum
3182 1970 3340 2023 oculis
3358 1971 3501 2034 meis,
3529 1982 3579 2023 ut
3601 1988 3664 2026 ne
3686 1989 3772 2025 co-

2182 2062 2397 2133 gitarem
2437 2061 2639 2131 quidem
2681 2059 2744 2114 de
2781 2060 2974 2131 virgine
3000 2061 3168 2115 aliena
3213 2061 3377 2132 (Ibid.
3468 2059 3555 2129 1).
3641 2064 3771 2133 Qua:

2184 2164 2368 2226 postea
2399 2158 2620 2211 veniens
2662 2154 2911 2211 Christus
2950 2157 3231 2227 przcccpit,
3262 2173 3323 2210 ea
3354 2157 3466 2227 ipse
3515 2174 3572 2213 re
3618 2174 3772 2215 exse-

2182 2258 2379 2317 quutus
2411 2257 2513 2303 est.
2545 2246 2737 2303 Vidisti
2767 2248 2916 2303 illum
2958 2248 3216 2303 divitem?
3250 2249 3425 2304 vidisti
3458 2265 3767 2321 pauperem,

2184 2340 2361 2395 vidisti
2409 2340 2545 2395 bene
2572 2340 2862 2401 valentem,
2897 2340 3072 2393 vidisti
3106 2340 3348 2407 a'grnnt?
3378 2340 3551 2394 vidisti
3582 2356 3669 2397 res
3696 2338 3770 2396 illi

2185 2449 2283 2504 pro
2312 2442 2435 2487 voto
2461 2432 2845 2488 succedentes?
2864 2431 3043 2486 vidisti
3073 2432 3220 2486 illum
3247 2433 3485 2487 omnium
3507 2432 3770 2502 jacturam

2187 2525 2415 2582 fecisse?
2449 2525 2624 2579 vidisti
2652 2526 2865 2595 qualem
2896 2540 2956 2579 se
2977 2525 3279 2580 exhibuerit
3303 2518 3431 2596 erga
3455 2526 3614 2592 filios,
3647 2540 3771 2598 erga

2187 2617 2436 2679 famulos,
2466 2633 2594 2687 erga
2621 2615 2813 2686 injuria
2842 2616 3061 2672 atii-etes
3084 2659 3101 2680 ,
3128 2632 3253 2689 erga
3278 2617 3541 2688 pupillos?
3568 2618 3628 2674 Si
3658 2634 3774 2673 vero

2186 2708 2421 2763 abiissent
2469 2724 2584 2762 cum
2624 2708 2915 2762 irrisoribus
3004 2711 3176 2783 (Ibid.
3236 2709 3315 2781 5),
3346 2709 3551 2781 inquit:
3578 2710 3628 2765 id
3667 2720 3772 2775 cst,

2187 2800 2373 2873 Neque
2394 2800 2511 2856 hate
2545 2801 2817 2856 consortia
2850 2801 3176 2869 quierebam,
3206 2816 3512 2857 scurrarum
3558 2818 3772 2873 nempe.

2190 2892 2259 2948 Et
2285 2893 2389 2947 hoc
2413 2891 2760 2946 continentia:
2786 2907 2894 2945 non
2927 2877 3146 2961 parvum
3172 2901 3258 2948 est
3286 2894 3516 2963 signum.
3548 2892 3775 2949 Omnem

2191 2985 2388 3055 quippe
2417 2985 2667 3039 virtutem
2714 2993 2951 3039 sectatus
2979 2994 3105 3040 est:
3139 2994 3341 3041 etcum
3378 2987 3431 3040 in
3475 2994 3618 3040 tanta
3646 3002 3779 3058 opu-

2191 3069 2353 3124 lentia
2380 3080 2545 3137 esset,
2577 3070 2881 3125 accuratius
2907 3085 2966 3125 se
2990 3072 3234 3141 gerebat,
3263 3086 3423 3142 quam
3453 3070 3488 3125 ii
3518 3073 3607 3143 qui
3645 3072 3779 3127 nihil

2194 3160 2453 3215 haberent
2481 3176 2495 3214 :
2525 3176 2629 3214 non
2659 3161 2801 3215 enim
2825 3161 2914 3215 ille
2938 3162 3027 3232 qui
3061 3161 3193 3216 nihil
3226 3162 3475 3229 habebat,
3501 3174 3782 3235 tantopere

2192 3266 2223 3305 a
2267 3253 2611 3322 pecuniarum
2659 3267 2846 3306 amore
2885 3252 3095 3308 alienus
3121 3262 3255 3318 erat,
3286 3264 3543 3325 quantum
3578 3255 3665 3310 hic
3689 3257 3782 3325 qui

2197 3354 2273 3401 tot
2303 3354 2556 3416 tantaque
2588 3344 2912 3415 possidebat.
2943 3344 3153 3416 Ubique
3175 3348 3316 3403 enim
3348 3348 3510 3402 animi
3532 3347 3783 3419 proposi-

2199 3446 2309 3492 tum
2352 3448 2435 3494 est
2472 3436 2612 3508 quod
2641 3448 2950 3493 coronatur.
2991 3438 3060 3493 Et
3095 3437 3163 3493 ad
3200 3438 3371 3509 ipsum
3413 3440 3786 3510 temperantia:

2196 3532 2410 3588 euhneu
2443 3531 2535 3587 ille
2564 3530 2905 3595 ascenderat,
2936 3540 2989 3587 et
3016 3532 3267 3587 virtutem
3297 3546 3418 3587 cum
3445 3532 3785 3588 accuratione

2198 3623 2511 3695 congruenti
2540 3634 2866 3694 exsequutus
2893 3624 3088 3679 fuerat.

2276 3717 2401 3771 llzcc
2424 3715 2703 3779 cumulare,
2736 3715 2951 3782 dilecte,
2987 3715 3102 3771 hare
3132 3714 3377 3779 imitare;
3409 3724 3462 3772 ct
3489 3715 3626 3770 hanc
3655 3717 3788 3769 ima-
3861 3774 3865 3779 ,

2202 3810 2378 3881 ginem
2409 3809 2501 3863 tibi
2527 3807 2792 3879 depictam
2822 3823 3125 3877 assumens,
3154 3808 3205 3862 in
3234 3808 3563 3863 conscientia
3595 3818 3681 3863 tua
3702 3808 3785 3862 in-

2204 3903 2308 3974 fige
2332 3916 2346 3955 :
2376 3902 2497 3956 etsi
2524 3900 2576 3955 in
2602 3915 2835 3955 mmrore
2862 3900 2958 3963 sis,
2988 3900 3053 3954 ad
3081 3900 3227 3952 illum
3255 3899 3517 3968 confuge;
3557 3899 3600 3952 si
3630 3899 3680 3952 in
3702 3898 3787 3953 di-

2204 3996 2371 4060 vitiis,
2396 3994 2520 4049 hiuc
2548 3994 2894 4064 pltarmaeum
2923 4002 3063 4061 pete.
3097 3990 3166 4046 ita
3194 4001 3248 4046 ut
3276 4007 3450 4062 neque
3475 4001 3793 4063 paupertate

2205 4088 2543 4159 deprimaris,
2565 4104 2740 4160 neque
2754 4090 2805 4144 in
2821 4089 3020 4144 divitiis
3044 4088 3269 4145 infleris.
3295 4089 3350 4144 Si
3370 4090 3505 4144 filios
3521 4088 3769 4146 amiseris
3784 4125 3800 4150 ο
3820 4134 3831 4143 .

2207 4181 2331 4236 hinc
2348 4182 2774 4238 consolationem
2804 4182 2969 4239 babes
2994 4201 3007 4239 :
3036 4182 3124 4238 hic
3143 4185 3287 4239 enim
3315 4184 3525 4240 culmen
3554 4185 3796 4241 invenies

2206 4285 2261 4330 et
2290 4272 2652 4330 calamitatum
2681 4283 2735 4330 et
2751 4274 3021 4346 patientiae
3050 4291 3064 4329 :
3093 4275 3137 4331 si
3165 4275 3217 4330 in
3249 4275 3492 4331 morbum
3517 4274 3794 4343 incideris,

2210 4369 2383 4435 cegita
2408 4369 2666 4425 vermium
2694 4369 3071 4441 scaturigines,
3102 4384 3237 4440 quas
3264 4384 3393 4424 caro
3422 4367 3539 4440 ejus
3562 4369 3796 4431 ebullie-

2209 4459 2333 4526 bat;
2360 4472 2414 4516 et
2440 4461 2619 4515 omnia
2648 4460 2914 4532 patienter
2938 4460 3082 4516 feres
3112 4479 3123 4513 :
3154 4462 3197 4515 si
3224 4463 3427 4515 amicus
3455 4461 3547 4515 tibi
3576 4460 3798 4517 insidias

2209 4552 2502 4618 struxerit,
2530 4567 2720 4607 rursus
2742 4561 2987 4607 sanctum
3016 4551 3069 4606 in
3099 4551 3335 4606 medium
3358 4552 3558 4618 adduc,
3583 4561 3639 4608 et
3663 4554 3797 4608 iram

2211 4652 2356 4699 tuam
2396 4643 2675 4713 superabis
2708 4661 2724 4698 :
2753 4644 2800 4699 si
2831 4646 2920 4714 qui
2948 4643 3079 4698 vilis
3099 4643 3252 4714 pretii
3282 4653 3335 4699 te
3365 4644 3643 4716 impetant,
3671 4660 3799 4715 pcr-

2210 4735 2386 4809 pende
2410 4751 2474 4791 ea
2511 4752 2632 4807 qua:
2672 4751 2702 4790 a
2734 4734 2945 4791 famulis
2974 4735 3089 4806 ipse
3132 4750 3322 4806 passus
3345 4746 3448 4804 est,
3479 4746 3535 4792 et
3576 4737 3800 4792 multam

2213 4829 2444 4901 accipies
2479 4828 2795 4884 medicinam
2838 4845 2852 4882 :
2890 4829 2935 4884 si
2982 4829 3118 4883 mala
3154 4828 3398 4899 quaedam
3428 4830 3665 4901 suspicio
3714 4830 3800 4885 in-

2215 4922 2394 4987 vadat,
2423 4921 2595 4992 c0gita
2620 4920 2709 4975 illa
2750 4936 2868 4991 qua:
2889 4920 2957 4976 de
2978 4918 3081 4974 hoc
3102 4919 3358 4986 dixerint,
3391 4920 3533 4991 quod
3566 4920 3802 4976 nondum

2217 5014 2449 5083 peccatis
2496 5027 2653 5085 pares
2698 5027 2887 5085 poenas
2928 5011 3158 5081 dederit,
3187 5022 3243 5070 et
3266 5014 3442 5085 qualia
3482 5015 3579 5085 ipsi
3611 5029 3805 5085 expro-

2218 5105 2468 5171 brarent;
2499 5113 2554 5159 et
2590 5103 2641 5158 id
2683 5119 2898 5176 quoque
2937 5104 3110 5160 morbi
3139 5106 3440 5176 superabis.
3472 5105 3625 5163 Nulla
3658 5106 3803 5164 enim

2216 5208 2325 5260 est.
2349 5208 2409 5254 ut
2437 5197 2587 5253 initio
2612 5196 2745 5263 dixi,
2772 5197 2823 5253 in
2857 5196 3161 5254 hominibus
3201 5198 3480 5255 calamitas
3505 5216 3664 5269 quam
3697 5214 3805 5257 non

2220 5304 2409 5361 passus
2438 5289 2509 5344 sit
2533 5288 2620 5344 hic
2646 5291 2748 5353 vir,
2775 5287 3063 5344 adamante
3094 5288 3331 5356 firmior;
3363 5288 3555 5345 famem
3588 5304 3805 5362 nempe,

2220 5389 2610 5452 paupertatem,
2628 5382 2895 5449 morbum,
2913 5382 3143 5438 filiorum
3170 5383 3536 5449 amissionem,
3553 5393 3632 5439 tot
3645 5400 3808 5457 opum

2214 5476 2481 5547 jacturam
2504 5477 2663 5531 simul
2701 5478 2979 5547 excipiens
3005 5485 3061 5532 et
3102 5476 3363 5532 tolerans.
3406 5476 3473 5533 Et
3499 5489 3616 5547 post
3644 5481 3808 5534 etiam

2221 5577 2431 5638 reputa,
2454 5567 2596 5637 quod
2623 5568 2804 5622 uxoris
2844 5567 3073 5634 insidiis,
3098 5568 3393 5622 amicorum
3422 5569 3686 5624 molestiis
3708 5584 3810 5638 ap-

2220 5670 2439 5731 petitus.
2458 5675 2486 5714 a
2511 5659 2722 5715 famulis
2744 5660 3101 5731 impngnatus,
3125 5675 3219 5729 per
3232 5660 3415 5715 omnia
3438 5662 3624 5733 quavis
3651 5670 3802 5731 petra

2221 5754 2423 5810 hrmior
2461 5761 2711 5808 ostensus
2748 5761 2863 5818 est;
2893 5760 2948 5806 et
2977 5749 3090 5807 lucc
3117 5760 3242 5809 ante
3274 5751 3446 5825 legem
3484 5762 3537 5810 et
3557 5754 3808 5825 gratiam.
