4138 6450
249 268 366 324 δεςό

241 389 438 440 πάντα
464 384 634 438 κινῶν
654 426 668 448 ,
708 381 846 436 ὥστε
872 384 1054 455 εὑρεῖν
1089 386 1162 457 μή
1194 384 1298 439 πού
1341 403 1425 449 τις
1458 384 1785 455 ἠδικημένος
1815 382 1941 434 λαν·

237 488 411 560 θάνῃ.
451 482 604 548 Εἶδες
629 486 730 555 τὴν
756 485 1034 556 ἄγρυπνον
1061 488 1272 558 ψυχήν;
1306 487 1408 556 ὃρα
1441 486 1532 539 καὶ
1563 484 1660 555 τὴν
1689 483 1940 554 ἀνδρείαν

232 588 345 641 καὶ
378 586 481 657 τὴν
515 586 784 657 σπουδήνο
820 586 927 640 Καὶ
969 585 1308 656 συνέτριψα
1340 587 1545 655 μύλας
1582 584 1822 638 ἀδίκων.
1866 582 1941 636 Τδ

236 685 512 760 ὁηκτικὸν
569 688 723 751 αὑτὸ,
766 687 864 758 τὴν
899 687 1214 741 δυναστείαν
1247 685 1540 749 κατέλυσα,
1571 684 1756 755 φησὶν,
1801 682 1941 735 ὥστε

228 791 441 844 ¹λοιπὸν
504 789 599 841 καὶ
659 789 742 850 εἰς
800 787 995 857 ἑτέραν
1050 787 1268 840 ἀδικίαν
1322 787 1632 856 ἀχρήστους
1664 783 1939 853 γενέσθαι.

255 890 649 959 Ἀμφοτέρους
674 888 855 942 τοίνυν
887 888 1106 958 ὠφέλει,
1126 889 1251 950 τοὺς
1272 887 1370 958 μὲν
1393 886 1485 939 τοῦ
1518 884 1711 940 παθεῖν
1733 883 1940 949 κακῶς,

239 996 380 1057 τοὺς
413 993 470 1045 δὲ
498 992 592 1045 τοῦ
632 994 809 1043 ποιεῖν
842 989 1028 1053 κακῶς
1066 988 1427 1043 ἀπαλλάττων
1452 988 1545 1041 καὶ
1576 986 1945 1055 σωφρονεστέ-

236 1112 382 1165 ρους
405 1094 596 1148 ποιῶν,
616 1090 751 1146 Εἶτα
766 1094 863 1163 τὴν
881 1091 1127 1146 εὐτονίαν
1149 1091 1241 1143 καὶ
1255 1091 1355 1162 τὴν
1385 1088 1681 1161 καρτερίαν
1697 1105 1711 1119 ο
1741 1087 1848 1142 Καὶ
1874 1086 1941 1140 ἐκ

236 1196 445 1266 μέσου
494 1194 762 1247 ὀδόντων
807 1191 1007 1245 αὐτῶν
1041 1188 1362 1258 ἐξήρπασα
1401 1189 1701 1258 ἅρπαγμα.
1733 1187 1809 1240 Οὑ
1834 1187 1944 1257 γὰρ

243 1296 635 1365 ἀπεγίνωσκον
662 1293 783 1345 οὑδέ
822 1291 1187 1361 ἀπηγόρευον,
1218 1292 1263 1342 εί
1313 1290 1407 1343 καὶ
1446 1290 1507 1341 τὸ
1543 1290 1775 1361 πρᾶγμα
1806 1305 1942 1357 προ-

245 1397 694 1467 κατειλημμένον
746 1389 838 1465 ἦν,
875 1393 987 1446 ἀλλ’
1017 1392 1118 1462 ἤδη
1159 1392 1254 1445 καὶ
1304 1391 1365 1444 τὸ
1396 1389 1702 1443 καταποθὲν
1737 1388 1944 1459 ἀνιμώ-

236 1518 383 1571 μην,
426 1499 684 1569 ποιμένος
708 1496 935 1568 ἀρίστου
962 1496 1106 1559 τινὸς
1129 1496 1221 1549 καὶ
1246 1495 1508 1566 νήφοντος
1538 1495 1791 1565 πρόνοιαν
1815 1510 1880 1546 πε
1891 1494 1944 1564 ρὶ

241 1602 379 1663 τοὺς
408 1594 1231 1666 συνδούλουςἐπιδεικνύμενος.

320 1700 389 1751 Τί
424 1697 481 1751 δὲ
512 1699 546 1767 ή
569 1695 1077 1767 ταπεινοφροσύνη;
1105 1694 1358 1763 ἐννόησον
1381 1692 1492 1765 γὰρ
1527 1694 1620 1747 καὶ
1642 1693 1804 1763 ἡλίκη
1826 1711 1838 1724 ·
1874 1695 1942 1748 El

240 1802 319 1854 δὲ
346 1800 450 1854 καὶ
471 1799 785 1869 ἐφαύλισα
819 1796 1002 1866 κρῖμα
1028 1795 1393 1866 θεράποντός
1431 1813 1550 1866 μου
1598 1796 1635 1864 ἢ
1667 1795 1942 1863 θεραπαί-

246 1921 365 1971 νης
392 1943 407 1967 ,
466 1899 847 1969 κρινομένων
885 1898 1086 1952 αὐτῶν
1124 1897 1275 1965 πρός
1301 1914 1397 1966 με.
1451 1896 1510 1950 Τί
1542 1896 1652 1966 γὰρ
1686 1895 1941 1962 ποιήσω,

246 2007 362 2061 ἐὰν
412 2003 767 2071 ἐπισκοπὴν
812 2018 934 2071 μου
966 1998 1290 2067 ποιήσηται
1337 2001 1368 2052 ὀ
1398 1998 1646 2065 Κύριος;
1687 1999 1945 2063 πότερον

243 2111 367 2176 οὐχ
401 2108 483 2173 ὡς
516 2104 629 2175 ἐγὼ
659 2104 959 2174 ἐγενόμην
982 2101 1052 2155 ἐν
1084 2100 1294 2169 γαστρὶ
1314 2140 1328 2164 ,
1384 2099 1647 2154 κάκεῖνοι
1699 2098 1943 2166 γεγόναο

249 2225 400 2271 Uir;
427 2205 576 2271 Εἶδες
605 2204 1076 2276 συντετριμμένην
1106 2202 1351 2256 διάνοιαν
1373 2201 1467 2252 καὶ
1500 2198 1609 2252 τῶν
1640 2198 1943 2270 ἀνθρώπων

252 2311 368 2383 τὴν
400 2309 561 2378 φύσιν
600 2305 1071 2378 ἐπισκεπτομένην
1113 2302 1251 2376 μετὰ
1290 2300 1577 2373 ἀκριϐείας
1610 2300 1702 2352 καὶ
1740 2298 1943 2352 εἰδυῖαν

263 2412 321 2465 τί
353 2410 558 2475 δοῦλος,
599 2410 648 2463 τί
672 2408 973 2481 ἐλεύθερος,
998 2407 1156 2461 τοῦτο
1177 2407 1236 2459 τὸ
1266 2406 1370 2459 ὑπὸ
1400 2404 1611 2458 πολλῶν
1651 2401 1943 2474 περιφερό-

258 2530 463 2583 μενονς
500 2512 709 2580 Ταύτην
729 2509 862 2580 γοῦν
891 2508 1138 2562 ἐκϐαλὼν
1156 2508 1254 2578 τὴν
1290 2505 1630 2577 ἀνωμαλίαν,
1659 2503 1812 2576 [546]
1836 2503 1944 2557 ἀπὸ

253 2612 359 2682 τῆς
396 2610 686 2680 ὁμοτιμίας
727 2610 832 2679 τῆς
885 2609 1029 2663 κατά
1073 2608 1172 2678 τὴν
1215 2606 1470 2676 γέννησιν
1519 2604 1611 2657 τὸν
1666 2602 1794 2673 περὶ
1843 2600 1943 2670 τῆς

249 2714 576 2785 φιλοσοφίας
614 2712 826 2781 εἰσάγει
854 2711 1033 2780 λόγον.
1064 2710 1175 2764 Καὶ
1206 2710 1267 2763 τὸ
1307 2708 1371 2780 δὴ
1412 2705 1725 2779 θαυμαστὸν
1754 2702 1941 2766 αὑτοῦ,

250 2815 334 2868 ὅτι
381 2814 557 2885 ταὺτα
604 2812 807 2878 ποιῶν,
858 2811 980 2865 οὑδὲ
1026 2812 1471 2880 ταπεινοφρονεῖν
1509 2805 1780 2879 ἐνόμιζεν,
1826 2803 1943 2858 ἀλλ’

250 2912 476 2983 ὀφειλὴν
524 2911 793 2983 πληροῦν.
838 2911 930 2965 Διὸ
967 2912 1062 2964 καὶ
1100 2909 1359 2981 λογισμὸν
1387 2908 1551 2979 ἔθηκε
1578 2908 1668 2961 τὸν
1697 2907 1944 2970 ἅπαντας

252 3010 581 3083 ἀνθρώπους
611 3011 894 3076 πείθοντα,
931 3011 1099 3082 μηδὲν
1132 3010 1293 3063 πλέον
1318 3011 1535 3082 φρονεῖν
1558 3006 1667 3062 τῶν
1694 3006 1943 3073 οἰκετῶν,

250 3113 359 3166 κάν
392 3112 659 3183 μυριάκις
700 3107 806 3166 ὦσι
832 3112 1113 3166 δεσπόται.
1154 3111 1236 3164 Τὰ
1260 3110 1370 3183 γὰρ
1412 3111 1656 3181 ὀνόματα
1682 3110 1876 3175 ταῦτα,
1914 3110 1945 3162 ὁ

247 3213 440 3278 δοῦλος
475 3215 573 3268 καὶ
603 3216 632 3267 ὸ
673 3214 988 3287 ἐλεύθερος,
1020 3214 1260 3287 ὀνόματα
1302 3216 1405 3287 μέν
1435 3215 1551 3268 ἐστι
1589 3213 1751 3284 μόνον
1787 3212 1941 3284 ψιλὰ,

250 3316 614 3388 πραγμάτων
655 3315 871 3389 ἐρημα’
919 3319 954 3388 ή
995 3316 1052 3369 δὲ
1102 3316 1317 3369 δουλεία
1362 3319 1419 3369 ἐν
1456 3317 1722 3387 ἁμαρτίᾳ,
1768 3316 1862 3369 καὶ
1909 3317 1944 3387 ή

247 3418 543 3491 ἐλευθερία
566 3422 623 3471 ἐν
648 3418 968 3491 δικαιοσύνῃ
983 3417 1243 3489 ὁρίζεται.
1280 3418 1403 3487 ’Ἆρ’
1451 3413 1543 3470 οὖν
1566 3416 1819 3478 ταπεινὸς
1844 3415 1943 3486 μὲν

246 3516 449 3580 οὕτως,
474 3518 598 3586 οὐχὶ
628 3517 684 3569 δέ
702 3516 948 3580 ποθεινὸς
990 3516 1083 3569 καὶ
1108 3516 1412 3586 ἐπέραστος
1432 3532 1444 3579 ;
1469 3516 1576 3568 Ναὶ
1597 3514 1905 3586 ἐπέραστος
1924 3530 1939 3546 ·

248 3618 347 3671 καὶ
372 3618 570 3670 σκόπει
594 3616 884 3671 κάνταῦθα
911 3616 1008 3686 τὴν
1039 3615 1363 3687 ὑπερϐολήν.
1391 3617 1601 3686 Ὥσπερ
1618 3617 1725 3685 γὰρ
1751 3617 1808 3668 ἐν
1831 3618 1944 3679 τοῖς

534 3716 675 3789 μετά
744 3717 929 3787 πάσης
1002 3717 1363 3787 σφοδρότητος
1436 3718 1505 3771 τά
1582 3717 1947 3787 ἐπενεχθέντα

254 3823 521 3893 ἤνεγκεν,
560 3820 706 3874 οὑτω
738 3822 832 3874 καὶ
864 3823 922 3873 ἐν
951 3823 1017 3891 τῇ
1048 3820 1320 3892 εὐημερίᾳ
1344 3821 1440 3890 τὴν
1477 3820 1679 3891 ἀρετὴν
1706 3821 1945 3891 ἑκάστην

249 3719 450 3782 δεινοῖς

256 3924 399 3995 μετά
446 3924 650 3992 πολλῆς
697 3922 1029 3994 κατώρθωσε
1075 3923 1177 3993 τῆς
1213 3923 1564 3993 περιουσίας,
1610 3924 1708 3993 οὑχ
1760 3922 1946 3986 ἁπλῶς

252 4026 378 4081 οὐδὲ
422 4027 501 4091 ὡς
533 4028 745 4097 ἔτυχεν,
786 4026 921 4079 ἀλλά
964 4026 1100 4097 πρὸς
1140 4024 1271 4077 αὑτὸ
1309 4024 1368 4078 τὸ
1395 4024 1562 4095 ἀκρον
1591 4024 1945 4094 ἀφικόμενος.

254 4131 326 4182 Εἰ
350 4128 421 4180 δὲ
448 4128 546 4181 καὶ
574 4125 879 4192 πολλάκις
916 4122 1092 4180 εἶπον
1114 4129 1175 4179 al
1199 4124 1551 4193 θεράπαιναί
1567 4142 1686 4193 μου
1711 4108 1733 4152 ⁵
1758 4124 1853 4190 Τίς
1871 4123 1948 4177 ἂν

254 4230 375 4298 δῴη
425 4229 573 4298 ἡμῖν
614 4227 736 4282 τῶν
777 4227 1023 4297 σαρκῶν
1075 4227 1262 4282 αὑτοῦ
1302 4225 1767 4296 ἐμπλησθῆναυ
1805 4225 1948 4278 ,λίαν

250 4349 373 4400 μου
433 4329 709 4400 χρηστοῦ
750 4330 946 4394 ὄντος.
1002 4328 1266 4383 Ἐνταῦθα
1310 4328 1400 4381 τὸν
1458 4326 1636 4397 ἔρωτα
1679 4326 1946 4395 διηγεῖται

254 4433 367 4487 τῶν
388 4430 625 4485 οἰκετῶν
661 4429 755 4483 τὸν
789 4431 1042 4502 μανικὸν,
1073 4430 1133 4484 ὃν
1171 4429 1303 4500 περὶ
1327 4429 1491 4484 αὑτὸν
1522 4424 1670 4499 εἶχον
1700 4428 1947 4495 διακαείς⁵

253 4536 425 4590 αὑτοῦ
472 4535 851 4598 καταστάντες
901 4533 1152 4603 ἐρασταὶ,
1199 4533 1293 4602 ἀφ’
1326 4525 1403 4585 ὧν
1432 4531 1595 4595 αὑτὸς
1634 4533 1714 4595 εἰς
1746 4530 1947 4594 αὑτοὺς

254 4637 636 4692 ἐπεδείκνυτο.
668 4634 826 4688 Οὕτω
850 4635 979 4706 γὰρ,
1011 4635 1194 4705 φησὶν,
1228 4632 1594 4705 ἐξεκρέμαντό
1625 4649 1746 4703 μου.
1770 4630 1945 4695 οὕτως

252 4738 606 4808 ἀντείχοντο,
639 4736 813 4801 οὕτως
857 4732 998 4807 ἦσαν
1027 4735 1460 4806 προσηλωμένοι,
1493 4734 1664 4797 οὕτως
1694 4735 1947 4805 ἐρῶντες,

253 4841 331 4904 ὡς
358 4838 658 4908 ἐπιθυμεῖν
693 4838 788 4890 καὶ
811 4836 995 4892 αὑτῶν
1016 4835 1396 4908 ἐμπλησθῆναι
1424 4834 1534 4889 τῶν
1562 4836 1804 4907 σαρκῶν,
1851 4836 1947 4889 καὶ

253 4942 559 4994 καταπιεῖν
590 4939 684 4991 καὶ
711 4940 1053 5007 καταφαγεῖν
1082 4936 1171 4990 διά
1204 4937 1264 4991 τὸ
1293 4937 1498 5009 σφόδρα
1523 4936 1697 5007 φιλεῖν
1731 4937 1825 4991 καὶ
1855 4939 1949 4991 ἐκ·

255 5042 541 5096 καίεσθαι.

330 5152 396 5198 ε’.
422 5144 490 5197 Τί
519 5143 586 5196 ἄν
608 5160 693 5206 τις
726 5142 869 5196 εἴποι
900 5142 997 5214 τὴν
1028 5141 1139 5196 τῶν
1160 5141 1457 5213 χρημάτων
1493 5140 1827 5212 ὑπερσζκίαη
1858 5138 1952 5191 καί

255 5247 372 5319 γὰρ
406 5244 683 5300 καὶτοῦτο
713 5243 831 5315 μεθ’
853 5243 1162 5315 ὑπερϐολῆς
1193 5239 1340 5313 αὑτῷ
1367 5244 1713 5315 κατώρθωτο.
1744 5246 1818 5298 Οὑ
1840 5245 1949 5317 γὰρ

252 5351 322 5422 δὴ
360 5350 527 5420 μόνον
562 5347 670 5400 τῶν
699 5346 998 5418 ἀλλοτρίων
1030 5347 1133 5400 οὑκ
1164 5346 1367 5415 ἐφίετο,
1391 5347 1529 5419 ὅπερ
1563 5348 1867 5419 πάσχουσιν
1902 5350 1953 5400 οί

255 5452 453 5507 πολλοὶ
496 5450 614 5515 νῦν,
653 5451 770 5505 ἀλλ’
802 5450 925 5503 οὑδὲ
953 5449 1064 5503 τῶν
1090 5449 1329 5509 οίκείων,
1364 5448 1501 5502 ἀλλά
1526 5450 1619 5502 καὶ
1640 5449 1828 5503 αὑτῶν
1859 5451 1955 5519 ήλ-

255 5555 528 5624 λοτρίωτο
562 5554 702 5624 μετά
725 5552 907 5624 πάσης
933 5552 1242 5624 ὑπερϐολῆς
1262 5570 1275 5582 ·
1301 5552 1382 5605 διὸ
1415 5553 1509 5607 καὶ
1541 5552 1725 5621 ἔλεγεν
1746 5569 1759 5582 ⁸
1794 5555 1864 5607 El
1887 5551 1955 5604 δὲ

255 5657 626 5727 ηὐφράνθην
655 5654 894 5711 πολλοῦ
938 5656 1209 5709 πλούτου
1260 5654 1585 5724 γενομένου
1630 5672 1755 5723 μοι,
1813 5651 1957 5707 οὐδὲ

252 5759 411 5822 ,λίθῳ
430 5756 760 5811 πολυτελεῖ
782 5757 1179 5824 ἐπεποίθησα.
1205 5756 1303 5810 Διά
1329 5753 1392 5826 δὴ
1415 5753 1573 5808 τοῦτο
1606 5755 1697 5830 καὶ
1728 5756 1957 5824 ἀφαιρε-

256 5859 489 5922 θέντων,
550 5859 691 5929 μετά
738 5857 943 5927 πολλῆς
989 5857 1151 5928 ἔφερε
1185 5856 1283 5927 τῆς
1317 5855 1566 5918 εὐκολίας
1595 5854 1693 5925 τὴν
1724 5854 1956 5924 ἀφαίρε-

260 5978 367 6030 σιν,
406 5962 503 6027 καὶ
542 5960 825 6034 παρόντων
864 5957 1060 6029 δαψιλῆ
1111 5958 1210 6030 τὴν
1240 5957 1608 6037 ἐλεημοσύνην
1644 5955 1951 6026 εἰργάζετο,

992 262 1061 320 ιν
1102 265 1411 329 HOMILIA,
1443 262 1814 322 ADVERSUS
1854 257 1989 317 EOS
2030 257 2151 328 QUI
2192 254 2829 335 NON-ADFUERANT,
2874 268 3033 327 ETC.

3628 276 3729 333 ΛΜ

2051 382 2187 435 πᾶσι
2214 383 2312 455 τὴν
2345 385 2526 451 δεξιὰν
2557 386 2836 453 ἀπλώσας,
2870 389 2965 442 καὶ
2995 389 3097 460 τὴν
3123 391 3303 444 οἰκίαν
3333 391 3570 461 ἀνοίξας.
3595 400 3730 454 Οὐδὲ

2050 484 2182 554 γὰρ,
2214 486 2241 538 ὃ
2275 488 2581 558 πάσχουσιν
2614 491 2673 542 0b
2693 489 2879 542 πολλοὶ
2915 491 3404 562 περιεργαζόμενοι
3448 498 3541 549 καὶ
3568 500 3728 552 πολυ-

2048 585 2493 657 πραγμονοῦντες
2536 588 2662 651 τοὺς
2705 588 3102 659 λαμϐάνοντας,
3147 591 3321 643 ἐποίει
3373 586 3547 659 οὗτος,
3590 598 3726 667 ἀλλ’,

2058 688 2120 741 Ἠ
2141 690 2290 757 θύρα
2312 708 2452 759 μου,
2486 692 2641 761 φησὶ,
2672 693 2853 746 παντὶ
2879 693 3117 747 ἐλθόντι
3146 694 3437 759 ἀνέῳκτο.
3486 699 3730 755 Ἀδύναο

2044 808 2131 843 τοι
2165 793 2291 860 γὰρ,
2320 791 2399 859 ἢν
2428 808 2572 846 ποτε
2591 790 2760 862 εἶχον
2787 796 3017 863 χρείαν,
3051 799 3163 851 οὐκ
3199 800 3525 869 ἀπέτυχον-⁸
3551 804 3729 870 ξένος

2044 890 2114 943 δὲ
2146 893 2256 945 οὐκ
2283 891 2506 960 ἐξῆλθε
2530 895 2643 962 τὴν
2676 896 2866 963 θύραν
2890 914 3010 966 μου
3042 900 3252 965 κόλπῳ
3277 902 3450 968 κενῷ.
3482 900 3634 968 Εἶδες
3664 904 3728 958 τὸ

2044 993 2295 1064 δαψιλές
2334 991 2472 1060 εἶδες
2499 996 2560 1050 τὸ
2600 997 3014 1069 φιλάνθρωπον,
3066 1000 3127 1053 τὸ
3156 1003 3407 1072 χρηστὸν,
3441 1004 3500 1057 τὸ
3530 1022 3724 1059 ταπει-

2045 1094 2164 1162 νόν;
2207 1097 2396 1151 Βούλει
2446 1098 2541 1152 καὶ
2588 1100 2688 1169 τὴν
2732 1100 3085 1172 σωφροσύνην
3140 1102 3360 1172 μαθεῖν;
3398 1105 3722 1174 Διαθήκηικ

2047 1197 2233 1269 φησὶν,
2265 1198 2485 1268 ἐθέμην
2512 1199 2639 1266 τοῖς
2677 1201 3008 1270 (φθαλμοῖς
3027 1220 3147 1271 μου
3182 1204 3289 1257 τοῦ
3307 1206 3393 1274 μὴ
3432 1207 3727 1275 κατανοῆ-

2045 1316 2147 1353 σαι
2176 1303 2264 1367 είς
2290 1302 2593 1371 παρθένον
2624 1303 2976 1371 ἁλιοτρίαν.
3015 1306 3081 1357 Ἃ
3117 1306 3256 1376 μετά
3287 1306 3459 1361 ταῦτα
3492 1309 3662 1362 ἐλθὼν
3697 1312 3728 1363 ὁ

2045 1400 2281 1470 Χριστὸς
2322 1402 2591 1467 ἐπέταξε,
2634 1421 2727 1457 ται
2746 1422 2805 1457 ια
2846 1406 3054 1469 ἐκεῖνος
3089 1405 3180 1459 διὰ
3236 1406 3344 1459 τῶν
3386 1409 3727 1479 πραγμάτων

2043 1502 2350 1574 κατώρθου.
2412 1500 2567 1568 Εἶδες
2608 1504 2772 1557 αὑτὸν
2819 1505 3184 1569 πλουτοῦντα,
3233 1502 3373 1571 εἶδες
3409 1508 3725 1578 πενόμενον,

2044 1599 2182 1667 εἶδες
2223 1604 2555 1672 ὑγιαίνοντα,
2587 1600 2726 1668 εἶδες
2758 1606 3051 1671 νοσοῦντας
3086 1603 3224 1671 εἶδες
3247 1609 3356 1661 τῶν
3387 1611 3731 1681 πραγμάτιον

2044 1706 2191 1775 αὑτῷ
2235 1706 2377 1759 κατά
2411 1707 2536 1778 ῥοῦν
2573 1707 2923 1780 φερομένων;
2954 1705 3091 1773 εἶδες
3124 1712 3285 1765 αὑτὸν
3320 1713 3531 1767 πάντων
3560 1713 3727 1782 ἀφαι-

2052 1804 2307 1874 μεθέντας
2344 1803 2482 1868 εἶδες
2505 1807 2636 1878 πρὸς
2667 1808 2882 1871 παῖδας,
2919 1808 3054 1879 πρός
3084 1809 3321 1874 οἰκέτας,
3346 1812 3485 1883 πρὸς
3516 1813 3729 1865 ἀδικου-

2049 1905 2264 1976 μένους,
2283 1908 2418 1978 πρδς
2443 1908 2715 1979 ὀρφανοὺς
2738 1903 2848 1960 οἷον
2873 1909 3063 1962 ἐαυτὸν
3090 1911 3503 1980 παρεσκεύασεν
3525 1929 3540 1978 ;
3566 1915 3630 1965 El
3658 1911 3727 1964 δὲ

2044 2006 2145 2060 καί
2188 2005 2353 2075 ἤμην
2394 2011 2842 2077 πεπορευμένος
2886 2010 3039 2078 μετὰ
3090 2009 3494 2080 γε..ίοιαστῶν,
3555 2010 3722 2083 φησί·

2042 2105 2341 2169 τουτέστιν,
2381 2107 2502 2160 οὑδέ
2547 2108 2642 2171 τὰς
2675 2108 2962 2172 συνουσίας
3001 2109 3204 2172 ταύτας
3234 2110 3457 2163 ἐδίωκον
3486 2110 3586 2174 τὰς
3615 2109 3727 2164 τῶν

2034 2204 2439 2271 γελωτοποιῶν.
2478 2206 2586 2259 Καὶ
2623 2206 2780 2259 τοῦτο
2823 2207 2879 2259 δὲ
2921 2208 3277 2279 σωφροσύνης
3303 2211 3364 2262 οὑ
3398 2210 3592 2280 μικρὸν
3627 2227 3727 2281 ση-

2047 2310 2217 2377 μεῖον.
2253 2308 2443 2361 Πάσαν
2481 2308 2591 2381 γὰρ
2624 2310 2825 2382 ἀρετὴν
2870 2313 3092 2382 ἐπῆλθε,
3133 2314 3228 2367 καῖ
3265 2314 3374 2367 τῶν
3394 2314 3545 2367 οὑδέν
3576 2317 3728 2385 ἐχόν-

2044 2424 2153 2460 των
2179 2409 2566 2480 ἀκριϐέστερον
2592 2411 2826 2465 διέκειτο
2865 2413 3104 2468 τοσαῦτα
3136 2415 3633 2487 περιϐεϐλημένος·
3663 2416 3726 2469 οὑ

2044 2506 2154 2577 γὰρ
2204 2508 2375 2574 οὑτως
2426 2513 2465 2564 ό»
2506 2511 2674 2581 μηδὲν
2726 2511 2865 2583 ἔχων
2910 2514 3226 2585 ἀπήλλακτο
3272 2518 3604 2588 χρημάτων,
3649 2516 3727 2580 ὼς

2045 2606 2253 2670 ἐκεῖνος
2303 2610 2331 2660 ὁ
2366 2610 2605 2663 τοσαῦτα
2641 2610 2799 2682 ἔχων.
2834 2613 3120 2685 Πανταχοῦ
3149 2614 3258 2685 γὰρ
3286 2617 3316 2685 ή
3340 2613 3533 2687 γνώμη
3578 2615 3727 2668 ἐστὶν

2051 2708 2085 2778 ἡ
2119 2711 2549 2781 στεφανουμένη.
2603 2712 2714 2765 Καὶ
2752 2712 2889 2783 πρὸς
2918 2714 3089 2782 αὐτὴν
3119 2714 3214 2784 τῆς
3248 2715 3601 2785 σωφροσύνης
3630 2716 3728 2787 τὴν

2045 2809 2289 2879 κορυφὴν
2337 2811 2526 2881 ἀνέϐη,
2557 2812 2651 2865 καὶ
2680 2814 2860 2866 πᾶσαν
2887 2813 3089 2884 ἀρετὴν
3116 2813 3257 2884 μετὰ
3287 2814 3389 2885 τῆς
3418 2816 3729 2887 προσηκούρ

2048 2925 2148 2981 σης
2184 2911 2473 2983 ἀκριϐείας
2503 2913 2809 2985 κατώρθου.

2117 3004 2303 3060 Ταῦτα
2329 3007 2512 3078 ζήλου,
2541 3009 2815 3080 ἀγαπητὲ,
2850 3010 3023 3063 ταῦτα
3049 3008 3307 3080 μίμησαι,
3330 3011 3423 3063 καὶ
3449 3010 3506 3083 [5
3518 3011 3603 3084 Π]
3628 3013 3727 3084 τὴν

2045 3109 2232 3163 εἰκόνα
2277 3110 2484 3180 ταύτην
2527 3109 2627 3181 τὴν
2684 3112 3096 3183 ὑπογραφεῖσαν
3138 3112 3446 3177 ἀναλαϐὼν,
3486 3115 3729 3186 ἔμπηξον

2045 3211 2123 3283 τῷ
2151 3211 2409 3265 συνειδότι
2433 3211 2515 3282 τῷ
2541 3211 2618 3283 σῷ
2639 3228 2651 3242 ’
2686 3212 2788 3266 κᾶν
2811 3215 2869 3266 ἐν
2896 3212 3105 3283 ἀθυμίᾳ
3130 3208 3218 3287 ᾗς,
3253 3212 3391 3284 πρὸς
3428 3215 3589 3268 αὑτὸν
3628 3235 3730 3271 κα-

2045 3315 2307 3385 τάφευγε,
2350 3313 2454 3367 κᾶν
2496 3315 2554 3366 ἐν
2604 3314 2837 3385 πλούτῳ,
2877 3314 2938 3367 τὸ
2987 3315 3278 3385 φάρμακον
3306 3315 3552 3369 ἐντεῦθεν
3591 3316 3732 3388 λάμο

2047 3415 2216 3480 ϐανε,
2258 3415 2398 3470 ὥστε
2446 3417 2584 3487 μήτε
2632 3416 2877 3487 πτωχείᾳ
2926 3413 3314 3485 βαπτισθῆναι,
3347 3420 3483 3487 μήτε
3515 3416 3732 3489 πλούτῳ

2047 3518 2389 3589 φυσηθῆναι·
2436 3518 2541 3571 κάν
2573 3517 2769 3581 παῖδας
2813 3517 3096 3588 ἀποϐἀλῃς
3119 3560 3134 3584 ,
3166 3517 3309 3589 ἔχεις
3351 3517 3602 3573 ἐντεῦθεν
3633 3519 3732 3588 τὴν

2048 3618 2395 3689 παράκλησιν
2419 3633 2433 3647 °
2460 3618 2558 3689 τὴν
2585 3619 2692 3689 γὰρ
2725 3617 3032 3689 ὑπερϐολὴν
3072 3618 3306 3671 ἐνταῦθα
3352 3618 3604 3689 εὑρήσεις
3635 3620 3733 3674 καὶ

2047 3718 2155 3770 τῶν
2183 3717 2478 3789 συμφορῶν
2500 3718 2595 3771 καὶ
2619 3717 2719 3786 τῆς
2742 3717 3042 3795 κμρτερίας
3062 3732 3076 3746 ’
3100 3716 3203 3770 κάν
3232 3718 3373 3788 νόσῳ
3403 3718 3731 3792 περιπέσῃς,

2048 3814 2301 3885 ἐννόησον
2331 3813 2430 3878 τὰς
2462 3814 2643 3883 πηγὰς
2673 3814 2781 3867 τῶν
2823 3814 3143 3885 σκωλήκων,
3174 3813 3240 3878 ἀς
3269 3813 3493 3879 ἐπέζεσε
3525 3816 3557 3886 ή
3590 3816 3733 3869 ἐκεί-

2049 3934 2141 3970 νου
2181 3915 2319 3987 σάρξ
2339 3959 2352 3981 ,
2389 3917 2482 3969 καὶ
2510 3916 2676 3980 οἴσεις
2705 3917 2920 3971 ἅπαντα
2946 3916 3166 3987 πράως·
3193 3916 3298 3969 κᾶν
3331 3916 3477 3985 φίλος
3508 3918 3730 3972 ἐπιϐου-

2049 4015 2235 4087 λεύσῃ,
2268 4017 2429 4071 πάλιν
2455 4018 2545 4070 τὸν
2571 4018 2724 4085 ἀγιον
2768 4018 2849 4081 εἰς
2881 4017 3046 4086 μέσον
3072 4016 3206 4086 ἄγε,
3239 4017 3335 4071 καὶ
3377 4021 3605 4093 περιέσῃ
3634 4020 3730 4075 τοῦ

2048 4118 2287 4183 πάθως’
2321 4119 2424 4172 κᾶν
2451 4120 2498 4171 οί
2532 4118 2786 4188 τυχόντες
2816 4118 3237 4189 ἀποχρήσωνται
3257 4160 3270 4183 ,
3297 4119 3551 4189 ἐννόησον
3585 4120 3732 4191 ειπερ

2049 4219 2256 4290 ἔπασχε
2282 4219 2434 4292 παρά
2450 4218 2558 4273 τῶν
2575 4219 2823 4284 οἰκετῶν,
2842 4220 2938 4272 καὶ
2968 4218 3166 4290 πολλὴν
3187 4208 3320 4293 δέξῃ
3346 4220 3444 4292 τὴν
3463 4221 3726 4291 ἰατρείανο

2050 4321 2153 4374 κᾶν
2180 4323 2391 4392 πονηρά
2420 4339 2502 4385 τις
2533 4319 2800 4390 ὑπόληψίς
2832 4336 2890 4371 σε
2927 4318 3215 4390 περιλάϐῃ,
3240 4319 3453 4389 λόγισαι
3487 4316 3575 4374 οἷα
3604 4322 3734 4391 περὶ

2047 4424 2238 4477 τούτου
2268 4424 2472 4493 ἔλεγον,
2494 4425 2576 4478 ὅτι
2600 4422 2812 4477 οὑδέπω
2840 4422 2947 4475 τῶν
2982 4422 3391 4495 ἡμαρτημένων
3420 4423 3569 4495 αὑτῴ
3604 4422 3734 4476 ἐδω-

2050 4542 2146 4578 κεν
2192 4525 2349 4593 ἀξίαν
2401 4525 2581 4596 δίκην,
2630 4525 2725 4577 καὶ
2771 4517 2858 4576 οἶα
2905 4522 3200 4588 ὠνείδιζον,
3245 4524 3339 4577 καὶ
3368 4523 3597 4595 περιὲσῃ
3640 4522 3735 4575 καὶ

2049 4632 2241 4684 τούτου
2287 4628 2381 4681 τοῦ
2413 4627 2637 4690 πάθους.
2685 4626 2759 4679 Οὑ
2791 4624 2900 4696 γὰρ
2937 4624 3104 4687 ἔστιν,
3140 4624 3276 4696 ὅπερ
3327 4624 3630 4695 ἀρχόμενος
3657 4620 3734 4678 εἴ·

2053 4750 2174 4797 πον,
2212 4710 2469 4801 συμφορά
2503 4731 2559 4781 ἐν
2583 4725 2915 4797 ἀνθρώποις,
2939 4726 3006 4796 ἣν
3028 4726 3127 4795 οὑχ
3161 4724 3457 4794 ὑπέμεινεν
3481 4725 3735 4803 όοπαντὸς

2052 4834 2360 4904 ἀδάμαντος
2394 4822 2550 4893 οὗτος
2588 4827 2965 4900 στερρότερος,
2995 4825 3154 4895 λιμὸν
3184 4825 3277 4879 καὶ
3307 4826 3496 4878 πενίαν
3524 4826 3619 4878 καὶ
3644 4825 3733 4877 νό-

2036 4952 2148 4988 σον
2179 4934 2274 4988 καὶ
2313 4931 2582 5002 ἀποϐολὴν
2612 4929 2816 4984 παίδων
2861 4928 2958 4982 καὶ
2984 4927 3188 4997 ζημίαν
3219 4925 3487 4978 τοσούτων
3517 4924 3736 4996 χρημάο

2053 5055 2161 5092 των
2191 5036 2386 5106 ἀθρόον
2420 5031 2740 5100 ὑπενεγκών
2760 5049 2775 5063 ο
2810 5029 2906 5084 καὶ
2953 5030 3069 5100 μετ’
3109 5029 3307 5091 ἐκεῖνο,
3340 5028 3421 5079 ὅτι
3457 5026 3609 5097 παρὰ
3637 5042 3734 5095 γυ-

2052 5140 2239 5201 ναικὸς
2271 5135 2699 5199 ἐπιϐουλευθεὶς,
2747 5131 2899 5204 παρά
2945 5129 3115 5199 φίλων
3165 5125 3546 5199 ἐπηρεασθείς,
3584 5126 3734 5197 παρά

2054 5241 2281 5295 οἰκετῶν
2329 5236 2679 5309 πολεμηθεὶς,
2730 5234 2818 5288 διὰ
2863 5231 3082 5286 πάντων
3129 5228 3480 5284 ἀπεδείκνυτο
3530 5228 3736 5297 πέτρας

2055 5342 2275 5412 ἀπάσης
2306 5338 2663 5409 στερρότερος
2683 5378 2698 5401 ,
2734 5335 2828 5389 καὶ
2862 5333 3037 5389 ταῦτα
3070 5331 3177 5404 πρὸ
3203 5329 3296 5384 τοῦ
3326 5328 3491 5399 νόμου
3516 5329 3609 5382 καὶ⁹
3637 5328 3738 5399 τῆς

2055 5444 2303 5515 χάριτος.
2339 5441 2449 5494 Καὶ
2476 5438 2586 5507 γὰρ
2613 5437 2734 5490 οὑδέ
2764 5436 2862 5507 τὴν
2893 5432 3165 5505 τυχοῦσαν
3195 5430 3388 5501 ἕξομεν
3417 5429 3735 5497 ἀπολογίαν,

2056 5546 2185 5599 ὅταν
2215 5544 2375 5615 ἡμεῖς
2404 5542 2452 5593 οἱ
2494 5538 2631 5610 μετά
2664 5537 2827 5607 νόμον
2874 5536 2970 5589 καὶ
2998 5534 3160 5605 χάριν
3200 5529 3470 5599 τοσαύτης
3500 5528 3738 5582 ἀπολαύ-

2038 5659 2250 5706 σαντες
2279 5641 2524 5712 δωρεᾶς,
2569 5636 2790 5690 ἔλαττον
2823 5636 3078 5706 φέρωμεν
3126 5632 3318 5687 τούτου
3355 5629 3446 5683 τοῦ
3496 5632 3551 5682 ἐν
3594 5630 3735 5700 ἀρχῇ

2058 5746 2153 5799 καὶ
2208 5741 2512 5814 προοιμίοις
2546 5736 2640 5791 τοῦ
2674 5736 2789 5806 βίου
2828 5736 2922 5788 τοῦ
2952 5734 3292 5806 ἀνθρωπίνου
3320 5728 3585 5799 τοσαύτην
3618 5730 3739 5780 ἐπι-

2056 5842 2377 5915 δειξαμένου
2420 5836 2761 5910 φιλοσοφίαν.
2794 5835 2890 5889 ’Ίν’
2918 5831 3009 5889 οὖν
3039 5835 3133 5895 καὶ
3158 5831 3500 5904 παράκλησιν
3529 5830 3737 5901 ἔχωμεν

2056 5947 2165 6001 τῶν
2213 5941 2506 6013 λυπηρῶν,
2560 5939 2652 5992 καὶ
2706 5935 3051 5990 διδασκαλίαν
3112 5930 3421 6003 φιλοσοφίας
3471 5928 3730 5998 ἀρίστης,
