4138 6508
1204 431 1247 487 Y
1287 426 1593 494 HOMILIA,
1639 425 1729 480 DE
1768 422 2017 479 STUDIO
2059 420 2718 492 PR£SI.NTlU.\l,ETC.
3516 422 3616 480 486

2027 540 2101 593 ita
2155 539 2510 605 recedamus,
2565 540 2883 595 a'tuulemttr
2923 541 3182 596 athletam
3245 543 3469 613 ejusque
3509 562 3627 598 cer-

2028 633 2227 687 tamina
2273 632 2585 688 imitemur:
2619 646 2675 689 ut
2712 647 2762 689 et
2812 634 2987 689 futura
3030 651 3429 707 consequamur
3462 640 3623 705 bona,

2026 725 2196 796 gratia
2226 735 2281 781 et
2311 724 2645 798 benignitate
2675 729 2883 783 Domini
2915 731 3084 784 nostri
3112 730 3241 786 .lesu
3277 731 3502 791 Christi.
3536 749 3632 800 per

2028 831 2191 885 quem
2242 824 2298 872 et
2349 832 2471 871 cum
2524 834 2631 889 quo
2688 820 2839 877 Patri
2869 821 3038 891 gloria
3068 864 3082 887 ,
3130 839 3233 876 una
3278 839 3400 878 cum
3442 836 3633 878 sancto

2030 907 2252 977 Spiritu,
2296 924 2440 965 nunc
2478 921 2534 966 et
2582 929 2819 984 semper,
2851 924 2905 968 et
2952 916 3003 968 in
3054 916 3250 969 smcula
3279 916 3621 972 swculorum.

280 438 425 494 485

309 566 528 620 Etenim
575 575 644 614 ne
699 554 974 612 minimam
1018 549 1240 623 quidem
1286 544 1603 602 habebimus
1644 539 1918 597 defensio-

308 675 461 723 nem,
486 656 530 709 si
557 662 676 722 post
714 650 887 720 legem
932 655 986 701 et
1013 646 1239 715 gratiam
1281 650 1428 695 tanto
1462 638 1702 692 fruentes
1750 631 1915 699 deuo,

308 752 494 807 minus
525 746 763 803 feramus
791 757 950 814 quam
976 740 1067 794 ille
1088 736 1179 809 qui
1206 736 1259 791 in
1287 731 1553 805 principio
1578 740 1631 786 et
1658 727 1791 797 ipsis
1813 724 1920 779 ini-

310 846 405 901 tiis
427 844 552 898 vita:
580 840 834 895 humana:
862 844 1065 890 tantam
1106 830 1353 887 exhibuit
1396 823 1818 897 philomphiam.
1854 816 1924 873 Ut

308 955 444 1009 ergo
498 948 554 991 et
599 930 1031 989 consolationem
1092 924 1392 978 habeamus
1444 918 1498 972 in
1545 912 1831 973 tristibus.
1869 916 1925 963 et

310 1002 535 1103 opiima:
586 1023 946 1098 philosophiae
1000 1017 1366 1087 disciplinam,
1416 1011 1504 1065 his
1556 1002 1921 1074 conscriptis,

2035 1001 2230 1058 Amen.

308 1110 3622 1229 Mpm"

312 1325 572 1396 Ejusdem
599 1317 813 1373 [inutilia
832 1359 844 1370 .
880 1311 1053 1366 habita
1084 1308 1134 1361 in
1167 1303 1355 1374 templo
1394 1310 1584 1356 sanctw
1612 1293 1789 1396 frenet
1812 1334 1828 1357 ,
1860 1291 1923 1396 de

385 1415 560 1471 smdio
612 1407 939 1482 prwsentium
989 1413 1035 1456 et
1078 1400 1142 1454 de
1185 1396 1390 1467 ignavia
1429 1389 1715 1447 absentium
1741 1405 1761 1440 :
1788 1382 1925 1453 quod

385 1507 459 1563 sit
482 1476 830 1575 psallendum,
863 1507 907 1551 et
938 1491 1073 1567 quod
1116 1488 1412 1544 mulieribus
1456 1499 1605 1539 sexus
1635 1496 1737 1534 non
1765 1476 1929 1549 impe-

386 1601 620 1653 dimento
651 1595 717 1649 sit
746 1592 813 1645 ad
843 1589 1043 1644 virtutis
1071 1600 1297 1639 cursum.

392 1695 446 1747 1.
473 1690 647 1759 Quam
670 1682 984 1741 dulcissima
1008 1689 1092 1735 est
1111 1677 1511 1746 Scripturarum
1533 1667 1693 1724 lectio
1708 1674 1762 1721 et
1781 1661 1931 1718 omni

318 1795 479 1858 prato
504 1758 752 1845 suavior,
785 1788 949 1848 atque
979 1772 1226 1845 pomario
1255 1767 1510 1839 paradiso
1537 1758 1928 1824 delectabilior,

316 1853 559 1934 maxime
590 1886 725 1928 vero
750 1885 874 1926 cum
918 1864 1156 1935 cognitio
1180 1860 1402 1917 lectioni
1443 1858 1677 1912 additur.
1710 1853 1931 1909 Pratum

319 1970 504 2036 enim,
548 1976 604 2021 et
649 1964 844 2018 florum
895 1956 1273 2029 pulchritudo,
1321 1958 1380 2009 et
1432 1951 1686 2007 arborum
1741 1960 1933 2009 conte,

320 2077 476 2126 rosa,
510 2057 733 2120 hedera,
767 2063 999 2124 myrtus,
1024 2051 1199 2104 visum
1230 2041 1644 2107 delectant,sed
1677 2047 1797 2109 post
1820 2038 1937 2092 dies

326 2169 533 2226 paucos
580 2154 930 2205 marcescunt
963 2161 976 2196 :
1008 2141 1414 2209 Scripturarum
1468 2143 1648 2189 autem
1703 2129 1939 2200 cognitio

334 2220 571 2301 utentem
610 2240 806 2303 munit,
846 2233 1236 2290 conscientiam
1286 2235 1495 2300 purgat,
1534 2223 1825 2280 illiberalcs
1862 2220 1941 2273 af-

341 2337 520 2390 fectus
547 2333 742 2393 avellit.
772 2331 1031 2383 virtutem
1064 2326 1292 2395 plantat,
1334 2318 1677 2375 ratiocinium
1708 2315 1941 2370 sublime

345 2431 525 2493 effert,
574 2442 673 2481 non
707 2422 974 2498 permittit
1020 2428 1078 2474 ut
1119 2418 1505 2485 inexspectatts
1552 2410 1810 2467 aerumnis
1842 2409 1944 2462 im-

346 2536 665 2592 mergamur,
694 2517 984 2574 sublimius
1015 2512 1178 2582 erigit
1202 2524 1363 2581 quam
1393 2515 1451 2561 ut
1477 2504 1677 2563 diaboli
1711 2503 1814 2558 tela
1846 2517 1945 2555 nos

339 2618 602 2683 attingere
625 2610 1125 2683 possint.adipsum
1170 2601 1427 2658 transfert
1469 2600 1685 2663 caelum,
1716 2594 1949 2652 absolvit

337 2709 573 2762 animam
597 2721 627 2759 a
649 2702 881 2758 vinculis
920 2698 1186 2767 corporis,
1217 2696 1367 2749 leves
1407 2692 1586 2747 reddit
1606 2690 1758 2755 alas;
1786 2686 1947 2758 quid-

337 2800 467 2872 quid
499 2798 766 2868 boniqnis
791 2793 1011 2858 dixerit,
1032 2791 1084 2845 in
1104 2788 1408 2843 auditorum
1437 2780 1946 2840 mentemimmittit.

340 2894 467 2951 Ideo
494 2894 618 2948 illos
645 2892 736 2963 qui
764 2890 962 2944 absunt
998 2886 1229 2940 miseros
1258 2880 1556 2952 prmdieare
1600 2894 1705 2933 non
1755 2890 1948 2941 cesso,

338 3001 547 3056 vosque
574 2984 665 3055 qui
692 2982 896 3037 adestis
920 2980 1110 3034 beatos
1133 2973 1410 3031 celebrare
1430 3014 1444 3038 ,
1485 2972 1608 3042 quia
1637 2969 1952 3026 thesaurum

338 3078 592 3148 colligitis
613 3073 705 3146 qui
734 3071 932 3127 insumi
963 3084 1068 3124 non
1094 3076 1271 3139 potest
1299 3064 1516 3119 divitias
1552 3078 1671 3132 qua:
1714 3060 1951 3131 impendi

338 3182 640 3244 nequeunt,
657 3178 713 3224 et
735 3165 1015 3222 facultates
1037 3159 1251 3217 invidiae
1276 3174 1381 3213 non
1406 3157 1686 3222 obnoxias,
1711 3164 1769 3208 ut
1788 3155 1953 3209 multa

339 3266 536 3336 repleti
564 3262 777 3327 Izetitia,
825 3258 1048 3314 domum
1089 3253 1362 3311 receditis.
1404 3250 1544 3307 Nihil
1572 3249 1717 3305 enim
1761 3247 1833 3303 ita
1859 3250 1979 3315 me

341 3360 610 3428 luptatem
656 3368 848 3424 parere
893 3356 1094 3421 petest,
1141 3356 1201 3403 ut
1244 3343 1574 3401 conscientia
1623 3356 1755 3412 pura
1781 3357 1795 3396 :
1824 3353 1954 3410 pura

336 3466 521 3510 autem
548 3450 783 3509 efticitur
805 3444 1163 3508 conscientia,
1182 3438 1395 3499 etiamsi
1416 3446 1608 3494 onusta
1632 3437 1704 3492 sit
1725 3437 1957 3506 peccantis

336 3545 666 3605 innumeris.
704 3558 829 3599 cum
877 3539 1190 3608 frequenter
1232 3536 1549 3591 concionem
1580 3530 1748 3586 audit.
1774 3529 1958 3601 Neque

335 3640 485 3695 enim
514 3636 788 3708 prioribus
810 3630 1024 3688 delictis
1048 3644 1183 3685 nova
1208 3626 1387 3692 addit;
1414 3626 1524 3681 imo
1548 3625 1711 3680 etiam
1738 3632 1956 3693 peccata

338 3711 606 3791 absumit,
666 3739 722 3784 ct
767 3727 948 3781 minus
990 3735 1316 3796 propensam
1371 3717 1550 3774 reddit
1602 3714 1835 3770 animam
1888 3712 1956 3768 ad

339 3826 569 3882 easdem
612 3839 699 3877 res
728 3818 1139 3892 aggrediendas.

414 3918 613 3975 Contra
636 3915 971 3986 pecuniarum
992 3910 1341 3982 cupiditatem.
1363 3905 1562 3961 Judicii
1582 3902 1743 3977 futuri
1767 3902 1959 3957 descri-

342 4016 473 4082 ptio.
502 4008 820 4066 Auditorum
847 4003 1199 4076 Chrysostomi
1227 4000 1465 4074 gemitus.
1493 4028 1565 4042 -
1595 3996 1800 4053 Idcirco
1826 4008 1959 4065 rugo

339 4115 589 4160 vestram
615 4100 920 4162 caritatem,
946 4095 1062 4153 haec
1092 4094 1405 4167 frequenter
1430 4092 1495 4146 iis
1520 4089 1611 4161 qui
1638 4090 1833 4146 absunt
1859 4088 1957 4143 de-

338 4198 610 4261 cantetis,
647 4195 878 4264 illosque
919 4190 1028 4247 cito
1067 4187 1338 4244 reducatis
1365 4184 1434 4242 ad
1465 4197 1803 4239 communem
1849 4196 1962 4235 ma-

341 4300 485 4345 trem
510 4332 525 4354 ,
573 4304 636 4341 ac
661 4283 1020 4354 spiritualium
1059 4280 1333 4335 lucrorum
1361 4283 1644 4331 consortes
1682 4270 1957 4329 reddatis:

341 4401 455 4439 non
486 4382 633 4439 enim
658 4376 1094 4440 diminutionem,
1124 4372 1221 4430 sed
1245 4379 1592 4441 augmentum
1616 4368 1719 4423 hoc
1737 4381 1962 4423 consor-

340 4482 481 4532 tium
517 4476 677 4546 parit.
711 4471 842 4539 Sed,
874 4486 908 4524 o
934 4468 1287 4542 pecuniarum
1321 4462 1583 4538 tyrannis,
1614 4477 1737 4533 qum
1763 4460 1962 4516 multos

340 4574 579 4623 fis-trum
621 4575 938 4621 nostrorum
970 4561 1040 4616 ab
1068 4560 1173 4617 hoc
1202 4556 1330 4613 ovili
1373 4554 1622 4612 amovet!
1657 4552 1788 4633 nihil
1813 4550 1961 4609 enim

337 4661 490 4717 aliud
518 4674 617 4715 eos
658 4657 784 4712 hinc
827 4662 1064 4720 amovet,
1093 4667 1254 4724 quam
1302 4647 1479 4720 gravis
1528 4647 1618 4703 ille
1657 4644 1879 4701 morbus
1909 4652 1964 4699 et

341 4767 646 4821 numquam
693 4749 961 4804 exstincta
991 4745 1181 4800 fornax
1213 4761 1227 4798 :
1258 4742 1375 4798 haec
1397 4740 1641 4804 domina,
1680 4735 1960 4811 plusquam

339 4845 579 4899 barbara
602 4882 617 4905 ,
645 4840 836 4911 quavis
863 4838 1039 4895 bellua
1071 4835 1326 4899 ferocior,
1369 4844 1422 4889 et
1468 4834 1600 4904 ipsis
1626 4832 1964 4887 daamonibus

332 4938 546 5002 acrior,
578 4934 830 5003 captivos
856 4946 985 4987 suos
1006 4946 1191 4985 secum
1219 4943 1523 4989 assumens.
1551 4925 1673 4982 illos
1700 4942 1842 4981 nunc
1866 4944 1963 4998 per

335 5028 524 5084 furum
575 5026 915 5089 circumfert,
968 5025 1152 5096 gravia
1204 5021 1337 5077 dans
1368 5028 1634 5092 praecepta
1689 5036 1791 5076 nec
1828 5020 1962 5076 sinit

337 5142 440 5180 eos
494 5122 583 5177 vel
641 5120 911 5177 tantillum
981 5118 1253 5189 respirare
1318 5132 1348 5169 a
1396 5112 1711 5184 perniciosis
1760 5112 1964 5166 labori-

335 5220 466 5274 bus.
500 5213 612 5271 Sed
642 5212 771 5283 quid
822 5212 1024 5267 facient
1044 5254 1058 5275 ,
1090 5226 1211 5265 cum
1242 5207 1359 5262 dies
1386 5207 1476 5261 ille
1516 5205 1775 5260 terribilis
1800 5204 1970 5261 adve-

339 5312 484 5375 niet,
509 5307 776 5378 judicium
811 5306 1207 5373 incorruptum,
1243 5309 1299 5354 et
1326 5297 1498 5354 Judex
1529 5298 1616 5367 qui
1644 5297 1821 5366 decipi
1856 5313 1962 5351 non

343 5402 565 5468 potest?
594 5416 718 5457 cum
748 5399 868 5456 vela
901 5398 1160 5453 czelorum
1183 5392 1573 5449 contrahentur
1594 5390 1695 5461 (α),
1722 5399 1776 5445 et
1797 5404 1963 5459 ange-

345 5492 530 5544 lorum
582 5495 809 5559 pipulus
852 5507 976 5547 cum
1021 5489 1211 5545 Judice
1255 5484 1589 5540 descendet?
1620 5498 1741 5537 cum
1781 5483 1963 5537 omnia

343 5582 495 5637 "Uda
525 5587 582 5633 οι
602 5592 789 5647 κινείτω
813 5585 1011 5640 erunt?
1034 5598 1209 5652 neque
1230 5579 1374 5635 enim
1396 5586 1519 5629 tunc
1540 5578 1818 5631 rhetorum
1846 5574 1962 5628 elo-

344 5671 601 5746 quentia,
633 5684 743 5724 non
777 5668 859 5722 vis
888 5675 1159 5739 pecuniae,
1194 5685 1369 5741 neque
1398 5668 1542 5724 aliud
1566 5666 1778 5739 quidvis
1801 5665 1961 5736 justi-

412 5829 492 5887 (α)
520 5790 734 5876 ¹νὶιίρωι·
766 5820 993 5887 alludere
1026 5816 1481 5887 Qhrysostomttgad
1519 5819 1612 5871 :evi
1644 5822 1720 5871 sui
1745 5831 1963 5882 morem;

342 5877 458 5941 nam
476 5877 649 5938 velum
679 5898 808 5948 nam,
833 5891 950 5933 aute
968 5877 1162 5944 Iudices
1184 5877 1565 5931 obtendebatur.

692 5985 964 6045 Parnm.
1014 5984 1130 6042 (in.
1192 5982 1411 6043 LXIII.

2034 1310 2162 1365 tiam
2199 1328 2551 1385 corrumpere
2582 1318 2797 1387 poterit.
2843 1318 3067 1385 Quando
3109 1322 3250 1375 enim
3293 1323 3637 1393 incorruptus

2032 1404 2240 1475 Judex,
2271 1407 2363 1478 qui
2399 1412 2578 1465 omnia
2618 1411 2761 1466 clare
2802 1413 2984 1475 novit,
3032 1425 3248 1482 peccata
3278 1427 3404 1470 ante
3446 1418 3638 1475 oeulos

2042 1509 2242 1558 statuet
2273 1503 2428 1574 quasi
2452 1504 2505 1558 iu
2540 1504 2776 1574 imagine
2802 1504 3053 1575 depicta;
3086 1512 3217 1559 tunc
3245 1521 3343 1559 nec
3374 1520 3488 1570 rex,
3519 1521 3619 1559 nec

2044 1595 2211 1652 idiota
2227 1608 2563 1665 comparent,
2581 1613 2687 1652 non
2706 1613 2928 1666 pauper,
2944 1614 3049 1651 non
3068 1598 3241 1661 dives,
3258 1614 3363 1651 non
3378 1599 3614 1667 sapiens,

2039 1698 2146 1738 non
2197 1683 2490 1750 indoctus;
2534 1685 2628 1740 sed
2683 1686 2789 1740 illze
2837 1700 3027 1741 omnes
3083 1686 3246 1742 larvae
3302 1687 3643 1756 auferuntur,

2039 1785 2201 1846 atque
2248 1792 2313 1830 ex
2356 1785 2632 1859 gestorum
2684 1787 2981 1846 conspectu
3021 1795 3212 1835 omnes
3256 1780 3326 1834 ibi
3374 1782 3643 1837 visuntur.

2041 1866 2157 1922 Non
2191 1869 2522 1938 conspicitur
2552 1869 2624 1923 ibi
2668 1870 2914 1925 diadema
2963 1871 3213 1941 cingens,
3253 1890 3359 1927 nou
3412 1890 3648 1940 purpura

2042 1958 2293 2025 amictus,
2323 1975 2429 2013 non
2457 1976 2620 2014 curru
2644 1972 2850 2027 vectus,
2879 1962 2970 2031 qui
3003 1963 3154 2017 mille
3182 1964 3403 2018 lictores
3430 1964 3646 2027 habeat,

2046 2050 2099 2105 in
2144 2048 2263 2106 foro
2303 2052 2514 2107 turbam
2554 2062 2843 2108 arcentes:
2877 2053 2972 2108 sed
3019 2054 3168 2110 istinc
3208 2056 3387 2109 omnia
3440 2056 3648 2111 sublata

2046 2152 2207 2209 sunt,
2256 2152 2312 2198 et
2365 2145 2495 2199 nudi
2551 2146 2747 2215 singuli
2798 2146 3157 2211 inducuntur,
3216 2164 3282 2204 ex
3330 2149 3498 2219 gestis
3559 2160 3653 2203 aut

2050 2237 2307 2303 perniciei
2345 2246 2437 2292 aut
2503 2237 2693 2293 salutis
2733 2254 2953 2296 causam
3014 2240 3275 2297 habentes
3326 2259 3339 2295 :
3394 2251 3451 2297 ut
3506 2247 3652 2297 enin.

2050 2330 2258 2400 singula
2289 2340 2439 2399 gesta
2468 2329 2693 2395 fuerint,
2722 2332 2803 2386 sic
2824 2331 3063 2386 calculus
3091 2333 3283 2387 fertur.
3317 2333 3478 2389 Multa
3502 2335 3655 2389 vobis

2052 2424 2193 2480 bona
2234 2424 2360 2479 hinc
2392 2425 2742 2494 proveniant,
2790 2424 2932 2495 quod
2972 2441 3094 2481 cum
3137 2434 3287 2480 tanto
3330 2427 3511 2481 studio
3541 2427 3659 2481 lnec

2053 2516 2218 2571 verba
2261 2517 2535 2571 audiatis:
2571 2533 2693 2572 nam
2726 2518 3059 2588 singulorum
3105 2520 3366 2588 gemitus,
3420 2529 3475 2574 et
3513 2522 3657 2589 quod

2054 2610 2262 2664 vultum
2295 2610 2639 2680 percutiatis,
2690 2609 2883 2665 horum
2933 2610 3199 2665 seminum
3249 2610 3381 2665 mihi
3423 2609 3657 2666 fructum

2057 2701 2279 2756 indicat.
2317 2702 2441 2757 Ideo
2472 2702 2700 2757 miseros
2733 2702 2970 2772 prmdico
3000 2702 3125 2757 illos
3156 2703 3246 2772 qui
3278 2704 3508 2768 absunt,
3537 2705 3661 2775 quia

2056 2811 2181 2853 cum
2229 2805 2373 2851 tanta
2421 2805 2642 2867 possent
2690 2796 2791 2851 frui
2843 2812 2997 2864 cura,
3051 2797 3323 2852 ulceribus
3350 2807 3560 2854 scatent
3609 2810 3666 2853 et

2057 2887 2371 2943 vulneribus
2400 2888 2762 2960 quotidianis,
2810 2904 2983 2958 neque
3027 2904 3089 2943 se
3132 2897 3396 2960 aegrotare
3436 2868 3659 2945 sciunt:

2060 2978 2290 3046 ideoque
2322 2978 2443 3034 illos
2486 2995 2649 3034 sanos
2681 2979 2796 3035 fieri
2835 2978 3050 3036 difficile
3086 2991 3185 3035 cst.
3242 2979 3375 3047 Quis
3401 2983 3544 3036 enim
3572 2998 3667 3036 eos

2061 3070 2145 3125 his
2173 3070 2242 3126 de
2272 3070 2433 3126 rebus
2475 3071 2820 3142 alloquetur?
2852 3089 2919 3127 an
2973 3073 3211 3127 uxores?
3256 3072 3363 3129 Sed
3408 3089 3512 3127 una
3560 3073 3667 3127 IlllS

2061 3178 2189 3219 cura
2234 3173 2319 3220 est
2366 3182 2380 3219 :
2425 3163 2492 3220 de
2547 3165 2746 3228 aureis,
2800 3164 2870 3219 de
2928 3164 3287 3233 vestimentis,
3343 3166 3412 3221 de
3457 3165 3667 3236 reliqua

2063 3258 2459 3329 magniﬁcentia
2499 3300 2513 3323 ,
2563 3268 2618 3313 et
2671 3256 2740 3314 de
2780 3257 2944 3313 domo
2987 3258 3254 3327 sollicitae,
3292 3274 3389 3315 eos
3425 3259 3518 3331 qui
3560 3260 3669 3313 illic

2064 3350 2325 3415 habitant,
2389 3351 2615 3406 moleste
2668 3360 2923 3406 tractant.
2973 3353 3053 3407 An
3097 3351 3319 3407 famuli?
3361 3352 3667 3425 quomodo,

2062 3458 2183 3499 cum
2224 3444 2425 3499 nullam
2471 3443 2705 3499 habeant
2754 3444 3004 3515 loquendi
3058 3445 3387 3512 libertatem,
3423 3458 3479 3500 et
3510 3462 3669 3501 uuam

2066 3536 2165 3607 ipsi
2214 3550 2430 3608 quoque
2479 3551 2665 3591 curam
2703 3536 2939 3592 habeant
2981 3520 3340 3593 ministerium
3375 3553 3532 3593 suum
3572 3539 3670 3593 imo

2066 3630 2283 3704 plendi?
2310 3632 2392 3685 An
2431 3628 2678 3700 indices?
2708 3630 2802 3685 sed
2832 3630 2963 3687 nihil
2991 3630 3134 3693 aliud
3167 3631 3239 3686 illi
3270 3640 3485 3697 curant,
3509 3648 3669 3701 quam

2066 3737 2154 3777 res
2178 3722 2431 3777 urbanas.
2478 3724 2559 3777 An
2603 3720 2741 3777 forte
2780 3737 2934 3793 reges
2973 3732 3030 3777 et
3076 3721 3110 3776 ii
3161 3722 3253 3794 qui
3298 3721 3545 3779 diadema
3572 3739 3671 3793 go-

2066 3814 2247 3869 Stant?
2298 3830 2484 3870 verum
2543 3813 2756 3869 illorum
2804 3814 2958 3869 labor
3010 3815 3188 3870 omnis
3239 3826 3488 3871 Versatur
3529 3817 3671 3887 circa

2067 3906 2391 3976 imperium,
2431 3905 2726 3976 potentiam
2780 3917 2835 3962 et
2895 3906 3173 3978 pecunias.
3207 3908 3290 3962 An
3336 3907 3438 3977 ipsi
3465 3908 3673 3979 seipsm

2066 3998 2453 4055 Concitabunt?
2483 4007 2541 4054 at
2567 3997 2837 4067 quomodo
2868 3999 2921 4053 id
2949 3998 3163 4053 valeant
3192 3998 3253 4066 ii,
3284 3999 3372 4068 qui
3402 4014 3470 4056 nc
3498 4002 3671 4073 respi-

2067 4110 2188 4151 rare
2216 4094 2432 4167 quidem
2480 4102 2705 4165 possunt
2732 4095 2801 4149 ob
2841 4094 3176 4165 negotiorum
3219 4093 3461 4161 turbam,
3496 4095 3592 4150 sed
3623 4104 3676 4149 ct

2069 4197 2280 4244 noctem
2310 4186 2563 4258 diemque
2590 4202 2653 4243 ea
2686 4187 2737 4243 in
2786 4202 2847 4244 re
2892 4186 3193 4243 insumunt.
3223 4187 3341 4258 Quo
3371 4187 3533 4260 igitur
3567 4203 3673 4241 non

2069 4283 2490 4339 miserabiliores
2542 4280 2742 4337 fuerint
2796 4280 2906 4347 illi,
2963 4280 3053 4353 qui
3112 4280 3393 4337 innumera
3452 4282 3674 4337 vulnera

2068 4375 2287 4449 quidem
2330 4376 2637 4447 accipiunt,
2690 4387 2747 4431 et
2784 4374 2891 4433 huc
2916 4390 3027 4431 non
3056 4374 3340 4439 accedunt,
3374 4374 3466 4431 ubi
3494 4374 3675 4432 disce-

2069 4486 2131 4527 re
2179 4469 2387 4541 possint
2405 4485 2494 4535 se,
2525 4469 2625 4526 etsi
2673 4467 2989 4526 vulneribus
3041 4467 3282 4532 affectos,
3315 4483 3474 4540 posse
3502 4470 3571 4524 ab
3613 4471 3678 4525 iis

2070 4560 2317 4628 liberari,
2345 4571 2400 4617 et
2424 4561 2784 4618 valetudinem
2833 4562 3111 4632 consequi.
3154 4561 3508 4632 Quandonam
3547 4580 3679 4633 ergo

2073 4655 2126 4712 hi
2157 4656 2391 4713 animam
2441 4670 2594 4711 suam
2637 4653 2948 4711 curabunt?
2990 4655 3295 4727 Optandum
3338 4656 3482 4712 enim
3511 4665 3681 4711 estut

2073 4752 2127 4816 ii.
2160 4749 2251 4823 qui
2289 4746 2597 4820 frequenter
2642 4748 2693 4804 iu
2747 4748 3029 4804 ecclesiam
3070 4750 3437 4816 conveniunt,
3483 4758 3539 4805 et
3581 4748 3679 4803 (lo-

2072 4846 2244 4899 ctriua
2292 4841 2554 4913 spirituali
2585 4850 2840 4914 tantaque
2864 4856 2992 4897 cura
3031 4843 3300 4909 fruuntur,
3332 4858 3524 4914 pravas
3549 4855 3680 4898 cen-

2069 4936 2430 5007 cupiscentias
2458 4935 2675 4989 vincere
2700 4944 2754 4989 et
2781 4932 2992 4989 frenare
3025 4935 3259 5004 possint,
3288 4944 3447 5006 atque
3472 4934 3539 4989 ad
3567 4937 3679 4988 vir-

2073 5031 2200 5085 tutis
2227 5020 2543 5083 exercitium
2565 5042 2625 5081 se
2650 5036 2991 5081 convertere.

2142 5124 2198 5177 2.
2229 5119 2421 5178 Cantus
2460 5118 2793 5191 psalmorum.
2829 5147 2905 5163 -—-
2936 5117 3128 5173 Verum
3172 5133 3241 5174 ne
3269 5118 3523 5174 absentes
3559 5119 3681 5176 illos

2072 5226 2334 5289 perpetuo
2358 5214 2668 5269 incusantes
2694 5228 2724 5267 a
2763 5212 3035 5267 consuetis
3067 5226 3161 5265 vos
3189 5215 3470 5282 privemus
3493 5254 3507 5276 ,
3540 5228 3640 5282 age
3662 5254 3679 5277 ,

2068 5310 2283 5365 solitam
2330 5305 2483 5360 vobis
2524 5319 2765 5359 mensam
2802 5318 3157 5372 apponamus,
3197 5312 3252 5357 et
3301 5302 3368 5358 de
3411 5303 3675 5374 psallendi

2073 5404 2221 5456 lucro
2248 5398 2409 5453 verba
2438 5396 2720 5451 faciamus.
2743 5396 2879 5450 Ecce
2908 5412 3138 5465 namque
3165 5395 3410 5452 incidens
3440 5398 3679 5468 psalmus

2074 5494 2249 5548 varias
2294 5490 2511 5547 miscuit
2538 5502 2717 5553 voces,
2749 5497 2803 5542 et
2857 5503 3020 5542 unum
3070 5488 3280 5543 cunctis
3310 5490 3534 5545 vocibus
3562 5506 3677 5546 mo-

2072 5587 2311 5642 dulatum
2360 5584 2627 5638 canticum
2678 5582 2730 5635 in
2780 5579 2946 5634 altum
2991 5581 3246 5636 excitavit
3294 5600 3308 5636 :
3355 5581 3585 5652 juvenes
3626 5594 3680 5637 et

2075 5695 2254 5744 senes,
2282 5676 2477 5733 divites
2515 5684 2569 5730 et
2588 5688 2883 5744 pauperes,
2911 5674 3166 5731 mulieres
3197 5685 3252 5732 et
3297 5677 3427 5743 viri,
3458 5677 3680 5733 serviet

2073 5772 2249 5838 liberi,
2269 5771 2440 5826 melos
2482 5782 2646 5823 unum
2687 5780 2876 5821 omnes
2893 5767 3228 5824 sustulimus.
3255 5768 3310 5824 Si
3332 5769 3476 5823 enim
3507 5768 3678 5839 citha-

2075 5864 2261 5921 rwdus
2286 5864 2529 5921 diversos
2572 5873 2766 5917 uerVos
2800 5872 2916 5918 arte
2972 5870 3300 5931 temperans,
3345 5877 3508 5915 Simos
3541 5860 3681 5914 mul-

3267 5969 3346 6030 12's
