4138 6514
541 351 642 405 ἆεῖ
1255 356 1314 412 s.
1355 355 1634 444 toauNts
1676 325 2160 413 cnavsosmut
2200 359 2520 419 ABCHIEP.
2562 364 3103 428 coNanrtNop.
3709 377 3811 437 iss

536 480 620 526 tos
649 487 813 525 unum
841 471 1003 526 efficit
1035 489 1049 526 :
1082 471 1204 540 quid
1228 471 1442 539 mirum,
1468 474 1512 528 si
1540 475 1804 544 psalmiet
1826 473 2116 543 spiritualis

534 563 731 618 cantici
780 563 859 616 vis
913 563 1143 632 idipsum
1193 562 1361 618 fecit?
1401 564 1584 636 Neque
1611 566 1755 621 enim
1798 580 1897 619 nos
1939 567 2113 621 solum

534 667 843 724 pra-sentes,
879 657 974 710 scd
1001 657 1161 711 etiam
1207 665 1474 711 mortuum
1518 673 1638 712 cum
1681 657 1818 712 vivis
1859 658 2114 713 miscuit:

531 749 626 802 ille
681 763 910 815 namque
954 745 1113 802 etiam
1156 749 1431 802 nobiscum
1468 750 1731 818 psallebat
1770 751 1958 805 beatus
1977 744 2112 805 Pro-

531 839 686 908 pheta
721 858 732 891 :
762 855 1080 908 quamquam
1114 841 1165 894 in
1198 842 1357 909 regiis
1383 841 1520 896 aulis
1550 841 1600 896 id
1630 858 1735 896 non
1765 843 1923 898 liceat
1949 861 1961 896 :
1991 859 2111 897 nam

527 933 599 987 ibi
628 933 778 988 sedet
820 933 1122 988 diademate
1162 945 1405 1001 ornatus,
1441 933 1655 994 adstant
1698 944 1876 989 autem
1928 949 2114 990 omnes

524 1041 647 1079 cum
701 1026 948 1091 silentio,
992 1026 1116 1081 licet
1154 1027 1204 1081 in
1261 1027 1510 1081 maximis
1553 1028 1951 1098 magistratibus
2007 1029 2114 1082 sint

522 1118 819 1172 constituti.
853 1118 950 1174 [lic
983 1133 1115 1173 vero
1145 1135 1249 1173 non
1273 1119 1386 1183 sic;
1414 1119 1508 1173 sed
1549 1119 1785 1189 loquitur
1815 1120 2105 1190 Propheta,

520 1219 576 1262 ct
595 1223 786 1263 omnes
813 1209 1223 1280 respondemus,
1255 1224 1444 1266 omnes
1486 1226 1589 1264 una
1622 1213 1867 1265 canimus
1897 1229 1909 1262 :
1937 1227 2110 1282 neque

522 1303 646 1356 licet
675 1303 762 1356 hic
805 1317 1020 1358 servum
1073 1302 1278 1368 videre,
1327 1319 1426 1358 nec
1449 1303 1696 1365 liberum,
1726 1319 1824 1358 nee
1866 1303 2104 1369 divitem,

521 1411 622 1450 nec
678 1409 985 1464 pauperem,
1019 1409 1120 1449 nec
1161 1396 1479 1464 principem,
1531 1410 1629 1449 nec
1667 1397 1968 1464 privatum;
2011 1395 2106 1449 sed

519 1487 738 1557 pellitur
783 1486 872 1540 illa
902 1486 1177 1541 smcularis
1231 1484 1584 1557 inaequalitas.
1641 1502 1776 1541 unus
1798 1487 1994 1542 chorus
2037 1504 2106 1543 ex

517 1581 769 1635 omnibus
816 1592 1192 1650 congregatur,
1249 1580 1529 1651 aequalitas
1573 1597 1784 1651 quoque
1834 1584 1998 1636 multa
2051 1587 2104 1638 in

517 1673 739 1728 vocibus
755 1680 856 1736 est,
887 1687 950 1726 ac
978 1673 1166 1726 ca'hun
1191 1682 1330 1726 tert'a
1357 1671 1609 1726 imitatur.
1633 1670 1801 1727 Tanta
1824 1674 2105 1728 estEccle-

514 1765 610 1819 size
627 1765 898 1820 nobilitas.
919 1764 1097 1833 Neque
1115 1765 1257 1818 enim
1280 1763 1383 1818 dici
1405 1771 1580 1832 potest
1595 1763 1869 1820 dominum
1886 1764 2100 1834 quidem

512 1874 634 1911 cum
665 1858 822 1910 multa
868 1855 1194 1911 confidentia
1242 1855 1492 1924 psallere,
1527 1870 1740 1909 servum
1785 1865 1963 1910 autem
2014 1872 2101 1911 re-

511 1951 690 2021 primi;
711 1964 881 2020 neque
903 1965 1135 2013 rursum,
1151 1947 1592 2018 divitemquidem
1610 1946 1841 2019 linguam
1856 1963 2096 2016 movere,

509 2042 731 2112 pauperi
762 2051 938 2096 autem
967 2040 1238 2094 silentium
1268 2039 1548 2109 imperari;
1576 2056 1748 2110 neque
1779 2041 1989 2105 iterum,
2020 2042 2100 2096 vi-

506 2149 626 2187 rum
644 2131 860 2203 quidem
881 2147 1002 2187 cum
1027 2131 1213 2186 fiducia
1232 2145 1447 2197 canere,
1468 2130 1746 2186 mulierem
1768 2147 1897 2187 vero
1920 2143 2098 2188 tacere

505 2235 560 2281 et
593 2226 710 2279 sine
733 2239 868 2278 voce
887 2233 1030 2278 stare
1058 2240 1073 2278 :
1102 2222 1198 2278 sed
1241 2237 1430 2277 omnes
1468 2223 1578 2293 pari
1624 2226 1828 2280 honore
1857 2225 2097 2282 fruentes

504 2331 792 2371 commune
820 2315 1097 2370 offerimus
1123 2315 1465 2380 sacrificium,
1490 2331 1826 2372 communem
1861 2319 2095 2374 oblatio-

505 2424 627 2465 nem
655 2429 670 2465 :
694 2425 867 2480 neque
908 2411 1030 2480 plus
1055 2410 1214 2464 habet
1244 2409 1330 2464 hic
1368 2426 1526 2480 quam
1556 2410 1665 2476 ille,
1691 2427 1789 2466 nec
1818 2412 1905 2467 ille
1933 2429 2094 2482 quam

503 2503 626 2570 hic;
650 2503 746 2559 sed
770 2519 959 2558 omnes
978 2504 1028 2557 in
1047 2503 1236 2558 eodem
1256 2503 1480 2570 honore,
1499 2516 1547 2558 et
1574 2521 1675 2559 una
1689 2522 1794 2560 vox
1816 2521 1845 2560 a
1864 2507 2094 2562 diversis

501 2595 699 2668 linguis
718 2597 786 2652 ad
811 2597 958 2653 orbis
972 2599 1288 2657 Creatorem
1336 2598 1617 2652 emittitur.
1652 2598 1960 2654 Differentia
1992 2615 2090 2654 au-

504 2703 611 2745 tem
641 2701 743 2755 est,
778 2700 883 2745 neu
914 2691 966 2744 in
997 2705 1154 2745 servo
1179 2700 1234 2745 et
1261 2691 1312 2743 in
1343 2689 1533 2754 libero,
1568 2707 1672 2746 non
1699 2692 1749 2746 in
1775 2691 1942 2747 divite
1964 2702 2016 2746 ct
2039 2693 2089 2747 in

500 2799 763 2855 paupere,
788 2798 894 2838 non
924 2781 976 2837 in
1005 2783 1230 2838 muliere
1260 2793 1315 2837 et
1341 2783 1393 2836 in
1417 2783 1554 2850 viro,
1583 2783 1675 2837 sed
1705 2784 1756 2837 in
1799 2783 1999 2848 animo,
2041 2785 2090 2838 in
2131 2850 2149 2861 ί

500 2892 630 2932 cura
655 2887 708 2931 et
727 2877 780 2930 in
806 2875 1036 2946 ignavia,
1060 2875 1111 2929 in
1134 2874 1562 2930 vitioetvirtute.
1583 2875 1656 2929 Ita
1678 2863 1944 2944 enim'ego
1959 2875 2093 2930 adeo

499 2969 719 3025 divitem
744 2983 1056 3039 pauperem,
1093 2976 1147 3023 et
1173 2982 1460 3037 pauperem
1491 2966 1717 3022 divitem
1744 2981 1942 3022 vocare
1969 2983 2094 3039 pos-

499 3077 642 3128 sum,
670 3070 727 3117 et
743 3060 1023 3116 mulierem
1040 3060 1233 3126 virum,
1251 3061 1536 3131 virumque
1554 3059 1858 3130 mulierem,
1880 3069 1937 3116 et
1965 3061 2094 3115 idio-

501 3163 606 3208 tam
647 3154 966 3224 sapientem,
1007 3153 1412 3224 sapientemque
1459 3153 1677 3209 idiotam
1706 3171 1719 3206 :
1745 3169 1850 3210 non
1907 3170 2088 3211 rerum

500 3258 748 3302 naturam
769 3247 1124 3316 confundens,
1141 3247 1234 3303 sed
1257 3251 1516 3319 optimam
1541 3249 1777 3319 regulam
1806 3249 2087 3317 inducens,

498 3357 618 3411 qua:
659 3342 839 3395 omnia
887 3341 1137 3411 corrigat.
1169 3340 1235 3394 Et
1273 3339 1562 3410 quomodo.
1594 3339 1825 3410 inquies,
1859 3341 1940 3395 vir
1967 3355 2090 3395 mu-

497 3434 618 3500 lier,
650 3443 703 3488 et
748 3433 942 3487 mulier
970 3434 1051 3487 vir
1082 3433 1196 3488 fieri
1228 3430 1433 3504 possit?
1473 3431 1588 3486 Non
1628 3442 1828 3486 mutata
1875 3442 2085 3499 natura,

496 3527 591 3582 sed
616 3527 735 3581 vitze
762 3527 1025 3581 instituto.
1053 3524 1189 3582 Cum
1218 3525 1362 3581 enim
1394 3525 1554 3580 video
1603 3524 1874 3579 hominem
1897 3539 2086 3578 aurum

495 3629 812 3690 gestantem,
842 3620 1332 3691 elegantem,coma
1360 3629 1630 3685 ornatum,
1660 3619 1947 3689 unguentis
1976 3617 2087 3672 fra-

494 3723 762 3784 grantctu,
794 3728 916 3767 cum
946 3711 1100 3767 molli
1119 3712 1345 3767 vestium
1371 3712 1592 3779 amictu,
1619 3710 1850 3765 femineo
1872 3724 2082 3781 gressu,

494 3805 701 3862 deliciis
718 3805 1174 3878 operamdantem
1193 3803 1487 3875 :quomodo
1505 3806 1704 3874 possim
1731 3805 1877 3858 illum
1896 3818 2088 3858 vocare

493 3901 690 3964 virum,
720 3899 807 3969 qui
832 3905 1035 3953 naturae
1054 3898 1387 3954 nobilitatem
1413 3897 1647 3969 prodidit
1664 3898 1785 3952 etin
1805 3896 2082 3952 mulierem

492 4008 786 4049 conversus
834 3993 952 4047 est?
986 3992 1194 4046 Etenim
1240 4008 1306 4046 ne
1357 3991 1639 4046 mulierem
1674 3992 1891 4062 quidem
1922 3991 1972 4044 id
2010 3991 2086 4044 fa-

491 4087 724 4141 cientem
781 4086 923 4140 intcr
953 4086 1194 4139 viventes
1245 4085 1442 4140 Paulus
1487 4101 1774 4140 numerare
1803 4085 2082 4155 dignatur,

491 4177 587 4233 sed
611 4177 755 4232 illam
778 4177 1009 4232 secrevit
1031 4177 1098 4231 de
1126 4165 1366 4231 vivorum
1393 4177 1582 4242 choro,
1606 4185 1660 4231 et
1683 4176 1820 4230 inter
1846 4185 2086 4230 mortuos

490 4269 788 4336 constituit,
834 4269 1020 4324 dicens
1054 4285 1066 4321 :
1105 4269 1231 4337 Qua:
1272 4279 1440 4323 autem
1479 4269 1532 4322 in
1562 4268 1756 4322 deliciis
1784 4276 1876 4334 est,
1919 4267 2085 4321 vivens

490 4371 693 4415 mortua
717 4361 825 4434 εει(
854 4362 904 4416 1.
928 4361 1058 4416 Tim.
1078 4363 1133 4418 5.
1154 4362 1186 4417 6
1211 4362 1230 4435 )
1259 4381 1272 4414 :
1299 4361 1568 4433 quomodo
1598 4378 1725 4432 ergo
1752 4362 1832 4415 vir
1871 4362 1984 4416 haec
2011 4362 2086 4416 fa-

489 4455 642 4510 ciens
667 4453 720 4508 in
745 4455 981 4509 virorum
1004 4455 1193 4509 ordine
1215 4463 1544 4521 numeretur,
1569 4471 1689 4526 quae
1708 4454 1755 4510 si
1777 4454 1936 4509 faciat
1958 4471 2047 4509 mu
2063 4483 2080 4496 ο

489 4549 610 4615 lier,
634 4549 770 4604 adeo
791 4549 950 4603 vitam
979 4548 1249 4620 perdidit?
1275 4547 1352 4604 Ne
1377 4548 1504 4602 mihi
1533 4549 1676 4604 enim
1699 4548 1872 4603 virum
1903 4557 2085 4603 osten-

489 4639 588 4694 das
627 4639 695 4695 ab
734 4642 952 4708 amictu,
989 4655 1017 4693 a
1058 4655 1212 4703 zona,
1244 4640 1331 4695 vel
1365 4655 1431 4694 ex
1479 4653 1546 4694 eo
1599 4638 1742 4710 quod
1770 4636 1914 4693 domi
1962 4653 2084 4693 sese

489 4730 680 4785 efferat
706 4743 769 4786 ac
797 4729 1150 4787 formidabilis
1196 4736 1266 4786 sit
1305 4746 1368 4786 ac
1409 4731 1583 4786 minas
1614 4730 1866 4796 intentct,
1893 4729 1986 4785 sed
2016 4730 2084 4784 ab

491 4823 656 4877 animi
700 4821 1039 4893 philosophia
1071 4838 1233 4886 ;cum
1264 4821 1392 4877 vitia
1420 4821 1748 4892 comprimit,
1780 4830 1835 4875 et
1865 4821 2082 4876 morbos

490 4917 686 4971 anima:
713 4925 953 4988 superat,
1000 4931 1123 4973 cum
1171 4915 1351 4971 domui
1381 4930 1495 4970 suae
1539 4913 1780 4969 interiori
1833 4913 2080 4983 imperat,

489 5011 558 5066 de
583 5013 760 5066 anima
797 5011 1011 5081 loquor,
1041 5023 1216 5081 neque
1252 5025 1282 5064 a
1310 5009 1722 5080 cogitationibus
1765 5006 2084 5062 inordinatis

490 5104 724 5160 trahitur
754 5123 767 5160 :
796 5105 902 5160 hoc
943 5104 1178 5159 maxime
1221 5103 1323 5158 viri
1370 5112 1471 5158 est.
1519 5101 1576 5157 Si
1618 5111 1798 5158 autem
1835 5102 2080 5158 ebrietati

489 5207 547 5253 ct
565 5197 799 5267 crapulae
843 5197 936 5252 det
984 5212 1226 5267 cperam,
1271 5211 1334 5250 ac
1357 5195 1501 5250 diem
1538 5196 1796 5266 transigat
1847 5204 1904 5251 et
1950 5213 2082 5251 con-

487 5299 667 5344 sumat
711 5289 766 5342 in
819 5287 1304 5344 eomessationibus
1329 5296 1384 5342 et
1437 5286 1716 5353 ebrietate,
1765 5303 1888 5343 cera
1937 5289 2082 5342 omni

489 5378 706 5434 mollior
728 5393 759 5433 a
790 5379 918 5433 vitio
942 5378 1132 5446 factus,
1171 5378 1444 5451 quomodo
1475 5389 1665 5450 potero
1712 5379 1876 5435 talem
1907 5380 2081 5433 virum

494 5484 709 5534 vocare,
729 5467 1001 5539 captivum
1018 5487 1235 5542 nempe,
1253 5486 1472 5527 servum
1493 5471 1816 5541 emptitium,
1833 5470 2084 5526 omnibus

491 5577 613 5618 sese
630 5561 770 5619 vitiis
785 5563 1095 5634 dedentem,
1117 5565 1363 5631 fractum,
1379 5565 1698 5632 emollitum,
1718 5564 2080 5631 deliciantem,

492 5653 562 5708 ab
584 5656 832 5712 omnibus
872 5656 1176 5727 depulsum,
1208 5657 1298 5727 qui
1327 5673 1393 5713 ne
1415 5666 1561 5713 stare
1604 5657 1821 5727 quidem
1876 5655 1928 5711 in
1969 5656 2083 5711 acie

493 5748 702 5816 possit?
732 5751 812 5804 An
852 5749 1073 5804 nescitis
1101 5749 1257 5804 nobis
1288 5765 1394 5805 non
1433 5763 1556 5805 esse
1585 5749 1784 5806 bellum
1814 5757 1870 5805 et
1908 5749 2082 5804 aciem

497 5841 786 5905 parandam
815 5841 1076 5898 adversus
1110 5841 1358 5897 homines
1385 5857 1735 5912 eongencrcs,
1770 5841 1862 5896 sed
1889 5841 2080 5898 adver~

2225 486 2316 528 sus
2345 475 2636 534 invisibiles
2677 482 3006 550 Potestates,
3039 489 3294 545 adversus
3335 491 3636 548 dazmonum
3681 497 3820 567 plta-

2191 555 2444 636 ‘langas‘,
2488 576 2781 631 secundum
2826 579 3040 634 beatum
3092 582 3354 637 Paulum:
3391 585 3510 640 Non
3549 598 3624 641 est
3674 555 3817 645 uobis

2223 657 2359 711 lucta
2379 661 2618 719 adversus
2640 669 2937 738 sanguinem
2973 682 3019 723 ct
3043 689 3267 740 carnem,
3295 676 3383 729 sed
3408 677 3646 732 adversus
3673 683 3818 750 priu-

2221 750 2356 817 cipes
2381 763 2426 806 et
2447 753 2722 814 Poleslates
2750 760 2962 834 (Ep/aes.
2994 765 3045 818 6.
3077 766 3186 835 1'2).

2289 843 2343 898 3.
2377 845 2488 901 Hoc
2516 850 2657 904 enim
2691 855 2923 908 maxime
2946 857 3042 910 viri
3066 870 3167 912 est.
3197 859 3296 928 Qui
3323 877 3454 932 ergo
3481 862 3668 920 forma}
3695 877 3813 921 stu~

2217 933 2344 1000 det,
2393 953 2492 992 nec
2540 954 2662 996 sese
2708 945 2915 999 virilem
2969 959 3220 1017 praestat;
3264 955 3353 1022 qui
3407 965 3666 1022 ornatur,
3714 975 3815 1037 nec

2219 1023 2466 1081 virtutem
2525 1031 2622 1084 viri
2680 1033 2918 1102 exhibet,
2974 1040 3244 1106 quomodo
3301 1052 3407 1097 stet
3459 1044 3509 1098 in
3542 1047 3695 1101 acie?
3728 1023 3808 1104 v-el

2216 1121 2488 1186 quomodo
2516 1124 2600 1177 vir
2628 1136 2870 1194 vocetur,
2901 1145 3020 1182 cum
3044 1133 3112 1184 sit
3137 1134 3283 1188 omni
3308 1139 3532 1193 muliere
3560 1142 3812 1196 mollior?

2219 1210 2418 1266 Eodem
2449 1225 2626 1269 autem
2659 1219 2841 1285 modo,
2872 1222 3027 1276 sicut
3057 1223 3197 1278 hunc
3239 1243 3342 1281 non
3375 1229 3548 1282 virum
3577 1247 3807 1288 vocave-

2214 1300 2334 1367 rim,
2364 1301 2460 1357 sed
2489 1306 2712 1361 muliere
2739 1309 3070 1375 molliorem;
3103 1315 3171 1367 ita
3196 1326 3251 1369 et
3273 1318 3551 1374 mulierem
3577 1323 3806 1377 viriliter

2211 1401 2455 1460 agentem
2479 1437 2491 1457 ,
2525 1398 2671 1451 onmi
2717 1399 2834 1454 viro
2867 1402 3140 1458 fortiorem
3173 1405 3435 1473 dixerim,
3482 1411 3528 1466 si
3574 1417 3805 1484 arreptis

2211 1483 2372 1536 armis
2396 1486 2781 1554 spiritualibus,
2812 1491 3029 1548 thorace
3052 1495 3272 1564 justitiae
3305 1499 3508 1565 induta,
3538 1505 3687 1572 galea
3713 1522 3800 1558 sa-

2210 1573 2364 1630 lutari
2413 1593 2723 1651 assumpta,
2772 1585 2962 1656 clypeo
3003 1587 3125 1642 fidei
3176 1601 3349 1657 tecta,
3399 1610 3530 1647 zona
3564 1599 3804 1652 veritatis

2207 1669 2513 1736 succincta,
2560 1683 2616 1727 et
2643 1674 2821 1744 gladio
2868 1677 3088 1746 spiritus
3134 1695 3378 1751 accepto,
3423 1694 3528 1739 stet
3568 1688 3619 1741 in
3650 1691 3796 1753 acie,

2207 1758 2415 1829 fulgens
2445 1765 2642 1829 armis,
2678 1766 2807 1834 ipsis
2852 1769 2997 1822 caelis
3039 1772 3306 1826 excelsior
3349 1775 3484 1827 facta
3529 1791 3592 1830 ex
3634 1781 3795 1833 animi

2203 1865 2365 1904 sensu
2387 1894 2401 1917 ,
2433 1851 2739 1909 daemonum
2783 1856 3075 1928 phalangas
3115 1860 3448 1927 dissolvens,
3481 1865 3678 1921 diaboli
3710 1879 3796 1938 ty-

2203 1944 2725 2031 rannidemgtollens,
2775 1951 2901 2006 vitia
2942 1967 3346 2024 compungens,
3378 1956 3796 2031 densioretnqne

2202 2033 2289 2086 illa
2312 2052 2430 2103 qua:
2460 2028 2509 2090 in
2530 2038 2670 2092 bello
2693 2040 2749 2094 fit
2768 2051 3002 2112 stragem
3026 2045 3212 2112 edens,
3247 2063 3352 2100 non
3378 2048 3671 2114 hominum,
3699 2028 3793 2106 sed

2200 2126 2555 2183 absurdarutn
2609 2132 2987 2202 cupiditatum.
3018 2135 3209 2191 Mulier
3251 2154 3483 2210 namque
3526 2151 3581 2196 et
3629 2143 3710 2196 vir
3739 2145 3791 2198 iu

2199 2223 2569 2290 corporalibus
2598 2224 2754 2278 divisi
2787 2236 2948 2292 sunt;
2986 2238 3040 2283 et
3071 2229 3144 2284 illi
3174 2232 3388 2301 quidem
3437 2235 3536 2288 tela
3559 2276 3574 2301 ,
3605 2237 3790 2304 colus,

2199 2311 2542 2380 calathiscus,
2563 2315 2755 2371 domus
2781 2319 3023 2374 custodia
3042 2322 3366 2392 assignatur,
3391 2337 3445 2379 ut
3476 2326 3525 2378 in
3559 2326 3791 2382 thalamo

2198 2416 2408 2458 maneat
2435 2417 2488 2460 et
2515 2407 2652 2462 filios
2679 2411 2917 2474 nutriat;
2951 2413 3065 2466 viro
3105 2423 3283 2469 autem
3313 2417 3631 2484 tribunalia,
3663 2435 3791 2473 eon-

2196 2496 2345 2564 silia,
2387 2498 2591 2565 forum,
2625 2500 2784 2566 bella,
2819 2519 3010 2573 pugna:
3031 2546 3045 2570 ,
3079 2507 3224 2560 acies
3259 2525 3271 2560 :
3310 2510 3362 2564 in
3388 2509 3579 2579 pugnis
3608 2520 3786 2565 autem

2195 2589 2300 2643 illis
2322 2605 2442 2659 qua:
2477 2593 2731 2660 pietatem
2784 2605 3053 2664 spectant,
3087 2611 3373 2653 commune
3416 2599 3654 2654 studium
3683 2612 3789 2667 est,

2194 2686 2497 2739 communia
2550 2688 2844 2741 certamina
2877 2706 2890 2742 :
2920 2689 3274 2760 similiterque
3312 2693 3565 2747 mulieres
3609 2709 3668 2749 se
3720 2695 3788 2749 ad

2195 2793 2423 2847 pugnam
2465 2779 2785 2848 accingunt,
2821 2796 2918 2835 nec
2961 2782 3246 2850 ejiciuntur
3272 2799 3301 2837 a
3344 2786 3658 2849 certamine,
3693 2787 3789 2841 sed

2193 2879 2248 2922 et
2283 2869 2334 2921 in
2382 2869 2498 2923 acie
2531 2881 2766 2939 pugnant
2821 2884 3153 2928 coronantur
3197 2885 3251 2929 et
3305 2877 3551 2932 victrices
3588 2894 3788 2933 renun-

2197 2963 2394 3016 tiantur
2429 2971 2484 3018 et
2510 2966 2840 3019 strenuitatis
2865 2969 3080 3035 prmmia
3112 2979 3394 3038 reportant
3421 2981 3582 3042 atque
3602 2971 3792 3028 bravia

2195 3064 2250 3113 et
2287 3073 2513 3112 coronas
2545 3077 2557 3111 :
2593 3067 2900 3130 tropaeaque
2926 3060 3068 3131 apud
3096 3061 3215 3116 illas
3249 3063 3527 3133 Splendida
3559 3075 3703 3129 sunt,
3734 3077 3788 3120 ct

2192 3149 2430 3204 victoria:
2460 3149 2786 3219 frequentes.

2265 3239 2670 3296 Macoabwormu
2707 3252 2867 3296 mater
2890 3253 3079 3313 quanta
3113 3262 3283 3313 passa.
3302 3276 3372 3285 —
3399 3248 3473 3300 Ac
3501 3263 3566 3301 ne
3590 3249 3788 3316 putetis

2193 3335 2308 3390 haec
2348 3336 2540 3391 fastum
2589 3352 2781 3407 sapere
2810 3348 2864 3392 et
2911 3340 3197 3394 verborum
3244 3343 3500 3406 sonitum,
3542 3351 3597 3396 et
3641 3343 3789 3397 clare

2191 3430 2369 3483 sciatis
2396 3431 2648 3484 mulieres
2675 3431 2934 3501 quasdam
2963 3448 3068 3485 non
3101 3433 3199 3486 viri
3248 3432 3410 3486 modo
3455 3433 3788 3488 strenuiores

2191 3521 2376 3588 fuisse,
2405 3523 2499 3578 sed
2522 3524 2706 3590 etiam,
2739 3533 2795 3578 nt
2823 3526 2894 3578 ita
2925 3525 3128 3590 dicam,
3158 3525 3223 3579 ad
3247 3526 3562 3594 angelorum
3590 3530 3789 3596 impas-

2190 3616 2518 3683 sibilitatem,
2545 3628 2801 3687 quantum
2831 3617 2943 3674 fieri
2975 3629 3204 3690 poterat,
3224 3624 3566 3689 pervenisse:
3589 3621 3642 3676 in
3675 3637 3789 3676 mc-

2189 3709 2334 3763 dium
2363 3709 2656 3764 adducatur
2682 3710 2796 3776 illa,
2829 3719 3018 3765 natura
3042 3711 3259 3782 quidem
3291 3713 3505 3777 mulier,
3539 3713 3633 3768 sed
3664 3729 3786 3782 qua:

2189 3818 2255 3856 ex
2278 3802 2630 3873 philosoth
2661 3805 2711 3856 vi
2737 3805 2900 3859 cmlos
2921 3805 3116 3875 attigit,
3141 3806 3560 3861 Maccabaeorum
3585 3814 3783 3868 mater.

2189 3910 2308 3966 quae
2358 3896 2440 3950 bis
2501 3906 2705 3966 septem
2765 3911 2992 3951 coronas
3062 3899 3283 3963 nexuit;
3325 3898 3408 3954 'et
3467 3915 3625 3970 quem
3684 3916 3785 3953 vo-

2190 3985 2355 4041 lucris
2384 3988 2606 4042 militem
2651 3988 3160 4056 bellicosissimum,
3201 3989 3552 4046 fortissimum
3589 3999 3645 4046 et
3672 4008 3787 4045 ma-

2188 4067 2536 4148 gnanimitate
2565 4076 2892 4150 praecipuum
2923 4082 3090 4136 verbo
3121 4082 3302 4150 profer
3332 4083 3382 4135 in
3431 4083 3662 4138 medium
3684 4125 3699 4148 ,
3731 4095 3784 4136 et

2191 4178 2340 4224 tanto
2367 4171 2735 4225 sublimiorem
2782 4172 2987 4226 videbis
3039 4173 3319 4227 mulierem
3354 4175 3552 4240 illam,
3581 4189 3784 4245 quanro

2187 4262 2441 4316 caelorum
2482 4262 2714 4318 fornices
2744 4261 2943 4318 distant
2971 4279 3000 4318 a
3049 4277 3210 4319 terra.
3251 4265 3383 4320 Nam
3417 4266 3495 4321 vir
3535 4267 3689 4320 fortis
3730 4279 3785 4321 et

2190 4365 2453 4424 pugnator
2485 4357 2566 4410 vel
2596 4373 2752 4410 unam
2797 4359 2948 4411 timet
2992 4358 3239 4430 plagam,
3273 4368 3329 4413 et
3389 4376 3453 4414 ex
3496 4359 3586 4412 illa
3634 4374 3782 4412 mor-

2190 4459 2295 4504 tem
2342 4449 2489 4503 brevi
2535 4461 2883 4519 sequuturam
2917 4468 2930 4504 :
2961 4449 3075 4504 lnec
3113 4465 3244 4505 vero
3272 4451 3446 4504 stabat
3489 4465 3587 4504 ceu
3627 4467 3784 4505 mons

2187 4539 2430 4611 perfossa
2459 4542 2760 4608 tormentis,
2797 4541 2849 4594 in
2879 4540 3106 4610 singulis
3133 4541 3364 4594 filiorum
3393 4543 3663 4611 graviores
3691 4557 3786 4594 su-

2187 4633 2396 4688 stinens
2425 4632 2607 4687 animo
2638 4633 2820 4703 plagas
2841 4675 2857 4699 ,
2887 4648 3045 4702 quam
3075 4633 3150 4687 illi
3182 4634 3233 4688 in
3266 4633 3523 4688 lateribus
3559 4633 3782 4700 excipe-
3859 4641 3864 4645 ‘

2187 4734 2309 4779 rent
2333 4726 2607 4780 cruciatus
2630 4742 2643 4778 :
2678 4735 2850 4780 mater
2874 4725 3017 4779 enim
3043 4734 3189 4792 erat,
3220 4736 3275 4780 et
3303 4725 3459 4781 vidua
3482 4765 3496 4790 ,
3526 4734 3686 4795 atque
3712 4723 3782 4778 ad

2187 4833 2483 4875 extremam
2512 4829 2846 4874 senectutem
2874 4819 3196 4874 devenerat:
3228 4818 3374 4874 scitis
3396 4828 3598 4886 autem,
3625 4826 3786 4888 quot-

2187 4921 2318 4984 quot
2347 4922 2526 4982 patres
2555 4911 2691 4966 estis
2709 4953 2722 4975 ,
2756 4921 2811 4967 et
2852 4927 3206 4982 quaacnmque
3233 4921 3417 4981 partus
3442 4910 3657 4965 dolores
3683 4925 3781 4964 ex-

2187 5015 2355 5076 pertae
2397 5006 2548 5070 estis,
2577 5003 2799 5074 spiculis
2837 5005 3086 5058 omnibus
3135 5003 3254 5058 haec
3311 5018 3434 5059 esse
3478 5001 3781 5057 acerbiora.

2188 5100 2267 5154 Ac
2312 5096 2520 5159 nullum
2573 5096 2734 5151 telum
2778 5105 2991 5151 acutum
3038 5105 3141 5148 tam
3191 5109 3408 5165 gravem
3454 5093 3616 5149 infert
3659 5090 3782 5146 vul-

2187 5190 2390 5247 neratis
2440 5190 2715 5254 dolorem,
2750 5198 2810 5244 ut
2860 5189 3050 5243 harum
3092 5203 3274 5243 rerum
3330 5201 3663 5258 unaquaeque
3697 5184 3786 5238 .il-

2188 5284 2291 5339 lius
2310 5283 2617 5354 pungebant
2638 5283 2898 5338 animum.
2931 5281 3117 5352 Cogita
3143 5281 3285 5335 enim
3307 5290 3565 5351 quantum
3588 5286 3704 5333 erat
3730 5277 3792 5330 iv

2187 5376 2408 5448 singulis
2427 5377 2547 5431 (iliis
2567 5377 2751 5432 videre
2768 5391 2964 5445 corpus
2982 5391 3144 5430 unum
3164 5374 3270 5445 igni
3287 5383 3342 5428 et
3362 5373 3506 5428 ferro
3523 5363 3780 5430 ἀίει-απιΙή

2189 5468 2516 5540 longumque
2582 5467 2832 5540 protendi
2877 5476 3187 5531 certamen;
3231 5463 3504 5536 quomodo
3536 5453 3788 5516 νίίίθὺειι,

2188 5561 2460 5634 quomodo
2517 5561 2801 5627 audiebat,
2842 5559 3113 5630 quomodo
3139 5556 3436 5616 excipicnal
3461 5545 3683 5600 οάοτθῐη
3712 5559 3780 5599 εκ

2189 5651 2509 5725 corporibus
2553 5653 2692 5718 illis,
2734 5652 2885 5708 mine
2929 5660 3128 5706 mortes
3168 5638 3394 5708 singulis
3440 5636 3563 5692 filiis
3594 5635 3785 5691 inferri

2189 5746 2394 5804 videns.
2427 5744 2534 5802 Sed
2580 5745 2667 5800 illa
2709 5742 2920 5815 quidem
2951 5731 3127 5787 stabat
3163 5738 3226 5784 ut
3267 5739 3419 5800 petra
3449 5727 3741 5784 immobilis
3763 5767 3783 5793 ,

2189 5857 2297 5898 non
2327 5840 2520 5911 agitata
2553 5823 2819 5891 (luctibus,
2851 5826 2947 5882 sed
2977 5823 3168 5880 ﬂuctus
3195 5825 3246 5878 in
3279 5838 3522 5895 Spumant
3549 5836 3785 5879 conver-
