4138 6448
293 373 414 426 487

294 490 403 542 καὶ
429 489 525 542 τὸν
550 485 948 556 τελευτήσαντα
972 484 1082 546 τοῖς
1111 482 1277 547 ζῶσιν
1308 484 1532 555 ἀνέμιξε
1556 498 1569 517 ⁸
1598 489 1691 538 καὶ
1724 487 1832 557 γάρ
1860 486 2000 558 [καὶ]

290 580 518 641 ἐκεῖνος
551 575 671 647 μεθ’
699 574 855 646 ἡμῶν
889 572 1119 642 ἔψαλλεν
1139 574 1167 625 6
1192 573 1461 643 μακάριος
1489 566 1644 637 οὗτος
1678 574 1965 646 προφήτης
1985 592 1998 607 ο

288 666 487 720 καίτοι
520 682 585 735 γε
607 666 666 718 ἑν
698 662 1003 733 βασιλικαῖς
1026 661 1217 723 αὐλαῖς
1244 662 1344 714 οὐκ
1379 660 1460 715 ἑνι
1486 662 1663 726 τοῦτο,
1689 662 1827 715 ἀλλά
1864 664 2001 716 κάθ-

287 772 432 829 vita:
478 754 579 824 μὲν
624 754 653 805 6
695 751 758 803 τὸ
789 750 1026 821 διάδημα
1072 748 1473 819 περικείμενος,
1528 751 1909 822 παρεστήκασι
1946 751 2004 805 66

291 846 510 907 πάντες
558 844 708 911 σιγῇ,
762 839 1069 893 καὶταῦτα
1126 840 1183 891 ἐν
1237 838 1523 909 μεγίσταις
1578 839 1731 903 ὄντες
1783 841 1998 911 ἀρχαῖς.

304 930 590 985 Ἐνταῦθα
628 930 687 983 δέ
719 929 819 998 οὐχ
863 925 1056 991 οὕτως,
1110 925 1246 980 ἀλλά
1283 925 1578 995 φθέγγεται
1620 929 1648 980 6
1693 930 1999 999 προφήτης,

193 1043 209 1060 ~
291 1021 397 1073 καὶ
432 1018 639 1080 πάντες
674 1014 1105 1086 ἀποκρινόμεθα,
1160 1014 1253 1067 καὶ
1298 1015 1497 1078 πάντες
1546 1015 1995 1087 συνεπηχοῦμενο

290 1108 398 1160 καὶ
433 1107 536 1159 οῦκ
571 1106 689 1158 ἐστι
732 1103 925 1157 δοῦλον
956 1102 1189 1156 ἐνταῦθα
1232 1102 1381 1167 ἰδεῖν,
1403 1103 1521 1155 οὐδὲ
1548 1103 1848 1173 ἐλεύθερον,
1880 1105 1999 1160 οὐδέ

290 1194 565 1249 πλούσιον
601 1192 697 1246 καί⁸
737 1191 970 1260 πένητα,
1016 1190 1136 1243 οὐδὲ
1187 1190 1423 1262 ἄρχοντα
1465 1192 1559 1244 καὶ
1592 1191 1840 1263 ἰδιώτην*
1882 1193 1997 1247 ἀλλ’

291 1281 552 1336 ἐκποδὼν
582 1281 771 1334 ἅπασα
795 1278 934 1349 αῦτη
967 1280 999 1349 ή
1035 1278 1128 1331 τοῦ
1168 1278 1283 1348 βίου
1318 1278 1605 1350 ἀνωμαλία
1637 1280 1995 1352 ἀπελήλαται,

292 1372 393 1425 καὶ
425 1364 508 1435 εἷς
536 1369 698 1441 χορὸς
725 1366 785 1432 ἐξ
818 1367 1075 1422 ἁπάντων
1108 1367 1566 1439 συγκεκρότηται,
1607 1367 1702 1421 καὶ
1748 1370 1997 1443 ἰσηγορία

291 1459 494 1531 πολλὴ,
526 1458 622 1510 καὶ
666 1455 758 1509 τὸν
811 1455 1038 1524 οὐρανὸν
1085 1456 1117 1524 ή
1168 1454 1240 1524 γῆ
1293 1457 1557 1525 μιμεῖται.
1608 1455 1856 1527 Τοσαύτη
1894 1454 1995 1529 τῆς

256 1536 598 1617 “ἑκκλησίας
630 1548 664 1616 ἡ
698 1544 971 1612 εὐγένεια.
1012 1543 1145 1596 οὐδὲ
1168 1542 1277 1613 γάρ
1312 1542 1461 1596 ἐστιν
1494 1544 1688 1609 εἰπεῖν,
1722 1546 1802 1598 ὅτι
1834 1549 1864 1599 ὁ
1893 1547 1994 1618 μὲν

283 1636 571 1705 δεσπότης
616 1632 762 1705 μετά
794 1632 996 1701 πολλῆς
1036 1631 1229 1700 ψάλλει
1270 1635 1370 1702 τῆς
1414 1633 1746 1704 παρρησίας,
1780 1636 1993 1689 ἐπιστο-

292 1724 517 1794 μίζεται
546 1723 604 1776 66
636 1724 665 1775 6
697 1720 950 1790 οίκέτης·
989 1720 1097 1772 οὐδ’
1143 1715 1209 1773 αὖ
1244 1721 1272 1772 ὁ
1307 1719 1559 1784 πλούσιος
1602 1722 1699 1791 μὲν
1726 1727 1865 1776 κινεῖ
1894 1725 1993 1795 τὴν

285 1812 565 1881 γλῶτταν,
587 1808 808 1881 ἀφωνία
824 1808 881 1863 δὲ
903 1810 931 1862 6
952 1809 1121 1879 πένης
1146 1806 1567 1872 καταδικάζεται
1582 1824 1599 1839 ο
1630 1810 1737 1863 οὐδ’
1761 1806 1827 1864 αὖ
1854 1812 1992 1885 ἀνὴρ

292 1901 395 1970 μὲν
422 1897 893 1971 παρρησιάζεται,
932 1896 1071 1967 γυνὴ
1105 1896 1163 1950 δὲ
1205 1899 1332 1967 σιγᾷ
1359 1898 1454 1951 καὶ
1477 1897 1692 1966 ἄφωνος
1716 1900 1952 1971 ἕστηκεν
1974 1918 1991 1935 ο

283 1988 431 2041 ἀλλά
464 1989 672 2050 πάντες
710 1985 813 2055 τῆς
852 1984 1023 2055 αὐτῆς
1077 1985 1348 2055 ἰσοτιμίας
1388 1984 1773 2050 ἀπολαύοντες,
1806 1988 1991 2058 κοινὴν

289 2077 652 2147 ἀναφέρομεν
690 2073 790 2144 τὴν
835 2073 1049 2134 θυσίαν,
1100 2074 1287 2143 κοινὴν
1330 2073 1429 2144 τὴν
1478 2076 1826 2146 προσφοράν·
1879 2077 1990 2131 οὐδ’

292 2164 415 2234 ἔχει
450 2182 504 2217 τι
536 2163 696 2215 πλέον
724 2154 882 2235 οὗτος
917 2160 1151 2225 ἐκείνου,
1184 2161 1308 2214 οὐδὲ
1354 2164 1562 2226 ἐκεῖνος
1603 2164 1819 2229 τούτου,
1853 2165 1991 2220 ἀλλά

306 2256 515 2317 πάντες
555 2255 611 2307 ἐν
645 2256 710 2326 τῇ
751 2255 893 2325 αὐτῇ
936 2256 1097 2324 τιμῇ,
1132 2253 1225 2308 καὶ
1268 2254 1420 2327 φωνὴ
1475 2256 1574 2326 μία
1614 2257 1678 2310 ἐκ
1717 2257 1990 2331 διαφόρων

299 2342 568 2411 γλωττῶν
608 2341 739 2415 πρὸς
763 2341 857 2396 τὸν
907 2340 1007 2412 τῆς
1037 2343 1364 2415 οἰκουμένης
1413 2344 1801 2415 ἀναπέμπεται
1835 2346 1985 2420 [550]

284 2430 657 2502 Δημιουργόν.
704 2428 767 2483 Ἠ
806 2430 1045 2501 διαφορά
1074 2431 1130 2484 δὲ
1162 2432 1261 2485 ούκ
1296 2432 1354 2484 ἑν
1378 2431 1459 2502 τῷ
1487 2432 1657 2504 δούλῳ
1701 2435 1795 2488 καὶ⁴
1824 2437 1881 2487 ἑν
1910 2434 1989 2506 τῷ

297 2518 590 2588 ἐλευθέρῳ,
624 2518 723 2572 οῦκ
760 2520 819 2571 ἑν
850 2518 928 2590 τῷ
960 2517 1203 2591 πλουσίῳ
1231 2518 1325 2573 καί
1352 2522 1410 2573 ἐν
1439 2519 1516 2590 τῷ
1544 2522 1759 2592 πένητι,
1792 2522 1893 2576 οὐκ
1930 2525 1989 2577 ἑν

287 2611 360 2679 τῇ
392 2608 614 2675 γυναικὶ
658 2609 755 2661 καὶ
804 2609 862 2660 ἐν
891 2608 969 2679 τῷ
1000 2609 1176 2679 ἀνδρὶ,
1214 2608 1329 2662 ἀλλ’
1373 2612 1430 2663 ἐν
1460 2612 1525 2682 τῇ
1564 2610 1780 2682 γνώμῃ,
1834 2614 1891 2665 ἑν
1920 2616 1985 2683 τῇ

288 2699 500 2769 σπουδῇ
530 2699 623 2750 καὶ
646 2700 712 2768 τῇ
745 2696 1010 2769 ῥᾳθυμίᾳ,
1036 2699 1093 2749 ἑν
1116 2700 1180 2769 τῇ
1209 2699 1379 2770 κακίᾳ
1405 2701 1497 2753 καὶ
1520 2704 1583 2772 τῇ
1614 2703 1804 2772 ἀρετῇ.
1831 2701 1988 2754 Οὕτω

287 2788 401 2859 γάρ
434 2787 530 2841 καὶ
579 2786 838 2839 πλούσιον
866 2784 976 2854 ἑγὼ
1018 2786 1110 2839 τὸν
1139 2786 1349 2857 πένητα
1394 2786 1627 2858 δύναμαι
1656 2788 1858 2850 καλεῖν,
1892 2788 1987 2840 καὶ

286 2877 505 2947 πένητα
532 2875 627 2929 τὸν
654 2875 934 2939 πλούσιον,
975 2875 1071 2928 καὶ
1095 2880 1330 2942 γυναῖκα
1358 2875 1450 2929 τὸν
1471 2875 1658 2948 ἄνδρα,
1692 2878 1785 2929 καὶ
1820 2876 1987 2947 ἄνδρα

280 2967 392 3035 τὴν
415 2968 673 3034 γυναῖκα,
707 2964 804 3017 καὶ
831 2963 1047 3035 ἰδιώτην
1074 2964 1164 3016 τὴν
1192 2963 1373 3033 σοφὸν,
1396 2965 1491 3016 καὶ
1533 2964 1697 3033 σοφὸν
1722 2965 1811 3017 τὸν
1852 2964 1990 3017 ἰδιώ-

284 3072 410 3124 την,
448 3056 511 3107 ού
557 3053 807 3123 συγχέων
835 3051 943 3104 τῶν
974 3053 1320 3122 πραγμάτων
1362 3051 1461 3123 τὴν
1499 3051 1682 3122 φύσιν,
1718 3052 1853 3106 ἀλλά
1894 3053 1986 3107 τὸν

270 3145 510 3215 ἄριστον
535 3141 750 3197 κανόνα
793 3141 1030 3209 είσάγων
1068 3140 1161 3192 τὸν
1196 3141 1376 3194 πάντα
1423 3140 1823 3212 διορθούμενον.
1875 3143 1986 3196 Καὶ

269 3231 407 3295 πῶς
458 3233 527 3285 ἂν
558 3232 793 3299 γένοιτο,
844 3230 1031 3299 φησὶν,
1066 3230 1095 3281 6
1128 3228 1269 3300 ἀνὴρ
1312 3229 1469 3299 γυνὴ,
1504 3228 1622 3293 πῶς
1662 3230 1719 3282 δὲ
1764 3231 1797 3300 ή
1849 3232 1983 3300 γυνὴ

268 3322 459 3391 ἀνήρ;
489 3322 566 3374 Ού
605 3320 706 3390 τῆς
738 3318 955 3388 φύσεως
992 3317 1491 3389 μεταϐαλλομένης,
1538 3318 1675 3371 ἀλλά
1710 3318 1812 3388 τῆς
1846 3335 1982 3390 προ-

264 3410 575 3480 αιρέσεως.
600 3410 771 3462 Ὅταν
795 3409 907 3477 γὰρ
936 3406 1029 3459 ἴδω
1068 3405 1239 3477 ἄνδρα
1269 3405 1736 3478 χρυσοφοροῦντα,
1770 3406 1983 3460 καλλω-

263 3497 623 3567 πιζόμενον,
675 3496 777 3560 τάς
829 3495 1005 3566 κόμας
1066 3494 1412 3560 διατιθέντα,
1470 3495 1658 3567 μύρων
1705 3497 1934 3549 πνέοντα
1965 3537 1979 3560 ,

266 3587 510 3659 μαλακῇ
570 3585 805 3656 ίματὲων
857 3583 1120 3655 περιϐολῇ
1185 3584 1280 3637 καὶ
1341 3583 1549 3654 βαδίσει
1596 3568 1979 3655 θηλυνόμενον,

262 3678 466 3748 τρυφῇ
504 3673 868 3745 προσέχοντα,
900 3671 1020 3735 πῶς
1038 3671 1105 3725 ἂν
1132 3671 1396 3742 δυναίμην
1414 3672 1583 3744 ἄνδρα
1612 3673 1838 3727 καλέσαι
1868 3675 1985 3735 τοῦ·

266 3782 371 3817 1τον
389 3764 484 3816 τὸν
507 3762 609 3833 τὴν
632 3759 1029 3833 εὐγένειαν-τῆς
1056 3758 1270 3829 φύσεως
1293 3760 1689 3830 προδεδωκότα,
1722 3763 1815 3814 καὶ
1847 3764 1983 3834 πρὸς

266 3853 343 3904 τὸ
377 3849 515 3921 θῆλυ
551 3848 1073 3921 μεθαρμοζὸμενον;
1126 3847 1186 3900 ΕΞ
1218 3846 1329 3918 γάρ
1359 3847 1481 3900 οῦδὲ
1528 3852 1762 3916 γυναῖκα
1811 3850 1982 3904 ταῦτα

264 3942 551 3995 ποιοῦσαν
597 3940 657 3992 ἑν
689 3941 800 4002 τοῖς
838 3938 1004 4003 ζῶσιν
1049 3939 1077 3989 ό
1110 3936 1327 4000 Παῦλος
1373 3938 1627 4009 ἀριθμεῖν
1670 3939 1771 3992 οὐκ
1816 3940 1978 4006 ἀξιοῖ,

263 4030 397 4084 ἀλλ’
434 4025 674 4099 ἐξορίζει
708 4026 802 4079 τοῦ
836 4023 943 4078 τῶν
970 4026 1318 4096 ἐμπνεόντων
1354 4026 1536 4096 χοροῦ,
1570 4027 1664 4079 καὶ
1704 4026 1844 4097 μετά
1872 4027 1982 4081 τῶν

265 4113 600 4167 τεθνεώτων
623 4112 826 4183 ἵστησι,
849 4111 1023 4179 λέγων
1044 4128 1056 4141 ·
1077 4112 1149 4166 'II
1176 4110 1245 4163 δὲ
1271 4111 1649 4166 σπαταλῶσα
1670 4110 1828 4173 ζῶσα
1882 4110 1977 4161 τέ-

269 4201 532 4267 Ornatur"
552 4201 669 4267 πῶς
693 4200 759 4253 ἂν
792 4201 820 4252 6
855 4200 993 4269 ἀνὴρ
1021 4201 1100 4262 εἰς
1146 4199 1245 4269 τὴν
1276 4198 1388 4251 τῶν
1422 4198 1626 4270 ἀνδρῶν
1672 4201 1978 4273 καταλεχθῇ

258 4291 435 4354 τάξιν
464 4287 644 4343 ταῦτα
690 4287 882 4347 ποιῶν,
933 4288 1075 4358 ἆπερ
1112 4286 1249 4355 γυνὴ
1288 4287 1602 4356 πράττουσα
1643 4288 1737 4340 καὶ
1785 4287 1846 4340 τὸ
1882 4287 1981 4360 ζῇν

260 4378 643 4444 ἁπολώλεκες
677 4377 783 4430 Τὸν
830 4377 940 4446 γὰρ
969 4376 1137 4447 ἄνδρα
1182 4375 1257 4446 μή
1312 4391 1401 4444 μοι
1444 4376 1552 4427 ἀπὸ
1583 4376 1683 4445 τῆς
1734 4375 1980 4444 χλανίδος

252 4468 484 4539 δείξῃς,
524 4466 663 4537 μηδὲ
699 4466 810 4519 ἀπὸ
841 4466 941 4535 τῆς
974 4463 1173 4533 ζώνης,
1208 4461 1341 4534 μηδέ
1376 4463 1483 4516 ἀπὸ
1505 4464 1597 4516 τοῦ
1638 4464 1813 4516 σοϐεῖν
1840 4464 1980 4519 κατά

254 4558 377 4625 τὴν
402 4554 588 4608 οἰκίαν
615 4553 713 4608 καὶ
737 4552 968 4623 φοϐερδν
992 4548 1130 4604 εἶναι
1164 4552 1258 4605 καὶ
1294 4550 1557 4614 ἀπειλεῖν,
1589 4551 1706 4604 ἀλλ’
1738 4554 1847 4606 ἀπὸ
1877 4553 1979 4624 τῆς

253 4644 423 4699 κατά
457 4642 702 4697 διάνοιαν
723 4640 1064 4709 φιλοσοφίας,
1087 4640 1218 4693 ὅταν
1243 4639 1355 4691 τῶν
1384 4639 1571 4693 παθῶν
1590 4641 1818 4714 κατέχῃ,
1850 4642 1978 4695 ὅταν

254 4733 384 4785 τῶν
411 4730 750 4800 νοσημάτων
784 4728 885 4799 τῆς
916 4726 1097 4797 ψυχῆς
1136 4727 1507 4799 περιγίνηται,
1536 4728 1665 4783 ὅταν
1704 4730 1847 4803 ἄρχῃ
1878 4732 1979 4801 τῆς

258 4822 461 4884 οἰκίας
499 4818 669 4872 αὐτοῦ
699 4818 803 4888 τῆς
834 4817 1005 4881 ἔνδον,
1034 4819 1135 4887 τῆς
1176 4817 1321 4871 κατά
1357 4817 1536 4889 ψυχὴν
1576 4816 1739 4885 λέγω,
1772 4820 1866 4872 καὶ
1902 4822 1976 4890 μὴ

254 4911 380 4966 ὑπὸ
419 4908 536 4962 τῶν
562 4907 786 4962 ἀτόπων
808 4904 1087 4975 λογισμῶν
1114 4905 1503 4977 παρασύρηται
1523 4922 1538 4937 ’
1564 4907 1723 4961 τοῦτο
1746 4908 1978 4977 μάλιστα

256 4997 442 5069 ἀνὴρ.
468 4998 570 5049 “Av
597 4995 655 5049 δὲ
684 4993 827 5066 μέθῃ
855 4994 951 5047 καὶ
976 4993 1261 5067 κραιπάλῃ
1292 4995 1558 5065 προσέχῃ,
1584 4994 1681 5047 καὶ
1712 4994 1815 5066 τὴν
1841 4996 1978 5066 ήμέα

258 5104 399 5160 ρανκ
427 5086 650 5155 δαπανᾷ
705 5084 804 5138 καὶ
841 5081 1107 5152 ἂναλίσκῃ
1155 5083 1235 5145 είς
1273 5081 1495 5152 κώμους
1528 5083 1622 5136 καὶ
1666 5084 1973 5154 παροινίας,

261 5174 457 5246 κηροῦ
497 5172 704 5236 παντὸς
750 5171 1145 5243 μαλακώτερος
1177 5171 1282 5225 ὑπὸ
1314 5170 1409 5225 τοῦ
1434 5170 1642 5236 πάθους
1667 5172 1977 5243 γινόμενος,

266 5265 399 5327 πῶς
428 5262 736 5332 δυνήσομαι
759 5262 853 5314 τὸν
880 5258 1123 5313 τοιοῦτον
1147 5259 1316 5330 ἄνδρα
1340 5258 1546 5323 καΜν,
1576 5260 1670 5313 τὸν
1697 5262 1979 5331 αίχμάλω-

265 5365 393 5411 τον,
424 5352 515 5405 τὸν
556 5349 743 5404 δοῦλον
783 5348 876 5402 τὸν
918 5345 1327 5420 ἀργυρώνητον,
1362 5347 1455 5401 τὸν
1492 5350 1659 5401 πᾶσιν
1708 5349 1979 5404 ἐνδιδόντα

268 5439 394 5499 τοῖς
427 5438 649 5502 πάθεσι,
675 5438 768 5491 τὸν
798 5435 1244 5505 κατακλώμενον,
1273 5437 1367 5488 τὸν
1398 5435 1856 5507 μαλακιζόμενον,
1887 5437 1978 5490 τὸν

268 5516 679 5593 θρυπτόμενον.
718 5526 810 5578 τὸν
843 5524 948 5578 ὑπὸ
972 5525 1191 5577 πάντων
1216 5523 1713 5593 καταϐαλλόμενον,
1736 5525 1825 5577 τὸν
1856 5525 1979 5578 οὑδέ

274 5613 476 5683 στῆναι
499 5611 593 5662 ἑπὶ
624 5609 722 5680 τῆς
752 5612 1112 5681 παρατάξεως
1151 5612 1484 5683 δυνάμενονς
1522 5614 1593 5665 ’Ἡ
1618 5614 1719 5666 οὐκ
1752 5614 1864 5667 ἴστε
1896 5614 1975 5669 ὅτι

273 5701 338 5755 οῦ
387 5700 531 5771 πρὸς
564 5694 888 5769 ἀνθρώπους
920 5703 1052 5769 ἡμῖν
1080 5702 1361 5771 ὁμογενεῖς
1395 5701 1544 5753 ἐστιν
1566 5702 1594 5753 6
1621 5702 1857 5773 πόλεμος
1883 5703 1979 5757 καὶ

273 5797 311 5863 η
346 5788 685 5861 παράταξις,
714 5787 852 5842 ἀλλὰ
881 5788 1019 5856 πρὸς
1058 5788 1159 5853 τὰς
1198 5789 1469 5861 ἀοράτους
1514 5788 1797 5858 δυνάμεις,
1844 5791 1979 5862 πρὸς

273 5882 381 5944 τὰς
418 5878 531 5932 τῶν
566 5876 837 5947 δαιμόνων
864 5876 1169 5946 φάλαγγας,
1211 5877 1355 5933 κατὰ
1394 5877 1488 5930 τὸν
1518 5878 1788 5951 μακάριον
1824 5880 1976 5933 Παῦ-

278 5971 373 6023 λον
400 5986 412 5998 ·
454 5968 581 6021 Οὐκ
620 5968 794 6021 ἐστιν
822 5964 969 6033 ἡμῖν
996 5967 1035 6035 ἠ
1074 5965 1238 6033 πάλη
1272 5966 1424 6034 πρὸς
1450 5962 1596 6035 αἷμα
1620 5968 1719 6021 καί
1753 5966 1971 6037 σάρκα,

274 6058 447 6113 ἀλλὰ
475 6055 627 6124 πρὸς
648 6054 754 6121 τὰς
782 6051 995 6123 ἀρχὰς,
1025 6053 1174 6123 πρὸς
1207 6055 1314 6120 τὰς
1342 6055 1656 6122 ἐξουσίας;

1236 366 1280 421 ν
1314 365 1622 436 ΗΟΜῙΙΛΔ,
1656 370 1748 428 DE
1786 366 2045 430 STUDIO
2085 370 2575 443 PRESENTIUM,
2618 378 2772 435 ETC.

2183 497 2253 557 γ’.
2282 492 2452 546 Τοῦτο
2478 495 2583 565 γὰρ
2606 496 2838 566 μάλιστα
2865 496 3077 566 ἀνδρός.
3102 496 3166 551 Ὀ
3200 499 3377 553 τοίνυν
3398 501 3790 576 ώραῖζόμενος,

2106 577 2304 631 ἀλλὀὐ
2337 584 2764 655 νεανιευόμενος,
2801 587 2829 637 6
2875 584 3376 657 καλλωπιζόμενος,
3408 590 3522 643 ἀλλ’
3558 593 3658 647 οῦκ
3698 596 3793 648 άν-

2104 664 2438 737 δριζόμενος,
2467 670 2585 733 πῶς
2624 671 2690 724 διν
2715 673 2806 724 ἐπὶ
2834 672 2934 742 τῆς
2958 674 3321 745 παρατάξεως
3355 678 3487 748 στῇς
3517 678 3549 748 ἧ
3587 681 3704 745 πῶς
3728 683 3795 736 διν

2103 753 2245 825 ἀνὴρ
2281 754 2530 826 κληθείη,
2560 760 2818 827 γυναικὸς
2857 762 3040 832 πάσης
3083 762 3474 836 μαλακώτερον
3511 767 3791 839 διακείμε-

2103 858 2223 906 νος;
2274 842 2430 897 Κατά
2462 844 2526 915 δὴ
2567 845 2659 898 τὸν
2696 847 2860 900 αὑτὸν
2887 850 3109 920 τρόπον,
3155 849 3345 921 ὥσπερ
3381 852 3570 906 τοῦτον
3595 855 3696 909 οὑκ
3724 857 3791 909 ἂν

2103 929 2396 1001 καλέσαιμι
2427 932 2618 1004 ἀνδρα,
2643 934 2779 987 ἀλλὰ
2807 937 3068 1003 γυναικὸς
3097 937 3505 1010 μαλακώτερον,
3527 942 3671 997 οὕτω
3693 945 3792 997 καὶ

2100 1034 2200 1088 την
2234 1022 2469 1086 γυναῖκα
2494 1022 2593 1090 τὴν
2621 1023 3017 1095 ἀνδριζομένην
3049 1024 3242 1096 ἀνδρὸς
3268 1028 3468 1090 παντὸς
3498 1031 3787 1100 στερροτέ-

2103 1122 2225 1177 ραν,
2260 1106 2328 1161 ἂν
2355 1109 2423 1162 τά
2446 1110 2585 1164 ὅπλα
2616 1111 2911 1182 ἁρπάσασα
2940 1113 3007 1165 τά
3038 1115 3403 1184 πνευματικὰ,
3435 1117 3529 1169 καὶ
3556 1117 3647 1171 τὸν
3676 1117 3785 1171 θώ-

2102 1212 2245 1266 ρακα
2272 1197 2611 1270 ἑνδυσαμένη
2635 1200 2737 1269 τῆς
2760 1200 3125 1272 δικαιοσύνης,
3170 1204 3262 1257 καὶ
3293 1204 3355 1258 τὸ
3390 1206 3589 1277 κράνος
3632 1224 3787 1277 περι-

2098 1281 2304 1355 θεμένη
2349 1286 2443 1340 τοῦ
2506 1288 2799 1359 σωτηρίου,
2854 1290 2946 1342 καὶ
2990 1288 3088 1360 τὴν
3120 1290 3321 1345 ἀσπίδα
3369 1292 3787 1365 προϐαλλομένη

2095 1373 2197 1443 τῆς
2238 1374 2496 1440 πίστεως,
2542 1376 2638 1430 καὶ
2686 1376 2785 1449 τὴν
2824 1375 3001 1448 ζώνην
3034 1378 3327 1449 ζωσαμένη
3365 1380 3467 1449 τῆς
3503 1381 3783 1453 ἀληθείας,

2097 1463 2194 1515 καὶ
2218 1462 2319 1534 τὴν
2352 1463 2631 1536 μάχαιραν
2658 1461 3015 1536 λαμϐάνουσα
3059 1464 3154 1519 τοῦ
3186 1468 3518 1537 πνεύματος,
3561 1470 3655 1523 ἐπὶ
3686 1472 3785 1541 τῆς

2098 1551 2461 1620 παρατάξεως
2489 1556 2587 1623 στῇ
2629 1552 2926 1623 λάμπουσα
2957 1553 3066 1607 ἀπὸ
3099 1552 3209 1608 τῶν
3243 1555 3444 1623 ὅπλων,
3479 1556 3787 1628 ὑψηλοτέρα

2095 1638 2203 1693 τῶν
2230 1636 2477 1711 οὐρανῶν
2511 1639 2620 1693 ἀπὸ
2648 1636 2742 1693 τοῦ
2784 1641 3133 1713 φρονήματος
3171 1642 3456 1713 γινομένη,
3493 1644 3787 1698 διαλύουσα

2092 1726 2203 1780 τῶν
2239 1726 2510 1799 δαιμόνων
2541 1728 2641 1792 τὰς
2687 1729 2998 1799 φάλαγγας,
3042 1729 3381 1802 καθαιροῦσα
3410 1732 3504 1786 τοῦ
3536 1733 3784 1787 διαϐόλου

2091 1815 2192 1886 τὴν
2230 1816 2543 1889 τυραννίδα,
2575 1816 2987 1871 κατακεντοῦσα
3015 1816 3083 1871 τὰ
3109 1818 3280 1890 πάθη,
3324 1819 3591 1889 πτώματα
3618 1824 3788 1893 ἐργα-

2094 1902 2295 1975 ζομένη
2330 1904 2439 1958 τῶν
2482 1908 2540 1959 ἑν
2576 1907 2691 1968 τοῖς
2729 1905 2990 1977 πολέμοις
3048 1906 3380 1977 πυκνότερα,
3428 1906 3528 1961 οὐκ
3575 1908 3785 1980 ἀνθρώ-

2092 2008 2233 2057 πων,
2254 1990 2391 2044 ἀλλά
2417 1991 2693 2063 λογισμῶν
2717 1992 2957 2047 ἀτόπων.
2988 1992 3130 2065 Γυνὴ
3163 1993 3275 2065 γάρ
3306 1993 3399 2047 καὶ
3422 1993 3561 2064 ἀνὴρ
3590 1996 3648 2049 ἐν
3681 1996 3783 2063 μὲν

2092 2081 2206 2143 τοῖς
2240 2081 2571 2150 σωματικοῖς
2604 2081 2711 2133 είσι
2747 2079 3085 2152 διηρῃμένοι,
3122 2081 3218 2133 καὶ
3248 2084 3313 2152 τῇ
3353 2081 3452 2152 μὲν
3490 2081 3637 2144 ἱστὸς
3685 2084 3781 2135 καὶ

2091 2167 2341 2238 ἠλακάτη
2375 2168 2471 2222 καὶ
2508 2168 2839 2233 καλαθίσκος
2861 2170 2958 2223 καὶ
2996 2169 3055 2223 τὸ
3082 2171 3354 2241 οἰκουρειῖν
3387 2168 3538 2242 [551]
3573 2171 3667 2223 καὶ
3687 2170 3785 2225 θα-

2091 2254 2425 2326 λαμεύεσθαι
2455 2257 2549 2310 καὶ
2574 2256 2958 2329 παιδοτροφεῖν
2994 2256 3328 2330 ἀφώρισται,
3360 2258 3517 2330 άνδρὶ
3545 2258 3605 2313 δὲ
3630 2258 3790 2314 δικα-

2093 2347 2289 2416 στήρια
2341 2348 2435 2400 καὶ
2488 2345 2850 2419 βουλευτήρια
2895 2346 2989 2400 καὶ
3038 2346 3235 2419 ἀγορὰ,
3272 2347 3366 2400 καὶ
3409 2346 3637 2418 πόλεμοι
3685 2348 3781 2401 καὶ.

2093 2436 2265 2504 μάχαι
2297 2435 2391 2489 καὶ
2438 2434 2773 2505 παρατάξεις,
2796 2451 2810 2466 ⁶
2854 2435 2948 2488 ἐπὶ
2995 2435 3053 2489 δέ
3098 2435 3206 2490 τῶν
3245 2436 3639 2506 παλαισμάτων
3679 2437 3779 2507 τῆς

2090 2523 2371 2585 εὐσεϐείας
2421 2522 2597 2576 κοινὸν
2647 2523 2711 2576 τὸ
2762 2522 2997 2587 στάδιον,
3058 2524 3214 2579 κοινά
3264 2526 3334 2578 τὰ
3386 2525 3777 2595 παλαίσματα⁹

2088 2612 2290 2681 ὁμοίως
2337 2612 2432 2664 καί
2483 2614 2744 2680 γυναῖκες
2776 2611 3125 2676 ἀποδύονται,
3157 2613 3250 2666 καὶ
3295 2614 3396 2666 οὐκ
3425 2614 3779 2668 ἑκϐάλλονται

2087 2696 2182 2750 τοῦ
2211 2695 2442 2765 ἀγῶνος,
2474 2697 2610 2750 ἀλλὰ
2647 2698 2744 2751 καὶ
2772 2700 3220 2768 παρατάσσονται
3260 2700 3354 2753 καὶ
3386 2698 3778 2767 στεφανοῦνται

2089 2786 2181 2839 καὶ
2212 2786 2655 2858 ἀναγορεύονται,
2699 2787 2794 2839 καὶ
2827 2786 3109 2857 ἀριστείας
3156 2787 3377 2858 ἔχουσιν
3427 2787 3640 2842 ἔπαθλα
3686 2790 3780 2841 καὶ

2088 2873 2317 2946 βραϐεἰα
2362 2874 2457 2927 καὶ
2512 2875 2830 2943 στεφάνους,
2876 2874 2970 2929 καὶ
2998 2876 3237 2946 τρόπαια
3276 2876 3332 2930 δὲ
3369 2878 3501 2948 παρ’
3542 2877 3780 2939 ἐκείναις

2086 2959 2335 3030 λαμπρὰ,
2372 2960 2463 3011 καὶ
2493 2962 2637 3011 νῖκαι
2670 2961 2913 3029 συνεχεῖς
2942 2962 3037 3014 καί
3068 2959 3381 3031 ἐπάλληλοι.

2160 3049 2268 3101 Καὶ
2298 3048 2383 3101 ἵνα
2423 3047 2496 3118 μὴ
2537 3048 2751 3118 κόμπον
2793 3048 3053 3117 νομίσητε
3091 3044 3230 3102 εἶναι
3271 3050 3431 3103 ταυτὶ
3462 3050 3527 3102 τά
3559 3052 3779 3122 ῥήματα

2091 3138 2225 3208 μηδὲ
2251 3137 2422 3207 ψόφον
2448 3136 2731 3208 ῥημάτων,
2757 3136 2874 3190 ἀλλ’
2903 3137 3083 3207 εἰδῆτε
3108 3136 3296 3207 σαφῶς
3331 3139 3414 3191 δτι
3443 3139 3543 3192 οὑκ
3569 3139 3781 3209 ἀνδρῶν

2091 3227 2250 3296 μόνον
2280 3226 2417 3281 εἰσὶν
2441 3225 2810 3298 ἀνδρειότεραι
2833 3228 3113 3295 γυναῖκες,
3138 3224 3273 3280 ἀλλά
3290 3227 3386 3280 καὶ
3414 3228 3552 3299 πρὸς
3584 3227 3777 3299 αὐτὴν,

2082 3315 2163 3379 ὡς
2196 3316 2390 3380 εἰπεῖν,
2411 3316 2522 3368 τῶν
2549 3314 2797 3383 ἀγγέλων
2818 3314 2918 3387 τὴν
2938 3314 3210 3370 ἀπάθειαν
3237 3314 3379 3370 κατά
3414 3316 3474 3370 τὸ
3500 3315 3782 3387 ἐγχωροῦν

2089 3400 2533 3476 μεθορμίζονται,
2564 3402 2785 3471 ἀγέσθω
2816 3404 2899 3468 είς
2927 3403 3093 3474 μέσον
3112 3408 3149 3474 ἡ
3177 3404 3316 3476 γυνὴ
3350 3405 3450 3476 μὲν
3471 3404 3569 3476 τὴν
3594 3405 3776 3475 φύσιν,

2083 3491 2193 3545 τῶν
2229 3491 2475 3563 οὐρανῶν
2518 3492 2577 3545 δὲ
2617 3490 2872 3564 ἁψαμένη
2907 3492 2985 3563 τῷ
3033 3493 3175 3564 τόνῳ
3216 3493 3315 3565 τῆς
3366 3493 3707 3564 φιλοσοφίας,
3743 3497 3778 3565 ἡ

2084 3578 2195 3633 τῶν
2225 3579 2605 3634 Μακκαϐαίων
2648 3580 2854 3651 μήτηρ,
2882 3581 2915 3651 ἡ
2950 3579 3033 3644 δ’ἰς
3073 3580 3214 3635 ἑπτά
3237 3580 3629 3653 ἀναδησαμένη
3658 3599 3779 3635 στε-

2091 3668 2315 3736 φάνους,
2342 3667 2439 3721 καὶ
2480 3667 2543 3721 ὃν
2587 3666 2767 3736 βούλει
2809 3665 3151 3739 στρατιώτην
3178 3668 3431 3741 ἀριστέα,
3470 3669 3781 3739 πολεμικώο

2084 3772 2267 3820 τατον,
2291 3754 2691 3827 ἀνδρειότατον,
2718 3756 3249 3826 μεγαλοψυχότατον,
3267 3757 3368 3825 άγε
3395 3758 3477 3820 είς
3511 3757 3679 3828 μέσον
3700 3756 3780 3827 τῷ

2083 3843 2247 3915 λόγῳ,
2300 3844 2393 3897 καὶ
2425 3843 2678 3898 τοσοῦτον
2708 3843 2828 3913 ὄψει
2859 3847 2958 3916 τὴν
2983 3848 3221 3914 γυναῖκα
3259 3844 3622 3917 ὑψηλοτέραν,
3652 3847 3778 3900 ὅσον

2084 3934 2183 4005 τῆς
2213 3932 2318 4003 γῆς
2363 3932 2738 4003 ἀφεστήκασιν
2780 3934 2836 3986 αί
2880 3932 2992 3987 τῶν
3027 3934 3277 4004 οὐρανῶν
3328 3933 3538 4003 ἀψῖδες.
3571 3934 3629 3988 ’0
3676 3935 3777 4004 μὲν

2083 4022 2193 4095 γάρ
2217 4020 2559 4094 στρατιώτης
2586 4022 2682 4076 καὶ
2702 4022 2963 4094 ἀριστεὺς
3006 4023 3137 4092 μίαν
3174 4023 3378 4078 δέδοικε
3413 4024 3652 4095 πληγὴν,
3683 4026 3777 4079 καὶ

2083 4111 2180 4182 τὴν
2218 4110 2479 4180 σύντομον
2509 4111 2568 4177 ἐξ
2594 4110 2766 4180 αὐτῆς
2794 4111 3051 4182 τελευτὴν
3079 4112 3238 4181 μόνον
3259 4130 3272 4142 ·
3305 4113 3443 4184 αῦτη
3467 4114 3522 4166 66
3549 4114 3775 4185 ἑστήκει

2084 4198 2335 4269 καθάπερ
2360 4198 2485 4271 δρος
2521 4197 2984 4271 μεταλλευομένη,
3019 4199 3139 4253 καθ’
3170 4201 3402 4254 ἕκαστον
3436 4202 3648 4254 παιδίον
3678 4220 3777 4272 χα-

2081 4286 2397 4358 λεπωτέρας
2432 4287 2778 4357 ὑπομένουσα
2803 4287 2999 4350 ὀδύνας
3021 4290 3078 4341 ἑν
3109 4290 3175 4359 τῇ
3210 4289 3357 4359 ψυχῇ
3388 4288 3497 4341 τῶν
3522 4288 3772 4360 βασάνων

2081 4367 2155 4427 ὧν
2184 4376 2380 4428 ἐκείνοι
2410 4376 2531 4438 ταῖς
2571 4374 2832 4447 πλευραῖς
2865 4374 3142 4446 ἑδέχοντο’
3180 4376 3274 4430 καὶ
3306 4376 3418 4448 γὰρ
3466 4380 3650 4449 μήτηρ
3683 4373 3773 4449 ἦν,

2083 4463 2179 4516 καὶ
2215 4463 2381 4533 χήρα,
2426 4462 2522 4516 καὶ
2568 4462 2649 4525 εἰς
2691 4462 2918 4534 ἔσχατον
2958 4462 3256 4535 ἑληλακυῖα
3289 4465 3504 4537 γῆρας·
3550 4465 3663 4520 ίστε
3718 4466 3777 4520 66

2081 4549 2257 4603 ταῦτα
2289 4551 2404 4602 ὅσοι
2454 4550 2691 4622 πατέρες
2720 4550 2994 4619 ἐγένεσθε,
3035 4551 3129 4604 καὶ
3176 4552 3298 4606 ὅσαι
3338 4553 3546 4607 παίδων
3581 4553 3777 4617 ὠδῖνας

2083 4638 2337 4701 ἐλύσατε,
2401 4638 2519 4703 πῶς
2557 4640 2786 4712 κέντρου
2832 4626 3036 4704 παντός
3071 4643 3190 4695 ἑστι
3241 4641 3620 4713 χαλεπώτερα.
3664 4644 3777 4697 Καὶ⁸

2081 4728 2233 4783 οὐδὲν
2260 4728 2405 4783 οὕτω
2439 4726 2591 4797 βέλος
2620 4727 2713 4792 όξῦ
2743 4728 2998 4801 δριμεῖαν
3040 4730 3236 4799 ἐπάγει
3264 4733 3377 4795 τοῖς
3405 4730 3779 4805 τραυματιζο-

2086 4817 2271 4887 μὼοις
2296 4815 2509 4887 ὀδύνην,
2538 4815 2617 4880 ὡς
2650 4816 2855 4871 τούτων
2884 4818 3117 4871 ἑκαστον
3150 4820 3249 4891 τὴν
3272 4819 3489 4891 ἐκείνης
3516 4820 3777 4875 κατεκέν-

2083 4922 2165 4961 τει
2204 4906 2404 4977 ψυχήν.
2453 4902 2737 4976 Ἐννόησον
2782 4908 2891 4977 γὰρ
2921 4906 3109 4977 ἡλίκον
3144 4902 3213 4978 ἦν
3240 4907 3362 4960 καθ’
3409 4908 3638 4963 ἕκαστον
3665 4908 3773 4961 τῶν

2087 4995 2289 5049 παίδων
2311 4994 2444 5064 ὁρᾷν
2468 4992 2673 5063 σιδήρῳ
2701 4992 2796 5047 καὶ
2830 4994 2963 5065 πυρὶ
2989 4993 3150 5064 σῶμα
3180 4994 3542 5067 μεριζόμενον
3565 4994 3644 5060 ἑν,
3676 4995 3774 5047 καὶ

2086 5082 2333 5154 μακροὺς
2387 5080 2708 5150 τιθεμένους
2764 5082 2893 5144 τοὺς
2942 5079 3225 5145 διαύλους’
3283 5082 3400 5146 πῶς
3437 5083 3605 5154 ἑώρα,
3656 5084 3775 5147 πῶς

2082 5174 2267 5243 ἤκουε,
2306 5167 2427 5234 πῶς
2457 5170 2673 5240 ἐδέχετο
2697 5169 2797 5241 τὴν
2822 5172 3049 5223 κνίσσαν
3078 5170 3177 5241 τὴν
3218 5171 3327 5225 ἀπὸ
3356 5171 3469 5225 τῶν
3501 5174 3771 5244 σωμάτων

2083 5261 2330 5322 ἐκείνων,
2369 5258 2606 5330 μυρίους
2640 5256 2903 5322 θανάτους
2948 5258 3167 5329 ἑκάστῳ
3194 5259 3305 5311 τῶν
3334 5259 3545 5313 παίδων
3568 5264 3775 5329 ἐπαγο-
3880 5330 3891 5333 _

2085 5350 2280 5420 μένους
2308 5347 2603 5420 βλέπουσα.
2651 5345 2793 5399 Ἀλλ’
2824 5347 2860 5418 ή
2898 5347 2996 5416 μὲν
3022 5348 3266 5419 εἱστήκει
3318 5348 3572 5421 καθάπερ
3598 5350 3776 5421 πέτρα

2082 5437 2363 5507 ἀκίνητος,
2397 5436 2465 5489 ού
2504 5434 2840 5506 σαλευομένη
2890 5434 2996 5489 ὑπὸ
3040 5435 3149 5489 τῶν
3196 5435 3480 5508 κυμάτων,
3528 5438 3666 5492 ἀλλά
3705 5440 3777 5493 τά

2086 5526 2307 5595 κύματα
2342 5526 2423 5587 εἰς
2459 5522 2635 5595 ἀφρὸν
2663 5521 2979 5587 διαλύουσα,
3009 5522 3086 5588 ώς
3126 5524 3365 5598 σίδηρος,
3407 5527 3485 5591 ώς
3516 5528 3732 5599 ἀδάμας
3752 5545 3773 5560 ο

2306 5615 2387 5675 δέ,
2409 5614 2548 5684 ὅπερ
2579 5612 2645 5665 ἂν
2674 5613 2836 5676 εἴπω,
2871 5614 2972 5666 οὐκ
2994 5612 3104 5684 ἑχω
3142 5617 3208 5685 τῇ
3252 5616 3521 5688 καρτερίᾳ
3556 5618 3655 5687 τῆς
3678 5634 3777 5687 γυο

2082 5702 2271 5765 ναικὸς
2298 5702 2458 5768 ἀξίαν
2478 5699 2747 5754 ἐπιθεῖναι
2770 5701 3165 5773 προσηγορίαν.
3189 5703 3409 5775 Ταύτην
3428 5700 3523 5759 οὖν
3544 5707 3778 5774 γυναῖκα

2084 5790 2317 5861 ἐροῦμεν
2462 5787 2630 5857 ἄνδρα
2655 5788 2712 5841 66
2741 5788 2899 5853 ὅλως,
2933 5789 3051 5842 ἀλλ’
3082 5790 3204 5861 οὐχὶ
3230 5792 3325 5847 καὶ
3356 5792 3569 5865 ἀνδρῶν
3595 5794 3776 5847 αὐτῶν

2085 5878 2425 5949 ὑψηλοτέραν
2464 5878 2529 5930 ἐκ
2562 5876 2762 5947 πολλῆς
2794 5877 2893 5947 τῆς
2920 5881 3268 5951 περιουσίαςς
3304 5880 3372 5934 Τί
3392 5881 3472 5947 δὲ,
3502 5882 3633 5936 ὅταν
3660 5882 3775 5953 ίδῃς

2084 5967 2279 6037 ἑτέραν
2325 5969 2388 6019 ἐκ
2441 5965 2664 6037 πρώτης
2716 5964 2937 6035 ἡλικίας
2982 5969 3040 6020 ἐν
3080 5968 3274 6039 ἁπαλῷ
3317 5968 3532 6040 σώματι
3572 5970 3775 6030 νύκτας

2086 6056 2328 6120 ἀΰπνους
2354 6053 2668 6125 διάγουσαν,
2698 6054 2909 6125 ἡμέρας
2931 6056 3172 6125 ἀσίτους,
3206 6058 3446 6130 γαστρὸς
3467 6058 3765 6129 ἐπιθυμίαν
