4138 6448
346 439 455 494 με)

346 568 496 616 tens.
527 563 585 609 ut
615 553 848 620 ferrum,
881 561 938 607 ut
970 551 1231 607 adamas;
1263 550 1373 605 imo
1413 563 1541 606 vero
1562 590 1575 611 ,
1601 545 1857 617 quidquid
1885 543 1966 600 di-

342 665 472 706 cam
496 691 513 713 .
559 664 666 704 non
699 664 916 720 possunt
950 646 1195 702 mulieris
1218 646 1400 701 virtuti
1433 644 1650 712 dignum
1684 642 1968 709 imponere

345 759 578 800 nomen.
622 742 773 798 Hauc
811 741 973 811 igitur
1002 741 1321 804 mulierem,
1362 754 1427 791 an
1460 737 1681 792 omnino
1726 735 1970 790 dicemus

347 853 478 892 esse
509 835 686 891 virum
708 877 725 900 ,
768 849 832 888 ac
863 850 970 889 non
1007 834 1186 903 potius
1217 832 1347 903 ipsis
1378 831 1507 885 viris
1538 831 1697 900 longe
1723 827 1973 897 superio-

350 945 497 985 rem.
532 926 672 995 Quid
705 942 859 990 vero.
896 926 940 981 si
982 925 1183 981 videris
1218 924 1377 979 aliam
1425 925 1479 978 in
1513 923 1766 991 primaeva
1812 928 1971 974 :ctate

350 1027 404 1080 in
444 1038 637 1079 tenero
666 1037 898 1092 corpore
922 1022 1202 1077 insomnes
1229 1029 1416 1076 noctes
1442 1025 1715 1089 agentem,
1746 1014 1972 1082 diesque

348 1121 475 1174 sine
502 1116 649 1182 cibo,
683 1115 893 1169 ventris
921 1113 1269 1183 cupiditatem
1299 1113 1771 1181 comprimentetn,
1806 1122 1974 1179 pecu-

352 1213 571 1264 niarum
601 1222 847 1263 amorem
887 1206 1073 1278 procul
1105 1205 1449 1274 abjicieutem
1471 1246 1485 1268 ,
1515 1217 1715 1272 corpus
1744 1199 1973 1254 mortili-

351 1314 598 1365 cantem,
631 1316 855 1356 carnem
886 1299 1291 1370 cruciligeutem
1312 1341 1326 1365 ,
1359 1313 1455 1367 pro
1485 1296 1659 1351 nihilo
1689 1292 1971 1365 pravseutia

355 1400 652 1453 habentem
677 1438 694 1463 ,
742 1394 891 1449 humi
920 1394 1255 1463 gradientem
1281 1434 1296 1459 ,
1338 1400 1393 1447 et
1420 1392 1567 1461 ipsos
1594 1388 1711 1443 caeli
1740 1386 1985 1441 fornices

352 1498 697 1561 tangentem,
725 1488 1022 1558 potentiam
1047 1487 1365 1547 calcantem,
1385 1483 1609 1556 gloriam
1635 1479 1971 1541 irridentem,

351 1584 735 1638 celebritatem
788 1590 1174 1650 respuentcm,
1219 1594 1316 1647 pro
1342 1577 1523 1632 subtili
1568 1584 1715 1628 veste
1756 1588 1972 1626 saccum

352 1678 698 1739 induentem,
729 1686 919 1729 catena
947 1674 1205 1736 cinctam,
1230 1672 1468 1725 cinerem
1498 1668 1598 1721 sibi
1624 1666 1976 1722 substernen-

354 1782 490 1837 tem,
525 1786 625 1841 pro
660 1769 803 1826 lecto
832 1768 1006 1823 solum
1038 1767 1352 1829 habentem,
1381 1774 1433 1819 et
1465 1759 1861 1831 nihilamplius
1885 1774 1977 1843 pe-

355 1876 599 1931 tentem,
632 1864 683 1917 in
713 1870 941 1931 angusta
986 1858 1311 1914 domuncula
1344 1856 1608 1912 inclusam
1629 1897 1645 1921 ,
1688 1868 1810 1907 cum
1843 1866 1976 1921 pro-

357 1958 537 2028 phetis
560 1957 897 2028 loquentem.
915 1953 1077 2007 vitam
1106 1961 1353 2023 agentem
1377 1950 1429 2003 in
1457 1944 1807 2003 meditatione
1831 1958 1976 1998 mor-

359 2053 450 2111 tis,
481 2058 609 2105 ante
641 2049 854 2103 obitum
881 2043 1367 2111 mortuam,.fame,
1401 2041 1600 2111 vigiliis
1625 2046 1680 2094 et
1723 2036 1978 2108 squalore

364 2141 721 2207 tabefactam,
759 2154 825 2195 ac
862 2137 1147 2209 praesentis
1192 2138 1317 2191 vitte
1356 2135 1552 2189 fastum
1600 2131 1773 2202 magis
1815 2144 1976 2199 quam

372 2235 517 2288 sicca
540 2232 663 2287 folia
683 2230 1072 2299 despicientem
1108 2248 1123 2285 :
1154 2228 1433 2293 banccine,
1461 2240 1665 2297 quzeso,
1695 2222 1976 2277 mulierem

379 2325 531 2378 ilices
551 2325 579 2377 ?
615 2340 781 2379 annon
833 2324 979 2377 illam
1021 2339 1089 2377 ex
1115 2322 1353 2377 virorum
1382 2321 1544 2375 etiam
1572 2317 1763 2371 ordine
1791 2313 1978 2370 subla-

382 2428 490 2470 tam
522 2416 573 2470 in
600 2417 909 2488 angelorum
938 2415 1109 2470 choro
1127 2414 1353 2481 locabis,
1380 2428 1503 2482 qua:
1524 2410 1582 2466 in
1607 2407 1857 2465 muliebri
1889 2421 1981 2460 ua-

374 2519 492 2564 tura
526 2516 722 2563 tantam
754 2508 975 2564 exhibet
1008 2506 1445 2577 philosophiam?

441 2602 497 2657 6,
544 2600 742 2669 Ecquis
791 2600 876 2656 bis
928 2598 1311 2655 contradicct?
1360 2597 1559 2653 nullus.
1613 2594 1753 2651 Audi
1793 2593 1982 2665 quales

366 2696 743 2765 apostolorum
775 2703 1023 2764 tempore
1065 2694 1324 2748 mulieres
1365 2699 1557 2747 erant:
1592 2688 1713 2744 audi
1755 2686 1981 2742 Paulum

368 2788 633 2843 Romanis
663 2790 996 2843 scribentem
1039 2804 1102 2843 ac
1132 2788 1403 2843 dicentem
1436 2802 1449 2838 :
1494 2784 1806 2841 Commendo
1848 2783 1985 2837 vobis

367 2881 599 2936 Phabeu
629 2899 860 2936 sororem
904 2893 1164 2945 nostram,
1208 2881 1495 2935 ministram
1526 2876 1771 2932 Ecclesiae
1793 2893 1906 2946 qmc
1932 2877 1984 2929 in

367 2976 649 3032 Cenchreis
673 2989 768 3038 est,
800 2994 915 3047 qua:
938 2978 1174 3048 adjutria:
1203 2977 1479 3030 multarum
1502 2975 1599 3045 fuit
1627 2982 1671 3027 et
1703 2972 1800 3025 mei
1826 2972 1986 3041 ipsius

366 3068 552 3137 (Rom.
595 3071 680 3126 16.
716 3070 789 3139 1).
822 3069 960 3138 Quid
990 3070 1160 3129 dicis,
1194 3084 1227 3122 o
1277 3067 1478 3122 Paule?
1524 3066 1720 3122 mulier
1752 3063 1985 3134 adjutrix

367 3172 459 3215 tua
492 3161 629 3226 fuit,
665 3177 767 3216 nec
795 3170 846 3217 te
893 3161 1055 3231 pudet
1085 3174 1258 3228 neque
1283 3159 1561 3214 erubescis
1604 3159 1717 3211 hzec
1757 3152 1988 3210 dicens?

366 3256 486 3310 Non
523 3272 611 3309 me
660 3254 860 3325 pudet,
894 3254 1104 3326 inquit,
1141 3254 1249 3307 imo
1293 3252 1454 3307 etiam
1498 3251 1744 3322 glorior:
1785 3246 1986 3302 etenim

369 3352 666 3405 Dominum
702 3366 918 3421 quoque
949 3364 1131 3404 meum
1166 3365 1271 3402 non
1308 3345 1496 3417 puduit
1527 3356 1755 3400 matrem
1787 3341 1989 3397 habere

367 3445 663 3518 mt‘iercm
694 3462 707 3496 :
743 3444 979 3512 adjutrix
1007 3450 1187 3495 autem
1218 3440 1305 3493 illa
1334 3438 1464 3493 mihi
1490 3437 1621 3502 fuit,
1655 3451 1759 3490 non
1792 3432 1989 3503 simpli-

364 3540 510 3593 citer
535 3537 661 3606 quia
695 3536 891 3591 mulier
921 3543 1036 3591 erat
1057 3576 1071 3597 ,
1101 3531 1195 3587 sed
1224 3532 1347 3602 quia
1378 3528 1734 3601 pliiloSopl‘ii:e
1764 3527 1941 3581 dedita
1971 3566 1985 3588 ,

366 3633 576 3702 pietate
603 3630 849 3684 florebat.
890 3629 955 3682 Et
977 3625 1251 3697 quomodo
1281 3623 1518 3693 adjntrix
1550 3621 1703 3676 Pauli
1723 3619 1857 3674 fuit?
1885 3634 1987 3689 qua

365 3725 516 3779 enim
549 3737 612 3777 re
650 3721 846 3792 egebat
875 3720 1071 3775 Paulus
1092 3758 1105 3782 ,
1139 3716 1228 3788 qui
1265 3716 1453 3770 orbem
1502 3711 1986 3776 circumcurrcbat,

367 3818 464 3888 qui
492 3829 726 3884 corpore
758 3812 957 3867 frustra
1004 3808 1465 3872 circumd‘abatur,
1512 3806 1602 3875 qui
1639 3803 1990 3859 necessitates

367 3920 585 3967 naturm
614 3906 994 3970 couculcabat,
1025 3904 1116 3974 qui
1140 3903 1416 3957 da'mouas
1448 3900 1703 3969 pellebat,
1728 3899 1817 3969 qui
1846 3914 1991 3952 mor-

368 4003 473 4057 bos
499 4018 600 4073 per
631 4002 956 4055 vestimenta
985 3997 1231 4062 curabat,
1265 3995 1420 4065 cujus
1442 4008 1628 4048 vocem
1658 4001 1712 4047 et
1740 3991 1987 4045 umbram

367 4093 648 4147 tremebat
674 4089 943 4152 diabolus,
974 4088 1063 4157 qui
1094 4097 1151 4142 ut
1174 4087 1399 4177 angelus
1430 4085 1569 4156 apud
1602 4083 1789 4139 ﬁdeles
1821 4083 1992 4136 bono-

368 4186 623 4245 rabatur,
656 4196 815 4252 quem
847 4181 1241 4235 reverebantur
1271 4178 1432 4233 etiam
1465 4176 1615 4242 ferte,
1652 4192 1810 4246 quem
1840 4190 1993 4229 reve-

369 4277 601 4331 rabatnr
628 4290 807 4339 mare,
841 4282 893 4328 et
920 4289 1041 4328 eum
1094 4282 1254 4328 llUCle
1281 4280 1334 4325 et
1371 4270 1460 4325 die
1489 4270 1636 4323 illum
1664 4269 1989 4337 excepisset,

368 4381 485 4423 non
515 4365 802 4420 sumicavit
835 4375 1049 4429 tamen;
1082 4366 1171 4435 qui
1201 4361 1436 4434 paradisi
1465 4361 1598 4416 civis
1641 4359 1772 4424 fuit,
1817 4361 1905 4429 qui
1938 4361 1990 4414 in

368 4459 599 4514 tertium
626 4458 818 4511 carlum
852 4468 1035 4524 raptus
1066 4465 1185 4518 est.
1228 4454 1319 4525 qui
1347 4454 1417 4509 de
1455 4453 1668 4508 arcanis
1713 4467 1836 4507 cum
1881 4452 1993 4508 Deo

367 4550 839 4613 commulnem-it,
895 4549 986 4619 qui
1034 4548 1155 4618 plus
1194 4562 1355 4619 quam
1401 4560 1591 4600 omnes
1636 4546 1864 4615 apostoli
1912 4546 1991 4600 la-

368 4646 595 4703 boravit
622 4664 634 4697 :
666 4659 766 4697 vas
791 4642 1112 4709 electionis,
1156 4640 1436 4711 pronubas
1480 4638 1771 4702 Ecchsia‘,
1814 4653 1994 4707 prteco

367 4739 620 4811 gentium
644 4776 660 4802 ,
703 4736 793 4806 qui
825 4744 1022 4791 terram
1049 4743 1105 4790 et
1129 4748 1278 4788 mare
1302 4733 1736 4788 circumcurrens
1777 4731 1994 4787 fortitu-

366 4831 525 4886 dinis
557 4844 669 4884 sua:
697 4828 897 4897 ubique
927 4838 1126 4897 tropaea
1155 4828 1349 4891 erexit,
1383 4826 1623 4897 quicum
1657 4826 1795 4879 fame
1823 4838 1871 4881 et
1906 4825 1994 4881 siti

367 4922 603 4981 assidue
627 4920 917 4992 pugnabat,
946 4921 1177 4989 quicum
1203 4920 1443 4974 nuditate
1464 4926 1520 4974 et
1536 4917 1736 4988 frigore
1756 4918 1994 4973 luctaba-

369 5029 487 5077 tur,
518 5024 572 5069 et
600 5013 837 5077 dicebat,
869 5010 1103 5083 Usqnein
1121 5012 1251 5065 hanc
1267 5013 1447 5065 horam
1473 5020 1519 5064 et
1550 5011 1800 5066 esurimus
1823 5022 1868 5065 et
1885 5011 1995 5064 siti-

370 5124 493 5162 mus
516 5115 565 5159 et
586 5106 714 5160 nudi
734 5120 911 5160 smnus
939 5105 1017 5173 (1.
1036 5104 1158 5158 Cor.
1188 5104 1240 5158 4.
1267 5102 1355 5172 Η)
1376 5119 1391 5168 ;
1411 5102 1500 5173 qui
1524 5102 1727 5157 mundo
1750 5112 1995 5158 mortuus

369 5207 534 5266 erat,
564 5198 655 5269 qui
686 5206 959 5251 mortuum
1007 5197 1267 5251 mundum
1294 5210 1416 5250 esse
1444 5195 1698 5265 putabat,
1738 5195 1993 5251 cmlorum

368 5293 542 5355 civis,
576 5291 1012 5346 ferventissimus
1045 5288 1248 5344 Christi
1278 5298 1509 5352 amator,
1545 5288 1667 5359 igne
1694 5288 1991 5353 ardentior,

370 5386 527 5438 ferro
560 5383 787 5450 firmior,
822 5383 1109 5439 adamante
1147 5383 1374 5438 solidior
1401 5400 1415 5437 ε
1464 5383 1551 5438 hic
1580 5399 1693 5439 non
1725 5382 1997 5439 erubeseit

372 5476 450 5531 de
468 5476 698 5532 muliere
718 5475 922 5542 dicere,
944 5475 1189 5543 Adjutria:
1206 5473 1481 5527 multorum
1502 5475 1599 5546 fuit
1621 5481 1667 5526 et
1689 5475 1787 5527 mei
1803 5475 1995 5545 ipsius?

373 5583 564 5638 neque
593 5567 731 5623 dicit
761 5576 991 5633 tantum,
1026 5569 1120 5621 sed
1161 5567 1323 5621 etiam
1355 5567 1570 5631 scribit;
1606 5581 1781 5637 neque
1809 5566 1997 5621 scribit

371 5658 729 5730 simpliciter,
758 5660 853 5716 sed
876 5660 1242 5715 Romanorum
1274 5658 1471 5729 pepulo
1496 5669 1664 5725 tanto,
1695 5659 1918 5714 tumenti
1941 5668 1996 5713 et

370 5754 554 5809 altum
584 5752 814 5821 sapienti
856 5760 1079 5824 prepter
1109 5765 1367 5807 esteruos
1397 5752 1632 5806 honores
1652 5792 1667 5816 ,
1711 5751 1849 5807 hanc
1875 5752 1993 5821 epi-

369 5846 578 5903 stolam
614 5845 803 5901 misit:
838 5860 944 5901 non
975 5845 1085 5899 illis
1124 5854 1331 5899 tantum
1360 5844 1662 5911 mandavit,
1691 5842 1788 5900 sed
1828 5844 1991 5900 etiam

368 5938 597 5997 volebat
628 5947 685 5994 ut
710 5938 1153 6010 generationibus
1184 5939 1423 5997 venturis
1450 5937 1565 5995 hate
1587 5939 1761 6009 palam
1784 5949 1988 5997 essent.

1227 436 1270 493 τ
1312 432 1624 499 IlOMiLlA,
1680 433 1768 489 DE
1810 432 2061 488 STUDIO
2104 433 2587 505 PRESENTIUI,
2634 438 2788 494 ΕΠ).

3573 439 3674 495 ιςιιι

2081 546 2192 602 Nisi
2234 549 2377 604 enim
2410 550 2512 607 hoc
2539 550 2835 619 voluisset,
2868 552 2922 607 in
2965 552 3190 623 epistola
3221 568 3340 608 non.
3360 552 3666 624 posuisset:

2072 642 2183 712 jam
2236 658 2365 701 vero
2420 646 2607 701 volens
2666 655 2723 701 ut
2772 662 2862 703 res
2916 646 2968 701 in
3017 662 3311 718 perennem
3361 648 3682 702 memoriam

2080 735 2354 801 transiret,
2386 745 2441 791 et
2468 738 2748 794 mulierem
2777 738 3043 809 appellat,
3072 753 3369 809 omnesque
3397 738 3597 795 excitat
3624 744 3686 794 ut

2078 826 2153 881 illi
2182 829 2607 901 patrocinentur,
2632 840 2793 903 atque
2815 831 3134 901 adiutricem
3157 847 3308 887 suam
3331 828 3478 887 illam
3500 840 3679 896 vocat,

2077 935 2177 975 nec
2204 936 2328 975 eum
2356 922 2520 990 pudet
2544 939 2719 995 neque
2759 923 3052 980 erubescit.
3080 925 3251 979 Tanta
3282 938 3373 980 res
3402 934 3486 980 est
3514 925 3679 982 etiam

2080 1009 2131 1064 in
2161 1012 2408 1068 muliebri
2442 1029 2672 1087 corpore
2702 1015 3057 1086 phi1050phus
3082 1017 3313 1072 animus.
3346 1016 3471 1072 ll:ec
3498 1026 3683 1072 autem

2077 1101 2201 1159 dico
2224 1147 2237 1170 ,
2271 1114 2425 1163 utne
2456 1106 2717 1164 obtendat
2746 1108 2939 1164 mulier
2964 1108 3170 1176 dicens,
3212 1110 3288 1165 Eo
3314 1109 3457 1181 quod
3489 1110 3687 1164 mulier

2078 1197 2211 1265 sim,
2262 1199 2329 1254 ad
2362 1200 2573 1271 plenam
2604 1202 2820 1257 virtutis
2866 1218 3173 1258 mensuram
3219 1220 3327 1258 non
3354 1204 3497 1259 veni.
3546 1203 3685 1258 Ecce

2081 1307 2312 1361 namque
2344 1294 2458 1349 hmc
2491 1295 2685 1350 mulier
2710 1304 2848 1361 erat,
2888 1308 2944 1351 et
2970 1311 3135 1351 sexus
3164 1296 3550 1366 impedimento
3575 1311 3684 1351 non

2081 1384 2196 1450 fuit,
2228 1386 2323 1441 sed
2349 1386 2563 1457 dignata
2590 1397 2747 1443 estut
2769 1389 2916 1443 Pauli
2940 1400 3081 1445 esset
3100 1389 3357 1458 adjutrix,
3384 1400 3546 1460 atque
3569 1390 3689 1445 ubi-

2079 1493 2185 1545 que
2209 1493 2304 1548 per
2332 1480 2516 1535 urbem
2551 1481 2899 1551 prrcdicatur.
2930 1481 3214 1549 Quomodo
3238 1495 3418 1538 autem
3450 1482 3567 1552 ejus
3595 1482 3690 1534 ad-

2075 1569 2246 1639 jutrix
2278 1572 2412 1627 luit?
2440 1590 2468 1627 a
2497 1574 2754 1643 periculis
2776 1573 3007 1631 fortasse
3034 1575 3207 1645 ipsum
3236 1576 3472 1646 eripuit?
3500 1575 3690 1629 Viueto

2079 1664 2300 1729 aderat,
2331 1665 2385 1719 in
2416 1676 2607 1721 catena
2644 1668 2816 1737 ipsqu
2845 1669 3462 1735 consolabatur,,rerum
3494 1682 3691 1721 neces-

2080 1758 2346 1814 sariarum
2374 1761 2637 1817 solatium.
2668 1762 2767 1832 ipsi
2796 1763 3212 1835 suppeditabat,
3243 1778 3344 1817 eos
3363 1763 3452 1834 qui
3475 1764 3573 1832 ipsi
3608 1764 3690 1818 in-

2081 1848 2417 1905 sidiabantur
2443 1852 2705 1918 cohibuit,
2733 1854 2799 1908 ad
2838 1862 3069 1910 mortem
3112 1870 3172 1911 se
3211 1855 3381 1926 ipsam
3414 1857 3704 1926 exposuit“

2084 1953 2138 1997 ut
2170 1944 2459 2001 abductum
2496 1947 2643 2000 illum
2667 1949 2904 2018 eriperet
2928 1963 2960 2003 a
2990 1948 3410 2003 calamitatibus.

2156 2037 2360 2095 Laudes
2392 2041 2667 2097 Priscillae.
2704 2071 2775 2084 -—
2805 2042 2931 2097 Ideo
2952 2043 3113 2098 aliam
3142 2058 3356 2113 quoque
3387 2051 3506 2112 post
3539 2042 3687 2096 illam

2084 2131 2332 2188 laudibus
2362 2135 2638 2201 celebrat,
2684 2136 2763 2191 sic
2792 2136 2978 2191 dicens
3010 2154 3023 2190 :
3054 2136 3290 2191 Salutate
3322 2134 3613 2189 Priscillam
3644 2144 3693 2189 et

2084 2222 2323 2295 Aquilam
2353 2222 2546 2297 (Rom.
2586 2226 2675 2293 16,
2725 2227 2805 2296 5).
2850 2227 2948 2282 llic
2994 2242 3205 2298 quoque
3242 2226 3362 2280 vide
3408 2226 3691 2281 mulierem

2084 2318 2372 2388 splendore
2402 2319 2691 2390 fulgentem
2725 2339 2738 2377 :
2766 2321 2977 2376 etiamsi
3026 2322 3167 2375 enim
3192 2319 3351 2374 ambo
3384 2334 3692 2373 memoren-

2089 2422 2195 2478 tur,
2218 2414 2411 2469 mulier
2439 2424 2617 2469 tamen
2648 2416 2763 2468 viro
2804 2415 3137 2485 prmponitur
3168 2433 3181 2469 :
3214 2430 3320 2469 non
3362 2414 3506 2469 enim
3529 2413 3692 2481 dixit,

2088 2509 2335 2579 Aquilam
2382 2518 2436 2563 et
2481 2509 2801 2573 Priscillam,
2840 2509 2957 2576 sed,
3002 2507 3299 2563 Priscillam
3342 2518 3388 2563 et
3433 2506 3692 2579 Aquilam.

2088 2601 2320 2667 Quinam
2353 2611 2531 2658 autem
2567 2604 2617 2656 bi
2660 2603 2857 2658 erant?
2887 2602 3265 2658 Tentoriorum
3320 2602 3555 2658 artifices
3579 2643 3594 2666 ,
3640 2604 3692 2657 iu

2089 2692 2304 2748 ofliciua
2333 2704 2559 2751 stantes.
2590 2696 2696 2751 Sed
2726 2712 2899 2767 neque
2939 2711 3049 2760 ars,
3080 2712 3252 2766 neque
3285 2704 3569 2766 paupertas
3598 2694 3698 2748 im-

2093 2786 2401 2856 pedimcnto
2430 2785 2565 2852 fuit,
2598 2787 2724 2858 quin
2761 2787 2947 2844 beatus
2996 2788 3103 2854 hic,
3158 2798 3266 2843 tota
3308 2789 3440 2842 urbe
3475 2787 3697 2858 postha-

2090 2879 2221 2945 bita,
2256 2880 2306 2933 in
2331 2880 2669 2937 domicilium,
2695 2881 2835 2937 istud
2865 2881 3254 2936 diversaretur.
3281 2882 3391 2935 Cur
3420 2891 3473 2935 et
3502 2896 3605 2951 qua
3630 2880 3699 2935 de

2090 2972 2293 3025 caiisa?
2324 2971 2439 3027 Non
2461 2973 2585 3043 quia
2614 2974 2897 3029 columnas
2922 2972 3176 3035 habebat,
3202 2988 3309 3029 non
3335 2973 3457 3043 quia
3488 2972 3698 3027 tabulas

2092 3074 2147 3119 ct
2177 3065 2353 3121 solum
2391 3065 2590 3136 lapillis
2638 3076 2885 3122 ornatmu
2909 3109 2924 3134 ,
2956 3082 3057 3123 nec
3082 3069 3203 3139 quia
3236 3069 3696 3139 contignationem

2091 3173 2332 3221 auream,
2366 3174 2466 3215 nec
2496 3162 2618 3231 quia
2647 3177 2924 3217 servorum
2953 3177 3144 3232 greges
3165 3204 3179 3228 ,
3211 3163 3292 3217 vel
3325 3161 3695 3216 cunuchorum

2092 3250 2475 3317 ministerium,
2521 3254 2614 3309 sed
2660 3257 2892 3309 maxime
2930 3255 3051 3326 quia
3095 3255 3333 3325 ipsorum
3364 3253 3697 3309 domicilium

2094 3359 2284 3414 purum
2304 3355 2440 3405 erat,
2462 3345 2629 3400 abhis
2646 3347 2895 3401 omnibus
2917 3365 2930 3401 :
2950 3349 3070 3416 quia
3089 3347 3280 3401 mulier
3298 3357 3350 3401 et
3374 3346 3701 3415 vircxjustis

2096 3436 2370 3491 laboribus
2396 3437 2595 3493 victum
2613 3439 2949 3508 colligentes,
2974 3438 3198 3493 domum
3229 3454 3379 3495 suam
3411 3440 3696 3494 ecclesiam

2095 3525 2370 3594 iecerant;
2402 3544 2510 3584 non
2540 3530 2831 3600 rapientes,
2858 3546 2956 3585 nec
2983 3530 3222 3585 avaritiae
3269 3526 3569 3596 studentes,
3604 3530 3700 3586 sed

2094 3622 2339 3691 Corporis
2357 3638 2520 3692 opera
2544 3623 2609 3677 ad
2652 3623 3014 3679 necessarium
3053 3634 3108 3679 et
3135 3623 3492 3682 sufﬁcientem
3520 3625 3698 3679 cibum

2098 3723 2331 3768 utentes.
2360 3713 2483 3768 Ideo
2512 3716 2744 3771 tnaximc
2786 3715 2982 3771 Paulus
3014 3716 3151 3774 hanc
3189 3715 3407 3775 domum
3430 3725 3697 3786 opportu-

2097 3820 2219 3858 nam
2242 3820 2363 3861 esse
2392 3808 2595 3876 putavit
2619 3807 2684 3860 ad
2716 3807 3118 3864 diversandum.
3153 3808 3219 3862 lit
3261 3818 3323 3863 ut.
3349 3808 3526 3864 discas
3556 3810 3699 3878 quod

2098 3896 2218 3951 illos
2247 3913 2313 3952 cx
2340 3897 2535 3951 anima:
2580 3898 2773 3952 virtute
2800 3901 3106 3969 approbans
3138 3900 3225 3955 ibi
3262 3901 3547 3962 manserit,
3572 3900 3699 3952 audi

2094 3991 2374 4060 sequentia
2402 4009 2413 4042 :
2437 3992 2538 4058 Qui
2561 3993 3192 4064 proanimautea,inquit,
3216 3994 3703 4059 suast‘ervicessup-

2097 4094 2373 4153 posuerunt
2396 4100 2414 4137 :
2441 4084 2623 4154 quibus
2640 4102 2739 4138 non
2762 4085 2901 4140 solus
2915 4103 3004 4157 ego
3024 4087 3219 4158 gratias
3238 4103 3364 4159 ago,
3392 4086 3481 4142 sed
3505 4097 3550 4141 et
3570 4104 3701 4141 cun-

2097 4192 2192 4233 cta
2216 4177 2457 4233 Ecclesia:
2477 4180 2718 4252 gentium.
2742 4179 3037 4236 Videu’nec
3064 4181 3351 4237 femineum
3371 4196 3582 4247 sexum,
3604 4197 3702 4236 nec

2096 4282 2308 4337 artem,
2347 4288 2448 4328 nec
2497 4282 2867 4342 paupertatem
2912 4273 3257 4344 impcdivisse
3317 4274 3529 4328 virtutis
3580 4288 3704 4328 cur-

2098 4367 2262 4421 smn?
2287 4367 2459 4422 viden”
2495 4367 2811 4437 hospitalem
2855 4368 3138 4424 mulierem
3168 4380 3223 4425 et
3252 4372 3447 4431 virum.
3476 4369 3563 4439 qui
3593 4386 3697 4424 non

2098 4474 2282 4513 mensa
2329 4467 2558 4523 tantum,
2599 4459 2694 4514 sed
2725 4462 2887 4515 etiam
2917 4462 3177 4532 sanguine
3198 4460 3518 4533 Apostolum
3539 4477 3701 4516 εχει·-

2101 4549 2331 4620 perunt?
2372 4550 2508 4618 Quid
2549 4551 2691 4605 enim
2734 4552 2778 4605 si
2826 4568 2931 4607 non
2961 4553 3121 4606 etiam
3155 4553 3320 4607 occisi
3342 4564 3464 4606 sunt
3487 4554 3510 4607 ἲ
3534 4561 3589 4605 at
3622 4550 3699 4608 illi

2099 4661 2220 4714 qua:
2248 4660 2344 4699 sua
2376 4652 2531 4698 erant
2581 4646 2960 4717 impleverunt,
3006 4661 3069 4702 ac
3116 4645 3357 4701 virentes
3402 4656 3666 4718 martyres

2102 4736 2275 4803 fuere,
2297 4752 2358 4792 ac
2380 4752 2525 4807 sa‘pe
2548 4748 2831 4811 martyres,
2873 4738 2963 4807 qui
2997 4754 3215 4806 semper
3244 4738 3413 4810 parati
3442 4748 3593 4793 erant
3636 4738 3701 4792 ad

2101 4826 2305 4884 bu-dcm
2335 4828 2709 4885 susducudam
2740 4846 2837 4900 pro
2882 4829 3069 4886 Paulo.
3101 4829 3215 4884 Non
3244 4830 3386 4885 enim
3415 4830 3570 4897 dixit,
3597 4829 3701 4898 Qui

2104 4921 2357 4990 pecunias
2389 4920 2790 4991 impenderunt,
2836 4922 2926 4992 qui
2956 4921 3176 4975 domum
3203 4930 3573 4991 aperuerunt;
3608 4922 3703 4977 sed

2101 5011 2243 5082 quod
2273 5012 2522 5065 omnibus
2553 5011 2726 5081 majus
2751 5022 2887 5077 erat,
2923 5011 3127 5066 cwdem
3157 5011 3615 5082 etjugulationem
3641 5009 3697 5067 in

2103 5105 2338 5160 medium
2365 5104 2597 5171 adducit,
2626 5115 2681 5159 ut
2703 5107 2929 5173 diceret,
2959 5105 3162 5161 caedem
3193 5122 3288 5176 pro
3318 5122 3402 5159 me
3420 5105 3698 5162 sustinen-

2101 5196 2224 5251 dam
2253 5197 2594 5267 delegerunt.
2625 5199 2862 5255 Audiant
2894 5213 3039 5254 nunc
3068 5197 3264 5253 divites
3289 5238 3302 5260 ,
3331 5198 3418 5267 qui
3451 5197 3534 5251 vix
3562 5194 3701 5252 obo-

2104 5291 2212 5345 lum
2246 5292 2442 5346 sanctis
2472 5301 2703 5363 erogant
2737 5309 2750 5345 :
2786 5290 2859 5345 illi
2891 5300 2947 5345 et
2974 5288 3299 5361 sanguinem
3324 5286 3587 5343 dederunt
3609 5328 3623 5349 ,
3653 5296 3708 5342 et

2103 5384 2266 5438 vitam
2293 5384 2461 5454 ipsam
2485 5384 2842 5452 deponi-bant,
2868 5392 3180 5438 utsanctum
3199 5389 3479 5436 servarent
3497 5380 3706 5451 ipsique

2105 5479 2473 5533 ministrarent
2506 5479 2629 5546 :qui
2660 5485 2837 5531 autem
2863 5486 3159 5547 praesentes
3183 5485 3307 5532 sunt
3330 5492 3395 5531 ne
3425 5475 3702 5529 minimam

2103 5572 2319 5643 quidem
2342 5572 2655 5627 faenltatum
2686 5582 2891 5641 partem
2915 5573 3100 5641 egenis
3131 5571 3287 5627 facile
3313 5581 3558 5641 crogeut,
3578 5586 3702 5624 cum

2102 5664 2344 5722 Priscilla
2380 5673 2436 5719 et
2468 5665 2661 5734 Aquila
2692 5672 2745 5718 ct
2776 5665 3030 5733 pecunias
3079 5674 3133 5718 et
3175 5679 3404 5733 corpora
3436 5672 3490 5718 ct
3539 5664 3701 5719 vitam

2103 5757 2275 5829 ipsam
2330 5755 2543 5810 darent.
2575 5753 2767 5810 Viden’
2803 5764 3002 5827 quanta
3045 5756 3121 5810 sit
3166 5754 3359 5809 mulier
3398 5752 3703 5824 philosophi

2103 5847 2309 5904 animi?
2339 5857 2574 5919 quantus
2605 5848 2673 5903 sit
2700 5847 2780 5902 vir
2808 5846 2899 5919 qui
2933 5847 2983 5902 in
3032 5855 3348 5918 paupertate
3375 5856 3429 5901 et
3464 5854 3578 5901 arte
3606 5859 3704 5901 sua

2103 5940 2274 5998 vivit?
2321 5940 2429 5998 llos
2476 5950 2653 5997 autem
2686 5924 2989 6009 imitemur,
3039 5951 3088 5996 et
3122 5930 3407 6012 precsct‘uia
3437 5952 3699 6009 spernen-
