4138 6448
501 394 597 451 £9!
1229 381 1282 438 S.
1326 379 1602 436 10“le
1637 373 2109 432 Clll‘tYSOSTOMl

2216 374 2468 432 RClllEP.
2511 375 3046 434 CONSTANTLNOP.

505 518 584 560 tes
613 548 624 567 ,
671 504 846 557 omnia
875 501 940 556 ad
972 499 1064 555 Dei
1094 498 1348 568 placitum
1380 495 1748 565 expendamus
1779 510 1792 546 :
1826 500 1882 547 ut
1913 489 2088 544 futura

501 612 896 665 coiisequamnr
926 593 1085 652 bona.
1114 594 1282 660 gratia
1313 600 1364 642 et
1392 588 1720 657 benignitate
1746 584 1954 639 Domini
1987 599 2088 637 no-

503 691 599 746 stri
630 687 757 750 Jesu
781 685 1004 750 Christi,
1044 698 1140 754 per
1166 696 1325 749 quem
1352 689 1403 734 et
1429 694 1555 732 cum
1583 693 1690 747 quo
1733 675 1876 731 Patri
1917 674 2084 744 gloria

500 806 2541 835 Wm—

3688 376 3793 431 ιω

2195 505 2315 544 eum
2358 502 2543 546 sancto
2573 492 2810 561 Spiritu,
2842 514 2982 553 utine
3009 505 3062 553 et
3090 511 3303 570 sempe"
3333 541 3347 564 ,
3399 507 3451 554 et
3495 499 3552 554 iu
3591 499 3789 556 szceulz

2195 581 2534 636 sicculorum.
2581 588 2773 639 Amen.

2551 809 2602 818 _
2633 805 2640 815 ¹

1896 879 2244 944 HOMILIA
2291 881 2403 941 Vl.

505 1039 732 1095 [familia
774 1038 942 1091 habita
965 1037 1019 1090 in
1046 1034 1254 1088 ecclesia
1295 1031 1658 1099 Apostolorum
1680 1071 1693 1092 ,
1723 1029 1776 1081 in
1806 1029 1887 1080 die
1913 1024 2088 1080 Theo-

572 1131 704 1186 dosii
765 1127 1136 1199 Imperatoris.
1189 1125 1431 1179 adversus
1484 1137 1571 1176 eos
1607 1119 1694 1190 qui
1737 1135 1791 1173 se
1840 1116 2090 1172 Calliam:

573 1221 904 1293 appellabant
929 1217 1007 1290 (a)
1031 1256 1050 1286 ,
1075 1226 1342 1288 postquam
1387 1213 1488 1268 duo
1513 1213 1605 1267 alii
1646 1211 1869 1282 episcopi
1897 1208 2091 1279 loquuti

576 1320 804 1387 fuerant.

572 1409 598 1462 ί
614 1448 626 1458 .
653 1405 894 1476 Epismpi
917 1404 1017 1458 duo
1037 1413 1152 1457 ante
1170 1400 1582 1472 Clirysostomnm
1596 1396 1900 1451 concionati.
1926 1391 2093 1448 Theo-

503 1501 637 1555 dosii
667 1499 839 1570 magni
869 1497 1069 1552 laudes.
1096 1526 1167 1537 —
1195 1493 1366 1561 Quam
1394 1491 1663 1561 egregium
1711 1498 1792 1542 est
1823 1503 1920 1556 par
1965 1485 2094 1540 illml

504 1607 690 1646 eorum
724 1591 814 1660 qui
838 1589 1042 1660 loqunti
1068 1595 1214 1650 sunt,
1241 1600 1469 1654 quorum
1500 1583 1637 1636 alius
1662 1581 1819 1634 boum
1852 1576 2097 1633 ministe-

506 1685 588 1736 rio
627 1697 806 1736 aream
854 1681 1054 1741 trahit.
1087 1679 1224 1732 alius
1265 1675 1529 1746 primitias
1574 1687 1884 1728 sermonum
1916 1669 2096 1724 oﬁ'ert.

507 1777 618 1832 Etsi
649 1776 792 1830 enim
823 1775 1035 1829 illorum
1069 1785 1202 1829 aetas
1245 1769 1459 1824 diversa
1497 1777 1600 1829 est,
1634 1776 1688 1821 at
1715 1780 1819 1820 una
1842 1772 1925 1819 est
1957 1762 2100 1832 agri-

506 1869 732 1923 cultura:
758 1868 895 1922 ratio
926 1885 938 1919 ζ
971 1865 1080 1920 imo
1108 1879 1240 1920 vero
1264 1879 1371 1918 11011
1400 1864 1612 1917 diversa
1655 1869 1785 1913 aetas
1815 1869 1898 1913 est
1928 1876 1940 1910 ε
1976 1871 2097 1910 nam

501 1963 686 2031 junior
717 1961 945 2014 senioris
974 1959 1291 2031 gravitatem
1334 1957 1531 2019 habet,
1573 1962 1630 2009 et
1654 1953 1834 2007 senior
1870 1949 2102 2020 junioris

505 2055 687 2124 vigore
711 2052 946 2122 ﬁoreque
978 2053 1270 2106 instructus
1297 2057 1400 2103 est.
1431 2048 1768 2116 Quapropter
1797 2061 1902 2096 non
1934 2041 2100 2095 aber-

510 2147 724 2207 raverit,
769 2145 858 2214 qui
889 2143 1078 2196 ambos
1109 2153 1162 2196 et
1188 2156 1346 2195 senes
1377 2149 1430 2194 et
1455 2139 1683 2210 juvenes
1713 2151 1838 2191 esse
1863 2149 2099 2204 pronun-

508 2239 740 2302 tiaverit,
762 2253 867 2291 non
895 2236 1068 2292 tetatis
1091 2235 1318 2298 ratione,
1338 2233 1430 2288 sed
1462 2233 1625 2286 animi
1648 2229 1975 2286 conditione.
1993 2231 2103 2298 Age

507 2333 757 2404 ergojam
787 2341 954 2386 etnos
981 2346 1194 2402 quoque
1213 2328 1428 2384 demum
1456 2336 1633 2380 nostra
1654 2324 1961 2378 all'eramus.
1997 2322 2106 2376 Vos

507 2429 650 2480 enim
683 2425 936 2479 audiendi
966 2423 1147 2478 studio
1180 2419 1512 2476 insatiabiles
1539 2434 1659 2474 esse
1704 2417 1863 2472 video
1884 2458 1897 2478 ,
1929 2429 2106 2484 neque

512 2534 675 2587 parvo
705 2533 831 2588 erga
861 2517 1075 2571 beatum
1103 2512 1468 2568 Theodosium
1513 2509 1695 2564 ofﬁcio
1722 2506 1968 2562 obstricti
2013 2521 2107 2560 su-

511 2626 654 2677 mus,
680 2626 784 2665 non
813 2608 934 2679 quia
966 2608 1280 2678 Imperator,
1305 2606 1398 2660 sed
1425 2604 1548 2674 quia
1577 2604 1692 2673 pius
1716 2602 1804 2656 ille
1826 2613 1971 2661 erat;
1998 2615 2104 2654 non

513 2703 636 2771 quia
665 2716 896 2771 purpura
927 2699 1178 2766 amictus,
1207 2697 1302 2752 sed
1333 2697 1454 2766 quia
1477 2695 1691 2750 Christo
1719 2694 1937 2747 imlutns
1967 2702 2105 2756 erat,

514 2797 656 2864 quod
704 2796 1084 2849 vestimentum
1139 2807 1430 2861 nmnquam
1480 2789 1784 2853 veterascit,
1835 2795 1890 2840 et
1941 2787 2107 2840 lorica

511 2889 732 2957 justitia:
761 2885 1114 2948 induebatur,
1142 2893 1301 2951 atque
1325 2885 1687 2937 calceamenta
1723 2878 1925 2932 habens
1947 2892 2111 2932 evan-

516 2981 639 3050 gelii
669 2980 836 3047 pacis,
870 2987 922 3032 et
968 2975 1202 3046 gladiqu
1227 2973 1463 3042 Spiritus,
1493 2973 1851 3041 clypeumque
1883 2967 2028 3031 ﬁdei,
2057 2975 2113 3022 et

517 3073 724 3141 galeam
753 3069 1001 3124 salutaris
1023 3067 1238 3137 (Ep/tes.
1269 3068 1322 3120 6.
1355 3064 1613 3136 ll).(lum
1639 3063 1720 3116 bis
1738 3062 1901 3116 armis
1930 3071 2111 3131 tyran-

523 3179 620 3217 nos
645 3165 856 3218 evertit.
908 3162 1138 3231 priorem
1166 3159 1238 3232 (b)
1270 3173 1334 3213 ac
1381 3157 1736 3228 posteriorem
1776 3173 1786 3207 :
1822 3155 1968 3209 illum
1996 3153 2115 3224 qui-

519 3259 641 3312 dem
671 3258 786 3312 sine
809 3257 990 3311 labore
1013 3265 1068 3311 et
1087 3254 1348 3325 sanguine
1364 3252 1528 3321 cepit,
1551 3266 1614 3304 ac
1637 3260 1894 3318 tropmum
1916 3247 2112 3311 erexit,

527 3353 643 3404 sine
666 3349 935 3403 exercitus
963 3346 1046 3402 sui
1073 3345 1220 3400 caule
1246 3345 1326 3398 vel
1349 3343 1599 3397 minima:
1623 3341 1764 3394 hunc
1789 3349 1967 3393 autem
1985 3353 2116 3390 eou-

527 3459 715 3514 gressu
749 3441 909 3508 facto,
936 3440 1082 3496 solus
1113 3440 1225 3510 ipse
1246 3437 1316 3492 de
1341 3437 1518 3491 medio
1548 3434 1782 3489 susmlit.
1807 3433 1941 3487 Cum
1970 3431 2114 3486 enim

521 3537 792 3592 exercitus
808 3536 966 3590 ambo
989 3535 1255 3602 utrimque
1281 3532 1334 3586 in
1358 3531 1474 3586 acie
1497 3529 1870 3598 conﬂigerent,
1894 3541 1957 3581 ac
1981 3526 2117 3579 telo-

522 3645 637 3682 rum
667 3627 861 3680 emissa
911 3625 1089 3691 nube,
1140 3621 1462 3677 instantibus
1507 3618 1795 3673 admodum
1859 3615 2114 3680 inimicis,

515 3721 626 3790 jam
679 3719 760 3773 sui
814 3718 868 3772 in
915 3716 1093 3786 fugam
1143 3720 1589 3770 converterentur
1633 3729 1646 3765 :
1691 3727 1755 3766 ex
1813 3724 1952 3780 equo
2023 3708 2116 3762 ille

520 3811 793 3875 exsiliens,
824 3811 1016 3882 clypeo
1045 3809 1190 3862 humi
1223 3806 1470 3876 deposito
1497 3845 1513 3870 ,
1539 3803 1767 3873 genibus
1795 3801 1948 3856 ﬂexis
1969 3843 1984 3865 ,
2007 3816 2118 3855 caa-

523 3905 692 3958 lorum
716 3901 972 3956 auxilium
997 3899 1499 3970 postulabal,atque
1521 3896 1654 3949 aciei
1681 3910 1925 3963 campum
1952 3893 2121 3948 eccle-

521 3998 614 4051 size
642 3994 870 4049 faciebat
896 3994 1094 4058 locum,
1126 4007 1231 4046 non
1257 3989 1488 4045 arcubus
1507 3997 1562 4043 et
1593 3988 1732 4050 telis,
1762 4003 1867 4040 non
1894 3986 2115 4052 laureis,

522 4089 617 4143 sed
648 4088 900 4159 lacrymis
940 4095 994 4140 et
1028 4083 1276 4154 precibus
1309 4096 1550 4153 pugnans
1581 4097 1593 4133 ε
1623 4081 1806 4149 sicque
1833 4089 2118 4133 ventorum

524 4183 723 4253 impetu
754 4181 932 4234 statim
961 4178 1285 4232 adveniente
1310 4217 1325 4241 ,
1355 4175 1588 4228 hosﬁum
1624 4175 1728 4228 tela
1756 4183 1940 4226 contra
1974 4173 2119 4241 ipsos

525 4277 708 4330 hostes
744 4274 1090 4336 ferebantur;
1139 4271 1190 4323 lii
1237 4283 1368 4322 vero
1419 4268 1655 4322 furorem
1707 4276 1868 4336 atque
1915 4265 2118 4320 ca-dem

529 4370 822 4437 Spll‘ﬂﬂlCS,
855 4365 958 4418 hoc
981 4363 1067 4416 ubi
1101 4363 1370 4425 viderunt,
1401 4360 1580 4414 statim
1607 4360 1945 4421 conuuutati,
1979 4360 2120 4413 hunc

530 4459 919 4527 Imperatorem
949 4454 1371 4524 proclamavere,
1398 4461 1453 4507 et
1482 4468 1636 4506 suutn
1669 4452 1861 4506 vinctis
1897 4467 1928 4505 a
1970 4461 2121 4522 tergo

530 4551 775 4604 manibus
805 4548 904 4616 ipsi
936 4546 1290 4600 tradiderunt.
1335 4547 1410 4600 Ac
1453 4546 1718 4615 gloriosus
1757 4562 2007 4600 reversus
2037 4553 2122 4597 est

526 4646 718 4698 beatus
735 4641 1095 4704 Theodosius,
1131 4654 1236 4693 non
1261 4655 1328 4692 ex
1356 4639 1578 4693 victoria
1601 4639 1800 4704 solum,
1823 4639 1916 4692 sed
1945 4654 2008 4691 ex
2045 4638 2122 4690 \i-

526 4737 711 4792 auria:
752 4734 931 4788 modo.
958 4732 1073 4787 Non
1103 4732 1280 4796 enim,
1327 4731 1546 4801 perinde
1572 4739 1732 4801 atque
1753 4745 1878 4784 cum
1908 4733 2120 4784 eseteris

530 4826 970 4898 lmperatoribus,
1013 4825 1198 4894 ιτυριυί
1225 4840 1345 4879 cum
1374 4825 1491 4893 ipso
1517 4822 1801 4894 participes
1821 4831 1942 4877 sunt
1981 4821 2122 4875 mili-

530 4919 770 4984 tes;sed
820 4928 988 4972 totum
1038 4916 1205 4984 ipsius
1253 4923 1482 4979 tantmn,
1525 4925 1580 4968 et
1625 4915 1795 4985 ipsius
1841 4913 1964 4969 ﬁdei
1999 4911 2118 4966 fuit.

527 5013 651 5065 Ideo
681 5011 855 5081 ipsum
889 5009 1140 5071 beatum,
1172 5021 1347 5076 neque
1376 5017 1644 5059 mortuum
1671 5004 1901 5059 dicimus
1935 5022 1948 5058 :
1995 5019 2118 5058 nam

531 5103 630 5170 Qui
657 5101 817 5154 credit
835 5103 888 5155 in
917 5115 1013 5160 me,
1044 5098 1232 5168 inquit,
1273 5097 1468 5149 etiamsi
1499 5105 1726 5149 mortuus
1754 5096 1922 5166 fuerit,
1957 5097 2122 5162 vivet;

526 5207 570 5246 et
607 5196 769 5248 omnis
791 5193 873 5262 qui
903 5191 1018 5244 vivit
1045 5201 1088 5244 et
1119 5188 1276 5242 credit
1301 5190 1352 5241 in
1378 5203 1454 5240 me
1479 5228 1491 5250 ,
1522 5203 1622 5240 non
1648 5188 1890 5240 morietur
1921 5190 1936 5254 (
1961 5187 2118 5239 Joan.

527 5288 612 5341 tl.
643 5286 757 5355 Q5).
811 5285 936 5338 llaec
963 5281 1208 5336 Christus
1229 5281 1395 5345 dixit,
1425 5279 1539 5333 haec
1564 5294 1660 5350 per
1689 5295 1850 5349 opera
1891 5279 2117 5346 fulgent.

526 5377 663 5444 Quid
685 5389 842 5445 ergo,
864 5375 1096 5442 inquies,
1124 5389 1303 5425 annon
1327 5381 1569 5425 mortuus
1595 5379 1679 5426 est
1698 5373 1720 5424 ’ἶ
1737 5371 2080 5442 Nequaquam
2105 5391 2117 5423 :

589 5603 663 5665 (a)
704 5599 765 5656 Hi
786 5604 948 5665 erant
987 5596 1242 5665 l‘iovatiaoi
1278 5600 1375 5665 qui
1402 5596 1808 5665 constantinopoli
1842 5599 2119 5665 episcopum

589 5613 663 5665 (a)
705 5613 765 5656 ut
807 5613 948 5654 erant
988 5613 1242 5649 tvovauam
1278 5613 1360 5708 qui
1402 5613 1808 5660 mnsmnunopon
1842 5613 2118 5661 episcopum

526 5666 614 5716 sibi
656 5661 955 5724 peculiarem
990 5660 1289 5724 habebant:
1315 5662 1410 5710 'ide
1448 5656 1687 5724 Epiphan.
1723 5657 1854 5710 Hier.
1893 5663 1972 5718 5t),
2009 5669 2044 5709 t.
2073 5662 2118 5719 ~l,

529 5741 573 5788 ιι.
602 5721 693 5775 433
712 5739 844 5789 sqq”
870 5724 1128 5789 Augustin.
1156 5721 1230 5770 De
1254 5723 1385 5773 Hmr.
1412 5721 1621 5789 ςειεέχέδ.

592 5789 662 5846 (ὁ)
712 5783 848 5840 Prior
889 5785 974 5837 ille
1007 5793 1237 5848 tyrannus
1275 5795 1378 5835 erat
1417 5783 1659 5836 Maximus
1689 5783 1935 5836 secundus
1961 5784 2120 5848 Euge.

529 5865 652 5897 tuus.

2196 1039 2366 1092 neque
2397 1026 2542 1079 enim
2573 1025 2675 1081 hoc
2700 1025 2934 1082 dixerim
2969 1044 3089 1085 esse
3113 1040 3340 1085 monent
3368 1074 3382 1096 ,
3416 1032 3510 1087 sed
3543 1049 3796 1087 somnum

2195 1115 2478 1185 quemdam
2503 1128 2556 1173 et
2578 1120 3079 1188 peregrinationem.
3103 1121 3327 1177 Uten'nn
3349 1124 3642 1179 viventium
3657 1127 3792 1179 mul-

2201 1208 2240 1263 ti
2279 1218 2423 1275 sunt,
2450 1211 2538 1280 qui
2567 1212 2720 1281 quasi
2753 1212 2806 1266 in
2849 1215 3099 1282 sepulcro
3138 1231 3258 1269 eum
3300 1233 3527 1286 corpore
3559 1220 3796 1273 animam

2201 1301 2568 1371 deposuerunt
2599 1321 2612 1357 :
2639 1303 2717 1358 sic
2745 1319 2812 1359 ex
2858 1310 3085 1360 mortuis
3134 1307 3288 1361 multi
3332 1309 3540 1375 vivunt,
3588 1311 3796 1378 justitia

2205 1396 2470 1466 fulgentes
2500 1414 2512 1450 :
2543 1397 2682 1452 sicut
2707 1407 2760 1453 et
2782 1398 2867 1454 hic
2897 1401 3103 1457 beatus.
3137 1401 3278 1456 Mors
3305 1404 3450 1458 enim
3482 1413 3566 1459 est
3587 1407 3794 1475 gravis-

2202 1491 2360 1554 sima,
2395 1502 2449 1544 et
2478 1507 2605 1546 vere
2634 1507 2800 1556 mors,
2826 1508 2886 1547 ea
2920 1510 3041 1563 qua!
3071 1511 3134 1549 ex
3165 1506 3388 1565 peccato
3417 1499 3620 1566 paritur
3645 1541 3659 1560 ,
3691 1515 3796 1568 qua

2205 1599 2496 1653 numquam
2529 1585 2665 1638 mori
2689 1585 2818 1640 dicit
2845 1586 2940 1641 ille
2963 1602 3057 1640 eos
3084 1589 3172 1655 qui
3215 1588 3266 1641 in
3292 1604 3351 1641 se
3380 1589 3628 1644 credunt.
3663 1590 3797 1644 Nam

2204 1675 2306 1742 Qui
2332 1677 2446 1729 vivit
2467 1688 2513 1730 et
2537 1680 2695 1732 credit
2719 1679 2771 1732 in
2796 1696 2894 1744 me,
2918 1681 3108 1751 inquit,
3155 1697 3256 1734 non
3287 1684 3526 1736 morietur
3569 1684 3792 1751 (a)......

2273 1768 2330 1824 2.
2365 1769 2552 1823 Contra
2572 1769 2840 1825 Catltaros.
2873 1802 2945 1811 —
2967 1773 3048 1825 An
3081 1774 3169 1842 qui
3200 1774 3352 1842 quasi
3380 1774 3551 1828 alatus
3599 1785 3793 1829 terrain

2204 1870 2259 1917 et
2306 1877 2454 1917 mare
2498 1863 2964 1930 eireumcueurrit,
2995 1865 3086 1935 qui
3134 1857 3445 1920 innumeras
3495 1877 3683 1936 gentes
3730 1868 3798 1921 ad

2205 1952 2476 2010 Christum
2503 1954 2722 2009 adduxit
2746 1997 2759 2018 ,
2791 1956 2880 2024 qui
2909 1971 3228 2010 arcanorum
3261 1959 3639 2029 mysteriorum
3669 1975 3798 2030 par-

2207 2046 2377 2115 ticeps
2405 2045 2574 2099 laetus
2619 2055 2726 2110 est,
2754 2049 2842 2116 qui
2891 2048 2946 2100 in
2991 2053 3209 2102 tertiqu
3249 2051 3444 2104 cadum
3478 2062 3685 2119 raptus,
3727 2067 3798 2104 an

2209 2137 2312 2191 tale
2359 2136 2628 2207 quidpiam
2657 2137 2725 2192 de
2752 2152 2811 2192 se
2847 2139 3027 2194 dicere
3055 2155 3218 2194 ausus
3260 2142 3379 2194 est?
3409 2141 3753 2212 Nequaquam
3781 2183 3796 2203 .

2207 2231 2301 2286 sed
2331 2232 2658 2286 contrarium
2707 2249 2934 2302 prorsus
2981 2252 2992 2288 :
3033 2234 3335 2289 abortivum
3365 2252 3425 2291 se
3466 2238 3715 2296 vocabat,
3747 2247 3804 2290 et

2210 2323 2456 2376 ultimum
2494 2325 2866 2394 apostolorqu
2895 2368 2909 2391 ,
2941 2341 3041 2380 nec
3084 2341 3143 2381 se
3186 2327 3406 2396 dignum
3435 2343 3557 2382 esse
3587 2327 3804 2397 putabat

2208 2417 2300 2486 qui
2347 2416 2448 2470 hoc
2492 2417 2709 2472 nomine
2763 2427 3066 2473 vocaretur.
3129 2419 3246 2474 Non
3309 2437 3422 2473 sum
3475 2421 3660 2492 dignus
3725 2423 3804 2476 in-

2209 2510 2325 2580 quit
2347 2512 2565 2573 ,~vocari
2596 2513 2856 2581 apostolus
2879 2513 2955 2581 (ί.
2988 2512 3107 2566 Cor.
3141 2513 3228 2568 15.
3263 2513 3356 2582 9).
3393 2513 3648 2581 Quaenam
3677 2530 3806 2583 ergo

2210 2609 2294 2653 est
2322 2601 2435 2652 lure
2461 2602 2812 2669 arrogantia?
2841 2617 3088 2671 quecuam
3115 2602 3370 2672 jactantia
3392 2605 3416 2657 ?
3441 2620 3685 2674 quautam
3722 2608 3805 2658 iu-

2212 2692 2398 2746 Sania?
2428 2696 2590 2747 homo
2618 2709 2738 2747 cum
2767 2693 2862 2759 sis,
2897 2705 2946 2748 te
2993 2695 3282 2749 Galliarum
3332 2697 3447 2752 sive
3476 2713 3665 2764 purqu
3688 2714 3809 2752 esse

2212 2785 2372 2852 dicis“,
2391 2797 2444 2838 et
2471 2797 2522 2841 te
2541 2803 2726 2854 purum
2753 2802 2871 2842 esse
2902 2803 3214 2858 persuasum
3236 2789 3440 2843 habes?
3470 2799 3524 2843 et
3547 2799 3808 2859 quantum

2214 2879 2315 2935 hoc
2343 2881 2562 2934 insania:
2584 2883 2704 2936 est?
2732 2881 2863 2935 Nam
2913 2897 3036 2935 cum
3075 2891 3125 2936 te
3152 2897 3343 2952 purum
3384 2881 3540 2947 dicis,
3589 2882 3812 2952 perinde

2217 2971 2369 3034 facis,
2400 2987 2464 3026 ac
2509 2973 2552 3025 si
2589 2973 2708 3044 quis
2736 2972 2939 3027 diceret
2971 2989 3118 3028 mare
3149 2972 3397 3028 ﬂuctibus
3426 2989 3546 3029 esse
3593 2991 3807 3043 purum.

2217 3070 2360 3125 Sicut
2385 3069 2600 3143 ergoilli
2646 3069 2836 3124 ﬂuctus
2891 3085 3182 3140 numquam
3221 3071 3511 3135 deﬁciunt,
3537 3071 3607 3123 ita
3637 3086 3814 3140 neque

2219 3161 2375 3215 nobis
2393 3171 2628 3232 peccata.
2655 3163 2849 3217 Annon
2876 3164 3014 3216 nosti
3043 3163 3258 3231 quinam
3278 3163 3466 3227 simus;
3491 3161 3812 3232 gaudentes,

2219 3264 2508 3309 atterentes
2529 3270 2546 3320 ;
2568 3253 2782 3318 divites,
2807 3255 3440 3323 pauperes;Contumelia
3461 3255 3660 3320 aﬁ‘eeti,
3697 3257 3812 3308 lau-

2219 3348 2350 3413 dati,
2376 3348 2536 3417 pulsi,
2563 3347 2705 3402 bello
2728 3349 2974 3418 impetiti,
2995 3352 3181 3419 requie
3202 3347 3462 3415 fruentes;
3487 3351 3812 3415 esurientes,

2219 3443 2435 3496 satiati?
2463 3442 2714 3497 Sexceuti
2741 3443 2941 3512 agitant
2961 3444 3192 3498 animam
3236 3455 3414 3498 motus
3440 3460 3504 3498 ac
3527 3437 3812 3515 perturba-

2222 3536 2418 3595 tiones.
2474 3543 2727 3589 sexcenta
2758 3534 2967 3605 negotia
2990 3576 3005 3599 ,
3034 3535 3273 3590 sexcenti
3310 3538 3557 3606 corporis
3597 3536 3813 3601 morbi,

2221 3635 2488 3681 sexcenta:
2539 3643 2716 3682 rerum
2760 3627 3188 3698 inaequalitates;
3237 3637 3292 3682 et
3328 3627 3493 3682 audes
3533 3627 3714 3682 dicere
3764 3639 3818 3682 te

2225 3720 2276 3774 in
2316 3721 2504 3791 euripo
2540 3721 2894 3790 procellarum
2943 3719 3127 3775 talium
3180 3737 3370 3790 purum
3401 3721 3563 3775 esse?
3599 3731 3650 3775 et
3686 3719 3815 3790 quid

2224 3814 2484 3885 impurius
2503 3815 2661 3870 fuerit
2681 3830 2747 3870 eo
2769 3816 2858 3885 qui
2885 3817 2954 3870 ita
2975 3815 3201 3870 alicetus
3226 3816 3348 3870 est?
3375 3815 3443 3870 Et
3467 3815 3594 3887 quid
3617 3816 3686 3871 de
3708 3817 3815 3868 vita

2226 3917 2332 3964 tota
2361 3908 2594 3978 loquor?
2627 3908 2714 3964 die
2745 3909 2872 3962 mihi
2901 3950 2915 3971 ,
2943 3924 3011 3963 an
3051 3908 3232 3963 dicere
3257 3910 3377 3979 quis
3414 3911 3606 3979 poterit
3635 3924 3694 3963 se
3734 3909 3816 3963 vel

2225 4017 2330 4054 uno
2359 4000 2447 4056 die
2487 4016 2678 4070 purum
2710 4001 2870 4055 esse?
2902 4001 3126 4055 Etiamsi
3153 4005 3295 4055 enim
3343 4017 3449 4055 non
3478 4000 3774 4055 fornieetur
3797 4042 3812 4065 ,

2225 4094 2309 4149 vel
2330 4093 2652 4148 adulterium
2685 4093 2952 4160 admittat,
2995 4093 3205 4150 etiamsi
3234 4094 3288 4147 in
3332 4094 3480 4148 nullo
3513 4092 3818 4162 liujusmodi

2226 4183 2497 4255 prohibito
2529 4195 2747 4254 peccet,
2778 4186 3046 4253 poteritne
3074 4185 3292 4255 gloriari
3325 4227 3342 4251 ,
3374 4185 3513 4253 quod
3547 4202 3650 4238 non
3685 4201 3817 4238 vana

2223 4276 2390 4347 gloria
2415 4275 2574 4332 fuerit
2603 4276 2844 4341 allectus,
2869 4276 3009 4346 quod
3038 4291 3142 4330 non
3165 4277 3467 4346 arrogantia
3491 4318 3505 4340 ,
3536 4276 3677 4346 quod
3706 4292 3812 4330 non

2227 4369 2508 4438 impudicis
2534 4367 2802 4437 aSpexerit
2841 4368 3011 4423 oculis
3036 4409 3051 4431 ,
3082 4368 3223 4438 quod
3257 4385 3360 4421 non
3410 4367 3642 4436 proximi
3678 4368 3818 4422 bona

2225 4460 2616 4529 concupiverit,
2647 4460 2788 4529 quod
2817 4475 2922 4513 non
2950 4460 3208 4512 mentitus
3240 4459 3400 4511 fuerit
3421 4499 3436 4522 ,
3464 4458 3606 4527 quod
3635 4459 3816 4511 dolum

2226 4569 2331 4606 non
2373 4551 2667 4614 struxerit,
2699 4549 2839 4620 quod
2870 4565 2972 4604 non
3021 4549 3158 4604 mala
3186 4550 3508 4617 imprecatus
3539 4549 3608 4604 sit
3637 4550 3816 4602 inimi-

2225 4646 2325 4707 cis,
2357 4643 2498 4713 quod
2529 4659 2633 4696 non
2665 4642 2912 4696 inviderit
2944 4641 3116 4695 amico
3136 4641 3157 4693 ?
3179 4641 3234 4695 Si
3277 4649 3454 4695 autem
3485 4643 3530 4696 is
3568 4643 3656 4710 qui
3679 4643 3819 4701 ami-

2224 4753 2349 4794 cum
2375 4746 2552 4803 amat,
2577 4736 2710 4790 nihil
2740 4737 2915 4792 minus
2945 4733 3164 4788 habebit
3193 4749 3290 4804 pro
3309 4749 3365 4788 re
3390 4733 3504 4801 illa,
3531 4749 3689 4804 quam
3723 4749 3820 4802 pu-

2227 4830 2506 4895 blicanus;
2535 4844 2639 4899 qua
2661 4829 2813 4883 venia
2835 4827 3027 4896 dignus
3053 4827 3157 4881 erit
3181 4826 3225 4881 is
3246 4826 3336 4896 qui
3369 4826 3545 4880 amico
3573 4824 3817 4879 invidet?

2223 4924 2326 4980 Tot
2349 4927 2636 4994 absorptus
2668 4922 2823 4976 malis
2848 4921 3014 4976 audes
3042 4930 3092 4974 te
3124 4935 3314 4989 purum
3354 4919 3575 4974 dicere?
3605 4922 3675 4973 At
3721 4918 3813 4973 hoo

2227 5033 2344 5072 rum
2393 5017 2694 5087 arrogantia
2733 5029 2838 5070 non
2895 5013 3017 5066 hinc
3059 5013 3254 5076 solum,
3287 5011 3380 5068 sed
3411 5011 3629 5066 aliunde
3651 5011 3813 5065 etiam

2229 5110 2613 5169 monstrabitur
2637 5125 2649 5160 :
2674 5122 2772 5162 vos
2806 5113 2985 5160 autem
3007 5116 3346 5175 vestramque
3365 5104 3642 5159 caritatem
3666 5118 3812 5173 rogo,

2227 5208 2344 5262 ha-e
2372 5204 2551 5260 omnia
2581 5209 2913 5272 reputantes,
2943 5199 3010 5252 ab
3038 5199 3248 5253 illorum
3290 5198 3546 5267 jactantia
3577 5212 3672 5250 vos
3703 5201 3815 5251 exi.

2226 5274 2405 5358 matis.
2435 5303 2490 5352 et
2515 5294 2725 5349 illorum
2768 5291 3127 5360 arrogantiam
3174 5290 3354 5343 vitetis
3381 5307 3392 5342 :
3415 5299 3466 5344 et
3501 5304 3623 5343 cum
3671 5287 3816 5342 omni

2227 5388 2408 5444 studio
2431 5387 2631 5442 curetis
2655 5383 2888 5439 admissa
2929 5391 3144 5453 peccata
3169 5381 3409 5445 abluere,
3427 5391 3481 5436 et
3507 5380 3816 5438 accedentia

2227 5479 2552 5552 propellere.
2583 5476 2803 5533 Etiamsi
2845 5474 2989 5539 enim
3021 5475 3300 5529 innumera
3359 5488 3457 5528 uos
3483 5472 3818 5527 circumdant

2289 5721 2363 5783 (a)
2397 5719 2487 5770 Hic
2505 5721 2614 5769 duae
2636 5719 2824 5783 paginae
2846 5717 3026 5783 deesse
3047 5715 3292 5783 videntur,
3322 5717 3368 5764 in
3392 5715 3568 5783 quibus
3591 5713 3818 5783 (guttam.

2227 5775 2667 5846 riun'impudeutii:
2691 5775 2827 5832 Pauli
2853 5780 3134 5830 modestiam
3159 5777 3286 5828 forte
3308 5775 3588 5840 opposuerit
3613 5775 3817 5836 Chryso-

2228 5856 2429 5898 διοηιυδ.
