  <div class='ocr_page' id='page_1' title='image "/cluster/home/n/w/nwhite01/storage/ocr_20150623/63:no.12/coo.31924054869635/386.png"; bbox 0 0 4138 6454; ppageno 0'>
   <div class='ocr_carea' id='block_1_1' title="bbox 215 391 403 449">
    <p class='ocr_par' dir='ltr' id='par_1_1' title="bbox 215 391 403 449">
     <span class='ocr_line' id='line_1_1' title="bbox 215 391 403 449; baseline -0.032 1"><span class='ocrx_word' id='word_1_1' title='bbox 215 401 229 411; x_wconf 88' lang='grc'><strong>’</strong></span> <span class='ocrx_word' id='word_1_2' title='bbox 294 391 403 449; x_wconf 65' lang='grc'>431</span> 
     </span>
    </p>
   </div>
   <div class='ocr_carea' id='block_1_2' title="bbox 290 494 2010 582">
    <p class='ocr_par' dir='ltr' id='par_1_2' title="bbox 290 494 2010 582">
     <span class='ocr_line' id='line_1_2' title="bbox 290 494 2010 582; baseline -0.013 -14"><span class='ocrx_word' id='word_1_3' title='bbox 290 513 415 569; x_wconf 81' lang='grc' dir='ltr'>τῶν</span> <span class='ocrx_word' id='word_1_4' title='bbox 457 507 766 582; x_wconf 73' lang='grc' dir='ltr'>μελλόντων</span> <span class='ocrx_word' id='word_1_5' title='bbox 808 500 1160 574; x_wconf 79' lang='grc' dir='ltr'>ἐπιτύχωμεν</span> <span class='ocrx_word' id='word_1_6' title='bbox 1217 496 1464 566; x_wconf 78' lang='grc' dir='ltr'>ἀγαθῶν,</span> <span class='ocrx_word' id='word_1_7' title='bbox 1521 495 1703 568; x_wconf 80' lang='grc' dir='ltr'>χάριτι</span> <span class='ocrx_word' id='word_1_8' title='bbox 1750 494 1844 548; x_wconf 72' lang='grc' dir='ltr'>καὶ</span> <span class='ocrx_word' id='word_1_9' title='bbox 1890 494 2010 564; x_wconf 82' lang='grc' dir='ltr'>φιλ-</span> 
     </span>
    </p>
   </div>
   <div class='ocr_carea' id='block_1_3' title="bbox 295 575 2010 673">
    <p class='ocr_par' dir='ltr' id='par_1_3' title="bbox 295 575 2010 673">
     <span class='ocr_line' id='line_1_3' title="bbox 295 575 2010 673; baseline -0.013 -18"><span class='ocrx_word' id='word_1_10' title='bbox 295 598 606 673; x_wconf 69' lang='grc' dir='ltr'>ανθρωπία</span> <span class='ocrx_word' id='word_1_11' title='bbox 638 593 732 648; x_wconf 88' lang='grc' dir='ltr'>τοῦ</span> <span class='ocrx_word' id='word_1_12' title='bbox 768 591 977 662; x_wconf 71' lang='grc' dir='ltr'>Κυρίου</span> <span class='ocrx_word' id='word_1_13' title='bbox 1012 588 1169 660; x_wconf 81' lang='grc' dir='ltr'>ἡμῶν</span> <span class='ocrx_word' id='word_1_14' title='bbox 1210 585 1386 658; x_wconf 86' lang='grc' dir='ltr'>Ἰησοῦ</span> <span class='ocrx_word' id='word_1_15' title='bbox 1422 583 1682 656; x_wconf 84' lang='grc' dir='ltr'>Χριστοῦ,</span> <span class='ocrx_word' id='word_1_16' title='bbox 1711 583 1779 636; x_wconf 88' lang='grc' dir='ltr'>δι’</span> <span class='ocrx_word' id='word_1_17' title='bbox 1811 575 1894 649; x_wconf 80' lang='grc' dir='ltr'>οὐ,</span> <span class='ocrx_word' id='word_1_18' title='bbox 1916 583 2010 635; x_wconf 82' lang='grc' dir='ltr'>καὶ</span> 
     </span>
    </p>
   </div>
   <div class='ocr_carea' id='block_1_4' title="bbox 1366 371 2628 442">
    <p class='ocr_par' dir='ltr' id='par_1_4' title="bbox 1366 371 2628 442">
     <span class='ocr_line' id='line_1_4' title="bbox 1366 371 2628 442; baseline -0.006 -8"><span class='ocrx_word' id='word_1_19' title='bbox 1366 380 1432 434; x_wconf 73' lang='lat' dir='ltr'>Vl</span> <span class='ocrx_word' id='word_1_20' title='bbox 1464 377 1773 442; x_wconf 78' lang='lat' dir='ltr'>HOMILIA,</span> <span class='ocrx_word' id='word_1_21' title='bbox 1814 374 2189 433; x_wconf 75' lang='lat' dir='ltr'>ADVERSUS</span> <span class='ocrx_word' id='word_1_22' title='bbox 2227 371 2628 432; x_wconf 77' lang='lat' dir='ltr'>CATHAROS.</span> 
     </span>
    </p>
   </div>
   <div class='ocr_carea' id='block_1_5' title="bbox 3700 359 3806 414">
    <p class='ocr_par' dir='ltr' id='par_1_5' title="bbox 3700 359 3806 414">
     <span class='ocr_line' id='line_1_5' title="bbox 3700 359 3806 414; baseline -0.038 0"><span class='ocrx_word' id='word_1_23' title='bbox 3700 359 3806 414; x_wconf 64' lang='grc' dir='ltr'>ιίίὶὲ</span> 
     </span>
    </p>
   </div>
   <div class='ocr_carea' id='block_1_6' title="bbox 2123 477 3814 566">
    <p class='ocr_par' dir='ltr' id='par_1_6' title="bbox 2123 477 3814 566">
     <span class='ocr_line' id='line_1_6' title="bbox 2123 477 3814 566; baseline -0.009 -19"><span class='ocrx_word' id='word_1_24' title='bbox 2123 493 2240 566; x_wconf 79' lang='grc' dir='ltr'>μεθ’</span> <span class='ocrx_word' id='word_1_25' title='bbox 2271 484 2332 546; x_wconf 72' lang='grc' dir='ltr'>οὗ</span> <span class='ocrx_word' id='word_1_26' title='bbox 2363 489 2440 561; x_wconf 79' lang='grc' dir='ltr'>τῷ</span> <span class='ocrx_word' id='word_1_27' title='bbox 2471 489 2646 562; x_wconf 76' lang='grc' dir='ltr'>Πατρὶ</span> <span class='ocrx_word' id='word_1_28' title='bbox 2674 489 2707 558; x_wconf 81' lang='grc' dir='ltr'>ἡ</span> <span class='ocrx_word' id='word_1_29' title='bbox 2751 487 2898 552; x_wconf 75' lang='grc' dir='ltr'>δόξα,</span> <span class='ocrx_word' id='word_1_30' title='bbox 2937 488 3053 558; x_wconf 79' lang='grc' dir='ltr'>ἀμα</span> <span class='ocrx_word' id='word_1_31' title='bbox 3091 484 3171 556; x_wconf 83' lang='grc' dir='ltr'>τῷ</span> <span class='ocrx_word' id='word_1_32' title='bbox 3204 483 3347 554; x_wconf 85' lang='grc' dir='ltr'>ἁγίῳ</span> <span class='ocrx_word' id='word_1_33' title='bbox 3381 482 3683 552; x_wconf 81' lang='grc' dir='ltr'>Πνε-ύματι,</span> <span class='ocrx_word' id='word_1_34' title='bbox 3714 477 3814 533; x_wconf 77' lang='grc' dir='ltr'>νῦν</span> 
     </span>
    </p>
   </div>
   <div class='ocr_carea' id='block_1_7' title="bbox 2119 571 3595 646">
    <p class='ocr_par' dir='ltr' id='par_1_7' title="bbox 2119 571 3595 646">
     <span class='ocr_line' id='line_1_7' title="bbox 2119 571 3595 646; baseline -0.007 -9"><span class='ocrx_word' id='word_1_35' title='bbox 2119 584 2212 637; x_wconf 73' lang='grc' dir='ltr'>καὶ</span> <span class='ocrx_word' id='word_1_36' title='bbox 2235 583 2342 646; x_wconf 77' lang='grc' dir='ltr'>ἀεὶ,</span> <span class='ocrx_word' id='word_1_37' title='bbox 2370 582 2464 638; x_wconf 70' lang='grc' dir='ltr'>καὶ</span> <span class='ocrx_word' id='word_1_38' title='bbox 2486 583 2564 642; x_wconf 88' lang='grc' dir='ltr'>είς</span> <span class='ocrx_word' id='word_1_39' title='bbox 2595 578 2722 642; x_wconf 75' lang='grc' dir='ltr'>τοὺς</span> <span class='ocrx_word' id='word_1_40' title='bbox 2752 577 2952 640; x_wconf 82' lang='grc' dir='ltr'>αἰῶνας</span> <span class='ocrx_word' id='word_1_41' title='bbox 2982 576 3092 629; x_wconf 85' lang='grc' dir='ltr'>τῶν</span> <span class='ocrx_word' id='word_1_42' title='bbox 3126 571 3359 628; x_wconf 78' lang='grc' dir='ltr'>αεώνων.</span> <span class='ocrx_word' id='word_1_43' title='bbox 3400 571 3595 642; x_wconf 85' lang='grc' dir='ltr'>Ἀμήν.</span> 
     </span>
    </p>
   </div>
   <div class='ocr_carea' id='block_1_8' title="bbox 1845 1295 2221 1364">
    <p class='ocr_par' dir='ltr' id='par_1_8' title="bbox 1845 1295 2221 1364">
     <span class='ocr_line' id='line_1_8' title="bbox 1845 1295 2221 1364; baseline -0.011 -10"><span class='ocrx_word' id='word_1_44' title='bbox 1845 1298 2093 1354; x_wconf 79' lang='grc' dir='ltr'>ΟΜΙΛΙᾹ</span> <span class='ocrx_word' id='word_1_45' title='bbox 2127 1295 2221 1364; x_wconf 65' lang='grc' dir='ltr'>ς’.</span> 
     </span>
    </p>
   </div>
   <div class='ocr_carea' id='block_1_9' title="bbox 326 1511 2020 1602">
    <p class='ocr_par' dir='ltr' id='par_1_9' title="bbox 326 1511 2020 1602">
     <span class='ocr_line' id='line_1_9' title="bbox 326 1511 2020 1602; baseline -0.014 -16"><span class='ocrx_word' id='word_1_46' title='bbox 326 1531 574 1602; x_wconf 58' lang='grc' dir='ltr'>Ὀμιλιέα</span> <span class='ocrx_word' id='word_1_47' title='bbox 614 1527 878 1602; x_wconf 29' lang='grc' dir='ltr'>ρηθεᾼῖσα</span> <span class='ocrx_word' id='word_1_48' title='bbox 1029 1520 1581 1602; x_wconf 61' lang='grc' dir='ltr'>τοῖςᾋποοτόλςις</span> <span class='ocrx_word' id='word_1_49' title='bbox 1611 1515 1680 1568; x_wconf 81' lang='grc' dir='ltr'>ὲν</span> <span class='ocrx_word' id='word_1_50' title='bbox 1724 1511 1800 1602; x_wconf 68' lang='grc' dir='ltr'>τῇ</span> <span class='ocrx_word' id='word_1_51' title='bbox 1829 1511 2020 1598; x_wconf 63' lang='grc' dir='ltr'>ἡμέρᾳ</span> 
     </span>
    </p>
   </div>
   <div class='ocr_carea' id='block_1_10' title="bbox 389 1581 2020 1662">
    <p class='ocr_par' dir='ltr' id='par_1_10' title="bbox 389 1581 2020 1662">
     <span class='ocr_line' id='line_1_10' title="bbox 389 1581 2020 1662; baseline -0.014 -4"><span class='ocrx_word' id='word_1_52' title='bbox 389 1581 1047 1662; x_wconf 56' lang='grc' dir='ltr'>δεοδοοῖίο“υβασι..ῖέως</span> <span class='ocrx_word' id='word_1_53' title='bbox 1068 1581 1219 1661; x_wconf 65' lang='grc' dir='ltr'>πρὸς</span> <span class='ocrx_word' id='word_1_54' title='bbox 1238 1592 1382 1658; x_wconf 83' lang='grc' dir='ltr'>τοὺς</span> <span class='ocrx_word' id='word_1_55' title='bbox 1395 1581 1736 1662; x_wconf 67' lang='grc' dir='ltr'>καλοῦντας</span> <span class='ocrx_word' id='word_1_56' title='bbox 1761 1581 2020 1647; x_wconf 82' lang='grc' dir='ltr'>ἑαυτοὺς</span> 
     </span>
    </p>
   </div>
   <div class='ocr_carea' id='block_1_11' title="bbox 391 1661 1805 1740">
    <p class='ocr_par' dir='ltr' id='par_1_11' title="bbox 391 1661 1805 1740">
     <span class='ocr_line' id='line_1_11' title="bbox 391 1661 1805 1740; baseline -0.013 -13"><span class='ocrx_word' id='word_1_57' title='bbox 391 1661 978 1740; x_wconf 64' lang='grc' dir='ltr'>Καθαροὺς-,ἐτέρων</span> <span class='ocrx_word' id='word_1_58' title='bbox 993 1667 1054 1732; x_wconf 81' lang='grc' dir='ltr'>,ϐ’</span> <span class='ocrx_word' id='word_1_59' title='bbox 1083 1666 1438 1719; x_wconf 75' lang='grc' dir='ltr'>ἐπισκόπων</span> <span class='ocrx_word' id='word_1_60' title='bbox 1460 1661 1805 1728; x_wconf 67' lang='grc' dir='ltr'>εἰρηκότων.</span> 
     </span>
    </p>
   </div>
   <div class='ocr_carea' id='block_1_12' title="bbox 391 1760 2024 1845">
    <p class='ocr_par' dir='ltr' id='par_1_12' title="bbox 391 1760 2024 1845">
     <span class='ocr_line' id='line_1_12' title="bbox 391 1760 2024 1845; baseline -0.013 -9"><span class='ocrx_word' id='word_1_61' title='bbox 391 1781 465 1836; x_wconf 83' lang='grc' dir='ltr'>α’.</span> <span class='ocrx_word' id='word_1_62' title='bbox 506 1780 597 1842; x_wconf 85' lang='grc' dir='ltr'>Ὦς</span> <span class='ocrx_word' id='word_1_63' title='bbox 621 1775 765 1845; x_wconf 76' lang='grc' dir='ltr'>καλὴ</span> <span class='ocrx_word' id='word_1_64' title='bbox 818 1775 928 1828; x_wconf 86' lang='grc' dir='ltr'>τῶν</span> <span class='ocrx_word' id='word_1_65' title='bbox 974 1772 1275 1845; x_wconf 80' lang='grc' dir='ltr'>εἰρηκότων</span> <span class='ocrx_word' id='word_1_66' title='bbox 1307 1772 1341 1842; x_wconf 77' lang='grc' dir='ltr'><strong>ἡ</strong></span> <span class='ocrx_word' id='word_1_67' title='bbox 1375 1767 1626 1838; x_wconf 78' lang='grc' dir='ltr'>ξυνωρὶς,</span> <span class='ocrx_word' id='word_1_68' title='bbox 1670 1762 1762 1817; x_wconf 87' lang='grc' dir='ltr'>τοῦ</span> <span class='ocrx_word' id='word_1_69' title='bbox 1806 1760 2024 1833; x_wconf 73' lang='grc' dir='ltr'>μένιδιά</span> 
     </span>
    </p>
   </div>
   <div class='ocr_carea' id='block_1_13' title="bbox 315 1847 2024 1940">
    <p class='ocr_par' dir='ltr' id='par_1_13' title="bbox 315 1847 2024 1940">
     <span class='ocr_line' id='line_1_13' title="bbox 315 1847 2024 1940; baseline -0.015 -15"><span class='ocrx_word' id='word_1_70' title='bbox 315 1871 432 1925; x_wconf 82' lang='grc' dir='ltr'>τῶν</span> <span class='ocrx_word' id='word_1_71' title='bbox 468 1869 610 1940; x_wconf 72' lang='grc' dir='ltr'>βοῶν</span> <span class='ocrx_word' id='word_1_72' title='bbox 629 1868 732 1937; x_wconf 82' lang='grc' dir='ltr'>τὴν</span> <span class='ocrx_word' id='word_1_73' title='bbox 761 1862 998 1919; x_wconf 81' lang='grc' dir='ltr'>κιϐωτὸν</span> <span class='ocrx_word' id='word_1_74' title='bbox 1028 1861 1302 1922; x_wconf 76' lang='grc' dir='ltr'>ἕλκοντος,</span> <span class='ocrx_word' id='word_1_75' title='bbox 1331 1857 1426 1911; x_wconf 84' lang='grc' dir='ltr'>τοῦ</span> <span class='ocrx_word' id='word_1_76' title='bbox 1446 1855 1617 1918; x_wconf 76' lang='grc' dir='ltr'>δὲτὰς</span> <span class='ocrx_word' id='word_1_77' title='bbox 1644 1851 1902 1922; x_wconf 72' lang='grc' dir='ltr'>ἀπαρχὰς</span> <span class='ocrx_word' id='word_1_78' title='bbox 1917 1847 2024 1902; x_wconf 87' lang='grc' dir='ltr'>τῶν</span> 
     </span>
    </p>
   </div>
   <div class='ocr_carea' id='block_1_14' title="bbox 317 1939 2024 2029">
    <p class='ocr_par' dir='ltr' id='par_1_14' title="bbox 317 1939 2024 2029">
     <span class='ocr_line' id='line_1_14' title="bbox 317 1939 2024 2029; baseline -0.016 -13"><span class='ocrx_word' id='word_1_79' title='bbox 317 1962 500 2029; x_wconf 83' lang='grc' dir='ltr'>λόγων</span> <span class='ocrx_word' id='word_1_80' title='bbox 524 1957 893 2018; x_wconf 89' lang='grc' dir='ltr'>ἀνατιθέντος.</span> <span class='ocrx_word' id='word_1_81' title='bbox 929 1954 992 2006; x_wconf 74' lang='lat' dir='ltr'>El</span> <span class='ocrx_word' id='word_1_82' title='bbox 1013 1951 1124 2024; x_wconf 78' lang='grc' dir='ltr'>γάρ</span> <span class='ocrx_word' id='word_1_83' title='bbox 1155 1950 1249 2005; x_wconf 77' lang='grc' dir='ltr'>καὶ</span> <span class='ocrx_word' id='word_1_84' title='bbox 1268 1949 1527 2017; x_wconf 80' lang='grc' dir='ltr'>διάφορος</span> <span class='ocrx_word' id='word_1_85' title='bbox 1547 1943 1728 1998; x_wconf 86' lang='grc' dir='ltr'>αὐτῶν</span> <span class='ocrx_word' id='word_1_86' title='bbox 1754 1943 1787 2012; x_wconf 82' lang='grc' dir='ltr'>ἡ</span> <span class='ocrx_word' id='word_1_87' title='bbox 1815 1939 2024 2011; x_wconf 82' lang='grc' dir='ltr'>ἡλικία,</span> 
     </span>
    </p>
   </div>
   <div class='ocr_carea' id='block_1_15' title="bbox 319 2028 2028 2120">
    <p class='ocr_par' dir='ltr' id='par_1_15' title="bbox 319 2028 2028 2120">
     <span class='ocr_line' id='line_1_15' title="bbox 319 2028 2028 2120; baseline -0.015 -14"><span class='ocrx_word' id='word_1_88' title='bbox 319 2028 464 2106; x_wconf 79' lang='grc' dir='ltr'>ἀλλά</span> <span class='ocrx_word' id='word_1_89' title='bbox 498 2050 597 2120; x_wconf 80' lang='grc' dir='ltr'>μία</span> <span class='ocrx_word' id='word_1_90' title='bbox 625 2047 728 2115; x_wconf 80' lang='grc' dir='ltr'>τῆς</span> <span class='ocrx_word' id='word_1_91' title='bbox 753 2042 1033 2114; x_wconf 82' lang='grc' dir='ltr'>γεωργίας</span> <span class='ocrx_word' id='word_1_92' title='bbox 1062 2043 1096 2112; x_wconf 84' lang='grc' dir='ltr'><strong>ἡ</strong></span> <span class='ocrx_word' id='word_1_93' title='bbox 1140 2039 1290 2093; x_wconf 75' lang='grc' dir='ltr'>ἰδέα·</span> <span class='ocrx_word' id='word_1_94' title='bbox 1335 2033 1490 2110; x_wconf 60' lang='grc' dir='ltr'>ίεεκι]</span> <span class='ocrx_word' id='word_1_95' title='bbox 1525 2032 1726 2106; x_wconf 86' lang='grc' dir='ltr'>μᾶλλον</span> <span class='ocrx_word' id='word_1_96' title='bbox 1755 2030 1813 2084; x_wconf 79' lang='grc' dir='ltr'>δὲ</span> <span class='ocrx_word' id='word_1_97' title='bbox 1841 2029 1962 2083; x_wconf 88' lang='grc' dir='ltr'>οὐδέ</span> <span class='ocrx_word' id='word_1_98' title='bbox 1993 2028 2028 2098; x_wconf 81' lang='grc' dir='ltr'>ἡ</span> 
     </span>
    </p>
   </div>
   <div class='ocr_carea' id='block_1_16' title="bbox 319 2116 2032 2206">
    <p class='ocr_par' dir='ltr' id='par_1_16' title="bbox 319 2116 2032 2206">
     <span class='ocr_line' id='line_1_16' title="bbox 319 2116 2032 2206; baseline -0.014 -15"><span class='ocrx_word' id='word_1_99' title='bbox 319 2116 516 2206; x_wconf 78' lang='grc' dir='ltr'>ἡλικία</span> <span class='ocrx_word' id='word_1_100' title='bbox 555 2137 812 2206; x_wconf 81' lang='grc' dir='ltr'>διάφορος</span> <span class='ocrx_word' id='word_1_101' title='bbox 837 2151 849 2162; x_wconf 93' lang='grc'><strong>·</strong></span> <span class='ocrx_word' id='word_1_102' title='bbox 885 2134 914 2186; x_wconf 86' lang='grc' dir='ltr'><strong>ὅ</strong></span> <span class='ocrx_word' id='word_1_103' title='bbox 944 2148 1004 2184; x_wconf 86' lang='grc' dir='ltr'>τε</span> <span class='ocrx_word' id='word_1_104' title='bbox 1032 2130 1142 2201; x_wconf 83' lang='grc' dir='ltr'>γὰρ</span> <span class='ocrx_word' id='word_1_105' title='bbox 1165 2129 1284 2192; x_wconf 87' lang='grc' dir='ltr'>νέος</span> <span class='ocrx_word' id='word_1_106' title='bbox 1307 2127 1368 2180; x_wconf 83' lang='grc' dir='ltr'>τὸ</span> <span class='ocrx_word' id='word_1_107' title='bbox 1387 2122 1647 2186; x_wconf 75' lang='grc' dir='ltr'>εὐπαθὲς</span> <span class='ocrx_word' id='word_1_108' title='bbox 1672 2119 1785 2191; x_wconf 72' lang='grc' dir='ltr'>ἔχει</span> <span class='ocrx_word' id='word_1_109' title='bbox 1811 2116 1906 2171; x_wconf 88' lang='grc' dir='ltr'>τοῦ</span> <span class='ocrx_word' id='word_1_110' title='bbox 1943 2133 2032 2185; x_wconf 82' lang='grc' dir='ltr'>γε-</span> 
     </span>
    </p>
   </div>
   <div class='ocr_carea' id='block_1_17' title="bbox 330 2203 2028 2298">
    <p class='ocr_par' dir='ltr' id='par_1_17' title="bbox 330 2203 2028 2298">
     <span class='ocr_line' id='line_1_17' title="bbox 330 2203 2028 2298; baseline -0.014 -17"><span class='ocrx_word' id='word_1_111' title='bbox 330 2203 666 2298; x_wconf 68' lang='grc' dir='ltr'>γηρακότος,</span> <span class='ocrx_word' id='word_1_112' title='bbox 685 2203 798 2278; x_wconf 38' lang='grc' dir='ltr'>ὂ-τε</span> <span class='ocrx_word' id='word_1_113' title='bbox 829 2217 1162 2292; x_wconf 86' lang='grc' dir='ltr'>γεγηρακὼς</span> <span class='ocrx_word' id='word_1_114' title='bbox 1181 2218 1242 2271; x_wconf 81' lang='grc' dir='ltr'>τὸ</span> <span class='ocrx_word' id='word_1_115' title='bbox 1267 2213 1515 2289; x_wconf 85' lang='grc' dir='ltr'>σφριγῶν</span> <span class='ocrx_word' id='word_1_116' title='bbox 1537 2211 1632 2265; x_wconf 55' lang='grc' dir='ltr'>καί¹</span> <span class='ocrx_word' id='word_1_117' title='bbox 1651 2208 1901 2279; x_wconf 79' lang='grc' dir='ltr'>ἀκμάζον</span> <span class='ocrx_word' id='word_1_118' title='bbox 1932 2203 2028 2258; x_wconf 89' lang='grc' dir='ltr'>τοῦ</span> 
     </span>
    </p>
   </div>
   <div class='ocr_carea' id='block_1_18' title="bbox 341 2291 2032 2379">
    <p class='ocr_par' dir='ltr' id='par_1_18' title="bbox 341 2291 2032 2379">
     <span class='ocr_line' id='line_1_18' title="bbox 341 2291 2032 2379; baseline -0.013 -13"><span class='ocrx_word' id='word_1_119' title='bbox 496 2331 511 2344; x_wconf 74' lang='grc' dir='ltr'>ο</span> <span class='ocrx_word' id='word_1_120' title='bbox 544 2312 679 2366; x_wconf 77' lang='grc' dir='ltr'>ὥστε</span> <span class='ocrx_word' id='word_1_121' title='bbox 702 2313 796 2365; x_wconf 81' lang='grc' dir='ltr'>οὐκ</span> <span class='ocrx_word' id='word_1_122' title='bbox 823 2311 890 2364; x_wconf 81' lang='grc' dir='ltr'>ἀν</span> <span class='ocrx_word' id='word_1_123' title='bbox 915 2291 1001 2372; x_wconf 84' lang='grc' dir='ltr'>τις</span> <span class='ocrx_word' id='word_1_124' title='bbox 1031 2306 1270 2379; x_wconf 78' lang='grc' dir='ltr'>ἁμάρτοι</span> <span class='ocrx_word' id='word_1_125' title='bbox 1299 2301 1646 2374; x_wconf 73' lang='grc' dir='ltr'>ἀμφοτέρους</span> <span class='ocrx_word' id='word_1_126' title='bbox 1667 2297 1762 2351; x_wconf 73' lang='grc' dir='ltr'>καὶ</span> <span class='ocrx_word' id='word_1_127' title='bbox 1793 2291 2032 2365; x_wconf 83' lang='grc' dir='ltr'>πρεσϐύ-</span> 
     </span>
    </p>
   </div>
   <div class='ocr_carea' id='block_1_19' title="bbox 342 2381 2032 2470">
    <p class='ocr_par' dir='ltr' id='par_1_19' title="bbox 342 2381 2032 2470">
     <span class='ocr_line' id='line_1_19' title="bbox 342 2381 2032 2470; baseline -0.015 -13"><span class='ocrx_word' id='word_1_128' title='bbox 342 2420 446 2464; x_wconf 86' lang='grc' dir='ltr'>τας</span> <span class='ocrx_word' id='word_1_129' title='bbox 474 2403 567 2456; x_wconf 75' lang='grc' dir='ltr'>καὶ</span> <span class='ocrx_word' id='word_1_130' title='bbox 597 2402 742 2464; x_wconf 83' lang='grc' dir='ltr'>νέους</span> <span class='ocrx_word' id='word_1_131' title='bbox 763 2395 1108 2470; x_wconf 85' lang='grc' dir='ltr'>προσειπὼν,</span> <span class='ocrx_word' id='word_1_132' title='bbox 1149 2395 1210 2448; x_wconf 91' lang='grc' dir='ltr'>οὐ</span> <span class='ocrx_word' id='word_1_133' title='bbox 1233 2391 1376 2447; x_wconf 89' lang='grc' dir='ltr'>κατά</span> <span class='ocrx_word' id='word_1_134' title='bbox 1399 2389 1504 2462; x_wconf 84' lang='grc' dir='ltr'>τὴν</span> <span class='ocrx_word' id='word_1_135' title='bbox 1529 2387 1643 2455; x_wconf 80' lang='grc' dir='ltr'>ἓξιν</span> <span class='ocrx_word' id='word_1_136' title='bbox 1668 2385 1769 2455; x_wconf 81' lang='grc' dir='ltr'>τῆς</span> <span class='ocrx_word' id='word_1_137' title='bbox 1788 2381 2032 2454; x_wconf 80' lang='grc' dir='ltr'>ἡλικίας,</span> 
     </span>
    </p>
   </div>
   <div class='ocr_carea' id='block_1_20' title="bbox 337 2471 2035 2562">
    <p class='ocr_par' dir='ltr' id='par_1_20' title="bbox 337 2471 2035 2562">
     <span class='ocr_line' id='line_1_20' title="bbox 337 2471 2035 2562; baseline -0.013 -16"><span class='ocrx_word' id='word_1_138' title='bbox 337 2492 480 2546; x_wconf 83' lang='grc' dir='ltr'>ἀλλά</span> <span class='ocrx_word' id='word_1_139' title='bbox 514 2492 650 2544; x_wconf 85' lang='grc' dir='ltr'>κατά</span> <span class='ocrx_word' id='word_1_140' title='bbox 670 2490 768 2562; x_wconf 84' lang='grc' dir='ltr'>τὴν</span> <span class='ocrx_word' id='word_1_141' title='bbox 788 2488 1032 2543; x_wconf 85' lang='grc' dir='ltr'>διάθεσιν</span> <span class='ocrx_word' id='word_1_142' title='bbox 1053 2486 1157 2556; x_wconf 72' lang='grc' dir='ltr'>τῆς</span> <span class='ocrx_word' id='word_1_143' title='bbox 1189 2481 1437 2552; x_wconf 85' lang='grc' dir='ltr'>γνώμης.</span> <span class='ocrx_word' id='word_1_144' title='bbox 1473 2477 1610 2550; x_wconf 79' lang='grc' dir='ltr'>Φέρε</span> <span class='ocrx_word' id='word_1_145' title='bbox 1633 2476 1700 2548; x_wconf 79' lang='grc' dir='ltr'>δὴ</span> <span class='ocrx_word' id='word_1_146' title='bbox 1721 2473 1908 2528; x_wconf 83' lang='grc' dir='ltr'>λοιπὸν</span> <span class='ocrx_word' id='word_1_147' title='bbox 1937 2471 2035 2526; x_wconf 71' lang='grc' dir='ltr'>καὶ</span> 
     </span>
    </p>
   </div>
   <div class='ocr_carea' id='block_1_21' title="bbox 334 2561 2036 2651">
    <p class='ocr_par' dir='ltr' id='par_1_21' title="bbox 334 2561 2036 2651">
     <span class='ocr_line' id='line_1_21' title="bbox 334 2561 2036 2651; baseline -0.014 -15"><span class='ocrx_word' id='word_1_148' title='bbox 334 2584 504 2651; x_wconf 71' lang='grc' dir='ltr'>ἡμεῖς</span> <span class='ocrx_word' id='word_1_149' title='bbox 559 2581 625 2633; x_wconf 72' lang='grc' dir='ltr'>τὰ</span> <span class='ocrx_word' id='word_1_150' title='bbox 689 2561 820 2649; x_wconf 85' lang='grc' dir='ltr'>παρ’</span> <span class='ocrx_word' id='word_1_151' title='bbox 863 2577 1026 2647; x_wconf 85' lang='grc' dir='ltr'>ἡμῶν</span> <span class='ocrx_word' id='word_1_152' title='bbox 1084 2573 1266 2628; x_wconf 87' lang='grc' dir='ltr'>αὐτῶν</span> <span class='ocrx_word' id='word_1_153' title='bbox 1305 2568 1732 2638; x_wconf 84' lang='grc' dir='ltr'>είσενέγκωμεν.</span> <span class='ocrx_word' id='word_1_154' title='bbox 1765 2563 1876 2616; x_wconf 75' lang='grc' dir='ltr'>Καὶ</span> <span class='ocrx_word' id='word_1_155' title='bbox 1924 2561 2036 2631; x_wconf 83' lang='grc' dir='ltr'>γάρ</span> 
     </span>
    </p>
   </div>
   <div class='ocr_carea' id='block_1_22' title="bbox 331 2649 2038 2740">
    <p class='ocr_par' dir='ltr' id='par_1_22' title="bbox 331 2649 2038 2740">
     <span class='ocr_line' id='line_1_22' title="bbox 331 2649 2038 2740; baseline -0.013 -15"><span class='ocrx_word' id='word_1_156' title='bbox 331 2671 634 2740; x_wconf 80' lang='grc' dir='ltr'>ἀκόρεστον</span> <span class='ocrx_word' id='word_1_157' title='bbox 666 2667 823 2738; x_wconf 87' lang='grc' dir='ltr'>ὑμῶν</span> <span class='ocrx_word' id='word_1_158' title='bbox 857 2665 970 2738; x_wconf 79' lang='grc' dir='ltr'>ὁρῶ</span> <span class='ocrx_word' id='word_1_159' title='bbox 998 2663 1098 2736; x_wconf 82' lang='grc' dir='ltr'>τὴν</span> <span class='ocrx_word' id='word_1_160' title='bbox 1125 2662 1298 2732; x_wconf 81' lang='grc' dir='ltr'>ἀκοὴν</span> <span class='ocrx_word' id='word_1_161' title='bbox 1333 2653 1520 2724; x_wconf 81' lang='grc' dir='ltr'>οὖσαν,</span> <span class='ocrx_word' id='word_1_162' title='bbox 1559 2657 1655 2710; x_wconf 72' lang='grc' dir='ltr'>καὶ</span> <span class='ocrx_word' id='word_1_163' title='bbox 1687 2653 1849 2726; x_wconf 82' lang='grc' dir='ltr'>χρέος</span> <span class='ocrx_word' id='word_1_164' title='bbox 1877 2652 1940 2706; x_wconf 89' lang='grc' dir='ltr'>οὐ</span> <span class='ocrx_word' id='word_1_165' title='bbox 1976 2649 2038 2705; x_wconf 81' lang='grc' dir='ltr'>τὸ</span> 
     </span>
    </p>
   </div>
   <div class='ocr_carea' id='block_1_23' title="bbox 330 2741 2039 2830">
    <p class='ocr_par' dir='ltr' id='par_1_23' title="bbox 330 2741 2039 2830">
     <span class='ocr_line' id='line_1_23' title="bbox 330 2741 2039 2830; baseline -0.011 -18"><span class='ocrx_word' id='word_1_166' title='bbox 330 2761 496 2830; x_wconf 79' lang='grc' dir='ltr'>τυχὸν</span> <span class='ocrx_word' id='word_1_167' title='bbox 527 2759 820 2830; x_wconf 75' lang='grc' dir='ltr'>ὀφείλομεν</span> <span class='ocrx_word' id='word_1_168' title='bbox 851 2755 932 2828; x_wconf 81' lang='grc' dir='ltr'>τῷ</span> <span class='ocrx_word' id='word_1_169' title='bbox 960 2753 1218 2826; x_wconf 75' lang='grc' dir='ltr'>μακαρίῳ</span> <span class='ocrx_word' id='word_1_170' title='bbox 1240 2748 1528 2820; x_wconf 77' lang='grc' dir='ltr'>Θεοδοσίῳ,</span> <span class='ocrx_word' id='word_1_171' title='bbox 1545 2746 1644 2817; x_wconf 87' lang='grc' dir='ltr'>οὐχ</span> <span class='ocrx_word' id='word_1_172' title='bbox 1666 2745 1748 2798; x_wconf 81' lang='grc' dir='ltr'>ὅτι</span> <span class='ocrx_word' id='word_1_173' title='bbox 1785 2741 2039 2814; x_wconf 79' lang='grc' dir='ltr'>βασιλεὺς</span> 
     </span>
    </p>
   </div>
   <div class='ocr_carea' id='block_1_24' title="bbox 327 2831 2034 2922">
    <p class='ocr_par' dir='ltr' id='par_1_24' title="bbox 327 2831 2034 2922">
     <span class='ocr_line' id='line_1_24' title="bbox 327 2831 2034 2922; baseline -0.011 -19"><span class='ocrx_word' id='word_1_174' title='bbox 327 2846 422 2922; x_wconf 79' lang='grc' dir='ltr'>ἦν,</span> <span class='ocrx_word' id='word_1_175' title='bbox 460 2849 578 2904; x_wconf 80' lang='grc' dir='ltr'>ἀλλ’</span> <span class='ocrx_word' id='word_1_176' title='bbox 601 2851 686 2903; x_wconf 80' lang='grc' dir='ltr'>ὅτι</span> <span class='ocrx_word' id='word_1_177' title='bbox 728 2846 983 2917; x_wconf 80' lang='grc' dir='ltr'>εὐσεϐὴς,</span> <span class='ocrx_word' id='word_1_178' title='bbox 1019 2845 1120 2914; x_wconf 89' lang='grc' dir='ltr'>οὐχ</span> <span class='ocrx_word' id='word_1_179' title='bbox 1163 2845 1243 2897; x_wconf 84' lang='grc' dir='ltr'>ὅτι</span> <span class='ocrx_word' id='word_1_180' title='bbox 1285 2837 1576 2911; x_wconf 81' lang='grc' dir='ltr'>ἁλουργίδα</span> <span class='ocrx_word' id='word_1_181' title='bbox 1607 2831 1676 2908; x_wconf 78' lang='grc' dir='ltr'>ἦν</span> <span class='ocrx_word' id='word_1_182' title='bbox 1701 2832 2034 2905; x_wconf 85' lang='grc' dir='ltr'>περιϐεϐλη-</span> 
     </span>
    </p>
   </div>
   <div class='ocr_carea' id='block_1_25' title="bbox 334 2920 2038 3012">
    <p class='ocr_par' dir='ltr' id='par_1_25' title="bbox 334 2920 2038 3012">
     <span class='ocr_line' id='line_1_25' title="bbox 334 2920 2038 3012; baseline -0.013 -18"><span class='ocrx_word' id='word_1_183' title='bbox 334 2920 522 3012; x_wconf 82' lang='grc' dir='ltr'>μένος,</span> <span class='ocrx_word' id='word_1_184' title='bbox 553 2938 670 2992; x_wconf 86' lang='grc' dir='ltr'>ἀλλ’</span> <span class='ocrx_word' id='word_1_185' title='bbox 705 2938 790 2991; x_wconf 73' lang='grc' dir='ltr'>ὅτι</span> <span class='ocrx_word' id='word_1_186' title='bbox 822 2932 1060 3007; x_wconf 81' lang='grc' dir='ltr'>Χριστὸν</span> <span class='ocrx_word' id='word_1_187' title='bbox 1108 2929 1177 3004; x_wconf 81' lang='grc' dir='ltr'>ἦν</span> <span class='ocrx_word' id='word_1_188' title='bbox 1218 2928 1585 3000; x_wconf 79' lang='grc' dir='ltr'>ἐνδεδυμένος,</span> <span class='ocrx_word' id='word_1_189' title='bbox 1619 2923 1835 2995; x_wconf 87' lang='grc' dir='ltr'>ἱμάτιον</span> <span class='ocrx_word' id='word_1_190' title='bbox 1873 2920 2038 2993; x_wconf 83' lang='grc' dir='ltr'>μηδέ-</span> 
     </span>
    </p>
   </div>
   <div class='ocr_carea' id='block_1_26' title="bbox 331 3009 2040 3096">
    <p class='ocr_par' dir='ltr' id='par_1_26' title="bbox 331 3009 2040 3096">
     <span class='ocr_line' id='line_1_26' title="bbox 331 3009 2040 3096; baseline -0.013 -13"><span class='ocrx_word' id='word_1_191' title='bbox 331 3045 471 3084; x_wconf 84' lang='grc' dir='ltr'>ποτε</span> <span class='ocrx_word' id='word_1_192' title='bbox 515 3025 945 3096; x_wconf 75' lang='grc' dir='ltr'>παλαιούμενον,</span> <span class='ocrx_word' id='word_1_193' title='bbox 991 3023 1087 3076; x_wconf 69' lang='grc' dir='ltr'>καὶ</span> <span class='ocrx_word' id='word_1_194' title='bbox 1109 3020 1200 3074; x_wconf 82' lang='grc' dir='ltr'>τὸν</span> <span class='ocrx_word' id='word_1_195' title='bbox 1249 3017 1488 3088; x_wconf 85' lang='grc' dir='ltr'>θώρακα</span> <span class='ocrx_word' id='word_1_196' title='bbox 1527 3013 1806 3067; x_wconf 80' lang='grc' dir='ltr'>ἐνεδέδυτο</span> <span class='ocrx_word' id='word_1_197' title='bbox 1837 3009 1936 3079; x_wconf 79' lang='grc' dir='ltr'>τῆς</span> <span class='ocrx_word' id='word_1_198' title='bbox 1962 3009 2040 3062; x_wconf 86' lang='grc' dir='ltr'>δι-</span> 
     </span>
    </p>
   </div>
   <div class='ocr_carea' id='block_1_27' title="bbox 332 3096 2040 3188">
    <p class='ocr_par' dir='ltr' id='par_1_27' title="bbox 332 3096 2040 3188">
     <span class='ocr_line' id='line_1_27' title="bbox 332 3096 2040 3188; baseline -0.015 -15"><span class='ocrx_word' id='word_1_199' title='bbox 332 3117 660 3188; x_wconf 85' lang='grc' dir='ltr'>καιοσύνης,</span> <span class='ocrx_word' id='word_1_200' title='bbox 693 3116 789 3168; x_wconf 85' lang='grc' dir='ltr'>καί</span> <span class='ocrx_word' id='word_1_201' title='bbox 820 3113 890 3167; x_wconf 87' lang='grc' dir='ltr'>τὰ</span> <span class='ocrx_word' id='word_1_202' title='bbox 913 3111 1240 3182; x_wconf 83' lang='grc' dir='ltr'>ὑποδήματα</span> <span class='ocrx_word' id='word_1_203' title='bbox 1271 3104 1367 3159; x_wconf 89' lang='grc' dir='ltr'>τοῦ</span> <span class='ocrx_word' id='word_1_204' title='bbox 1409 3101 1731 3171; x_wconf 82' lang='grc' dir='ltr'>εὐαγγελίου</span> <span class='ocrx_word' id='word_1_205' title='bbox 1762 3098 1864 3168; x_wconf 86' lang='grc' dir='ltr'>τῆς</span> <span class='ocrx_word' id='word_1_206' title='bbox 1888 3096 2040 3168; x_wconf 76' lang='grc' dir='ltr'>εἰρή-</span> 
     </span>
    </p>
   </div>
   <div class='ocr_carea' id='block_1_28' title="bbox 331 3185 2040 3280">
    <p class='ocr_par' dir='ltr' id='par_1_28' title="bbox 331 3185 2040 3280">
     <span class='ocr_line' id='line_1_28' title="bbox 331 3185 2040 3280; baseline -0.015 -17"><span class='ocrx_word' id='word_1_207' title='bbox 331 3228 459 3280; x_wconf 83' lang='grc' dir='ltr'>νης,</span> <span class='ocrx_word' id='word_1_208' title='bbox 499 3185 602 3261; x_wconf 34' lang='grc' dir='ltr'>καὶ.</span> <span class='ocrx_word' id='word_1_209' title='bbox 621 3206 722 3277; x_wconf 84' lang='grc' dir='ltr'>τὴν</span> <span class='ocrx_word' id='word_1_210' title='bbox 744 3202 1028 3275; x_wconf 86' lang='grc' dir='ltr'>μάχαιραν</span> <span class='ocrx_word' id='word_1_211' title='bbox 1072 3198 1167 3252; x_wconf 89' lang='grc' dir='ltr'>τοῦ</span> <span class='ocrx_word' id='word_1_212' title='bbox 1205 3193 1539 3265; x_wconf 84' lang='grc' dir='ltr'>πνεύματος,</span> <span class='ocrx_word' id='word_1_213' title='bbox 1575 3190 1670 3245; x_wconf 78' lang='grc' dir='ltr'>καὶ</span> <span class='ocrx_word' id='word_1_214' title='bbox 1695 3188 1794 3259; x_wconf 83' lang='grc' dir='ltr'>τὴν</span> <span class='ocrx_word' id='word_1_215' title='bbox 1836 3185 2040 3242; x_wconf 79' lang='grc' dir='ltr'>ἀσπίδα</span> 
     </span>
    </p>
   </div>
   <div class='ocr_carea' id='block_1_29' title="bbox 330 3275 2042 3368">
    <p class='ocr_par' dir='ltr' id='par_1_29' title="bbox 330 3275 2042 3368">
     <span class='ocr_line' id='line_1_29' title="bbox 330 3275 2042 3368; baseline -0.014 -17"><span class='ocrx_word' id='word_1_216' title='bbox 330 3300 439 3368; x_wconf 81' lang='grc' dir='ltr'>τῆς</span> <span class='ocrx_word' id='word_1_217' title='bbox 465 3296 726 3359; x_wconf 87' lang='grc' dir='ltr'>πίστεως,</span> <span class='ocrx_word' id='word_1_218' title='bbox 759 3293 856 3346; x_wconf 71' lang='grc' dir='ltr'>καὶ</span> <span class='ocrx_word' id='word_1_219' title='bbox 881 3290 978 3361; x_wconf 79' lang='grc' dir='ltr'>τὴν</span> <span class='ocrx_word' id='word_1_220' title='bbox 996 3284 1430 3359; x_wconf 78' lang='grc' dir='ltr'>περικεφαλαίαν</span> <span class='ocrx_word' id='word_1_221' title='bbox 1450 3283 1546 3336; x_wconf 86' lang='grc' dir='ltr'>τοῦ</span> <span class='ocrx_word' id='word_1_222' title='bbox 1565 3278 1855 3351; x_wconf 86' lang='grc' dir='ltr'>σωτηρίου.</span> <span class='ocrx_word' id='word_1_223' title='bbox 1884 3275 2042 3330; x_wconf 80' lang='grc' dir='ltr'>Μετὰ</span> 
     </span>
    </p>
   </div>
   <div class='ocr_carea' id='block_1_30' title="bbox 331 3363 2045 3448">
    <p class='ocr_par' dir='ltr' id='par_1_30' title="bbox 331 3363 2045 3448">
     <span class='ocr_line' id='line_1_30' title="bbox 331 3363 2045 3448; baseline -0.013 -8"><span class='ocrx_word' id='word_1_224' title='bbox 331 3385 550 3440; x_wconf 64' lang='grc' dir='ltr'>τούτων</span> <span class='ocrx_word' id='word_1_225' title='bbox 577 3384 686 3438; x_wconf 88' lang='grc' dir='ltr'>τῶν</span> <span class='ocrx_word' id='word_1_226' title='bbox 708 3383 892 3437; x_wconf 86' lang='grc' dir='ltr'>ὃπλων</span> <span class='ocrx_word' id='word_1_227' title='bbox 910 3381 1037 3443; x_wconf 76' lang='grc' dir='ltr'>τοὺς</span> <span class='ocrx_word' id='word_1_228' title='bbox 1067 3375 1365 3448; x_wconf 80' lang='grc' dir='ltr'>τυράννους</span> <span class='ocrx_word' id='word_1_229' title='bbox 1393 3371 1682 3432; x_wconf 85' lang='grc' dir='ltr'>κατέλυσε,</span> <span class='ocrx_word' id='word_1_230' title='bbox 1717 3367 1810 3422; x_wconf 87' lang='grc' dir='ltr'>τόν</span> <span class='ocrx_word' id='word_1_231' title='bbox 1830 3382 1889 3420; x_wconf 87' lang='grc' dir='ltr'>τε</span> <span class='ocrx_word' id='word_1_232' title='bbox 1917 3363 2045 3436; x_wconf 87' lang='grc' dir='ltr'>πρό-</span> 
     </span>
    </p>
   </div>
   <div class='ocr_carea' id='block_1_31' title="bbox 329 3454 2045 3542">
    <p class='ocr_par' dir='ltr' id='par_1_31' title="bbox 329 3454 2045 3542">
     <span class='ocr_line' id='line_1_31' title="bbox 329 3454 2045 3542; baseline -0.014 -12"><span class='ocrx_word' id='word_1_233' title='bbox 329 3493 396 3528; x_wconf 77' lang='grc' dir='ltr'>σεε</span> <span class='ocrx_word' id='word_1_234' title='bbox 407 3493 503 3542; x_wconf 89' lang='grc' dir='ltr'>ρον</span> <span class='ocrx_word' id='word_1_235' title='bbox 518 3473 724 3528; x_wconf 74' lang='grc' dir='ltr'>καὶτὸν</span> <span class='ocrx_word' id='word_1_236' title='bbox 745 3470 994 3542; x_wconf 76' lang='grc' dir='ltr'>ἔσχατον.</span> <span class='ocrx_word' id='word_1_237' title='bbox 1019 3467 1124 3520; x_wconf 85' lang='grc' dir='ltr'>Τὸν</span> <span class='ocrx_word' id='word_1_238' title='bbox 1157 3466 1253 3537; x_wconf 82' lang='grc' dir='ltr'>μὲν</span> <span class='ocrx_word' id='word_1_239' title='bbox 1268 3464 1377 3535; x_wconf 88' lang='grc' dir='ltr'>γάρ</span> <span class='ocrx_word' id='word_1_240' title='bbox 1395 3460 1630 3531; x_wconf 74' lang='grc' dir='ltr'>ἀπονητὶ</span> <span class='ocrx_word' id='word_1_241' title='bbox 1657 3457 1752 3512; x_wconf 73' lang='grc' dir='ltr'>καὶ</span> <span class='ocrx_word' id='word_1_242' title='bbox 1769 3454 2045 3526; x_wconf 80' lang='grc' dir='ltr'>ἀναιμωτὶ</span> 
     </span>
    </p>
   </div>
   <div class='ocr_carea' id='block_1_32' title="bbox 332 3541 2044 3634">
    <p class='ocr_par' dir='ltr' id='par_1_32' title="bbox 332 3541 2044 3634">
     <span class='ocr_line' id='line_1_32' title="bbox 332 3541 2044 3634; baseline -0.013 -17"><span class='ocrx_word' id='word_1_243' title='bbox 332 3541 549 3625; x_wconf 81' lang='grc' dir='ltr'>λαϐὼν,</span> <span class='ocrx_word' id='word_1_244' title='bbox 581 3563 641 3616; x_wconf 85' lang='grc' dir='ltr'>τὺ</span> <span class='ocrx_word' id='word_1_245' title='bbox 665 3541 932 3634; x_wconf 82' lang='grc' dir='ltr'>τρόπαιον</span> <span class='ocrx_word' id='word_1_246' title='bbox 964 3559 1184 3627; x_wconf 73' lang='grc' dir='ltr'>ἔστησε,</span> <span class='ocrx_word' id='word_1_247' title='bbox 1212 3553 1346 3624; x_wconf 87' lang='grc' dir='ltr'>μηδέ</span> <span class='ocrx_word' id='word_1_248' title='bbox 1380 3550 1576 3623; x_wconf 83' lang='grc' dir='ltr'>μικρὸν</span> <span class='ocrx_word' id='word_1_249' title='bbox 1619 3544 1910 3602; x_wconf 87' lang='grc' dir='ltr'>ἀποϐαλὼν</span> <span class='ocrx_word' id='word_1_250' title='bbox 1949 3541 2044 3596; x_wconf 87' lang='grc' dir='ltr'>τοῦ</span> 
     </span>
    </p>
   </div>
   <div class='ocr_carea' id='block_1_33' title="bbox 335 3633 2044 3722">
    <p class='ocr_par' dir='ltr' id='par_1_33' title="bbox 335 3633 2044 3722">
     <span class='ocr_line' id='line_1_33' title="bbox 335 3633 2044 3722; baseline -0.012 -14"><span class='ocrx_word' id='word_1_251' title='bbox 335 3633 748 3722; x_wconf 81' lang='grc' dir='ltr'>στρατοπέδου·</span> <span class='ocrx_word' id='word_1_252' title='bbox 775 3650 866 3704; x_wconf 75' lang='grc' dir='ltr'>τὸν</span> <span class='ocrx_word' id='word_1_253' title='bbox 891 3648 950 3701; x_wconf 80' lang='grc' dir='ltr'>δὲ</span> <span class='ocrx_word' id='word_1_254' title='bbox 973 3643 1248 3717; x_wconf 81' lang='grc' dir='ltr'>συμϐολῆς</span> <span class='ocrx_word' id='word_1_255' title='bbox 1266 3641 1568 3712; x_wconf 81' lang='grc' dir='ltr'>γενομένης</span> <span class='ocrx_word' id='word_1_256' title='bbox 1593 3637 1752 3709; x_wconf 86' lang='grc' dir='ltr'>μόνος</span> <span class='ocrx_word' id='word_1_257' title='bbox 1774 3633 2044 3689; x_wconf 77' lang='grc' dir='ltr'>καθεῖλεν.</span> 
     </span>
    </p>
   </div>
   <div class='ocr_carea' id='block_1_34' title="bbox 349 3723 2047 3813">
    <p class='ocr_par' dir='ltr' id='par_1_34' title="bbox 349 3723 2047 3813">
     <span class='ocr_line' id='line_1_34' title="bbox 349 3723 2047 3813; baseline -0.016 -15"><span class='ocrx_word' id='word_1_258' title='bbox 349 3741 584 3812; x_wconf 77' lang='grc' dir='ltr'>Ἐπειδὴ</span> <span class='ocrx_word' id='word_1_259' title='bbox 636 3741 747 3813; x_wconf 91' lang='grc' dir='ltr'>γάρ</span> <span class='ocrx_word' id='word_1_260' title='bbox 791 3739 848 3806; x_wconf 79' lang='grc' dir='ltr'>ἐξ</span> <span class='ocrx_word' id='word_1_261' title='bbox 887 3735 1153 3807; x_wconf 81' lang='grc' dir='ltr'>ἐκατέρου</span> <span class='ocrx_word' id='word_1_262' title='bbox 1186 3732 1389 3804; x_wconf 80' lang='grc' dir='ltr'>μέρους</span> <span class='ocrx_word' id='word_1_263' title='bbox 1420 3727 1491 3781; x_wconf 87' lang='grc' dir='ltr'>τά</span> <span class='ocrx_word' id='word_1_264' title='bbox 1533 3723 1871 3798; x_wconf 84' lang='grc' dir='ltr'>στρατόπεδα</span> <span class='ocrx_word' id='word_1_265' title='bbox 1901 3736 2047 3792; x_wconf 85' lang='grc' dir='ltr'>παρ-</span> 
     </span>
    </p>
   </div>
   <div class='ocr_carea' id='block_1_35' title="bbox 337 3807 2048 3896">
    <p class='ocr_par' dir='ltr' id='par_1_35' title="bbox 337 3807 2048 3896">
     <span class='ocr_line' id='line_1_35' title="bbox 337 3807 2048 3896; baseline -0.016 -9"><span class='ocrx_word' id='word_1_266' title='bbox 337 3807 625 3895; x_wconf 72' lang='grc' dir='ltr'>ετάττετο,</span> <span class='ocrx_word' id='word_1_267' title='bbox 650 3807 746 3882; x_wconf 63' lang='grc' dir='ltr'>καλ</span> <span class='ocrx_word' id='word_1_268' title='bbox 767 3828 905 3896; x_wconf 87' lang='grc' dir='ltr'>νέφη</span> <span class='ocrx_word' id='word_1_269' title='bbox 933 3821 1102 3895; x_wconf 83' lang='grc' dir='ltr'>βελῶν</span> <span class='ocrx_word' id='word_1_270' title='bbox 1122 3821 1335 3892; x_wconf 77' lang='grc' dir='ltr'>ἠφίετο,</span> <span class='ocrx_word' id='word_1_271' title='bbox 1357 3817 1454 3871; x_wconf 68' lang='grc' dir='ltr'>καλ⁸</span> <span class='ocrx_word' id='word_1_272' title='bbox 1486 3813 1674 3887; x_wconf 76' lang='grc' dir='ltr'>τροπὴ</span> <span class='ocrx_word' id='word_1_273' title='bbox 1695 3811 1805 3865; x_wconf 88' lang='grc' dir='ltr'>τῶν</span> <span class='ocrx_word' id='word_1_274' title='bbox 1831 3807 2048 3863; x_wconf 78' lang='grc' dir='ltr'>οἰκείων</span> 
     </span>
    </p>
   </div>
   <div class='ocr_carea' id='block_1_36' title="bbox 339 3896 2051 3988">
    <p class='ocr_par' dir='ltr' id='par_1_36' title="bbox 339 3896 2051 3988">
     <span class='ocr_line' id='line_1_36' title="bbox 339 3896 2051 3988; baseline -0.015 -15"><span class='ocrx_word' id='word_1_275' title='bbox 339 3920 583 3988; x_wconf 81' lang='grc' dir='ltr'>ἐγίνετο,</span> <span class='ocrx_word' id='word_1_276' title='bbox 618 3915 730 3969; x_wconf 87' lang='grc' dir='ltr'>τῶν</span> <span class='ocrx_word' id='word_1_277' title='bbox 763 3913 1022 3968; x_wconf 87' lang='grc' dir='ltr'>ἐναντίων</span> <span class='ocrx_word' id='word_1_278' title='bbox 1050 3907 1418 3979; x_wconf 79' lang='grc' dir='ltr'>ἐπικειμένων</span> <span class='ocrx_word' id='word_1_279' title='bbox 1462 3901 1727 3975; x_wconf 82' lang='grc' dir='ltr'>σφοδρῶς,</span> <span class='ocrx_word' id='word_1_280' title='bbox 1764 3896 2051 3970; x_wconf 87' lang='grc' dir='ltr'>ἀποπηδή-</span> 
     </span>
    </p>
   </div>
   <div class='ocr_carea' id='block_1_37' title="bbox 341 3988 2051 4074">
    <p class='ocr_par' dir='ltr' id='par_1_37' title="bbox 341 3988 2051 4074">
     <span class='ocr_line' id='line_1_37' title="bbox 341 3988 2051 4074; baseline -0.013 -10"><span class='ocrx_word' id='word_1_281' title='bbox 341 4028 452 4074; x_wconf 81' lang='grc' dir='ltr'>σας</span> <span class='ocrx_word' id='word_1_282' title='bbox 485 4007 582 4062; x_wconf 88' lang='grc' dir='ltr'>τοῦ</span> <span class='ocrx_word' id='word_1_283' title='bbox 618 4003 939 4070; x_wconf 64' lang='grc' dir='ltr'>ἵπποιηικαὶ</span> <span class='ocrx_word' id='word_1_284' title='bbox 975 4000 1076 4072; x_wconf 83' lang='grc' dir='ltr'>τὴν</span> <span class='ocrx_word' id='word_1_285' title='bbox 1113 3997 1317 4054; x_wconf 83' lang='grc' dir='ltr'>ἀσπίδα</span> <span class='ocrx_word' id='word_1_286' title='bbox 1335 3994 1514 4067; x_wconf 77' lang='grc' dir='ltr'>χαμαὶ</span> <span class='ocrx_word' id='word_1_287' title='bbox 1541 3992 1676 4055; x_wconf 73' lang='grc' dir='ltr'>θεὶς,</span> <span class='ocrx_word' id='word_1_288' title='bbox 1720 3991 1816 4044; x_wconf 76' lang='grc' dir='ltr'>καὶ</span> <span class='ocrx_word' id='word_1_289' title='bbox 1845 3988 2051 4057; x_wconf 87' lang='grc' dir='ltr'>γόνατα</span> 
     </span>
    </p>
   </div>
   <div class='ocr_carea' id='block_1_38' title="bbox 341 4075 2054 4161">
    <p class='ocr_par' dir='ltr' id='par_1_38' title="bbox 341 4075 2054 4161">
     <span class='ocr_line' id='line_1_38' title="bbox 341 4075 2054 4161; baseline -0.016 -7"><span class='ocrx_word' id='word_1_290' title='bbox 341 4099 559 4160; x_wconf 78' lang='grc' dir='ltr'>κλίνας,</span> <span class='ocrx_word' id='word_1_291' title='bbox 595 4097 661 4148; x_wconf 74' lang='grc' dir='ltr'>ἐκ</span> <span class='ocrx_word' id='word_1_292' title='bbox 690 4093 800 4147; x_wconf 86' lang='grc' dir='ltr'>τῶν</span> <span class='ocrx_word' id='word_1_293' title='bbox 828 4089 1073 4161; x_wconf 83' lang='grc' dir='ltr'>οὐρανῶν</span> <span class='ocrx_word' id='word_1_294' title='bbox 1103 4089 1204 4158; x_wconf 77' lang='grc' dir='ltr'>τὴν</span> <span class='ocrx_word' id='word_1_295' title='bbox 1237 4083 1556 4156; x_wconf 83' lang='grc' dir='ltr'>συμμαχίαν</span> <span class='ocrx_word' id='word_1_296' title='bbox 1588 4079 1796 4144; x_wconf 82' lang='grc' dir='ltr'>ἐκάλει,</span> <span class='ocrx_word' id='word_1_297' title='bbox 1830 4077 1925 4131; x_wconf 82' lang='grc' dir='ltr'>καὶ</span> <span class='ocrx_word' id='word_1_298' title='bbox 1961 4075 2054 4128; x_wconf 82' lang='grc' dir='ltr'>τὸν</span> 
     </span>
    </p>
   </div>
   <div class='ocr_carea' id='block_1_39' title="bbox 337 4161 2054 4257">
    <p class='ocr_par' dir='ltr' id='par_1_39' title="bbox 337 4161 2054 4257">
     <span class='ocr_line' id='line_1_39' title="bbox 337 4161 2054 4257; baseline -0.016 -13"><span class='ocrx_word' id='word_1_299' title='bbox 337 4191 516 4246; x_wconf 80' lang='grc' dir='ltr'>τόπον</span> <span class='ocrx_word' id='word_1_300' title='bbox 547 4187 647 4257; x_wconf 85' lang='grc' dir='ltr'>τῆς</span> <span class='ocrx_word' id='word_1_301' title='bbox 673 4181 1036 4254; x_wconf 75' lang='grc' dir='ltr'>παρατάξεως</span> <span class='ocrx_word' id='word_1_302' title='bbox 1062 4179 1228 4233; x_wconf 89' lang='grc' dir='ltr'>τόπον</span> <span class='ocrx_word' id='word_1_303' title='bbox 1251 4161 1550 4244; x_wconf 80' lang='grc' dir='ltr'>ἐκκλησίας</span> <span class='ocrx_word' id='word_1_304' title='bbox 1571 4170 1765 4231; x_wconf 84' lang='grc' dir='ltr'>ἐποίει,</span> <span class='ocrx_word' id='word_1_305' title='bbox 1793 4166 1854 4221; x_wconf 89' lang='grc' dir='ltr'>οὐ</span> <span class='ocrx_word' id='word_1_306' title='bbox 1878 4163 2054 4230; x_wconf 81' lang='grc' dir='ltr'>τόξοις</span> 
     </span>
    </p>
   </div>
   <div class='ocr_carea' id='block_1_40' title="bbox 341 4254 2054 4350">
    <p class='ocr_par' dir='ltr' id='par_1_40' title="bbox 341 4254 2054 4350">
     <span class='ocr_line' id='line_1_40' title="bbox 341 4254 2054 4350; baseline -0.016 -18"><span class='ocrx_word' id='word_1_307' title='bbox 341 4279 447 4333; x_wconf 68' lang='grc' dir='ltr'>καὶ</span> <span class='ocrx_word' id='word_1_308' title='bbox 478 4254 714 4350; x_wconf 77' lang='grc' dir='ltr'>βέλεσιν,</span> <span class='ocrx_word' id='word_1_309' title='bbox 741 4271 864 4326; x_wconf 86' lang='grc' dir='ltr'>οὐδέ</span> <span class='ocrx_word' id='word_1_310' title='bbox 888 4269 1081 4342; x_wconf 79' lang='grc' dir='ltr'>δόρασι</span> <span class='ocrx_word' id='word_1_311' title='bbox 1111 4264 1389 4336; x_wconf 73' lang='grc' dir='ltr'>πολεμῶν,</span> <span class='ocrx_word' id='word_1_312' title='bbox 1413 4259 1551 4316; x_wconf 89' lang='grc' dir='ltr'>ἀλλά</span> <span class='ocrx_word' id='word_1_313' title='bbox 1577 4259 1811 4330; x_wconf 86' lang='grc' dir='ltr'>δάκρυσι</span> <span class='ocrx_word' id='word_1_314' title='bbox 1838 4256 1933 4309; x_wconf 73' lang='grc' dir='ltr'>καὶ</span> <span class='ocrx_word' id='word_1_315' title='bbox 1962 4254 2054 4306; x_wconf 72' lang='grc' dir='ltr'>εὐσ-</span> 
     </span>
    </p>
   </div>
   <div class='ocr_carea' id='block_1_41' title="bbox 343 4344 2052 4439">
    <p class='ocr_par' dir='ltr' id='par_1_41' title="bbox 343 4344 2052 4439">
     <span class='ocr_line' id='line_1_41' title="bbox 343 4344 2052 4439; baseline -0.016 -18"><span class='ocrx_word' id='word_1_316' title='bbox 343 4344 513 4439; x_wconf 66' lang='grc' dir='ltr'>χαῖς·</span> <span class='ocrx_word' id='word_1_317' title='bbox 551 4365 647 4417; x_wconf 73' lang='grc' dir='ltr'>καὶ</span> <span class='ocrx_word' id='word_1_318' title='bbox 671 4361 846 4423; x_wconf 75' lang='grc' dir='ltr'>οὕτως</span> <span class='ocrx_word' id='word_1_319' title='bbox 867 4359 1065 4431; x_wconf 86' lang='grc' dir='ltr'>ἀθρόον</span> <span class='ocrx_word' id='word_1_320' title='bbox 1100 4355 1304 4426; x_wconf 79' lang='grc' dir='ltr'>ἀνέμου</span> <span class='ocrx_word' id='word_1_321' title='bbox 1335 4348 1646 4423; x_wconf 81' lang='grc' dir='ltr'>προσϐολῆς</span> <span class='ocrx_word' id='word_1_322' title='bbox 1681 4344 2052 4418; x_wconf 80' lang='grc' dir='ltr'>ἐμπεσούσης,</span> 
     </span>
    </p>
   </div>
   <div class='ocr_carea' id='block_1_42' title="bbox 341 4432 2053 4526">
    <p class='ocr_par' dir='ltr' id='par_1_42' title="bbox 341 4432 2053 4526">
     <span class='ocr_line' id='line_1_42' title="bbox 341 4432 2053 4526; baseline -0.015 -18"><span class='ocrx_word' id='word_1_323' title='bbox 341 4432 417 4510; x_wconf 70' lang='grc' dir='ltr'>τὰ</span> <span class='ocrx_word' id='word_1_324' title='bbox 455 4455 556 4526; x_wconf 87' lang='grc' dir='ltr'>μέν</span> <span class='ocrx_word' id='word_1_325' title='bbox 587 4451 715 4524; x_wconf 83' lang='grc' dir='ltr'>βέλη</span> <span class='ocrx_word' id='word_1_326' title='bbox 731 4448 860 4503; x_wconf 80' lang='grc' dir='ltr'>’τῶν</span> <span class='ocrx_word' id='word_1_327' title='bbox 890 4446 1150 4502; x_wconf 87' lang='grc' dir='ltr'>ἐναντίων</span> <span class='ocrx_word' id='word_1_328' title='bbox 1181 4441 1327 4497; x_wconf 88' lang='grc' dir='ltr'>κατά</span> <span class='ocrx_word' id='word_1_329' title='bbox 1357 4439 1465 4492; x_wconf 89' lang='grc' dir='ltr'>τῶν</span> <span class='ocrx_word' id='word_1_330' title='bbox 1497 4435 1769 4507; x_wconf 78' lang='grc' dir='ltr'>ἀφιέντων</span> <span class='ocrx_word' id='word_1_331' title='bbox 1793 4432 2053 4504; x_wconf 84' lang='grc' dir='ltr'>ἐφέρετο·</span> 
     </span>
    </p>
   </div>
   <div class='ocr_carea' id='block_1_43' title="bbox 342 4518 2057 4610">
    <p class='ocr_par' dir='ltr' id='par_1_43' title="bbox 342 4518 2057 4610">
     <span class='ocr_line' id='line_1_43' title="bbox 342 4518 2057 4610; baseline -0.015 -13"><span class='ocrx_word' id='word_1_332' title='bbox 342 4548 396 4598; x_wconf 85' lang='grc' dir='ltr'>οἱ</span> <span class='ocrx_word' id='word_1_333' title='bbox 419 4518 482 4596; x_wconf 71' lang='grc' dir='ltr'>δέ</span> <span class='ocrx_word' id='word_1_334' title='bbox 505 4518 682 4610; x_wconf 85' lang='grc' dir='ltr'>θυμοῦ</span> <span class='ocrx_word' id='word_1_335' title='bbox 704 4518 964 4599; x_wconf 74' lang='grc' dir='ltr'>πνέοντες</span> <span class='ocrx_word' id='word_1_336' title='bbox 977 4533 1072 4589; x_wconf 78' lang='grc' dir='ltr'>καὶ</span> <span class='ocrx_word' id='word_1_337' title='bbox 1088 4532 1286 4601; x_wconf 78' lang='grc' dir='ltr'>φόνων,</span> <span class='ocrx_word' id='word_1_338' title='bbox 1305 4525 1543 4600; x_wconf 81' lang='grc' dir='ltr'>ὁρῶντες</span> <span class='ocrx_word' id='word_1_339' title='bbox 1567 4521 1836 4592; x_wconf 88' lang='grc' dir='ltr'>πολέμιοι,</span> <span class='ocrx_word' id='word_1_340' title='bbox 1863 4518 2057 4590; x_wconf 85' lang='grc' dir='ltr'>ἀθρόον</span> 
     </span>
    </p>
   </div>
   <div class='ocr_carea' id='block_1_44' title="bbox 349 4607 2059 4706">
    <p class='ocr_par' dir='ltr' id='par_1_44' title="bbox 349 4607 2059 4706">
     <span class='ocr_line' id='line_1_44' title="bbox 349 4607 2059 4706; baseline -0.015 -22"><span class='ocrx_word' id='word_1_341' title='bbox 349 4607 854 4706; x_wconf 85' lang='grc' dir='ltr'>μεταϐαλλόμενοι,</span> <span class='ocrx_word' id='word_1_342' title='bbox 907 4622 1095 4677; x_wconf 89' lang='grc' dir='ltr'>τοῦτον</span> <span class='ocrx_word' id='word_1_343' title='bbox 1149 4617 1376 4691; x_wconf 83' lang='grc' dir='ltr'>βασιλέα</span> <span class='ocrx_word' id='word_1_344' title='bbox 1411 4614 1800 4684; x_wconf 84' lang='grc' dir='ltr'>ἀνεκήρυττον,</span> <span class='ocrx_word' id='word_1_345' title='bbox 1840 4608 1938 4662; x_wconf 73' lang='grc' dir='ltr'>καὶ</span> <span class='ocrx_word' id='word_1_346' title='bbox 1967 4607 2059 4661; x_wconf 77' lang='grc' dir='ltr'>τὸν</span> 
     </span>
    </p>
   </div>
   <div class='ocr_carea' id='block_1_45' title="bbox 345 4697 2062 4788">
    <p class='ocr_par' dir='ltr' id='par_1_45' title="bbox 345 4697 2062 4788">
     <span class='ocr_line' id='line_1_45' title="bbox 345 4697 2062 4788; baseline -0.016 -12"><span class='ocrx_word' id='word_1_347' title='bbox 345 4720 541 4776; x_wconf 85' lang='grc' dir='ltr'>αὐτῶν</span> <span class='ocrx_word' id='word_1_348' title='bbox 597 4715 981 4788; x_wconf 76' lang='grc' dir='ltr'>παρεδίδοσαν,</span> <span class='ocrx_word' id='word_1_349' title='bbox 1022 4711 1200 4764; x_wconf 84' lang='grc' dir='ltr'>ὀπίσω</span> <span class='ocrx_word' id='word_1_350' title='bbox 1255 4708 1353 4770; x_wconf 88' lang='grc' dir='ltr'>τάς</span> <span class='ocrx_word' id='word_1_351' title='bbox 1405 4707 1596 4776; x_wconf 87' lang='grc' dir='ltr'>χεῖρας</span> <span class='ocrx_word' id='word_1_352' title='bbox 1631 4702 1916 4772; x_wconf 85' lang='grc' dir='ltr'>δήσαντες.</span> <span class='ocrx_word' id='word_1_353' title='bbox 1951 4697 2062 4750; x_wconf 61' lang='grc' dir='ltr'>Καί⁹</span> 
     </span>
    </p>
   </div>
   <div class='ocr_carea' id='block_1_46' title="bbox 346 4787 2058 4880">
    <p class='ocr_par' dir='ltr' id='par_1_46' title="bbox 346 4787 2058 4880">
     <span class='ocr_line' id='line_1_46' title="bbox 346 4787 2058 4880; baseline -0.017 -14"><span class='ocrx_word' id='word_1_354' title='bbox 346 4810 589 4880; x_wconf 75' lang='grc' dir='ltr'>ἐπανῄει</span> <span class='ocrx_word' id='word_1_355' title='bbox 619 4787 874 4878; x_wconf 74' lang='grc' dir='ltr'>λαμπρὸς</span> <span class='ocrx_word' id='word_1_356' title='bbox 901 4802 1186 4872; x_wconf 88' lang='grc' dir='ltr'>γινόμενος</span> <span class='ocrx_word' id='word_1_357' title='bbox 1219 4799 1249 4852; x_wconf 88' lang='lat'>6</span> <span class='ocrx_word' id='word_1_358' title='bbox 1282 4796 1554 4868; x_wconf 88' lang='grc' dir='ltr'>μακάριος</span> <span class='ocrx_word' id='word_1_359' title='bbox 1585 4790 1863 4852; x_wconf 82' lang='grc' dir='ltr'>Θεοδόσιος</span> <span class='ocrx_word' id='word_1_360' title='bbox 1898 4787 1961 4841; x_wconf 85' lang='grc' dir='ltr'>οὐ</span> <span class='ocrx_word' id='word_1_361' title='bbox 1990 4788 2058 4858; x_wconf 79' lang='grc' dir='ltr'>τῇ</span> 
     </span>
    </p>
   </div>
   <div class='ocr_carea' id='block_1_47' title="bbox 345 4877 2060 4972">
    <p class='ocr_par' dir='ltr' id='par_1_47' title="bbox 345 4877 2060 4972">
     <span class='ocr_line' id='line_1_47' title="bbox 345 4877 2060 4972; baseline -0.016 -16"><span class='ocrx_word' id='word_1_362' title='bbox 345 4904 481 4972; x_wconf 79' lang='grc' dir='ltr'>νίκῃ</span> <span class='ocrx_word' id='word_1_363' title='bbox 509 4877 704 4971; x_wconf 76' lang='grc' dir='ltr'>μόνον,</span> <span class='ocrx_word' id='word_1_364' title='bbox 751 4893 889 4950; x_wconf 82' lang='grc' dir='ltr'>ἀλλά</span> <span class='ocrx_word' id='word_1_365' title='bbox 919 4893 1014 4946; x_wconf 74' lang='grc' dir='ltr'>καὶ</span> <span class='ocrx_word' id='word_1_366' title='bbox 1064 4889 1143 4961; x_wconf 84' lang='grc' dir='ltr'>τῷ</span> <span class='ocrx_word' id='word_1_367' title='bbox 1195 4889 1383 4959; x_wconf 84' lang='grc' dir='ltr'>τρόπῳ</span> <span class='ocrx_word' id='word_1_368' title='bbox 1432 4886 1533 4955; x_wconf 82' lang='grc' dir='ltr'>τῆς</span> <span class='ocrx_word' id='word_1_369' title='bbox 1576 4882 1752 4952; x_wconf 85' lang='grc' dir='ltr'>νίκης.</span> <span class='ocrx_word' id='word_1_370' title='bbox 1805 4879 1881 4932; x_wconf 88' lang='grc' dir='ltr'>Οὐ</span> <span class='ocrx_word' id='word_1_371' title='bbox 1927 4877 2060 4949; x_wconf 74' lang='grc' dir='ltr'>γάρ,</span> 
     </span>
    </p>
   </div>
   <div class='ocr_carea' id='block_1_48' title="bbox 345 4964 2062 5060">
    <p class='ocr_par' dir='ltr' id='par_1_48' title="bbox 345 4964 2062 5060">
     <span class='ocr_line' id='line_1_48' title="bbox 345 4964 2062 5060; baseline -0.015 -17"><span class='ocrx_word' id='word_1_372' title='bbox 345 4991 551 5060; x_wconf 81' lang='grc' dir='ltr'>ὥσπερ</span> <span class='ocrx_word' id='word_1_373' title='bbox 586 4987 678 5040; x_wconf 81' lang='grc' dir='ltr'>ἐπὶ</span> <span class='ocrx_word' id='word_1_374' title='bbox 709 4983 822 5037; x_wconf 85' lang='grc' dir='ltr'>τῶν</span> <span class='ocrx_word' id='word_1_375' title='bbox 850 4981 1027 5037; x_wconf 84' lang='grc' dir='ltr'>ἄλλων</span> <span class='ocrx_word' id='word_1_376' title='bbox 1060 4976 1347 5048; x_wconf 84' lang='grc' dir='ltr'>βασιλέων,</span> <span class='ocrx_word' id='word_1_377' title='bbox 1380 4971 1696 5046; x_wconf 82' lang='grc' dir='ltr'>μερίζονται</span> <span class='ocrx_word' id='word_1_378' title='bbox 1723 4967 1862 5040; x_wconf 84' lang='grc' dir='ltr'>πρὸς</span> <span class='ocrx_word' id='word_1_379' title='bbox 1899 4964 2062 5020; x_wconf 85' lang='grc' dir='ltr'>αὐτὸν</span> 
     </span>
    </p>
   </div>
   <div class='ocr_carea' id='block_1_49' title="bbox 346 5053 2063 5149">
    <p class='ocr_par' dir='ltr' id='par_1_49' title="bbox 346 5053 2063 5149">
     <span class='ocr_line' id='line_1_49' title="bbox 346 5053 2063 5149; baseline -0.016 -16"><span class='ocrx_word' id='word_1_380' title='bbox 346 5081 416 5134; x_wconf 74' lang='grc' dir='ltr'>τὸ</span> <span class='ocrx_word' id='word_1_381' title='bbox 440 5078 706 5149; x_wconf 86' lang='grc' dir='ltr'>τρόπαιον</span> <span class='ocrx_word' id='word_1_382' title='bbox 735 5073 790 5125; x_wconf 74' lang='grc' dir='ltr'>οἱ</span> <span class='ocrx_word' id='word_1_383' title='bbox 821 5068 1175 5142; x_wconf 88' lang='grc' dir='ltr'>στρατιῶται,</span> <span class='ocrx_word' id='word_1_384' title='bbox 1200 5063 1340 5118; x_wconf 87' lang='grc' dir='ltr'>ἀλλά</span> <span class='ocrx_word' id='word_1_385' title='bbox 1367 5063 1430 5116; x_wconf 82' lang='grc' dir='ltr'>τὸ</span> <span class='ocrx_word' id='word_1_386' title='bbox 1456 5063 1565 5115; x_wconf 79' lang='grc' dir='ltr'>πᾶν</span> <span class='ocrx_word' id='word_1_387' title='bbox 1590 5057 1756 5113; x_wconf 87' lang='grc' dir='ltr'>αὐτοῦ</span> <span class='ocrx_word' id='word_1_388' title='bbox 1786 5056 1947 5128; x_wconf 87' lang='grc' dir='ltr'>μόνου</span> <span class='ocrx_word' id='word_1_389' title='bbox 1969 5053 2063 5107; x_wconf 78' lang='grc' dir='ltr'>καὶ</span> 
     </span>
    </p>
   </div>
   <div class='ocr_carea' id='block_1_50' title="bbox 347 5141 2061 5239">
    <p class='ocr_par' dir='ltr' id='par_1_50' title="bbox 347 5141 2061 5239">
     <span class='ocr_line' id='line_1_50' title="bbox 347 5141 2061 5239; baseline -0.016 -18"><span class='ocrx_word' id='word_1_390' title='bbox 347 5169 457 5239; x_wconf 81' lang='grc' dir='ltr'>τῆς</span> <span class='ocrx_word' id='word_1_391' title='bbox 474 5163 644 5220; x_wconf 82' lang='grc' dir='ltr'>αὐτοῦ</span> <span class='ocrx_word' id='word_1_392' title='bbox 681 5161 920 5221; x_wconf 76' lang='grc' dir='ltr'>πίστεως</span> <span class='ocrx_word' id='word_1_393' title='bbox 938 5157 1166 5226; x_wconf 80' lang='grc' dir='ltr'>ἐγίνετο.</span> <span class='ocrx_word' id='word_1_394' title='bbox 1186 5153 1286 5205; x_wconf 87' lang='grc' dir='ltr'>Διά</span> <span class='ocrx_word' id='word_1_395' title='bbox 1303 5151 1367 5222; x_wconf 80' lang='grc' dir='ltr'>δὴ</span> <span class='ocrx_word' id='word_1_396' title='bbox 1393 5149 1553 5202; x_wconf 84' lang='grc' dir='ltr'>τοῦτο</span> <span class='ocrx_word' id='word_1_397' title='bbox 1567 5148 1730 5202; x_wconf 80' lang='grc' dir='ltr'>αὐτὸν</span> <span class='ocrx_word' id='word_1_398' title='bbox 1760 5141 2061 5216; x_wconf 75' lang='grc' dir='ltr'>μακαρίζο-</span> 
     </span>
    </p>
   </div>
   <div class='ocr_carea' id='block_1_51' title="bbox 355 5229 2066 5330">
    <p class='ocr_par' dir='ltr' id='par_1_51' title="bbox 355 5229 2066 5330">
     <span class='ocr_line' id='line_1_51' title="bbox 355 5229 2066 5330; baseline -0.017 -22"><span class='ocrx_word' id='word_1_399' title='bbox 355 5229 485 5330; x_wconf 74' lang='grc' dir='ltr'>μεν,</span> <span class='ocrx_word' id='word_1_400' title='bbox 516 5253 612 5309; x_wconf 75' lang='grc' dir='ltr'>καὶ</span> <span class='ocrx_word' id='word_1_401' title='bbox 641 5250 762 5303; x_wconf 83' lang='grc' dir='ltr'>οὐδέ</span> <span class='ocrx_word' id='word_1_402' title='bbox 789 5242 1238 5315; x_wconf 83' lang='grc' dir='ltr'>τετελευτηκέναι</span> <span class='ocrx_word' id='word_1_403' title='bbox 1256 5239 1439 5310; x_wconf 83' lang='grc' dir='ltr'>φαμέν</span> <span class='ocrx_word' id='word_1_404' title='bbox 1463 5254 1476 5269; x_wconf 88' lang='grc'><strong>·</strong></span> <span class='ocrx_word' id='word_1_405' title='bbox 1493 5235 1622 5301; x_wconf 81' lang='grc' dir='ltr'>Πᾶς</span> <span class='ocrx_word' id='word_1_406' title='bbox 1649 5233 1760 5306; x_wconf 79' lang='grc' dir='ltr'>γὰρ</span> <span class='ocrx_word' id='word_1_407' title='bbox 1791 5235 1824 5286; x_wconf 84' lang='grc' dir='ltr'><em>ὀ</em></span> <span class='ocrx_word' id='word_1_408' title='bbox 1847 5233 1933 5297; x_wconf 82' lang='grc' dir='ltr'>εἱς</span> <span class='ocrx_word' id='word_1_409' title='bbox 1959 5229 2066 5294; x_wconf 81' lang='grc' dir='ltr'>ἐμὲ</span> 
     </span>
    </p>
   </div>
   <div class='ocr_carea' id='block_1_52' title="bbox 351 5316 2066 5408">
    <p class='ocr_par' dir='ltr' id='par_1_52' title="bbox 351 5316 2066 5408">
     <span class='ocr_line' id='line_1_52' title="bbox 351 5316 2066 5408; baseline -0.016 -10"><span class='ocrx_word' id='word_1_410' title='bbox 351 5316 689 5404; x_wconf 51' lang='grc' dir='ltr'>πιστεύων,</span> <span class='ocrx_word' id='word_1_411' title='bbox 713 5337 869 5408; x_wconf 69' lang='grc' dir='ltr'>φησὶ,</span> <span class='ocrx_word' id='word_1_412' title='bbox 902 5334 1016 5389; x_wconf 76' lang='grc' dir='ltr'>κᾶν</span> <span class='ocrx_word' id='word_1_413' title='bbox 1039 5329 1337 5395; x_wconf 72' lang='grc' dir='ltr'>ἀποθάνῃ,</span> <span class='ocrx_word' id='word_1_414' title='bbox 1361 5326 1618 5392; x_wconf 75' lang='grc' dir='ltr'>ζήσεται,</span> <span class='ocrx_word' id='word_1_415' title='bbox 1649 5324 1746 5378; x_wconf 76' lang='grc' dir='ltr'>καὶ</span> <span class='ocrx_word' id='word_1_416' title='bbox 1761 5320 1880 5385; x_wconf 77' lang='grc' dir='ltr'>πᾶς</span> <span class='ocrx_word' id='word_1_417' title='bbox 1905 5323 1937 5373; x_wconf 85' lang='grc' dir='ltr'>ό</span> <span class='ocrx_word' id='word_1_418' title='bbox 1953 5316 2066 5379; x_wconf 75' lang='grc' dir='ltr'>ζῶν</span> 
     </span>
    </p>
   </div>
   <div class='ocr_carea' id='block_1_53' title="bbox 353 5406 2063 5492">
    <p class='ocr_par' dir='ltr' id='par_1_53' title="bbox 353 5406 2063 5492">
     <span class='ocr_line' id='line_1_53' title="bbox 353 5406 2063 5492; baseline -0.018 -5"><span class='ocrx_word' id='word_1_419' title='bbox 353 5432 463 5487; x_wconf 77' lang='grc' dir='ltr'>καὶ</span> <span class='ocrx_word' id='word_1_420' title='bbox 478 5406 790 5484; x_wconf 60' lang='grc' dir='ltr'>πιστεύωκ</span> <span class='ocrx_word' id='word_1_421' title='bbox 823 5428 909 5492; x_wconf 79' lang='grc' dir='ltr'>είς</span> <span class='ocrx_word' id='word_1_422' title='bbox 929 5421 1034 5492; x_wconf 81' lang='grc' dir='ltr'>ἐμὲ</span> <span class='ocrx_word' id='word_1_423' title='bbox 1056 5422 1126 5476; x_wconf 83' lang='grc' dir='ltr'>οὐ</span> <span class='ocrx_word' id='word_1_424' title='bbox 1139 5418 1224 5489; x_wconf 78' lang='grc' dir='ltr'>μὴ</span> <span class='ocrx_word' id='word_1_425' title='bbox 1243 5414 1538 5482; x_wconf 75' lang='grc' dir='ltr'>ἀποθάνῃ.</span> <span class='ocrx_word' id='word_1_426' title='bbox 1573 5410 1760 5465; x_wconf 88' lang='grc' dir='ltr'>Ταῦτα</span> <span class='ocrx_word' id='word_1_427' title='bbox 1777 5413 1804 5464; x_wconf 97' lang='lat'>6</span> <span class='ocrx_word' id='word_1_428' title='bbox 1828 5406 2063 5479; x_wconf 83' lang='grc' dir='ltr'>Χριστὸς</span> 
     </span>
    </p>
   </div>
   <div class='ocr_carea' id='block_1_54' title="bbox 354 5497 2064 5593">
    <p class='ocr_par' dir='ltr' id='par_1_54' title="bbox 354 5497 2064 5593">
     <span class='ocr_line' id='line_1_54' title="bbox 354 5497 2064 5593; baseline -0.016 -17"><span class='ocrx_word' id='word_1_429' title='bbox 354 5522 578 5593; x_wconf 81' lang='grc' dir='ltr'>εἴρηκε,</span> <span class='ocrx_word' id='word_1_430' title='bbox 595 5517 773 5572; x_wconf 83' lang='grc' dir='ltr'>ταῦτα</span> <span class='ocrx_word' id='word_1_431' title='bbox 800 5515 891 5570; x_wconf 86' lang='grc' dir='ltr'>διὰ</span> <span class='ocrx_word' id='word_1_432' title='bbox 917 5510 1224 5583; x_wconf 73' lang='grc' dir='ltr'>τῶνέργων</span> <span class='ocrx_word' id='word_1_433' title='bbox 1249 5503 1568 5575; x_wconf 81' lang='grc' dir='ltr'>διαλάμπει.</span> <span class='ocrx_word' id='word_1_434' title='bbox 1587 5501 1652 5555; x_wconf 89' lang='grc' dir='ltr'>Τί</span> <span class='ocrx_word' id='word_1_435' title='bbox 1669 5497 1784 5566; x_wconf 77' lang='grc' dir='ltr'>οὖν,</span> <span class='ocrx_word' id='word_1_436' title='bbox 1810 5501 1912 5552; x_wconf 85' lang='grc' dir='ltr'>οὐκ</span> <span class='ocrx_word' id='word_1_437' title='bbox 1959 5499 2064 5550; x_wconf 91' lang='grc' dir='ltr'>ἀπ-</span> 
     </span>
    </p>
   </div>
   <div class='ocr_carea' id='block_1_55' title="bbox 355 5585 2068 5679">
    <p class='ocr_par' dir='ltr' id='par_1_55' title="bbox 355 5585 2068 5679">
     <span class='ocr_line' id='line_1_55' title="bbox 355 5585 2068 5679; baseline -0.016 -13"><span class='ocrx_word' id='word_1_438' title='bbox 355 5585 548 5674; x_wconf 70' lang='grc' dir='ltr'>έθανε,</span> <span class='ocrx_word' id='word_1_439' title='bbox 578 5607 786 5679; x_wconf 74' lang='grc' dir='ltr'>φησίνς</span> <span class='ocrx_word' id='word_1_440' title='bbox 819 5600 1116 5673; x_wconf 77' lang='grc' dir='ltr'>Οὐδαμῶςο</span> <span class='ocrx_word' id='word_1_441' title='bbox 1148 5598 1212 5652; x_wconf 89' lang='grc' dir='ltr'>οὐ</span> <span class='ocrx_word' id='word_1_442' title='bbox 1259 5595 1365 5668; x_wconf 85' lang='grc' dir='ltr'>γὰρ</span> <span class='ocrx_word' id='word_1_443' title='bbox 1409 5593 1478 5647; x_wconf 81' lang='grc' dir='ltr'>ἂν</span> <span class='ocrx_word' id='word_1_444' title='bbox 1515 5592 1724 5661; x_wconf 85' lang='grc' dir='ltr'>είποιμι</span> <span class='ocrx_word' id='word_1_445' title='bbox 1750 5588 1941 5642; x_wconf 84' lang='grc' dir='ltr'>τοῦτον</span> <span class='ocrx_word' id='word_1_446' title='bbox 1969 5585 2068 5640; x_wconf 88' lang='grc' dir='ltr'>θά-</span> 
     </span>
    </p>
   </div>
   <div class='ocr_carea' id='block_1_56' title="bbox 359 5674 2067 5762">
    <p class='ocr_par' dir='ltr' id='par_1_56' title="bbox 359 5674 2067 5762">
     <span class='ocr_line' id='line_1_56' title="bbox 359 5674 2067 5762; baseline -0.018 -4"><span class='ocrx_word' id='word_1_447' title='bbox 359 5716 528 5757; x_wconf 76' lang='grc' dir='ltr'>νατον</span> <span class='ocrx_word' id='word_1_448' title='bbox 556 5674 883 5762; x_wconf 76' lang='grc' dir='ltr'>είναι,-ἀλλά</span> <span class='ocrx_word' id='word_1_449' title='bbox 907 5691 1075 5746; x_wconf 74' lang='grc' dir='ltr'>ὕπνον</span> <span class='ocrx_word' id='word_1_450' title='bbox 1102 5687 1224 5742; x_wconf 77' lang='grc' dir='ltr'>τι.νά</span> <span class='ocrx_word' id='word_1_451' title='bbox 1255 5685 1351 5740; x_wconf 79' lang='grc' dir='ltr'>καὶ</span> <span class='ocrx_word' id='word_1_452' title='bbox 1380 5681 1712 5753; x_wconf 83' lang='grc' dir='ltr'>ἀποδημίαν.</span> <span class='ocrx_word' id='word_1_453' title='bbox 1730 5674 2067 5749; x_wconf 77' lang='grc' dir='ltr'>Ὢσπεργάρ</span> 
     </span>
    </p>
   </div>
   <div class='ocr_carea' id='block_1_57' title="bbox 359 5765 2068 5850">
    <p class='ocr_par' dir='ltr' id='par_1_57' title="bbox 359 5765 2068 5850">
     <span class='ocr_line' id='line_1_57' title="bbox 359 5765 2068 5850; baseline -0.016 -6"><span class='ocrx_word' id='word_1_454' title='bbox 359 5787 558 5844; x_wconf 77' lang='grc' dir='ltr'>πολλοὶ</span> <span class='ocrx_word' id='word_1_455' title='bbox 594 5786 703 5840; x_wconf 83' lang='grc' dir='ltr'>τῶν</span> <span class='ocrx_word' id='word_1_456' title='bbox 735 5783 955 5850; x_wconf 80' lang='grc' dir='ltr'>ζώντων</span> <span class='ocrx_word' id='word_1_457' title='bbox 987 5777 1342 5849; x_wconf 84' lang='grc' dir='ltr'>τεθνήκασιν,</span> <span class='ocrx_word' id='word_1_458' title='bbox 1368 5770 1444 5835; x_wconf 83' lang='grc' dir='ltr'>ὡς</span> <span class='ocrx_word' id='word_1_459' title='bbox 1473 5772 1532 5824; x_wconf 85' lang='grc' dir='ltr'>ἐν</span> <span class='ocrx_word' id='word_1_460' title='bbox 1558 5769 1718 5839; x_wconf 83' lang='grc' dir='ltr'>τάφῳ</span> <span class='ocrx_word' id='word_1_461' title='bbox 1741 5767 1818 5838; x_wconf 80' lang='grc' dir='ltr'>τῷ</span> <span class='ocrx_word' id='word_1_462' title='bbox 1852 5765 2068 5838; x_wconf 85' lang='grc' dir='ltr'>σώματι</span> 
     </span>
    </p>
   </div>
   <div class='ocr_carea' id='block_1_58' title="bbox 358 5856 2070 5954">
    <p class='ocr_par' dir='ltr' id='par_1_58' title="bbox 358 5856 2070 5954">
     <span class='ocr_line' id='line_1_58' title="bbox 358 5856 2070 5954; baseline -0.013 -21"><span class='ocrx_word' id='word_1_463' title='bbox 358 5883 466 5954; x_wconf 69' lang='grc' dir='ltr'>τὴν</span> <span class='ocrx_word' id='word_1_464' title='bbox 496 5878 679 5951; x_wconf 74' lang='grc' dir='ltr'>ψυχὴν</span> <span class='ocrx_word' id='word_1_465' title='bbox 716 5871 1141 5946; x_wconf 79' lang='grc' dir='ltr'>κατορύξαντες,</span> <span class='ocrx_word' id='word_1_466' title='bbox 1167 5865 1312 5921; x_wconf 77' lang='grc' dir='ltr'>οὕτω</span> <span class='ocrx_word' id='word_1_467' title='bbox 1346 5860 1533 5917; x_wconf 74' lang='grc' dir='ltr'>πολλοὶ</span> <span class='ocrx_word' id='word_1_468' title='bbox 1563 5859 1674 5914; x_wconf 86' lang='grc' dir='ltr'>τῶν</span> <span class='ocrx_word' id='word_1_469' title='bbox 1707 5856 2070 5925; x_wconf 86' lang='grc' dir='ltr'>τελευτησάν-</span> 
     </span>
    </p>
   </div>
   <div class='ocr_carea' id='block_1_59' title="bbox 2124 1495 3820 1576">
    <p class='ocr_par' dir='ltr' id='par_1_59' title="bbox 2124 1495 3820 1576">
     <span class='ocr_line' id='line_1_59' title="bbox 2124 1495 3820 1576; baseline -0.005 -18"><span class='ocrx_word' id='word_1_470' title='bbox 2124 1524 2233 1560; x_wconf 89' lang='grc' dir='ltr'>των</span> <span class='ocrx_word' id='word_1_471' title='bbox 2259 1503 2416 1570; x_wconf 82' lang='grc' dir='ltr'>ζῶσι,</span> <span class='ocrx_word' id='word_1_472' title='bbox 2444 1506 2511 1574; x_wconf 85' lang='grc' dir='ltr'>τῇ</span> <span class='ocrx_word' id='word_1_473' title='bbox 2547 1499 2869 1576; x_wconf 78' lang='grc' dir='ltr'>δικαιοσύνῃ</span> <span class='ocrx_word' id='word_1_474' title='bbox 2905 1498 3306 1569; x_wconf 84' lang='grc' dir='ltr'>διαλάμποντες</span> <span class='ocrx_word' id='word_1_475' title='bbox 3329 1512 3342 1526; x_wconf 90' lang='grc'><strong>·</strong></span> <span class='ocrx_word' id='word_1_476' title='bbox 3378 1495 3629 1568; x_wconf 85' lang='grc' dir='ltr'>καθάπερ</span> <span class='ocrx_word' id='word_1_477' title='bbox 3661 1497 3754 1550; x_wconf 70' lang='grc' dir='ltr'>καὶ</span> <span class='ocrx_word' id='word_1_478' title='bbox 3791 1498 3820 1550; x_wconf 81' lang='grc' dir='ltr'><strong>ὁ</strong></span> 
     </span>
    </p>
   </div>
   <div class='ocr_carea' id='block_1_60' title="bbox 2131 1583 3826 1667">
    <p class='ocr_par' dir='ltr' id='par_1_60' title="bbox 2131 1583 3826 1667">
     <span class='ocr_line' id='line_1_60' title="bbox 2131 1583 3826 1667; baseline -0.006 -19"><span class='ocrx_word' id='word_1_479' title='bbox 2131 1594 2400 1667; x_wconf 80' lang='grc' dir='ltr'>μακάριος</span> <span class='ocrx_word' id='word_1_480' title='bbox 2426 1585 2596 1655; x_wconf 71' lang='grc' dir='ltr'>οὗτος.</span> <span class='ocrx_word' id='word_1_481' title='bbox 2631 1591 2876 1651; x_wconf 80' lang='grc' dir='ltr'>Θάνατος</span> <span class='ocrx_word' id='word_1_482' title='bbox 2905 1589 3014 1660; x_wconf 87' lang='grc' dir='ltr'>γάρ</span> <span class='ocrx_word' id='word_1_483' title='bbox 3057 1589 3172 1639; x_wconf 78' lang='grc' dir='ltr'>ἐστι</span> <span class='ocrx_word' id='word_1_484' title='bbox 3202 1583 3587 1656; x_wconf 86' lang='grc' dir='ltr'>χαλεπώτατος</span> <span class='ocrx_word' id='word_1_485' title='bbox 3622 1585 3716 1638; x_wconf 73' lang='grc' dir='ltr'>καὶ</span> <span class='ocrx_word' id='word_1_486' title='bbox 3739 1585 3826 1638; x_wconf 72' lang='grc' dir='ltr'>όν-</span> 
     </span>
    </p>
   </div>
   <div class='ocr_carea' id='block_1_61' title="bbox 2127 1673 3826 1751">
    <p class='ocr_par' dir='ltr' id='par_1_61' title="bbox 2127 1673 3826 1751">
     <span class='ocr_line' id='line_1_61' title="bbox 2127 1673 3826 1751; baseline -0.006 -14"><span class='ocrx_word' id='word_1_487' title='bbox 2127 1702 2234 1746; x_wconf 84' lang='grc' dir='ltr'>τως</span> <span class='ocrx_word' id='word_1_488' title='bbox 2265 1683 2497 1745; x_wconf 79' lang='grc' dir='ltr'>Θάνατος</span> <span class='ocrx_word' id='word_1_489' title='bbox 2527 1683 2554 1734; x_wconf 90' lang='lat'>6</span> <span class='ocrx_word' id='word_1_490' title='bbox 2581 1683 2644 1734; x_wconf 85' lang='grc' dir='ltr'>ἐκ</span> <span class='ocrx_word' id='word_1_491' title='bbox 2674 1681 2775 1751; x_wconf 84' lang='grc' dir='ltr'>τῆς</span> <span class='ocrx_word' id='word_1_492' title='bbox 2804 1677 3082 1750; x_wconf 84' lang='grc' dir='ltr'>ἁμαρτίας</span> <span class='ocrx_word' id='word_1_493' title='bbox 3110 1675 3450 1746; x_wconf 86' lang='grc' dir='ltr'>τικτόμενος,</span> <span class='ocrx_word' id='word_1_494' title='bbox 3484 1674 3544 1728; x_wconf 84' lang='grc' dir='ltr'>ὃν</span> <span class='ocrx_word' id='word_1_495' title='bbox 3573 1673 3635 1728; x_wconf 80' lang='grc' dir='ltr'>ού</span> <span class='ocrx_word' id='word_1_496' title='bbox 3661 1691 3826 1745; x_wconf 86' lang='grc' dir='ltr'>φησιν</span> 
     </span>
    </p>
   </div>
   <div class='ocr_carea' id='block_1_62' title="bbox 2128 1760 3826 1840">
    <p class='ocr_par' dir='ltr' id='par_1_62' title="bbox 2128 1760 3826 1840">
     <span class='ocr_line' id='line_1_62' title="bbox 2128 1760 3826 1840; baseline -0.004 -16"><span class='ocrx_word' id='word_1_497' title='bbox 2128 1773 2496 1840; x_wconf 76' lang='grc' dir='ltr'>ἀποθνήσκειν</span> <span class='ocrx_word' id='word_1_498' title='bbox 2529 1771 2656 1832; x_wconf 76' lang='grc' dir='ltr'>τοὺς</span> <span class='ocrx_word' id='word_1_499' title='bbox 2704 1772 2786 1832; x_wconf 88' lang='grc' dir='ltr'>εἰς</span> <span class='ocrx_word' id='word_1_500' title='bbox 2824 1769 2990 1822; x_wconf 76' lang='grc' dir='ltr'>αὐτὸν</span> <span class='ocrx_word' id='word_1_501' title='bbox 3045 1763 3425 1827; x_wconf 85' lang='grc' dir='ltr'>πιστεύοντας.</span> <span class='ocrx_word' id='word_1_502' title='bbox 3467 1765 3520 1817; x_wconf 87' lang='lat'>&#39;0</span> <span class='ocrx_word' id='word_1_503' title='bbox 3552 1763 3660 1837; x_wconf 82' lang='grc' dir='ltr'>γάρ</span> <span class='ocrx_word' id='word_1_504' title='bbox 3692 1760 3826 1829; x_wconf 75' lang='grc' dir='ltr'>ζῶν,</span> 
     </span>
    </p>
   </div>
   <div class='ocr_carea' id='block_1_63' title="bbox 2130 1853 3685 1931">
    <p class='ocr_par' dir='ltr' id='par_1_63' title="bbox 2130 1853 3685 1931">
     <span class='ocr_line' id='line_1_63' title="bbox 2130 1853 3685 1931; baseline -0.005 -18"><span class='ocrx_word' id='word_1_505' title='bbox 2130 1861 2288 1931; x_wconf 73' lang='grc' dir='ltr'>φησὶ,</span> <span class='ocrx_word' id='word_1_506' title='bbox 2319 1862 2415 1913; x_wconf 75' lang='grc' dir='ltr'>καὶ</span> <span class='ocrx_word' id='word_1_507' title='bbox 2449 1859 2752 1912; x_wconf 77' lang='grc' dir='ltr'>πιστεύων</span> <span class='ocrx_word' id='word_1_508' title='bbox 2782 1860 2866 1924; x_wconf 72' lang='grc' dir='ltr'>εἰς</span> <span class='ocrx_word' id='word_1_509' title='bbox 2898 1855 3022 1926; x_wconf 82' lang='grc' dir='ltr'>ἐμὲ,</span> <span class='ocrx_word' id='word_1_510' title='bbox 3063 1857 3136 1910; x_wconf 87' lang='grc' dir='ltr'>οὐ</span> <span class='ocrx_word' id='word_1_511' title='bbox 3174 1853 3260 1924; x_wconf 75' lang='grc' dir='ltr'>μὴ</span> <span class='ocrx_word' id='word_1_512' title='bbox 3291 1853 3685 1922; x_wconf 77' lang='grc' dir='ltr'>ἀποθάνῃ.....</span> 
     </span>
    </p>
   </div>
   <div class='ocr_carea' id='block_1_64' title="bbox 2203 2026 3828 2104">
    <p class='ocr_par' dir='ltr' id='par_1_64' title="bbox 2203 2026 3828 2104">
     <span class='ocr_line' id='line_1_64' title="bbox 2203 2026 3828 2104; baseline -0.004 -18"><span class='ocrx_word' id='word_1_513' title='bbox 2203 2030 2357 2104; x_wconf 78' lang='lat'>[355]</span> <span class='ocrx_word' id='word_1_514' title='bbox 2388 2030 2453 2101; x_wconf 82' lang='grc' dir='ltr'>β’.</span> <span class='ocrx_word' id='word_1_515' title='bbox 2469 2031 2544 2084; x_wconf 84' lang='grc' dir='ltr'>Οὐ</span> <span class='ocrx_word' id='word_1_516' title='bbox 2563 2029 2813 2101; x_wconf 87' lang='grc' dir='ltr'>καθάπερ</span> <span class='ocrx_word' id='word_1_517' title='bbox 2833 2027 3136 2100; x_wconf 85' lang='grc' dir='ltr'>ὑπόπτερος</span> <span class='ocrx_word' id='word_1_518' title='bbox 3151 2027 3256 2098; x_wconf 81' lang='grc' dir='ltr'>γῆν</span> <span class='ocrx_word' id='word_1_519' title='bbox 3274 2029 3368 2082; x_wconf 72' lang='grc' dir='ltr'>καὶ</span> <span class='ocrx_word' id='word_1_520' title='bbox 3384 2026 3654 2082; x_wconf 88' lang='grc' dir='ltr'>θάλατταν</span> <span class='ocrx_word' id='word_1_521' title='bbox 3671 2045 3737 2080; x_wconf 90' lang='grc' dir='ltr'>πε</span> <span class='ocrx_word' id='word_1_522' title='bbox 3745 2044 3828 2099; x_wconf 86' lang='grc' dir='ltr'>ρι-</span> 
     </span>
    </p>
   </div>
   <div class='ocr_carea' id='block_1_65' title="bbox 2108 2113 3830 2192">
    <p class='ocr_par' dir='ltr' id='par_1_65' title="bbox 2108 2113 3830 2192">
     <span class='ocr_line' id='line_1_65' title="bbox 2108 2113 3830 2192; baseline -0.002 -23"><span class='ocrx_word' id='word_1_523' title='bbox 2108 2119 2356 2192; x_wconf 81' lang='grc' dir='ltr'>δραμὼν</span> <span class='ocrx_word' id='word_1_524' title='bbox 2397 2122 2425 2174; x_wconf 87' lang='grc' dir='ltr'>ὁ</span> <span class='ocrx_word' id='word_1_525' title='bbox 2473 2118 2644 2191; x_wconf 87' lang='grc' dir='ltr'>μυρία</span> <span class='ocrx_word' id='word_1_526' title='bbox 2684 2117 2812 2187; x_wconf 78' lang='grc' dir='ltr'>ἔθνη</span> <span class='ocrx_word' id='word_1_527' title='bbox 2858 2115 2936 2187; x_wconf 80' lang='grc' dir='ltr'>τῷ</span> <span class='ocrx_word' id='word_1_528' title='bbox 2988 2117 3209 2188; x_wconf 84' lang='grc' dir='ltr'>Χριστῷ</span> <span class='ocrx_word' id='word_1_529' title='bbox 3242 2113 3632 2187; x_wconf 83' lang='grc' dir='ltr'>προσαγαγὼν,</span> <span class='ocrx_word' id='word_1_530' title='bbox 3669 2115 3830 2168; x_wconf 89' lang='grc' dir='ltr'>ὁτῶν</span> 
     </span>
    </p>
   </div>
   <div class='ocr_carea' id='block_1_66' title="bbox 2134 2205 3834 2281">
    <p class='ocr_par' dir='ltr' id='par_1_66' title="bbox 2134 2205 3834 2281">
     <span class='ocr_line' id='line_1_66' title="bbox 2134 2205 3834 2281; baseline -0.004 -17"><span class='ocrx_word' id='word_1_531' title='bbox 2134 2211 2476 2281; x_wconf 75' lang='grc' dir='ltr'>ἀπορρήτων</span> <span class='ocrx_word' id='word_1_532' title='bbox 2512 2208 2828 2280; x_wconf 87' lang='grc' dir='ltr'>μυστηρίων</span> <span class='ocrx_word' id='word_1_533' title='bbox 2865 2207 3227 2276; x_wconf 85' lang='grc' dir='ltr'>κοινωνήσας,</span> <span class='ocrx_word' id='word_1_534' title='bbox 3261 2208 3290 2260; x_wconf 90' lang='lat'>6</span> <span class='ocrx_word' id='word_1_535' title='bbox 3320 2207 3402 2270; x_wconf 88' lang='grc' dir='ltr'>είς</span> <span class='ocrx_word' id='word_1_536' title='bbox 3433 2205 3616 2277; x_wconf 86' lang='grc' dir='ltr'>τρίτον</span> <span class='ocrx_word' id='word_1_537' title='bbox 3650 2205 3834 2276; x_wconf 76' lang='grc' dir='ltr'>ἁρπα-</span> 
     </span>
    </p>
   </div>
   <div class='ocr_carea' id='block_1_67' title="bbox 2135 2292 3833 2368">
    <p class='ocr_par' dir='ltr' id='par_1_67' title="bbox 2135 2292 3833 2368">
     <span class='ocr_line' id='line_1_67' title="bbox 2135 2292 3833 2368; baseline -0.003 -16"><span class='ocrx_word' id='word_1_538' title='bbox 2135 2300 2252 2368; x_wconf 79' lang='grc' dir='ltr'>γεὶς</span> <span class='ocrx_word' id='word_1_539' title='bbox 2307 2297 2569 2368; x_wconf 83' lang='grc' dir='ltr'>οὐρανὸν,</span> <span class='ocrx_word' id='word_1_540' title='bbox 2618 2292 2730 2368; x_wconf 84' lang='grc' dir='ltr'>ἆρά</span> <span class='ocrx_word' id='word_1_541' title='bbox 2785 2314 2838 2350; x_wconf 88' lang='grc' dir='ltr'>τι</span> <span class='ocrx_word' id='word_1_542' title='bbox 2893 2295 3134 2350; x_wconf 87' lang='grc' dir='ltr'>τοιοῦτον</span> <span class='ocrx_word' id='word_1_543' title='bbox 3197 2296 3464 2367; x_wconf 87' lang='grc' dir='ltr'>ἐτόλμησε</span> <span class='ocrx_word' id='word_1_544' title='bbox 3526 2295 3656 2366; x_wconf 73' lang='grc' dir='ltr'>περὶ</span> <span class='ocrx_word' id='word_1_545' title='bbox 3708 2296 3833 2348; x_wconf 88' lang='grc' dir='ltr'>ἐαυ-</span> 
     </span>
    </p>
   </div>
   <div class='ocr_carea' id='block_1_68' title="bbox 2134 2383 3835 2456">
    <p class='ocr_par' dir='ltr' id='par_1_68' title="bbox 2134 2383 3835 2456">
     <span class='ocr_line' id='line_1_68' title="bbox 2134 2383 3835 2456; baseline -0.004 -14"><span class='ocrx_word' id='word_1_546' title='bbox 2134 2387 2230 2442; x_wconf 89' lang='grc' dir='ltr'>τοῦ</span> <span class='ocrx_word' id='word_1_547' title='bbox 2281 2389 2496 2454; x_wconf 85' lang='grc' dir='ltr'>είπεῖν;</span> <span class='ocrx_word' id='word_1_548' title='bbox 2553 2385 2858 2456; x_wconf 89' lang='grc' dir='ltr'>Οὐδαμῶς,</span> <span class='ocrx_word' id='word_1_549' title='bbox 2917 2384 3056 2438; x_wconf 84' lang='grc' dir='ltr'>ἀλλὰ</span> <span class='ocrx_word' id='word_1_550' title='bbox 3115 2383 3430 2438; x_wconf 86' lang='grc' dir='ltr'>τούναντίον</span> <span class='ocrx_word' id='word_1_551' title='bbox 3492 2384 3672 2438; x_wconf 77' lang='grc' dir='ltr'>ἅπαν·</span> <span class='ocrx_word' id='word_1_552' title='bbox 3740 2383 3835 2436; x_wconf 77' lang='grc' dir='ltr'>ἐκ·</span> 
     </span>
    </p>
   </div>
   <div class='ocr_carea' id='block_1_69' title="bbox 2137 2472 3831 2548">
    <p class='ocr_par' dir='ltr' id='par_1_69' title="bbox 2137 2472 3831 2548">
     <span class='ocr_line' id='line_1_69' title="bbox 2137 2472 3831 2548; baseline -0.002 -18"><span class='ocrx_word' id='word_1_553' title='bbox 2137 2493 2335 2548; x_wconf 89' lang='grc' dir='ltr'>τρωμα</span> <span class='ocrx_word' id='word_1_554' title='bbox 2389 2475 2580 2528; x_wconf 71' lang='grc' dir='ltr'>ἑαυτὸν</span> <span class='ocrx_word' id='word_1_555' title='bbox 2636 2474 2840 2538; x_wconf 84' lang='grc' dir='ltr'>ἐκάλει,</span> <span class='ocrx_word' id='word_1_556' title='bbox 2883 2475 2977 2527; x_wconf 75' lang='grc' dir='ltr'>καὶ</span> <span class='ocrx_word' id='word_1_557' title='bbox 3033 2473 3260 2544; x_wconf 80' lang='grc' dir='ltr'>ἔσχατον</span> <span class='ocrx_word' id='word_1_558' title='bbox 3313 2472 3424 2526; x_wconf 87' lang='grc' dir='ltr'>τῶν</span> <span class='ocrx_word' id='word_1_559' title='bbox 3481 2472 3831 2534; x_wconf 78' lang='grc' dir='ltr'>ἀποστόλων,</span> 
     </span>
    </p>
   </div>
   <div class='ocr_carea' id='block_1_70' title="bbox 2139 2557 3834 2636">
    <p class='ocr_par' dir='ltr' id='par_1_70' title="bbox 2139 2557 3834 2636">
     <span class='ocr_line' id='line_1_70' title="bbox 2139 2557 3834 2636; baseline -0.002 -18"><span class='ocrx_word' id='word_1_560' title='bbox 2139 2566 2235 2618; x_wconf 73' lang='grc' dir='ltr'>καὶ</span> <span class='ocrx_word' id='word_1_561' title='bbox 2289 2564 2411 2618; x_wconf 84' lang='grc' dir='ltr'>οὐδέ</span> <span class='ocrx_word' id='word_1_562' title='bbox 2464 2565 2563 2634; x_wconf 84' lang='grc' dir='ltr'>τῆς</span> <span class='ocrx_word' id='word_1_563' title='bbox 2626 2562 3003 2636; x_wconf 78' lang='grc' dir='ltr'>προσηγορίας</span> <span class='ocrx_word' id='word_1_564' title='bbox 3057 2563 3249 2616; x_wconf 79' lang='grc' dir='ltr'>ἐαυτὸν</span> <span class='ocrx_word' id='word_1_565' title='bbox 3294 2563 3444 2628; x_wconf 82' lang='grc' dir='ltr'>ἀξιον</span> <span class='ocrx_word' id='word_1_566' title='bbox 3503 2557 3642 2615; x_wconf 77' lang='grc' dir='ltr'>εἶναι</span> <span class='ocrx_word' id='word_1_567' title='bbox 3678 2561 3834 2632; x_wconf 90' lang='grc' dir='ltr'>νομί-</span> 
     </span>
    </p>
   </div>
   <div class='ocr_carea' id='block_1_71' title="bbox 2141 2650 3838 2723">
    <p class='ocr_par' dir='ltr' id='par_1_71' title="bbox 2141 2650 3838 2723">
     <span class='ocr_line' id='line_1_71' title="bbox 2141 2650 3838 2723; baseline -0.001 -16"><span class='ocrx_word' id='word_1_568' title='bbox 2141 2653 2250 2718; x_wconf 83' lang='grc' dir='ltr'>ζων</span> <span class='ocrx_word' id='word_1_569' title='bbox 2271 2671 2284 2686; x_wconf 77' lang='grc' dir='ltr'><strong>ο</strong></span> <span class='ocrx_word' id='word_1_570' title='bbox 2318 2656 2439 2707; x_wconf 80' lang='grc' dir='ltr'>Οὐκ</span> <span class='ocrx_word' id='word_1_571' title='bbox 2465 2653 2583 2722; x_wconf 68' lang='grc' dir='ltr'>ειμι</span> <span class='ocrx_word' id='word_1_572' title='bbox 2611 2653 2720 2723; x_wconf 77' lang='grc' dir='ltr'>γάρ</span> <span class='ocrx_word' id='word_1_573' title='bbox 2770 2651 3000 2718; x_wconf 76' lang='grc' dir='ltr'>ἱκανὸς,</span> <span class='ocrx_word' id='word_1_574' title='bbox 3033 2653 3189 2722; x_wconf 69' lang='grc' dir='ltr'>φησι,</span> <span class='ocrx_word' id='word_1_575' title='bbox 3226 2650 3542 2705; x_wconf 78' lang='grc' dir='ltr'>καλεῖσθαι</span> <span class='ocrx_word' id='word_1_576' title='bbox 3569 2651 3838 2706; x_wconf 68' lang='grc' dir='ltr'>ἀπόστοκ</span> 
     </span>
    </p>
   </div>
   <div class='ocr_carea' id='block_1_72' title="bbox 2141 2738 3837 2812">
    <p class='ocr_par' dir='ltr' id='par_1_72' title="bbox 2141 2738 3837 2812">
     <span class='ocr_line' id='line_1_72' title="bbox 2141 2738 3837 2812; baseline -0.002 -15"><span class='ocrx_word' id='word_1_577' title='bbox 2141 2746 2270 2807; x_wconf 72' lang='grc' dir='ltr'>λος.</span> <span class='ocrx_word' id='word_1_578' title='bbox 2312 2743 2408 2805; x_wconf 89' lang='grc' dir='ltr'>Τίς</span> <span class='ocrx_word' id='word_1_579' title='bbox 2440 2738 2534 2795; x_wconf 78' lang='grc' dir='ltr'>οὖν</span> <span class='ocrx_word' id='word_1_580' title='bbox 2565 2743 2597 2812; x_wconf 86' lang='grc' dir='ltr'>ἡ</span> <span class='ocrx_word' id='word_1_581' title='bbox 2639 2741 2866 2795; x_wconf 87' lang='grc' dir='ltr'>ἀπόνοια</span> <span class='ocrx_word' id='word_1_582' title='bbox 2916 2739 3054 2811; x_wconf 79' lang='grc' dir='ltr'>αὐτη</span> <span class='ocrx_word' id='word_1_583' title='bbox 3079 2756 3093 2805; x_wconf 92' lang='grc'><strong>;</strong></span> <span class='ocrx_word' id='word_1_584' title='bbox 3123 2739 3208 2803; x_wconf 89' lang='grc' dir='ltr'>τίς</span> <span class='ocrx_word' id='word_1_585' title='bbox 3247 2741 3280 2811; x_wconf 86' lang='grc' dir='ltr'>ἡ</span> <span class='ocrx_word' id='word_1_586' title='bbox 3331 2739 3659 2806; x_wconf 79' lang='grc' dir='ltr'>ἀλαζονεία;</span> <span class='ocrx_word' id='word_1_587' title='bbox 3691 2740 3776 2804; x_wconf 89' lang='grc' dir='ltr'>τίς</span> <span class='ocrx_word' id='word_1_588' title='bbox 3803 2743 3837 2812; x_wconf 83' lang='grc' dir='ltr'>ἡ</span> 
     </span>
    </p>
   </div>
   <div class='ocr_carea' id='block_1_73' title="bbox 2146 2824 3841 2900">
    <p class='ocr_par' dir='ltr' id='par_1_73' title="bbox 2146 2824 3841 2900">
     <span class='ocr_line' id='line_1_73' title="bbox 2146 2824 3841 2900; baseline -0.002 -19"><span class='ocrx_word' id='word_1_589' title='bbox 2146 2828 2346 2900; x_wconf 73' lang='grc' dir='ltr'>μανίας</span> <span class='ocrx_word' id='word_1_590' title='bbox 2379 2825 2669 2898; x_wconf 82' lang='grc' dir='ltr'>ἄνθρωπος</span> <span class='ocrx_word' id='word_1_591' title='bbox 2699 2824 2796 2890; x_wconf 84' lang='grc' dir='ltr'>ὢν,</span> <span class='ocrx_word' id='word_1_592' title='bbox 2843 2824 3070 2878; x_wconf 84' lang='grc' dir='ltr'>σεαυτὸν</span> <span class='ocrx_word' id='word_1_593' title='bbox 3100 2824 3342 2895; x_wconf 85' lang='grc' dir='ltr'>καθαρὸν</span> <span class='ocrx_word' id='word_1_594' title='bbox 3373 2824 3580 2888; x_wconf 85' lang='grc' dir='ltr'>καλεῖς,</span> <span class='ocrx_word' id='word_1_595' title='bbox 3611 2825 3708 2878; x_wconf 79' lang='grc' dir='ltr'>καὶ</span> <span class='ocrx_word' id='word_1_596' title='bbox 3741 2826 3841 2878; x_wconf 87' lang='grc' dir='ltr'>πέ-</span> 
     </span>
    </p>
   </div>
   <div class='ocr_carea' id='block_1_74' title="bbox 2146 2911 3840 2987">
    <p class='ocr_par' dir='ltr' id='par_1_74' title="bbox 2146 2911 3840 2987">
     <span class='ocr_line' id='line_1_74' title="bbox 2146 2911 3840 2987; baseline -0.001 -17"><span class='ocrx_word' id='word_1_597' title='bbox 2146 2934 2334 2971; x_wconf 87' lang='grc' dir='ltr'>πεισαι</span> <span class='ocrx_word' id='word_1_598' title='bbox 2365 2911 2504 2970; x_wconf 79' lang='grc' dir='ltr'>εἶναι</span> <span class='ocrx_word' id='word_1_599' title='bbox 2537 2914 2777 2987; x_wconf 82' lang='grc' dir='ltr'>καθαρός</span> <span class='ocrx_word' id='word_1_600' title='bbox 2799 2958 2812 2974; x_wconf 85' lang='grc'>,</span> <span class='ocrx_word' id='word_1_601' title='bbox 2851 2916 2945 2969; x_wconf 75' lang='grc' dir='ltr'>καὶ</span> <span class='ocrx_word' id='word_1_602' title='bbox 2983 2914 3158 2985; x_wconf 85' lang='grc' dir='ltr'>πόσης</span> <span class='ocrx_word' id='word_1_603' title='bbox 3189 2913 3363 2968; x_wconf 84' lang='grc' dir='ltr'>ταῦτα</span> <span class='ocrx_word' id='word_1_604' title='bbox 3396 2914 3618 2982; x_wconf 88' lang='grc' dir='ltr'>ἀνοίας;</span> <span class='ocrx_word' id='word_1_605' title='bbox 3651 2914 3840 2969; x_wconf 87' lang='grc' dir='ltr'>Καθα-</span> 
     </span>
    </p>
   </div>
   <div class='ocr_carea' id='block_1_75' title="bbox 2152 3003 3848 3078">
    <p class='ocr_par' dir='ltr' id='par_1_75' title="bbox 2152 3003 3848 3078">
     <span class='ocr_line' id='line_1_75' title="bbox 2152 3003 3848 3078; baseline -0.003 -19"><span class='ocrx_word' id='word_1_606' title='bbox 2152 3006 2241 3078; x_wconf 82' lang='grc' dir='ltr'>ρὸν</span> <span class='ocrx_word' id='word_1_607' title='bbox 2280 3007 2390 3077; x_wconf 77' lang='grc' dir='ltr'>γὰρ</span> <span class='ocrx_word' id='word_1_608' title='bbox 2431 3005 2622 3058; x_wconf 80' lang='grc' dir='ltr'>ἐαυτὸν</span> <span class='ocrx_word' id='word_1_609' title='bbox 2656 3004 2853 3073; x_wconf 87' lang='grc' dir='ltr'>λέγων,</span> <span class='ocrx_word' id='word_1_610' title='bbox 2901 3004 3086 3072; x_wconf 83' lang='grc' dir='ltr'>ὅμοιόν</span> <span class='ocrx_word' id='word_1_611' title='bbox 3118 3022 3171 3056; x_wconf 91' lang='grc' dir='ltr'>τι</span> <span class='ocrx_word' id='word_1_612' title='bbox 3214 3005 3408 3067; x_wconf 83' lang='grc' dir='ltr'>ποιεῖς,</span> <span class='ocrx_word' id='word_1_613' title='bbox 3445 3003 3636 3074; x_wconf 85' lang='grc' dir='ltr'>ὥσπερ</span> <span class='ocrx_word' id='word_1_614' title='bbox 3685 3003 3752 3056; x_wconf 87' lang='grc' dir='ltr'>ἂν</span> <span class='ocrx_word' id='word_1_615' title='bbox 3793 3003 3848 3055; x_wconf 77' lang='grc' dir='ltr'>εἴ</span> 
     </span>
    </p>
   </div>
   <div class='ocr_carea' id='block_1_76' title="bbox 2146 3085 3845 3162">
    <p class='ocr_par' dir='ltr' id='par_1_76' title="bbox 2146 3085 3845 3162">
     <span class='ocr_line' id='line_1_76' title="bbox 2146 3085 3845 3162; baseline -0.002 -15"><span class='ocrx_word' id='word_1_616' title='bbox 2146 3111 2228 3158; x_wconf 91' lang='grc' dir='ltr'>τις</span> <span class='ocrx_word' id='word_1_617' title='bbox 2259 3093 2406 3161; x_wconf 84' lang='grc' dir='ltr'>λέγοι</span> <span class='ocrx_word' id='word_1_618' title='bbox 2433 3093 2494 3146; x_wconf 76' lang='grc' dir='ltr'>τὸ</span> <span class='ocrx_word' id='word_1_619' title='bbox 2526 3092 2760 3160; x_wconf 78' lang='grc' dir='ltr'>πέλαγος</span> <span class='ocrx_word' id='word_1_620' title='bbox 2782 3092 3046 3162; x_wconf 89' lang='grc' dir='ltr'>κυμάτων</span> <span class='ocrx_word' id='word_1_621' title='bbox 3069 3087 3209 3144; x_wconf 81' lang='grc' dir='ltr'>εἶναι</span> <span class='ocrx_word' id='word_1_622' title='bbox 3239 3090 3500 3161; x_wconf 88' lang='grc' dir='ltr'>καθαρόν.</span> <span class='ocrx_word' id='word_1_623' title='bbox 3519 3091 3731 3162; x_wconf 84' lang='grc' dir='ltr'>Ὥσπερ</span> <span class='ocrx_word' id='word_1_624' title='bbox 3751 3085 3845 3144; x_wconf 76' lang='grc' dir='ltr'>οὖν</span> 
     </span>
    </p>
   </div>
   <div class='ocr_carea' id='block_1_77' title="bbox 2149 3179 3848 3251">
    <p class='ocr_par' dir='ltr' id='par_1_77' title="bbox 2149 3179 3848 3251">
     <span class='ocr_line' id='line_1_77' title="bbox 2149 3179 3848 3251; baseline -0.003 -14"><span class='ocrx_word' id='word_1_625' title='bbox 2149 3185 2326 3237; x_wconf 83' lang='grc' dir='ltr'>ἐκεῖνο</span> <span class='ocrx_word' id='word_1_626' title='bbox 2343 3183 2444 3235; x_wconf 86' lang='grc' dir='ltr'>οὐκ</span> <span class='ocrx_word' id='word_1_627' title='bbox 2464 3180 2737 3234; x_wconf 81' lang='grc' dir='ltr'>ἐπιλείπει</span> <span class='ocrx_word' id='word_1_628' title='bbox 2754 3179 2822 3234; x_wconf 80' lang='grc' dir='ltr'>τὰ</span> <span class='ocrx_word' id='word_1_629' title='bbox 2844 3180 3086 3250; x_wconf 85' lang='grc' dir='ltr'>κύματα,</span> <span class='ocrx_word' id='word_1_630' title='bbox 3105 3179 3278 3244; x_wconf 77' lang='grc' dir='ltr'>οὕτως</span> <span class='ocrx_word' id='word_1_631' title='bbox 3291 3180 3412 3233; x_wconf 82' lang='grc' dir='ltr'>οὐδὲ</span> <span class='ocrx_word' id='word_1_632' title='bbox 3433 3181 3579 3251; x_wconf 77' lang='grc' dir='ltr'>ἡμᾶς</span> <span class='ocrx_word' id='word_1_633' title='bbox 3590 3179 3658 3233; x_wconf 88' lang='grc' dir='ltr'>τά</span> <span class='ocrx_word' id='word_1_634' title='bbox 3673 3181 3848 3251; x_wconf 89' lang='grc' dir='ltr'>ἁμαρ-</span> 
     </span>
    </p>
   </div>
   <div class='ocr_carea' id='block_1_78' title="bbox 2149 3264 3845 3343">
    <p class='ocr_par' dir='ltr' id='par_1_78' title="bbox 2149 3264 3845 3343">
     <span class='ocr_line' id='line_1_78' title="bbox 2149 3264 3845 3343; baseline -0.002 -17"><span class='ocrx_word' id='word_1_635' title='bbox 2149 3275 2215 3343; x_wconf 85' lang='grc' dir='ltr'>τή</span> <span class='ocrx_word' id='word_1_636' title='bbox 2225 3289 2389 3343; x_wconf 89' lang='grc' dir='ltr'>ματα.</span> <span class='ocrx_word' id='word_1_637' title='bbox 2410 3271 2483 3324; x_wconf 90' lang='grc' dir='ltr'><strong><em>Ἦ</em></strong></span> <span class='ocrx_word' id='word_1_638' title='bbox 2503 3270 2604 3324; x_wconf 91' lang='grc' dir='ltr'>οὐκ</span> <span class='ocrx_word' id='word_1_639' title='bbox 2624 3264 2782 3323; x_wconf 78' lang='grc' dir='ltr'>οἶσθα</span> <span class='ocrx_word' id='word_1_640' title='bbox 2797 3269 2941 3334; x_wconf 88' lang='grc' dir='ltr'>τίνες</span> <span class='ocrx_word' id='word_1_641' title='bbox 2958 3269 3146 3338; x_wconf 83' lang='grc' dir='ltr'>ἐσμὲν,</span> <span class='ocrx_word' id='word_1_642' title='bbox 3171 3270 3475 3341; x_wconf 87' lang='grc' dir='ltr'>χαίροντες,</span> <span class='ocrx_word' id='word_1_643' title='bbox 3494 3268 3845 3340; x_wconf 81' lang='grc' dir='ltr'>λυπούμενοι,</span> 
     </span>
    </p>
   </div>
   <div class='ocr_carea' id='block_1_79' title="bbox 2152 3357 3844 3430">
    <p class='ocr_par' dir='ltr' id='par_1_79' title="bbox 2152 3357 3844 3430">
     <span class='ocr_line' id='line_1_79' title="bbox 2152 3357 3844 3430; baseline -0.003 -15"><span class='ocrx_word' id='word_1_644' title='bbox 2152 3358 2547 3425; x_wconf 80' lang='grc' dir='ltr'>πλουτοῦντες,</span> <span class='ocrx_word' id='word_1_645' title='bbox 2610 3358 2934 3429; x_wconf 88' lang='grc' dir='ltr'>πενόμενοι,</span> <span class='ocrx_word' id='word_1_646' title='bbox 2995 3357 3376 3430; x_wconf 84' lang='grc' dir='ltr'>ὑϐριζόμενοι,</span> <span class='ocrx_word' id='word_1_647' title='bbox 3435 3357 3844 3428; x_wconf 79' lang='grc' dir='ltr'>ἐπαινούμενοι,</span> 
     </span>
    </p>
   </div>
   <div class='ocr_carea' id='block_1_80' title="bbox 2151 3447 3854 3522">
    <p class='ocr_par' dir='ltr' id='par_1_80' title="bbox 2151 3447 3854 3522">
     <span class='ocr_line' id='line_1_80' title="bbox 2151 3447 3854 3522; baseline -0.001 -20"><span class='ocrx_word' id='word_1_648' title='bbox 2151 3450 2501 3522; x_wconf 80' lang='grc' dir='ltr'>ἐλαυνόμενοι</span> <span class='ocrx_word' id='word_1_649' title='bbox 2535 3449 2631 3503; x_wconf 75' lang='grc' dir='ltr'>καὶ</span> <span class='ocrx_word' id='word_1_650' title='bbox 2658 3447 3080 3519; x_wconf 88' lang='grc' dir='ltr'>πολεμούμενοι,</span> <span class='ocrx_word' id='word_1_651' title='bbox 3115 3448 3299 3511; x_wconf 87' lang='grc' dir='ltr'>ἀδείας</span> <span class='ocrx_word' id='word_1_652' title='bbox 3323 3448 3709 3511; x_wconf 83' lang='grc' dir='ltr'>ἀπολαύοντες,</span> <span class='ocrx_word' id='word_1_653' title='bbox 3741 3456 3854 3500; x_wconf 69' lang='grc' dir='ltr'>πειι-</span> 
     </span>
    </p>
   </div>
   <div class='ocr_carea' id='block_1_81' title="bbox 2153 3535 3849 3609">
    <p class='ocr_par' dir='ltr' id='par_1_81' title="bbox 2153 3535 3849 3609">
     <span class='ocr_line' id='line_1_81' title="bbox 2153 3535 3849 3609; baseline -0.003 -16"><span class='ocrx_word' id='word_1_654' title='bbox 2153 3539 2374 3604; x_wconf 88' lang='grc' dir='ltr'>νῶντες,</span> <span class='ocrx_word' id='word_1_655' title='bbox 2431 3536 2855 3608; x_wconf 86' lang='grc' dir='ltr'>κορεννύμενοι;</span> <span class='ocrx_word' id='word_1_656' title='bbox 2905 3537 3093 3607; x_wconf 87' lang='grc' dir='ltr'>Μυρία</span> <span class='ocrx_word' id='word_1_657' title='bbox 3147 3537 3478 3608; x_wconf 81' lang='grc' dir='ltr'>περιέστηκε</span> <span class='ocrx_word' id='word_1_658' title='bbox 3519 3536 3618 3609; x_wconf 79' lang='grc' dir='ltr'>τὴν</span> <span class='ocrx_word' id='word_1_659' title='bbox 3668 3535 3849 3608; x_wconf 76' lang='grc' dir='ltr'>ψυχὴν</span> 
     </span>
    </p>
   </div>
   <div class='ocr_carea' id='block_1_82' title="bbox 2155 3624 3852 3698">
    <p class='ocr_par' dir='ltr' id='par_1_82' title="bbox 2155 3624 3852 3698">
     <span class='ocr_line' id='line_1_82' title="bbox 2155 3624 3852 3698; baseline -0.002 -17"><span class='ocrx_word' id='word_1_660' title='bbox 2155 3627 2327 3697; x_wconf 86' lang='grc' dir='ltr'>πάθη,</span> <span class='ocrx_word' id='word_1_661' title='bbox 2363 3626 2552 3698; x_wconf 91' lang='grc' dir='ltr'>μυρίαι</span> <span class='ocrx_word' id='word_1_662' title='bbox 2596 3625 2941 3696; x_wconf 79' lang='grc' dir='ltr'>πραγμάτων</span> <span class='ocrx_word' id='word_1_663' title='bbox 2976 3625 3350 3696; x_wconf 86' lang='grc' dir='ltr'>περιστάσεις,</span> <span class='ocrx_word' id='word_1_664' title='bbox 3385 3624 3554 3696; x_wconf 88' lang='grc' dir='ltr'>μυρία</span> <span class='ocrx_word' id='word_1_665' title='bbox 3598 3625 3852 3695; x_wconf 82' lang='grc' dir='ltr'>σώματος</span> 
     </span>
    </p>
   </div>
   <div class='ocr_carea' id='block_1_83' title="bbox 2155 3711 3852 3785">
    <p class='ocr_par' dir='ltr' id='par_1_83' title="bbox 2155 3711 3852 3785">
     <span class='ocr_line' id='line_1_83' title="bbox 2155 3711 3852 3785; baseline -0.002 -17"><span class='ocrx_word' id='word_1_666' title='bbox 2155 3715 2462 3785; x_wconf 83' lang='grc' dir='ltr'>νοσήματα,</span> <span class='ocrx_word' id='word_1_667' title='bbox 2501 3712 2695 3783; x_wconf 88' lang='grc' dir='ltr'>μυρίαι</span> <span class='ocrx_word' id='word_1_668' title='bbox 2739 3712 3086 3782; x_wconf 83' lang='grc' dir='ltr'>πραγμάτων</span> <span class='ocrx_word' id='word_1_669' title='bbox 3130 3712 3458 3783; x_wconf 88' lang='grc' dir='ltr'>ἀνωμαλίαι,</span> <span class='ocrx_word' id='word_1_670' title='bbox 3507 3712 3603 3766; x_wconf 75' lang='grc' dir='ltr'>καὶ</span> <span class='ocrx_word' id='word_1_671' title='bbox 3645 3711 3852 3784; x_wconf 82' lang='grc' dir='ltr'>τολμᾷς</span> 
     </span>
    </p>
   </div>
   <div class='ocr_carea' id='block_1_84' title="bbox 2157 3795 3852 3873">
    <p class='ocr_par' dir='ltr' id='par_1_84' title="bbox 2157 3795 3852 3873">
     <span class='ocr_line' id='line_1_84' title="bbox 2157 3795 3852 3873; baseline -0.001 -17"><span class='ocrx_word' id='word_1_672' title='bbox 2157 3805 2330 3856; x_wconf 86' lang='grc' dir='ltr'>εἰπεῖν</span> <span class='ocrx_word' id='word_1_673' title='bbox 2362 3803 2444 3856; x_wconf 83' lang='grc' dir='ltr'>ὅτι</span> <span class='ocrx_word' id='word_1_674' title='bbox 2483 3803 2540 3856; x_wconf 79' lang='grc' dir='ltr'>ἐν</span> <span class='ocrx_word' id='word_1_675' title='bbox 2574 3800 2786 3873; x_wconf 88' lang='grc' dir='ltr'>εὐρίπῳ</span> <span class='ocrx_word' id='word_1_676' title='bbox 2829 3799 3008 3853; x_wconf 88' lang='grc' dir='ltr'>σάλων</span> <span class='ocrx_word' id='word_1_677' title='bbox 3041 3801 3311 3854; x_wconf 87' lang='grc' dir='ltr'>τοσούτων</span> <span class='ocrx_word' id='word_1_678' title='bbox 3337 3800 3582 3872; x_wconf 77' lang='grc' dir='ltr'>καθαρὸς</span> <span class='ocrx_word' id='word_1_679' title='bbox 3631 3795 3720 3868; x_wconf 75' lang='grc' dir='ltr'>εἷς</span> <span class='ocrx_word' id='word_1_680' title='bbox 3755 3801 3852 3854; x_wconf 78' lang='grc' dir='ltr'>καὶ</span> 
     </span>
    </p>
   </div>
   <div class='ocr_carea' id='block_1_85' title="bbox 2156 3886 3846 3960">
    <p class='ocr_par' dir='ltr' id='par_1_85' title="bbox 2156 3886 3846 3960">
     <span class='ocr_line' id='line_1_85' title="bbox 2156 3886 3846 3960; baseline -0.002 -15"><span class='ocrx_word' id='word_1_681' title='bbox 2156 3891 2209 3945; x_wconf 88' lang='grc' dir='ltr'>τί</span> <span class='ocrx_word' id='word_1_682' title='bbox 2242 3891 2433 3944; x_wconf 88' lang='grc' dir='ltr'>τούτου</span> <span class='ocrx_word' id='word_1_683' title='bbox 2467 3889 2663 3959; x_wconf 85' lang='grc' dir='ltr'>γένοιτ’</span> <span class='ocrx_word' id='word_1_684' title='bbox 2711 3888 2780 3942; x_wconf 84' lang='grc' dir='ltr'>ἂν</span> <span class='ocrx_word' id='word_1_685' title='bbox 2821 3886 3212 3960; x_wconf 78' lang='grc' dir='ltr'>ρυπαρώτερον</span> <span class='ocrx_word' id='word_1_686' title='bbox 3243 3888 3338 3942; x_wconf 90' lang='grc' dir='ltr'>τοῦ</span> <span class='ocrx_word' id='word_1_687' title='bbox 3384 3887 3528 3942; x_wconf 75' lang='grc' dir='ltr'>οὕτω</span> <span class='ocrx_word' id='word_1_688' title='bbox 3574 3888 3846 3956; x_wconf 75' lang='grc' dir='ltr'>διακειμέι</span> 
     </span>
    </p>
   </div>
   <div class='ocr_carea' id='block_1_86' title="bbox 2159 3976 3851 4050">
    <p class='ocr_par' dir='ltr' id='par_1_86' title="bbox 2159 3976 3851 4050">
     <span class='ocr_line' id='line_1_86' title="bbox 2159 3976 3851 4050; baseline -0.002 -18"><span class='ocrx_word' id='word_1_689' title='bbox 2159 3996 2286 4041; x_wconf 79' lang='grc' dir='ltr'>νόος</span> <span class='ocrx_word' id='word_1_690' title='bbox 2327 3979 2437 4032; x_wconf 77' lang='grc' dir='ltr'>Καὶ</span> <span class='ocrx_word' id='word_1_691' title='bbox 2475 3977 2526 4031; x_wconf 90' lang='grc' dir='ltr'>τί</span> <span class='ocrx_word' id='word_1_692' title='bbox 2556 3977 2705 4045; x_wconf 88' lang='grc' dir='ltr'>λέγω</span> <span class='ocrx_word' id='word_1_693' title='bbox 2749 3977 2840 4032; x_wconf 84' lang='grc' dir='ltr'>τὸν</span> <span class='ocrx_word' id='word_1_694' title='bbox 2883 3976 2995 4048; x_wconf 85' lang='grc' dir='ltr'>βίον</span> <span class='ocrx_word' id='word_1_695' title='bbox 3029 3978 3278 4044; x_wconf 81' lang='grc' dir='ltr'>ἀπαντα;</span> <span class='ocrx_word' id='word_1_696' title='bbox 3310 3978 3528 4050; x_wconf 84' lang='grc' dir='ltr'>ἡμέραν</span> <span class='ocrx_word' id='word_1_697' title='bbox 3566 3978 3675 4049; x_wconf 87' lang='grc' dir='ltr'>γὰρ</span> <span class='ocrx_word' id='word_1_698' title='bbox 3721 3979 3851 4048; x_wconf 86' lang='grc' dir='ltr'>μίαν</span> 
     </span>
    </p>
   </div>
   <div class='ocr_carea' id='block_1_87' title="bbox 2159 4065 3854 4139">
    <p class='ocr_par' dir='ltr' id='par_1_87' title="bbox 2159 4065 3854 4139">
     <span class='ocr_line' id='line_1_87' title="bbox 2159 4065 3854 4139; baseline 0 -18"><span class='ocrx_word' id='word_1_699' title='bbox 2159 4067 2450 4139; x_wconf 86' lang='grc' dir='ltr'>δυνήσεταί</span> <span class='ocrx_word' id='word_1_700' title='bbox 2484 4084 2567 4130; x_wconf 90' lang='grc' dir='ltr'>τις</span> <span class='ocrx_word' id='word_1_701' title='bbox 2600 4068 2796 4131; x_wconf 84' lang='grc' dir='ltr'>εἰπεῖν,</span> <span class='ocrx_word' id='word_1_702' title='bbox 2831 4067 2954 4120; x_wconf 80' lang='grc' dir='ltr'>εἰπέ</span> <span class='ocrx_word' id='word_1_703' title='bbox 3003 4083 3114 4136; x_wconf 89' lang='grc' dir='ltr'>μοι,</span> <span class='ocrx_word' id='word_1_704' title='bbox 3160 4067 3242 4120; x_wconf 78' lang='grc' dir='ltr'>ὅτι</span> <span class='ocrx_word' id='word_1_705' title='bbox 3275 4066 3518 4137; x_wconf 90' lang='grc' dir='ltr'>καθαρός</span> <span class='ocrx_word' id='word_1_706' title='bbox 3559 4068 3710 4131; x_wconf 83' lang='grc' dir='ltr'>ἐστι;</span> <span class='ocrx_word' id='word_1_707' title='bbox 3749 4065 3854 4123; x_wconf 79' lang='grc' dir='ltr'>κᾶν</span> 
     </span>
    </p>
   </div>
   <div class='ocr_carea' id='block_1_88' title="bbox 2156 4153 3856 4228">
    <p class='ocr_par' dir='ltr' id='par_1_88' title="bbox 2156 4153 3856 4228">
     <span class='ocr_line' id='line_1_88' title="bbox 2156 4153 3856 4228; baseline -0.002 -18"><span class='ocrx_word' id='word_1_708' title='bbox 2156 4158 2267 4227; x_wconf 58' lang='grc' dir='ltr'>γάρ</span> <span class='ocrx_word' id='word_1_709' title='bbox 2303 4158 2378 4228; x_wconf 79' lang='grc' dir='ltr'>μὴ</span> <span class='ocrx_word' id='word_1_710' title='bbox 2410 4155 2672 4228; x_wconf 82' lang='grc' dir='ltr'>πορνεύῃ,</span> <span class='ocrx_word' id='word_1_711' title='bbox 2710 4155 2846 4226; x_wconf 81' lang='grc' dir='ltr'>μηδὲ</span> <span class='ocrx_word' id='word_1_712' title='bbox 2878 4153 3129 4228; x_wconf 83' lang='grc' dir='ltr'>μοιχεύῃ,</span> <span class='ocrx_word' id='word_1_713' title='bbox 3166 4155 3301 4227; x_wconf 80' lang='grc' dir='ltr'>μηδὲ</span> <span class='ocrx_word' id='word_1_714' title='bbox 3321 4154 3498 4208; x_wconf 88' lang='grc' dir='ltr'>ταῦτα</span> <span class='ocrx_word' id='word_1_715' title='bbox 3524 4155 3592 4208; x_wconf 88' lang='grc' dir='ltr'>τά</span> <span class='ocrx_word' id='word_1_716' title='bbox 3622 4156 3856 4228; x_wconf 83' lang='grc' dir='ltr'>ἀπειρη-</span> 
     </span>
    </p>
   </div>
   <div class='ocr_carea' id='block_1_89' title="bbox 2163 4242 3854 4317">
    <p class='ocr_par' dir='ltr' id='par_1_89' title="bbox 2163 4242 3854 4317">
     <span class='ocr_line' id='line_1_89' title="bbox 2163 4242 3854 4317; baseline 0 -19"><span class='ocrx_word' id='word_1_717' title='bbox 2163 4246 2301 4317; x_wconf 87' lang='grc' dir='ltr'>μένα</span> <span class='ocrx_word' id='word_1_718' title='bbox 2341 4243 2656 4316; x_wconf 81' lang='grc' dir='ltr'>ἀμαρτάνῃ,</span> <span class='ocrx_word' id='word_1_719' title='bbox 2703 4243 2991 4314; x_wconf 85' lang='grc' dir='ltr'>δυνήσεται</span> <span class='ocrx_word' id='word_1_720' title='bbox 3025 4242 3427 4314; x_wconf 77' lang='grc' dir='ltr'>καυχήσασθαι,</span> <span class='ocrx_word' id='word_1_721' title='bbox 3465 4244 3547 4297; x_wconf 88' lang='grc' dir='ltr'>ὃτι</span> <span class='ocrx_word' id='word_1_722' title='bbox 3595 4245 3696 4298; x_wconf 86' lang='grc' dir='ltr'>οὐκ</span> <span class='ocrx_word' id='word_1_723' title='bbox 3731 4247 3854 4298; x_wconf 85' lang='grc' dir='ltr'>ἐκε-</span> 
     </span>
    </p>
   </div>
   <div class='ocr_carea' id='block_1_90' title="bbox 2160 4331 3853 4405">
    <p class='ocr_par' dir='ltr' id='par_1_90' title="bbox 2160 4331 3853 4405">
     <span class='ocr_line' id='line_1_90' title="bbox 2160 4331 3853 4405; baseline -0.001 -17"><span class='ocrx_word' id='word_1_724' title='bbox 2160 4333 2464 4404; x_wconf 79' lang='grc' dir='ltr'>νοδόξησεν,</span> <span class='ocrx_word' id='word_1_725' title='bbox 2511 4334 2592 4387; x_wconf 82' lang='grc' dir='ltr'>ὅτι</span> <span class='ocrx_word' id='word_1_726' title='bbox 2621 4334 2720 4386; x_wconf 87' lang='grc' dir='ltr'>οὐκ</span> <span class='ocrx_word' id='word_1_727' title='bbox 2755 4333 3056 4405; x_wconf 82' lang='grc' dir='ltr'>ἀπενοήθη,</span> <span class='ocrx_word' id='word_1_728' title='bbox 3098 4333 3179 4386; x_wconf 85' lang='grc' dir='ltr'>ὅτι</span> <span class='ocrx_word' id='word_1_729' title='bbox 3215 4334 3316 4387; x_wconf 88' lang='grc' dir='ltr'>οὐκ</span> <span class='ocrx_word' id='word_1_730' title='bbox 3346 4333 3669 4398; x_wconf 84' lang='grc' dir='ltr'>ἀκολάστοις</span> <span class='ocrx_word' id='word_1_731' title='bbox 3711 4331 3853 4387; x_wconf 81' lang='grc' dir='ltr'>εἶδεν</span> 
     </span>
    </p>
   </div>
   <div class='ocr_carea' id='block_1_91' title="bbox 2160 4423 3856 4498">
    <p class='ocr_par' dir='ltr' id='par_1_91' title="bbox 2160 4423 3856 4498">
     <span class='ocr_line' id='line_1_91' title="bbox 2160 4423 3856 4498; baseline -0.002 -16"><span class='ocrx_word' id='word_1_732' title='bbox 2160 4427 2480 4498; x_wconf 74' lang='grc' dir='ltr'>ὀφθαλμοῖς,</span> <span class='ocrx_word' id='word_1_733' title='bbox 2515 4424 2598 4479; x_wconf 84' lang='grc' dir='ltr'>ὃτι</span> <span class='ocrx_word' id='word_1_734' title='bbox 2633 4425 2734 4478; x_wconf 89' lang='grc' dir='ltr'>οὐκ</span> <span class='ocrx_word' id='word_1_735' title='bbox 2769 4423 3087 4494; x_wconf 86' lang='grc' dir='ltr'>ἐπεθύμησε</span> <span class='ocrx_word' id='word_1_736' title='bbox 3115 4425 3184 4477; x_wconf 86' lang='grc' dir='ltr'>τά</span> <span class='ocrx_word' id='word_1_737' title='bbox 3212 4423 3306 4478; x_wconf 88' lang='grc' dir='ltr'>τοῦ</span> <span class='ocrx_word' id='word_1_738' title='bbox 3347 4424 3596 4495; x_wconf 84' lang='grc' dir='ltr'>πλησίον,</span> <span class='ocrx_word' id='word_1_739' title='bbox 3643 4425 3724 4478; x_wconf 83' lang='grc' dir='ltr'>ὅτι</span> <span class='ocrx_word' id='word_1_740' title='bbox 3755 4425 3856 4479; x_wconf 82' lang='grc' dir='ltr'>οὐκ</span> 
     </span>
    </p>
   </div>
   <div class='ocr_carea' id='block_1_92' title="bbox 2163 4512 3856 4587">
    <p class='ocr_par' dir='ltr' id='par_1_92' title="bbox 2163 4512 3856 4587">
     <span class='ocr_line' id='line_1_92' title="bbox 2163 4512 3856 4587; baseline -0.002 -17"><span class='ocrx_word' id='word_1_741' title='bbox 2163 4516 2451 4587; x_wconf 66' lang='grc' dir='ltr'>ἐψεύσατο,</span> <span class='ocrx_word' id='word_1_742' title='bbox 2481 4515 2564 4567; x_wconf 78' lang='grc' dir='ltr'>ὅτι</span> <span class='ocrx_word' id='word_1_743' title='bbox 2590 4513 2739 4566; x_wconf 85' lang='grc' dir='ltr'>δόλον</span> <span class='ocrx_word' id='word_1_744' title='bbox 2779 4515 2880 4566; x_wconf 91' lang='grc' dir='ltr'>ούκ</span> <span class='ocrx_word' id='word_1_745' title='bbox 2922 4512 3180 4585; x_wconf 76' lang='grc' dir='ltr'>ἕρραψεν,</span> <span class='ocrx_word' id='word_1_746' title='bbox 3212 4514 3293 4566; x_wconf 82' lang='grc' dir='ltr'>ὅτι</span> <span class='ocrx_word' id='word_1_747' title='bbox 3321 4514 3382 4566; x_wconf 88' lang='grc' dir='ltr'>οὐ</span> <span class='ocrx_word' id='word_1_748' title='bbox 3415 4512 3722 4585; x_wconf 80' lang='grc' dir='ltr'>κατηύξατο</span> <span class='ocrx_word' id='word_1_749' title='bbox 3747 4513 3856 4567; x_wconf 91' lang='grc' dir='ltr'>τῶν</span> 
     </span>
    </p>
   </div>
   <div class='ocr_carea' id='block_1_93' title="bbox 2163 4601 3859 4677">
    <p class='ocr_par' dir='ltr' id='par_1_93' title="bbox 2163 4601 3859 4677">
     <span class='ocr_line' id='line_1_93' title="bbox 2163 4601 3859 4677; baseline -0.002 -19"><span class='ocrx_word' id='word_1_750' title='bbox 2163 4604 2394 4677; x_wconf 84' lang='grc' dir='ltr'>ἐχθρῶν,</span> <span class='ocrx_word' id='word_1_751' title='bbox 2431 4604 2514 4657; x_wconf 81' lang='grc' dir='ltr'>ὅτι</span> <span class='ocrx_word' id='word_1_752' title='bbox 2555 4603 2656 4656; x_wconf 87' lang='grc' dir='ltr'>οὐκ</span> <span class='ocrx_word' id='word_1_753' title='bbox 2705 4601 2975 4672; x_wconf 79' lang='grc' dir='ltr'>ἐϐάσκηνε</span> <span class='ocrx_word' id='word_1_754' title='bbox 3025 4601 3104 4673; x_wconf 81' lang='grc' dir='ltr'>τῷ</span> <span class='ocrx_word' id='word_1_755' title='bbox 3141 4603 3313 4673; x_wconf 82' lang='grc' dir='ltr'>φίλῳ;</span> <span class='ocrx_word' id='word_1_756' title='bbox 3362 4603 3425 4655; x_wconf 76' lang='lat' dir='ltr'>Ei</span> <span class='ocrx_word' id='word_1_757' title='bbox 3471 4602 3526 4656; x_wconf 84' lang='grc' dir='ltr'>δέ</span> <span class='ocrx_word' id='word_1_758' title='bbox 3561 4604 3589 4654; x_wconf 88' lang='grc' dir='ltr'>ὁ</span> <span class='ocrx_word' id='word_1_759' title='bbox 3633 4603 3722 4656; x_wconf 81' lang='grc' dir='ltr'>τὸν</span> <span class='ocrx_word' id='word_1_760' title='bbox 3771 4621 3859 4673; x_wconf 87' lang='grc' dir='ltr'>φι-</span> 
     </span>
    </p>
   </div>
   <div class='ocr_carea' id='block_1_94' title="bbox 2163 4690 3858 4762">
    <p class='ocr_par' dir='ltr' id='par_1_94' title="bbox 2163 4690 3858 4762">
     <span class='ocr_line' id='line_1_94' title="bbox 2163 4690 3858 4762; baseline -0.002 -15"><span class='ocrx_word' id='word_1_761' title='bbox 2163 4694 2362 4749; x_wconf 80' lang='grc' dir='ltr'>λοῦντα</span> <span class='ocrx_word' id='word_1_762' title='bbox 2410 4693 2600 4762; x_wconf 84' lang='grc' dir='ltr'>φιλῶν,</span> <span class='ocrx_word' id='word_1_763' title='bbox 2657 4692 2812 4745; x_wconf 76' lang='grc' dir='ltr'>οὐδὲν</span> <span class='ocrx_word' id='word_1_764' title='bbox 2871 4691 3092 4744; x_wconf 77' lang='grc' dir='ltr'>ἔλαττον</span> <span class='ocrx_word' id='word_1_765' title='bbox 3148 4691 3261 4758; x_wconf 80' lang='grc' dir='ltr'>ἕξει</span> <span class='ocrx_word' id='word_1_766' title='bbox 3307 4690 3400 4744; x_wconf 85' lang='grc' dir='ltr'>τοῦ</span> <span class='ocrx_word' id='word_1_767' title='bbox 3443 4691 3675 4744; x_wconf 75' lang='grc' dir='ltr'>τελώνου</span> <span class='ocrx_word' id='word_1_768' title='bbox 3715 4693 3858 4744; x_wconf 88' lang='grc' dir='ltr'>κατά</span> 
     </span>
    </p>
   </div>
   <div class='ocr_carea' id='block_1_95' title="bbox 2163 4779 3858 4852">
    <p class='ocr_par' dir='ltr' id='par_1_95' title="bbox 2163 4779 3858 4852">
     <span class='ocr_line' id='line_1_95' title="bbox 2163 4779 3858 4852; baseline -0.003 -15"><span class='ocrx_word' id='word_1_769' title='bbox 2163 4783 2344 4851; x_wconf 87' lang='grc' dir='ltr'>τοῦτο,</span> <span class='ocrx_word' id='word_1_770' title='bbox 2396 4784 2542 4846; x_wconf 85' lang='grc' dir='ltr'>τίνος</span> <span class='ocrx_word' id='word_1_771' title='bbox 2592 4782 2746 4835; x_wconf 76' lang='grc' dir='ltr'>ἔσται</span> <span class='ocrx_word' id='word_1_772' title='bbox 2799 4779 3132 4851; x_wconf 81' lang='grc' dir='ltr'>συγγνώμης</span> <span class='ocrx_word' id='word_1_773' title='bbox 3178 4779 3328 4846; x_wconf 81' lang='grc' dir='ltr'>ἄξιος</span> <span class='ocrx_word' id='word_1_774' title='bbox 3378 4782 3405 4832; x_wconf 89' lang='grc' dir='ltr'><strong>ὁ</strong></span> <span class='ocrx_word' id='word_1_775' title='bbox 3444 4783 3538 4834; x_wconf 72' lang='grc' dir='ltr'>καὶ</span> <span class='ocrx_word' id='word_1_776' title='bbox 3587 4781 3666 4852; x_wconf 83' lang='grc' dir='ltr'>τῷ</span> <span class='ocrx_word' id='word_1_777' title='bbox 3721 4781 3858 4852; x_wconf 81' lang='grc' dir='ltr'>φίλῳ</span> 
     </span>
    </p>
   </div>
   <div class='ocr_carea' id='block_1_96' title="bbox 2169 4870 3858 4947">
    <p class='ocr_par' dir='ltr' id='par_1_96' title="bbox 2169 4870 3858 4947">
     <span class='ocr_line' id='line_1_96' title="bbox 2169 4870 3858 4947; baseline -0.004 -19"><span class='ocrx_word' id='word_1_778' title='bbox 2169 4875 2516 4947; x_wconf 80' lang='grc' dir='ltr'>βασκαίνωνς</span> <span class='ocrx_word' id='word_1_779' title='bbox 2553 4871 2843 4935; x_wconf 88' lang='grc' dir='ltr'>Τοσούτοις</span> <span class='ocrx_word' id='word_1_780' title='bbox 2872 4870 3364 4942; x_wconf 84' lang='grc' dir='ltr'>περιαντλούμενος</span> <span class='ocrx_word' id='word_1_781' title='bbox 3398 4873 3606 4934; x_wconf 84' lang='grc' dir='ltr'>κακοῖς.</span> <span class='ocrx_word' id='word_1_782' title='bbox 3656 4872 3858 4943; x_wconf 80' lang='grc' dir='ltr'>τολμᾷς</span> 
     </span>
    </p>
   </div>
   <div class='ocr_carea' id='block_1_97' title="bbox 2169 4957 3860 5033">
    <p class='ocr_par' dir='ltr' id='par_1_97' title="bbox 2169 4957 3860 5033">
     <span class='ocr_line' id='line_1_97' title="bbox 2169 4957 3860 5033; baseline -0.002 -18"><span class='ocrx_word' id='word_1_783' title='bbox 2169 4962 2394 5016; x_wconf 79' lang='grc' dir='ltr'>σεαυτὸν</span> <span class='ocrx_word' id='word_1_784' title='bbox 2429 4960 2671 5033; x_wconf 76' lang='grc' dir='ltr'>καθαρὸν</span> <span class='ocrx_word' id='word_1_785' title='bbox 2701 4959 2961 5024; x_wconf 76' lang='grc' dir='ltr'>καλέσαις</span> <span class='ocrx_word' id='word_1_786' title='bbox 3011 4957 3151 5011; x_wconf 83' lang='grc' dir='ltr'>Ἀλλ’</span> <span class='ocrx_word' id='word_1_787' title='bbox 3174 4959 3397 5010; x_wconf 82' lang='grc' dir='ltr'>ἐκείνων</span> <span class='ocrx_word' id='word_1_788' title='bbox 3424 4958 3522 5027; x_wconf 84' lang='grc' dir='ltr'>μὲν</span> <span class='ocrx_word' id='word_1_789' title='bbox 3557 4959 3590 5028; x_wconf 87' lang='grc' dir='ltr'><strong>ή</strong></span> <span class='ocrx_word' id='word_1_790' title='bbox 3630 4957 3860 5012; x_wconf 85' lang='grc' dir='ltr'>ἀπόνοια</span> 
     </span>
    </p>
   </div>
   <div class='ocr_carea' id='block_1_98' title="bbox 2173 5044 3855 5122">
    <p class='ocr_par' dir='ltr' id='par_1_98' title="bbox 2173 5044 3855 5122">
     <span class='ocr_line' id='line_1_98' title="bbox 2173 5044 3855 5122; baseline -0.002 -18"><span class='ocrx_word' id='word_1_791' title='bbox 2173 5052 2227 5104; x_wconf 77' lang='grc' dir='ltr'>οὐ</span> <span class='ocrx_word' id='word_1_792' title='bbox 2284 5051 2382 5122; x_wconf 80' lang='grc' dir='ltr'>μὲν</span> <span class='ocrx_word' id='word_1_793' title='bbox 2413 5048 2688 5112; x_wconf 78' lang='grc' dir='ltr'>ἐντεῦθεν,</span> <span class='ocrx_word' id='word_1_794' title='bbox 2742 5047 2877 5101; x_wconf 87' lang='grc' dir='ltr'>ἀλλά</span> <span class='ocrx_word' id='word_1_795' title='bbox 2920 5047 3014 5100; x_wconf 76' lang='grc' dir='ltr'>καὶ</span> <span class='ocrx_word' id='word_1_796' title='bbox 3064 5045 3332 5116; x_wconf 81' lang='grc' dir='ltr'>ἑτέρωθεν</span> <span class='ocrx_word' id='word_1_797' title='bbox 3366 5044 3855 5116; x_wconf 76' lang='grc' dir='ltr'>ἀποδειχθήσεταιο</span> 
     </span>
    </p>
   </div>
   <div class='ocr_carea' id='block_1_99' title="bbox 2169 5133 3860 5210">
    <p class='ocr_par' dir='ltr' id='par_1_99' title="bbox 2169 5133 3860 5210">
     <span class='ocr_line' id='line_1_99' title="bbox 2169 5133 3860 5210; baseline -0.002 -18"><span class='ocrx_word' id='word_1_798' title='bbox 2169 5140 2314 5210; x_wconf 81' lang='grc' dir='ltr'>ὑμᾶς</span> <span class='ocrx_word' id='word_1_799' title='bbox 2355 5138 2411 5191; x_wconf 83' lang='grc' dir='ltr'>δὲ</span> <span class='ocrx_word' id='word_1_800' title='bbox 2459 5134 2764 5209; x_wconf 88' lang='grc' dir='ltr'>παρακαλῶ</span> <span class='ocrx_word' id='word_1_801' title='bbox 2809 5138 2901 5188; x_wconf 73' lang='grc' dir='ltr'>καὶ</span> <span class='ocrx_word' id='word_1_802' title='bbox 2943 5135 3040 5205; x_wconf 83' lang='grc' dir='ltr'>τὴν</span> <span class='ocrx_word' id='word_1_803' title='bbox 3084 5134 3358 5206; x_wconf 86' lang='grc' dir='ltr'>ὑμετέραν</span> <span class='ocrx_word' id='word_1_804' title='bbox 3407 5133 3648 5205; x_wconf 88' lang='grc' dir='ltr'>ἀγάπην,</span> <span class='ocrx_word' id='word_1_805' title='bbox 3687 5135 3860 5190; x_wconf 84' lang='grc' dir='ltr'>ταῦτα</span> 
     </span>
    </p>
   </div>
   <div class='ocr_carea' id='block_1_100' title="bbox 2171 5212 3857 5294">
    <p class='ocr_par' dir='ltr' id='par_1_100' title="bbox 2171 5212 3857 5294">
     <span class='ocr_line' id='line_1_100' title="bbox 2171 5212 3857 5294; baseline -0.002 -13"><span class='ocrx_word' id='word_1_806' title='bbox 2171 5228 2348 5281; x_wconf 88' lang='grc' dir='ltr'>πάντα</span> <span class='ocrx_word' id='word_1_807' title='bbox 2387 5227 2703 5289; x_wconf 88' lang='grc' dir='ltr'>ἐννοοῦντας</span> <span class='ocrx_word' id='word_1_808' title='bbox 2751 5225 2852 5291; x_wconf 73' lang='grc' dir='ltr'>τῆς</span> <span class='ocrx_word' id='word_1_809' title='bbox 2893 5224 2991 5294; x_wconf 81' lang='grc' dir='ltr'>μὲν</span> <span class='ocrx_word' id='word_1_810' title='bbox 3020 5212 3340 5287; x_wconf 75' lang='grc' dir='ltr'>ἀλαζονείας</span> <span class='ocrx_word' id='word_1_811' title='bbox 3373 5221 3552 5276; x_wconf 90' lang='grc' dir='ltr'>αὐτῶν</span> <span class='ocrx_word' id='word_1_812' title='bbox 3581 5223 3857 5278; x_wconf 68' lang='grc' dir='ltr'>ἀπαλλάτε</span> 
     </span>
    </p>
   </div>
   <div class='ocr_carea' id='block_1_101' title="bbox 2169 5307 3859 5384">
    <p class='ocr_par' dir='ltr' id='par_1_101' title="bbox 2169 5307 3859 5384">
     <span class='ocr_line' id='line_1_101' title="bbox 2169 5307 3859 5384; baseline -0.001 -15"><span class='ocrx_word' id='word_1_813' title='bbox 2169 5315 2379 5377; x_wconf 87' lang='grc' dir='ltr'>τεσθαι,</span> <span class='ocrx_word' id='word_1_814' title='bbox 2431 5314 2526 5368; x_wconf 65' lang='grc' dir='ltr'>καὶ</span> <span class='ocrx_word' id='word_1_815' title='bbox 2569 5315 2673 5383; x_wconf 78' lang='grc' dir='ltr'>τῆς</span> <span class='ocrx_word' id='word_1_816' title='bbox 2718 5313 2976 5376; x_wconf 79' lang='grc' dir='ltr'>ἀπονοίας</span> <span class='ocrx_word' id='word_1_817' title='bbox 3025 5311 3180 5375; x_wconf 74' lang='grc' dir='ltr'>ἐκτὸς</span> <span class='ocrx_word' id='word_1_818' title='bbox 3233 5307 3410 5378; x_wconf 85' lang='grc' dir='ltr'>εἶναι,</span> <span class='ocrx_word' id='word_1_819' title='bbox 3462 5312 3758 5384; x_wconf 76' lang='grc' dir='ltr'>πειρᾶσθαι</span> <span class='ocrx_word' id='word_1_820' title='bbox 3802 5315 3859 5368; x_wconf 79' lang='grc' dir='ltr'>δὲ</span> 
     </span>
    </p>
   </div>
   <div class='ocr_carea' id='block_1_102' title="bbox 2171 5401 3863 5480">
    <p class='ocr_par' dir='ltr' id='par_1_102' title="bbox 2171 5401 3863 5480">
     <span class='ocr_line' id='line_1_102' title="bbox 2171 5401 3863 5480; baseline -0.003 -20"><span class='ocrx_word' id='word_1_821' title='bbox 2171 5407 2312 5480; x_wconf 86' lang='grc' dir='ltr'>μετὰ</span> <span class='ocrx_word' id='word_1_822' title='bbox 2341 5405 2577 5468; x_wconf 78' lang='grc' dir='ltr'>σπουδῆς</span> <span class='ocrx_word' id='word_1_823' title='bbox 2605 5403 2823 5473; x_wconf 86' lang='grc' dir='ltr'>ἁπάσης</span> <span class='ocrx_word' id='word_1_824' title='bbox 2856 5403 2925 5456; x_wconf 89' lang='grc' dir='ltr'>τά</span> <span class='ocrx_word' id='word_1_825' title='bbox 2957 5418 3017 5454; x_wconf 86' lang='grc' dir='ltr'>τε</span> <span class='ocrx_word' id='word_1_826' title='bbox 3045 5401 3173 5455; x_wconf 76' lang='grc' dir='ltr'>ὄντα</span> <span class='ocrx_word' id='word_1_827' title='bbox 3205 5402 3582 5475; x_wconf 78' lang='grc' dir='ltr'>ἁμαρτήματα</span> <span class='ocrx_word' id='word_1_828' title='bbox 3614 5404 3863 5474; x_wconf 71' lang='grc' dir='ltr'>ἀποσμή-</span> 
     </span>
    </p>
   </div>
   <div class='ocr_carea' id='block_1_103' title="bbox 2167 5491 3862 5567">
    <p class='ocr_par' dir='ltr' id='par_1_103' title="bbox 2167 5491 3862 5567">
     <span class='ocr_line' id='line_1_103' title="bbox 2167 5491 3862 5567; baseline -0.005 -17"><span class='ocrx_word' id='word_1_829' title='bbox 2167 5513 2309 5567; x_wconf 78' lang='grc' dir='ltr'>χειν,</span> <span class='ocrx_word' id='word_1_830' title='bbox 2349 5494 2421 5548; x_wconf 90' lang='grc' dir='ltr'>τά</span> <span class='ocrx_word' id='word_1_831' title='bbox 2458 5511 2518 5547; x_wconf 89' lang='grc' dir='ltr'>τε</span> <span class='ocrx_word' id='word_1_832' title='bbox 2566 5491 2864 5565; x_wconf 83' lang='grc' dir='ltr'>προσιόντα</span> <span class='ocrx_word' id='word_1_833' title='bbox 2917 5491 3345 5562; x_wconf 86' lang='grc' dir='ltr'>ἀποκρούεσθαι.</span> <span class='ocrx_word' id='word_1_834' title='bbox 3389 5492 3506 5545; x_wconf 83' lang='grc' dir='ltr'>Κάν</span> <span class='ocrx_word' id='word_1_835' title='bbox 3540 5492 3650 5565; x_wconf 78' lang='grc' dir='ltr'>γὰρ</span> <span class='ocrx_word' id='word_1_836' title='bbox 3689 5495 3862 5565; x_wconf 76' lang='grc' dir='ltr'>μυρία</span> 
     </span>
    </p>
   </div>
   <div class='ocr_carea' id='block_1_104' title="bbox 2169 5580 3862 5657">
    <p class='ocr_par' dir='ltr' id='par_1_104' title="bbox 2169 5580 3862 5657">
     <span class='ocr_line' id='line_1_104' title="bbox 2169 5580 3862 5657; baseline -0.004 -18"><span class='ocrx_word' id='word_1_837' title='bbox 2169 5586 2319 5657; x_wconf 79' lang='grc' dir='ltr'>ἡμᾶς</span> <span class='ocrx_word' id='word_1_838' title='bbox 2348 5580 2814 5655; x_wconf 77' lang='grc' dir='ltr'>περιστοιχίζηται</span> <span class='ocrx_word' id='word_1_839' title='bbox 2838 5580 3008 5641; x_wconf 76' lang='grc' dir='ltr'>κακά,</span> <span class='ocrx_word' id='word_1_840' title='bbox 3039 5581 3134 5634; x_wconf 85' lang='grc' dir='ltr'>ἐάν</span> <span class='ocrx_word' id='word_1_841' title='bbox 3166 5581 3538 5652; x_wconf 86' lang='grc' dir='ltr'>σωφρονῶμεν</span> <span class='ocrx_word' id='word_1_842' title='bbox 3573 5582 3667 5635; x_wconf 66' lang='grc' dir='ltr'>καὶ</span> <span class='ocrx_word' id='word_1_843' title='bbox 3697 5583 3862 5654; x_wconf 81' lang='grc' dir='ltr'>ἐγρη·</span> 
     </span>
    </p>
   </div>
   <div class='ocr_carea' id='block_1_105' title="bbox 2170 5665 3861 5746">
    <p class='ocr_par' dir='ltr' id='par_1_105' title="bbox 2170 5665 3861 5746">
     <span class='ocr_line' id='line_1_105' title="bbox 2170 5665 3861 5746; baseline -0.003 -18"><span class='ocrx_word' id='word_1_844' title='bbox 2170 5673 2396 5746; x_wconf 87' lang='grc' dir='ltr'>γορότες</span> <span class='ocrx_word' id='word_1_845' title='bbox 2445 5665 2614 5743; x_wconf 81' lang='grc' dir='ltr'>ὦμεν,</span> <span class='ocrx_word' id='word_1_846' title='bbox 2661 5668 3004 5740; x_wconf 84' lang='grc' dir='ltr'>δυνησόμεθα</span> <span class='ocrx_word' id='word_1_847' title='bbox 3059 5668 3260 5740; x_wconf 84' lang='grc' dir='ltr'>πολλῆς</span> <span class='ocrx_word' id='word_1_848' title='bbox 3309 5669 3608 5739; x_wconf 81' lang='grc' dir='ltr'>ἀπολογίας</span> <span class='ocrx_word' id='word_1_849' title='bbox 3658 5675 3861 5742; x_wconf 76' lang='grc' dir='ltr'>τυχεῖν,</span> 
     </span>
    </p>
   </div>
   <div class='ocr_carea' id='block_1_106' title="bbox 2171 5757 3860 5835">
    <p class='ocr_par' dir='ltr' id='par_1_106' title="bbox 2171 5757 3860 5835">
     <span class='ocr_line' id='line_1_106' title="bbox 2171 5757 3860 5835; baseline -0.001 -17"><span class='ocrx_word' id='word_1_850' title='bbox 2171 5762 2376 5835; x_wconf 84' lang='grc' dir='ltr'>πολλῆς</span> <span class='ocrx_word' id='word_1_851' title='bbox 2405 5762 2508 5832; x_wconf 79' lang='grc' dir='ltr'>τῆς</span> <span class='ocrx_word' id='word_1_852' title='bbox 2549 5759 2900 5832; x_wconf 84' lang='grc' dir='ltr'>συγγνώμης,</span> <span class='ocrx_word' id='word_1_853' title='bbox 2936 5761 3033 5815; x_wconf 71' lang='grc' dir='ltr'>καὶ</span> <span class='ocrx_word' id='word_1_854' title='bbox 3083 5758 3452 5831; x_wconf 76' lang='grc' dir='ltr'>ἀπονίψασθαι</span> <span class='ocrx_word' id='word_1_855' title='bbox 3492 5757 3562 5812; x_wconf 72' lang='grc' dir='ltr'>τά</span> <span class='ocrx_word' id='word_1_856' title='bbox 3605 5779 3860 5832; x_wconf 74' lang='grc' dir='ltr'>πεπημ-</span> 
     </span>
    </p>
   </div>
   <div class='ocr_carea' id='block_1_107' title="bbox 2176 5851 2478 5926">
    <p class='ocr_par' dir='ltr' id='par_1_107' title="bbox 2176 5851 2478 5926">
     <span class='ocr_line' id='line_1_107' title="bbox 2176 5851 2478 5926; baseline -0.007 -19"><span class='ocrx_word' id='word_1_857' title='bbox 2176 5851 2478 5926; x_wconf 85' lang='grc' dir='ltr'>μελημένα.</span> 
     </span>
    </p>
   </div>
  </div>
