4138 6464
406 388 514 442 495

396 492 566 557 mala,
610 489 673 548 si
697 488 971 560 sapiamus
1025 496 1080 542 et
1118 485 1309 557 v'giles
1353 486 1544 550 simus,
1599 487 1896 556 poterimus
1946 497 2001 543 et

391 586 807 640 excusationem
836 582 1059 637 multam
1084 590 1141 636 et
1166 580 1376 635 veniam
1405 580 1685 649 consequi,
1720 588 1882 650 atque
1909 578 2006 635 de-

393 681 524 735 licta
546 679 791 734 abluere.

466 773 735 844 Confessio
765 782 1107 843 peccatorum.
1136 769 1281 824 -—Et
1308 766 1578 838 quomodo
1602 766 1653 821 id
1681 775 1997 822 eventurum

384 869 461 923 sit
488 867 614 922 audi
648 883 663 920 :
694 866 737 920 si
766 866 818 920 in
850 864 1130 919 ecclesiam
1171 878 1268 917 nos
1301 861 1641 917 conferamus
1661 902 1676 924 ,
1705 860 1749 914 si
1779 859 1847 914 de
1877 876 2002 927 pec-

383 958 530 1016 catis
577 960 779 1013 nostris
826 958 1277 1028 ingemiscamus,
1315 955 1359 1008 si
1404 954 1515 1023 ipsa
1565 961 1783 1022 peccata
1830 951 2001 1005 conli-

384 1063 623 1115 teamur,
651 1050 696 1103 si
724 1049 1097 1118 eleemosynas
1136 1060 1439 1116 erogcmus,
1473 1043 1520 1099 si
1568 1057 1755 1113 preces
1783 1043 2001 1097 emitta-

381 1158 542 1207 mus,
563 1142 609 1197 si
649 1142 845 1211 injuria
892 1139 1114 1195 allectos
1149 1138 1426 1209 juvemus,
1452 1135 1496 1190 si
1524 1134 1754 1189 inimicis
1781 1146 1998 1204 peccata

378 1235 758 1292 condonemus
776 1274 792 1299 ,
820 1234 866 1289 si
896 1234 965 1288 ob
989 1231 1179 1288 delicta
1208 1231 1471 1302 lacrymas
1499 1228 1807 1283 omittamus
1837 1224 2001 1282 :'lta-c

376 1331 587 1401 quippe
642 1329 823 1382 omnia
881 1336 1006 1382 sunt
1056 1335 1399 1396 peccatorum
1459 1322 1769 1391 pharmaca.
1827 1319 1993 1387 lltee,

377 1437 594 1493 quaeso,
621 1420 803 1475 omnia
830 1418 1055 1490 singulis
1071 1417 1260 1473 diebus
1280 1429 1624 1486 apparemus,
1650 1428 1747 1467 nos
1773 1411 1997 1467 abluen-

377 1526 466 1572 tes
508 1524 566 1569 et
603 1512 976 1585 absterge-otes
1004 1529 1017 1567 :
1048 1523 1103 1568 et
1140 1526 1263 1565 cum
1312 1509 1395 1563 his
1439 1506 1688 1563 omnibus
1734 1520 1831 1558 nos
1876 1504 1991 1557 mi—

1200 367 1286 423 ιιι
1328 365 1635 435 HOMXLIA,
1680 365 1883 422 ΜΕΤΑ
1928 365 1992 422 lN
2033 368 2311 428 TEMPLO
2349 372 2407 430 S.
2451 376 2882 435 ANASTASUE.

3608 380 3720 440 494

2118 503 2269 547 seros
2297 493 2648 563 prtedicemus
2666 540 2682 563 ,
2714 497 2957 554 dicentes
2983 514 3082 555 nos
3106 516 3293 571 servos
3323 502 3541 562 inutiles
3575 524 3717 566 esse.

2117 580 2329 638 Etenim
2351 594 2405 640 et
2428 585 2557 641 illud
2584 603 2688 643 non
2707 605 2868 661 parva
2887 593 3096 662 species
3110 602 3193 648 est
3210 598 3580 653 exstinctinnis
3595 616 3715 670 pec-

2113 685 2380 743 catorum,
2413 679 2629 749 quando
2671 689 2813 736 bona
2842 700 3003 755 opera
3030 687 3277 755 edentes,
3303 689 3435 746 nihil
3468 708 3719 763 magnum

2112 767 2181 821 de
2210 768 2503 840 uobisipsis
2530 774 2787 841 sapimus,
2819 785 2879 831 ut
2907 793 2975 833 ne
2998 793 3058 832 ea
3092 780 3357 849 patiamur
3377 825 3390 848 ,
3421 800 3541 853 qua:
3572 785 3715 842 Pha-

2112 861 2301 915 ris:rus
2330 863 2438 917 ille.
2475 864 2532 921 Si
2558 866 2636 921 sic
2664 877 2845 924 nostra
2874 870 3268 942 dispensemus,
3299 877 3593 945 poterimus
3617 882 3714 936 mi.

2110 954 2460 1010 sericordiam
2490 967 2545 1013 et
2570 962 2779 1015 veniam
2803 966 3058 1035 consequi
3090 965 3142 1019 in
3175 967 3262 1023 die
3290 969 3382 1024 illa
3408 974 3713 1041 tremenda,

2109 1054 2163 1099 et
2185 1048 2463 1116 promissis
2487 1049 2691 1122 dignari
2720 1054 2874 1109 bonis
2900 1073 2915 1109 :
2942 1057 3136 1126 quibus
3164 1059 3367 1116 utinam
3400 1079 3496 1117 nos
3526 1079 3714 1121 omnes

2107 1134 2372 1205 fruamur,
2417 1142 2587 1209 gratia
2631 1152 2687 1199 et
2732 1144 3061 1215 benignitate
3108 1150 3316 1205 Domini
3372 1156 3539 1209 nostri
3581 1155 3711 1212 Jesn

2106 1225 2302 1283 Christi
2328 1270 2344 1296 ,
2372 1246 2468 1300 per
2494 1248 2656 1304 quem
2683 1245 2737 1289 et
2763 1252 2885 1291 cum
2918 1254 3024 1308 quo
3052 1240 3193 1295 Patri
3221 1243 3412 1313 gloria,
3454 1262 3556 1300 una
3584 1265 3710 1304 cum

2104 1330 2293 1374 sancto
2322 1321 2541 1392 Spiritu,
2573 1342 2715 1383 nunc
2741 1338 2793 1382 et
2822 1344 3060 1400 semper,
3089 1340 3142 1387 et
3170 1333 3222 1386 in
3253 1337 3447 1390 stecula
3477 1341 3699 1394 sacculo-

2102 1427 2244 1466 t'um.
2268 1416 2463 1471 Anien.

382 1624 3681 1654 ______————-——————-——————-————_————-——————_______—_____

1800 1681 2149 1745 HOMILIA
2195 1683 2335 1745 Vll.

491 1865 726 1922 Homilia
752 1864 926 1919 habita
952 1864 1003 1917 in
1032 1861 1220 1931 templo
1249 1867 1441 1913 sancta:
1469 1852 1756 1909 Anastasio:
1781 1848 1879 1922 (α).

453 1965 503 2016 1.
536 1956 779 2013 Modicus
798 1964 883 2010 est
904 1954 1248 2025 prtcsentium
1274 1959 1591 2012 conventus,
1619 1944 1712 2000 sed
1736 1957 1987 2014 magnum

376 2051 709 2107 desiderium
744 2067 757 2103 :
791 2057 1117 2120 quaprOpter
1144 2060 1244 2100 nec
1274 2043 1516 2098 modicus
1559 2048 1854 2094 conventus
1881 2046 1986 2091 est.

378 2147 499 2202 Non
519 2146 657 2199 enim
691 2141 1092 2198 multitudinem
1117 2153 1403 2209 corporum
1427 2134 1737 2206 quarimus,
1758 2129 1851 2184 sed
1872 2128 1991 2182 ani-

389 2245 925 2307 mminit-mperatum,
952 2243 1187 2288 mentem
1206 2231 1304 2285 alis
1326 2230 1663 2291 instructam,
1685 2223 1986 2279 auditorem

394 2331 625 2384 terrenis
646 2328 891 2381 omnibus
908 2325 1302 2381 sublimiorem.
1330 2322 1386 2377 Si
1414 2321 1497 2375 vel
1522 2335 1657 2373 unus
1676 2318 1796 2372 talis
1817 2317 1904 2382 sit,
1931 2317 1986 2373 id

392 2422 721 2476 concionanti
744 2422 879 2477 satis
906 2434 1028 2476 esse
1056 2419 1243 2489 possit.
1267 2417 1478 2471 Etenim
1502 2414 1838 2469 Samaritana
1869 2429 1986 2467 mu-

385 2513 487 2568 lier
514 2522 566 2567 et
598 2514 745 2584 inops
777 2524 894 2568 erat
920 2522 977 2565 et
1000 2511 1210 2580 impura
1237 2519 1293 2564 et
1318 2507 1617 2577 alienigena
1646 2522 1660 2570 ;
1696 2515 1985 2574 tamenque

378 2607 527 2660 orlns
578 2606 806 2659 Domino
843 2606 1001 2674 digna
1046 2602 1160 2656 visa
1213 2609 1297 2656 est
1320 2616 1440 2671 qua:
1468 2599 1639 2669 longis
1685 2597 1792 2652 illis
1838 2598 1984 2651 true-

374 2712 527 2754 retur
567 2695 1304 2767 sermooibus(Journal):
1338 2703 1393 2748 et
1439 2692 1529 2747 ille
1574 2690 1789 2761 quidem
1841 2705 1985 2759 saepe

370 2796 515 2846 inter
559 2790 792 2863 populos
832 2789 1085 2845 Judaicos
1114 2787 1380 2852 circuivit,
1408 2795 1500 2839 aut
1534 2801 1639 2839 non
1679 2784 1981 2853 alloquens,

365 2894 461 2937 aut
492 2897 805 2938 sermonem
839 2881 1204 2944 adumbratis;
1248 2879 1455 2934 mulieri
1486 2888 1663 2931 autem
1696 2876 1939 2930 barbara.-
1963 2917 1979 2943 ,

364 2995 490 3047 qua:
518 2978 758 3047 quinque
785 2977 928 3031 viros
960 2976 1242 3039 habuerat,
1272 2983 1326 3029 et
1356 2987 1477 3028 cum
1524 2982 1679 3026 sexto
1705 2970 1983 3040 illegitime

365 3070 667 3138 habitabat,
687 3070 788 3123 soli
808 3069 1147 3138 loquebatur,
1168 3082 1289 3121 cum
1312 3064 1603 3134 discipulos
1626 3062 1692 3119 de
1717 3063 1980 3117 industria

364 3168 420 3218 in
450 3164 626 3219 forum
656 3164 915 3226 misisset,
950 3171 1006 3216 ut
1034 3176 1101 3216 ne
1129 3175 1251 3213 mox
1280 3157 1597 3228 capiendam
1626 3155 1861 3226 praedam
1886 3156 1981 3211 ab-

359 3266 650 3312 stt-rrcrct.
669 3254 843 3311 Tanta
876 3254 1104 3310 Domino
1130 3252 1278 3306 orbis
1298 3252 1381 3305 vel
1407 3265 1504 3319 pro
1522 3265 1624 3304 una
1652 3248 1829 3303 anima
1857 3264 1980 3318 pro-

359 3352 606 3405 videntia
634 3359 750 3406 crat
770 3392 786 3416 ,
815 3350 858 3403 si
883 3350 1120 3403 animum
1149 3356 1204 3401 et
1231 3345 1560 3399 alacritatem
1614 3343 1882 3398 inveniret
1910 3342 1978 3397 ad

358 3443 699 3498 audiendum
732 3440 1031 3512 proclivem
1051 3481 1065 3505 ,
1090 3454 1250 3509 quam
1281 3436 1369 3491 illa
1399 3446 1527 3491 tunc
1553 3434 1865 3491 exhibebat.

441 3536 796 3592 Samaritana
816 3534 1014 3588 laudes.
1028 3562 1104 3573 —
1119 3532 1192 3586 Ex
1223 3532 1506 3585 meretrice
1528 3530 1688 3599 igitur
1707 3527 1977 3597 evangeli-

355 3644 446 3686 sta
488 3629 629 3684 facta
660 3638 783 3693 est,
813 3638 935 3697 post
959 3626 1050 3681 illa
1082 3625 1183 3680 sibi
1209 3623 1369 3678 allata
1398 3632 1707 3693 argumenta
1735 3621 1976 3675 clamans

353 3735 413 3780 et
439 3724 628 3777 dicens
652 3738 665 3775 :
707 3720 901 3785 Venite,
924 3720 1085 3774 videte
1109 3718 1384 3782 hominem,
1400 3718 1487 3787 qui
1508 3716 1640 3771 dixit
1661 3716 1785 3770 mihi
1803 3716 1975 3770 omnia

354 3832 699 3888 qttwcumque
751 3813 1171 3888 feci:numquid
1222 3813 1333 3883 ipse
1384 3821 1458 3865 est
1506 3808 1783 3865 Christus?
1827 3809 1973 3866 Illius

356 3910 532 3964 vitam
564 3909 896 3969 traduxerat,
944 3907 1168 3976 ejusque
1217 3913 1437 3976 peccata
1484 3904 1535 3957 in
1587 3902 1821 3957 medium
1872 3902 1971 3957 ad-

354 4006 616 4066 duxerat,
646 4002 830 4072 dicqts
860 4016 878 4058 :
911 4001 1145 4070 Quinque
1169 3999 1302 4053 enim
1334 3999 1464 4052 viros
1489 3997 1732 4064 habuisti,
1766 4006 1811 4050 et
1839 4012 1974 4050 nunc

352 4113 511 4168 quem
555 4096 731 4159 habes,
779 4111 882 4148 non
928 4104 1000 4149 est
1030 4103 1148 4146 tuus
1173 4092 1269 4146 vir.
1319 4091 1393 4146 At
1432 4091 1521 4146 illa
1565 4091 1811 4145 convicta
1863 4104 1969 4143 non

355 4191 613 4260 perculsa
665 4188 781 4254 fuit,
829 4188 925 4243 sed
973 4188 1118 4241 illam
1156 4185 1406 4241 Ghristus
1446 4184 1514 4240 ad
1557 4184 1815 4256 majorem
1844 4200 1969 4254 erga

470 4283 727 4339 affectum
768 4282 1006 4336 attraxit.
1053 4280 1213 4336 Tales
1264 4280 1462 4350 quippe
1501 4288 1628 4333 sunt
1692 4293 1971 4349 generosae

353 4380 562 4433 animm
592 4395 604 4431 :
636 4393 702 4431 ex
734 4375 945 4437 iisdem,
976 4375 1173 4447 quibus
1200 4371 1543 4428 otIenduutur
1569 4372 1683 4434 alii,
1719 4371 1824 4426 illae
1848 4386 1970 4426 cor-

354 4473 634 4537 riguntur.
664 4468 796 4523 Nam
829 4469 873 4521 si
915 4484 978 4523 ex
1033 4470 1360 4537 ingratorum
1406 4480 1633 4518 numero
1681 4463 1893 4530 fuisset,
1924 4463 1970 4519 si

351 4563 632 4626 eonvicta,
664 4561 908 4629 permulsa
938 4558 1146 4628 fugisset,
1180 4557 1479 4612 resiluisset
1508 4558 1560 4611 in
1585 4558 1721 4611 iram
1744 4565 1799 4612 et
1827 4558 1969 4611 indi-

349 4656 674 4727 gnationem
697 4653 976 4707 comitata.
1010 4652 1081 4705 At
1109 4651 1197 4705 illa
1224 4660 1342 4720 post
1367 4650 1767 4704 accusationem
1800 4651 1970 4720 magis

350 4750 574 4805 addicta
603 4748 809 4801 doctori
844 4746 920 4810 fit,
954 4755 1008 4801 et
1051 4745 1119 4800 de
1163 4744 1446 4800 altioribus
1490 4744 1653 4799 rebus
1684 4745 1855 4813 ipsum
1892 4744 1972 4797 in-

353 4852 633 4911 terrogat:
657 4840 792 4894 dixit
810 4840 953 4893 enim
980 4856 992 4891 :
1026 4836 1187 4891 Video
1206 4838 1345 4907 quod
1364 4836 1611 4907 propheta
1626 4852 1677 4889 es
1694 4845 1748 4889 tu
1766 4853 1786 4899 ;
1811 4845 1971 4906 atque

349 4951 422 4991 es
475 4941 821 5003 peccatorum
851 4946 1072 4985 suorum
1108 4929 1319 4995 notitia,
1345 4938 1402 4981 ut
1435 4926 1546 4997 jam
1577 4941 1767 4997 gnara,
1801 4928 1971 4998 magis

350 5030 539 5093 ipsum
558 5021 1297 5090 admiratursciscitaturque.
1325 5018 1451 5075 Haec
1468 5018 1665 5075 animo:
1680 5028 1835 5074 erant
1852 5034 1972 5088 quae

356 5115 734 5188 philosophari
760 5114 992 5169 volebat.
1016 5112 1202 5182 Neque
1217 5115 1361 5167 enim
1384 5112 1583 5182 aliquid
1604 5111 1971 5181 interrogabat

356 5213 428 5265 de
443 5208 796 5265 saecularibus
816 5208 999 5266 rebus.
1022 5223 1125 5260 non
1139 5205 1207 5261 de
1220 5206 1433 5276 opibus,
1455 5221 1561 5259 non
1580 5205 1648 5261 de
1667 5204 1972 5259 valetudine

357 5302 648 5372 corporis,
699 5316 804 5354 non
853 5298 922 5355 de
974 5298 1291 5354 excutit-uda
1357 5306 1702 5368 paupertate.
1752 5297 1855 5352 etsi.
1917 5298 1969 5351 in

357 5408 605 5453 extrema
630 5394 856 5463 degebat
879 5393 1078 5461 inopia;
1103 5390 1197 5447 sed
1215 5390 1284 5447 de
1303 5391 1473 5446 sacris
1508 5391 1739 5459 legibus,
1769 5390 1835 5446 de
1861 5391 1968 5445 vita

360 5489 653 5560 majorum,
698 5487 765 5541 de
794 5486 1047 5556 religioso
1093 5494 1302 5556 patrum
1330 5484 1500 5552 cultu,
1537 5483 1761 5541 dicens:
1785 5482 1971 5539 Patres

432 5685 508 5743 (α)
539 5681 675 5743 inter
700 5680 827 5730 hanc
847 5688 902 5730 et
925 5678 1295 5743 praecedentem
1332 5677 1584 5743 homitiam
1605 5681 1655 5730 in
1681 5679 1865 5733 Codice
1892 5682 1970 5732 Va-

363 5739 538 5796 ticano
562 5742 777 5793 habetur
806 5739 1540 5807 homiliajcontra_bippodromi
1575 5748 1630 5793 et
1662 5745 1843 5794 theatri
1866 5757 1983 5807 spe-

365 5809 586 5863 Macula,
613 5819 759 5868 quam
780 5807 878 5868 jam
907 5803 1330 5868 edidimns_Tom.
1360 5804 1440 5854 VI.
1469 5804 1605 5856 Circa
1640 5808 1775 5857 illam
1801 5803 1981 5857 neces-

365 5869 510 5922 sario
534 5866 752 5931 legenda
777 5866 894 5919 sunt
918 5880 1032 5931 quae
1059 5871 1105 5915 in
1136 5866 1320 5917 Monito
1345 5868 1577 5918 diximus.

2102 1851 2263 1903 nostri
2282 1852 2335 1905 in
2357 1864 2525 1908 monte
2549 1855 2645 1911 hoc
2668 1859 3050 1921 adoraverunt;
3068 1872 3115 1916 et
3136 1864 3389 1933 quomodo
3410 1880 3494 1917 tros
3510 1863 3701 1927 dicitis,

2100 1944 2238 2011 quod
2251 1944 2589 2018 Jerosolymis
2602 1950 2745 2004 locus
2760 1962 2833 2005 est
2850 1952 2934 2006 ubi
2952 1964 3149 2025 oportet
3167 1956 3387 2010 adorare
3412 1956 3432 2029 (
3460 1955 3619 2010 Joan.
3643 1958 3698 2011 4.

2096 2033 2231 2101 20)?
2259 2041 2434 2108 Atque
2452 2041 2503 2093 in
2528 2043 2805 2113 prooemiis
2829 2042 2930 2100 hoc
2949 2046 3120 2116 ipsum
3141 2045 3291 2115 facit,
3312 2048 3530 2104 dicens:
3557 2049 3701 2115 Quo-

2096 2129 2248 2183 modo
2277 2142 2329 2185 tu
2360 2131 2530 2187 bibere
2556 2151 2589 2188 a
2615 2151 2695 2188 me
2718 2137 2887 2207 poscis
2913 2178 2927 2205 ,
2958 2155 3073 2209 qut:
3098 2156 3211 2194 sum
3237 2141 3419 2195 mulier
3460 2141 3698 2197 Seruari-

2096 2230 2217 2275 tana
2238 2222 2266 2277 ?
2293 2225 2366 2279 ita
2396 2225 2682 2281 sollicitam
2723 2227 2958 2285 habebat
2999 2232 3267 2295 animam,
3296 2242 3350 2288 et
3378 2233 3442 2287 ad
3473 2235 3703 2288 salutem

2097 2325 2357 2384 paratam.
2397 2317 2523 2373 ldeo
2551 2322 2711 2375 etiam
2746 2322 2789 2376 is
2818 2323 2906 2392 qui
2938 2339 3131 2378 arcana
3164 2326 3359 2380 mentis
3390 2326 3577 2393 novit,
3612 2326 3699 2379 in-

2093 2419 2252 2463 venta
2279 2410 2463 2482 pingui
2482 2422 2649 2478 terra,
2673 2413 2819 2484 larga
2840 2430 3002 2471 manu
3024 2418 3230 2489 semina
3258 2419 3407 2489 jecit,
3440 2420 3700 2489 paulatim

2095 2504 2239 2557 illam
2262 2504 2498 2574 erigens.
2520 2505 2645 2561 [hec
2676 2511 2855 2563 omnia
2885 2524 2915 2563 a
2947 2526 3036 2565 me
3054 2509 3194 2565 dicta
3222 2521 3369 2577 sunt,
3394 2521 3452 2567 ut
3478 2513 3701 2570 discatis

2093 2610 2199 2649 non
2233 2594 2502 2651 modicum
2530 2598 2686 2654 nobis
2713 2599 2906 2655 adesse
2950 2612 3299 2657 conventura.
3349 2603 3481 2658 Nam
3513 2605 3557 2660 si
3586 2606 3699 2660 illic

2093 2705 2193 2743 una
2222 2690 2418 2745 mulier
2471 2690 2748 2748 sufﬁciens
2780 2694 2876 2748 fuit
2905 2694 3231 2751 auditorium
3261 2739 3275 2764 ,
3307 2698 3477 2751 multo
3528 2700 3698 2768 uiagis

2093 2798 2212 2849 nos,
2238 2791 2317 2839 tot
2340 2784 2507 2853 viros,
2539 2794 2616 2840 tot
2644 2786 2897 2843 muneres
2926 2798 3236 2852 cernentes,
3267 2805 3389 2845 cum
3421 2791 3698 2847 alacritate

2092 2888 2257 2942 tanta,
2291 2893 2399 2933 non
2441 2893 2636 2950 segnes
2666 2881 2869 2935 erimus
2890 2923 2904 2947 ,
2937 2881 3031 2936 sed
3062 2891 3321 2937 consueta
3354 2893 3568 2937 utemur
3594 2884 3695 2938 do-

2088 2970 2282 3024 ctrina.
2315 2969 2370 3025 Si
2400 2985 2633 3041 namque
2680 2973 2991 3044 angelorum
3043 2974 3323 3041 Dominus,
3366 2990 3526 3047 quem
3572 2991 3696 3030 cum

2089 3062 2316 3118 horrore
2338 3073 2577 3120 tremunt
2598 3065 2914 3132 Cherubim,
2931 3082 3037 3121 non
3064 3071 3335 3122 recusavit
3354 3069 3695 3124 meretricem

2086 3157 2371 3213 mulierem
2400 3157 2568 3212 solam
2597 3160 2795 3230 alloqui
2820 3202 2834 3227 ,
2863 3175 3023 3229 quam
3057 3162 3458 3216 excusationem
3486 3201 3501 3224 ,
3531 3178 3693 3232 quam

2088 3251 2299 3305 veniam
2330 3266 2684 3323 assequamur
2714 3268 2835 3319 nos,
2867 3255 2912 3309 si
2943 3263 3147 3308 tantum
3176 3266 3503 3311 conventum
3554 3272 3693 3325 prue-

2086 3345 2498 3399 tercurramus?
2549 3344 2663 3414 Age
2709 3359 2880 3415 ergo,
2936 3356 3249 3402 consuetam
3301 3362 3488 3401 rursus
3542 3347 3705 3402 vobis

2085 3450 2327 3490 mensam
2356 3451 2679 3507 apparemus
2703 3479 2718 3503 ,
2742 3448 3006 3494 craterem
3034 3448 3333 3495 statuamus
3355 3483 3369 3507 ,
3400 3452 3455 3495 et
3483 3456 3692 3495 merum

2083 3529 2421 3587 etl‘undamus
2452 3574 2466 3597 ,
2512 3532 2815 3588 convivium
2873 3535 3216 3595 instituentes
3263 3536 3563 3604 spirituale.
3595 3536 3692 3592 lla:

2083 3624 2283 3692 quippe
2308 3639 2502 3678 carnes
2530 3642 2638 3679 non
2672 3634 2914 3681 ventrem
2942 3626 3273 3697 dirumpunt,
3310 3628 3403 3683 sed
3453 3638 3689 3685 utentem

2083 3716 2369 3771 muniunt:
2396 3717 2498 3772 hoc
2520 3719 2701 3773 vinum
2727 3734 2833 3773 non
2857 3728 3127 3774 amentem
3153 3720 3328 3775 reddit
3351 3721 3688 3789 auditorem;

2082 3808 2192 3862 imo
2230 3809 2443 3865 ebrium
2488 3811 2788 3881 sapientem
2840 3811 3038 3867 reddit.
3067 3812 3214 3868 Talis
3243 3813 3386 3868 enim
3415 3824 3498 3868 est
3529 3813 3690 3883 hujus

2080 3917 2283 3956 mensa:
2313 3913 2525 3968 natura,
2552 3918 2671 3973 qua:
2700 3918 2800 3973 pro
2829 3905 3007 3958 omnis
3036 3904 3254 3976 generis
3281 3916 3552 3960 armatura
3589 3922 3687 3960 no-

2080 3994 2162 4050 bis
2211 3996 2344 4052 satis
2388 4011 2513 4051 esse
2564 3997 2753 4066 possit.
2809 3995 3022 4051 Etenim
3068 3997 3236 4051 armis
3284 4012 3498 4067 quoque
3528 3998 3686 4052 nobis

2078 4104 2216 4159 opus
2261 4100 2366 4157 est,
2396 4091 2651 4159 quoniam
2699 4090 2901 4146 bellum
2955 4100 3038 4145 est
3079 4090 3234 4143 nobis
3281 4090 3545 4159 quotidie,
3576 4106 3684 4145 non

2078 4194 2264 4241 etmtra
2307 4184 2555 4239 homines
2599 4198 2935 4256 congeneres
2959 4225 2975 4250 ,
3008 4182 3105 4238 sed
3144 4192 3334 4237 contra
3384 4182 3684 4239 invisibiles

2078 4285 2372 4347 potestates
2396 4320 2412 4343 ,
2441 4288 2630 4333 contra
2660 4278 2954 4349 phalangas
2983 4277 3292 4332 dmmonum
3319 4319 3333 4343 ,
3362 4277 3532 4348 magis
3562 4278 3689 4332 bar.

2079 4369 2423 4440 barasquam
2478 4369 2698 4437 hostes;
2757 4381 2948 4424 contra
2987 4379 3274 4425 tvrannum
3322 4370 3688 4424 irreconcilia-

2078 4462 2279 4529 bilem,
2337 4462 2674 4534 implacabile
2721 4462 2921 4518 bellum
2982 4462 3140 4517 nobis
3197 4462 3541 4528 inferentem,
3594 4463 3685 4534 qui

2080 4573 2187 4611 nou
2235 4566 2448 4627 tempus
2500 4557 2625 4612 belli
2675 4556 2831 4612 nobis
2880 4556 3223 4625 prtcnuntiat,
3272 4571 3447 4626 neque
3474 4566 3681 4625 aperte,

2077 4649 2172 4705 sed
2202 4651 2412 4707 occulte
2453 4650 2609 4704 nobis
2654 4650 2757 4703 tela
2803 4649 2987 4703 mittit.
3020 4649 3134 4703 Hoc
3180 4636 3361 4719 itaque
3392 4648 3587 4702 bellum
3614 4648 3689 4701 si-

2076 4742 2337 4814 gnificans
2366 4743 2553 4796 beatus
2585 4741 2804 4805 Paulus,
2828 4741 2978 4797 orbis
3007 4740 3136 4803 dux,
3160 4741 3430 4795 clamabat
3459 4741 3682 4794 dicens:

2077 4834 2157 4890 De
2184 4846 2368 4891 caetero
2392 4874 2409 4899 ,
2442 4834 2629 4904 fratres
2654 4876 2668 4898 ,
2692 4833 3063 4907 ‘confortamini
3090 4834 3142 4887 in
3175 4832 3415 4898 Domino,
3441 4842 3486 4885 et
3513 4832 3564 4885 in
3593 4848 3686 4900 po-

2080 4931 2239 4984 tentia
2262 4929 2463 4983 virtutis
2492 4934 2603 4999 ejus
2634 4928 2651 4999 (
2678 4928 2871 4999 Ephes.
2920 4928 2973 4984 6.
3034 4927 3176 4999 10);
3208 4937 3263 4982 et
3290 4942 3476 4983 rursus
3519 4927 3640 4980 alibi
3664 4968 3679 4984 ,

2082 5020 2205 5075 Non
2236 5021 2370 5074 enim
2400 5030 2471 5075 est
2496 5020 2641 5074 nobis
2670 5022 2964 5075 colluctatio
3009 5023 3253 5075 adversus
3296 5020 3596 5088 sanguinem
3635 5030 3686 5072 et

2077 5131 2304 5179 carnem,
2329 5114 2420 5169 sed
2447 5114 2693 5167 adversus
2714 5114 3035 5182 principatus
3063 5122 3113 5165 et
3142 5123 3412 5183 potestates
3436 5121 3483 5164 et
3506 5112 3683 5164 mundi

2077 5218 2295 5261 rectores
2323 5207 2641 5261 tenebrarum
2667 5205 2822 5277 hujus
2846 5205 3023 5259 seaculi
3046 5204 3064 5274 (
3088 5203 3169 5257 Ib.
3194 5221 3242 5257 υ.
3266 5203 3394 5273 12).

2149 5301 2206 5354 2.
2238 5298 2484 5353 Vidistin’
2504 5297 3022 5367 quomodomilitum
3046 5296 3259 5352 animos
3288 5296 3515 5351 incitat?
3545 5314 3684 5367 quo-

2080 5392 2245 5448 modo
2288 5400 2524 5447 mentem
2574 5390 2769 5462 erigit?
2815 5393 3088 5461 quomodo
3115 5402 3290 5445 artnat
3338 5393 3636 5447 exercitum
3667 5433 3686 5458 ,

2080 5486 2347 5557 ignaviam
2415 5483 2737 5541 exscindens
2819 5492 3130 5554 metumque
3208 5483 3476 5555 eiiciens?
3548 5482 3686 5552 Quia

2081 5580 2225 5636 enim
2269 5580 2383 5633 haec
2409 5577 2516 5632 duo
2543 5577 2776 5632 maxime
2806 5578 2856 5631 in
2889 5576 3045 5632 bellis
3094 5576 3292 5633 milites
3323 5577 3581 5647 produnt.
3638 5577 3685 5630 si

2081 5690 2149 5731 ex
2202 5688 2400 5743 pavore
2466 5670 2832 5727 fortitudinem
2893 5671 3164 5742 prodant,
3213 5681 3269 5726 et
3332 5671 3379 5726 si
3442 5670 3688 5727 custodia

2083 5768 2323 5840 neglecta
2355 5767 2694 5823 occasionem
2737 5765 2866 5821 dent
2908 5765 3048 5820 hosti
3093 5782 3152 5821 se
3200 5766 3445 5820 incautos
3496 5779 3684 5835 aggre-

2083 5859 2263 5918 diendi
2296 5879 2306 5915 :
2341 5874 2514 5932 neque
2540 5858 2682 5915 enim
2717 5857 2762 5913 is
2804 5863 2894 5930 qui
2925 5873 3084 5931 supra
3132 5858 3347 5914 modum
3405 5858 3592 5921 timet,
3621 5855 3685 5910 ad
