4138 6452
470 379 585 436 «495

478 526 677 581 bellum
707 523 931 579 idoneus
975 522 1171 588 fuerit,
1227 537 1348 577 cum
1396 538 1465 578 ex
1513 530 1659 577 metu
1690 530 1850 591 captu
1894 517 2066 573 facilis

478 620 583 684 sit;
615 633 790 687 neque
820 618 862 672 is
905 614 996 687 qui
1024 616 1202 670 omnis
1235 614 1536 670 formidinis
1561 623 1644 670 est
1673 627 1887 684 expers,
1916 623 2069 683 pote-

480 717 548 765 rit
572 711 755 765 hostes
779 723 1032 779 superare
1114 708 1159 762 si
1201 724 1266 764 ex
1308 707 1499 763 fiducia
1538 707 1701 762 nimia
1730 717 1786 762 et
1813 722 1878 762 ex
1905 706 2067 761 animi

480 803 798 858 confidentia
824 817 927 856 non
953 816 1072 857 sese
1102 800 1166 856 ad
1189 816 1540 870 congressum
1561 810 1813 873 apparet:
1835 799 1949 853 haec
1969 799 2073 869 igi-

482 905 566 948 tur
590 894 748 948 ambo
775 894 1052 964 corrigens
1076 892 1287 959 Paulus,
1312 901 1363 947 et
1379 892 1444 946 ad
1462 907 1689 963 pugnam
1710 902 1925 961 paratos
1948 890 2075 945 red-

479 987 578 1053 dit,
604 994 663 1041 ut
684 1002 751 1041 ne
768 995 1034 1056 torpeant,
1055 986 1179 1039 dum
1206 985 1438 1041 hostium
1459 983 1777 1056 phalangem
1795 982 2069 1046 describit;

480 1094 775 1152 rursosqne
805 1079 909 1134 illis
928 1079 1174 1137 fiduciam
1200 1077 1585 1149 audaciamque
1615 1077 1770 1141 indit,
1794 1085 1851 1130 ut
1871 1092 1935 1129 ne
1951 1090 2074 1130 con-

485 1173 689 1233 t‘idant,
715 1175 1006 1242 potentiam
1037 1172 1190 1226 ducis
1218 1173 1269 1225 in
1300 1171 1494 1225 talibus
1521 1170 1680 1227 bellis
1705 1168 1905 1225 Chriin
1935 1167 2071 1224 alie-

483 1281 603 1318 rens
631 1262 683 1317 in
731 1263 989 1317 medium.
1020 1262 1146 1318 Ideo
1187 1263 1325 1318 sicut
1354 1263 1590 1333 optimus
1621 1261 1725 1316 dux
1752 1261 2072 1331 phalangem

483 1355 716 1424 ordinat,
740 1356 865 1409 vitia
914 1370 1033 1425 qure
1077 1354 1446 1410 fortitudinem
1480 1353 1802 1408 labefactant
1840 1369 1869 1407 a
1902 1352 2071 1407 ﬁdeli-

486 1446 585 1498 bus
611 1446 918 1514 eliminans,
935 1456 989 1501 et
1006 1446 1283 1500 caritatem
1303 1462 1453 1500 suam
1488 1445 1767 1509 exhibens,
1793 1453 1954 1515 atque
1978 1459 2074 1499 eos

485 1539 573 1607 qui
607 1541 820 1594 virtutis
869 1540 1076 1595 ratione
1102 1539 1329 1593 multum
1358 1553 1388 1592 a
1429 1554 1488 1593 se
1530 1538 1835 1601 distabant,
1873 1553 2073 1607 cogna-

492 1629 657 1684 tionis
688 1629 904 1684 nomine
933 1629 1190 1699 eopulans
1218 1646 1231 1683 :
1266 1644 1386 1682 nam
1414 1629 1488 1682 ait
1517 1647 1530 1684 :
1554 1628 1632 1682 De
1659 1639 1860 1694 ca'tero,
1892 1631 2076 1700 fratres

489 1718 589 1772 mei
632 1717 850 1792 (Ep/res.
878 1719 930 1774 6.
966 1719 1080 1789 10).
1112 1719 1207 1774 llic
1253 1720 1396 1774 enim
1451 1719 1618 1773 multo
1644 1718 1900 1789 majorem
1948 1733 2075 1786 erga

489 1827 676 1866 omnes
725 1813 943 1869 exhibet
981 1812 1371 1877 dilectionem,
1436 1827 1598 1883 quam
1653 1813 1745 1881 qui
1794 1811 2074 1867 nobiscum

486 1903 679 1961 eodem
714 1912 869 1959 utero
897 1903 1005 1957 nati
1036 1911 1183 1968 sunt,
1211 1913 1265 1958 et
1290 1904 1343 1957 in
1366 1903 1545 1959 anima
1573 1918 1668 1959 sua
1695 1901 1881 1957 orbem
1907 1910 2075 1957 totum

489 1995 900 2051 circmnferebat
932 2012 948 2050 :
978 2003 1124 2052 tanta
1155 2003 1272 2051 erat
1297 1995 1544 2052 caritatis
1570 1995 1714 2050 illius
1734 1995 2031 2064 amplitudo
2059 2012 2073 2050 :

491 2103 664 2158 neque
693 2088 746 2142 in
780 2088 1162 2159 tranquillitate
1191 2086 1374 2154 modo,
1406 2087 1500 2143 sed
1523 2088 1688 2143 etiam
1712 2088 1764 2143 in
1797 2087 2075 2157 periculis.

490 2178 621 2234 Nam
651 2195 776 2234 cum
805 2180 857 2235 in
885 2181 1195 2236 carceribus
1215 2191 1397 2245 esset,
1426 2189 1656 2237 mortem
1683 2189 2029 2251 exspectaret
2054 2220 2073 2249 ,

489 2280 545 2325 et
563 2270 631 2325 de
652 2272 908 2328 extremis
928 2272 1342 2341 periclitaretur,
1364 2273 1749 2343 discipulorum
1775 2289 1958 2331 curam
1986 2288 2080 2344 ge-

493 2361 664 2427 rebat,
688 2372 743 2416 et
770 2362 1024 2432 epistolas
1052 2377 1196 2433 smpe
1217 2378 1249 2419 e
1271 2364 1581 2420 carceribus
1606 2364 1893 2434 scribebat,
1916 2381 2081 2423 manu

490 2452 693 2506 catenis
724 2452 1073 2520 circumdata,
1097 2463 1151 2509 et
1180 2453 1398 2511 dextera
1429 2455 1625 2525 ligata;
1657 2465 1714 2513 et
1740 2457 1807 2512 ad
1824 2458 2082 2528 judiciale

493 2546 726 2601 tribunal
755 2546 1047 2617 ingressus,
1062 2573 1069 2580 -
1085 2562 1378 2618 pinnasque
1405 2547 1648 2616 daturus,
1672 2558 1838 2621 atque
1852 2551 1920 2607 ad
1936 2567 2083 2608 mor-

494 2647 600 2692 tem
630 2637 924 2703 duccndus,
951 2649 1209 2710 quantum
1241 2641 1293 2695 in
1321 2640 1594 2711 judieibus
1617 2652 1754 2709 erat,
1782 2645 1960 2701 omnia
1989 2644 2082 2701 illa

496 2728 735 2794 mittens,
766 2730 1012 2788 timorem
1032 2746 1244 2802 nempe,
1273 2732 1591 2801 perieulum,
1623 2734 1817 2803 minas,
1844 2745 2081 2806 mortes,

502 2820 760 2891 supplicia
781 2862 800 2886 ,
829 2837 1014 2890 pmnas
1034 2862 1050 2888 ,
1081 2822 1389 2888 carnifices,
1418 2824 1722 2897 principum
1750 2826 1883 2882 iram
1903 2868 1919 2894 ,
1946 2827 2083 2883 insi-

494 2912 758 2968 diantium
786 2912 1088 2980 machinas,
1120 2913 1365 2979 verbera,
1390 2912 1629 2970 fidelium
1658 2931 1867 2974 memoI'
1886 2928 2007 2975 erat
2026 2927 2084 2974 et

499 3004 590 3058 illo
620 3005 734 3075 ipso
766 3014 1007 3075 tempore
1031 3025 1044 3061 :
1075 3007 1146 3061 ita
1177 3008 1352 3062 anima
1371 3007 1487 3079 ejus
1515 3019 1632 3065 erat
1656 3026 1685 3066 a
1712 3011 1941 3071 vinculis
1959 3027 2085 3068 cor-

502 3096 648 3165 poris
678 3098 868 3159 lihera,
893 3100 987 3165 ita,
1009 3099 1060 3153 in
1075 3115 1235 3155 carne
1256 3099 1379 3155 licet
1406 3116 1649 3167 versans,
1678 3102 1880 3159 cmlesti
1900 3104 2089 3161 adhae—

502 3188 651 3242 rebat
681 3186 903 3253 fornici,
936 3198 992 3244 et
1019 3190 1171 3259 quasi
1201 3190 1267 3245 ad
1297 3191 1440 3245 illam
1472 3194 1728 3249 translata
1751 3194 1937 3251 sedem
1956 3235 1974 3260 ,
2008 3196 2089 3252 sic

500 3277 680 3331 omnia
705 3318 722 3346 ,
754 3279 806 3332 in
858 3290 1000 3335 terra
1032 3279 1235 3350 degens
1252 3322 1266 3343 ,
1292 3283 1502 3353 agebat.
1528 3282 1702 3354 thue
1726 3284 1947 3342 discatis
1973 3286 2091 3344 btec

500 3373 660 3425 verba
692 3386 796 3425 non
827 3371 1158 3445 hyperbolen
1187 3387 1336 3441 esse,
1363 3391 1538 3447 neque
1557 3375 1942 3443 adulationem,
1964 3378 2090 3435 audi

502 3465 648 3521 illum
677 3463 778 3520 hoc
805 3464 1071 3521 dicentem
1098 3483 1112 3520 :
1145 3464 1293 3523 Sicut
1314 3476 1386 3520 est
1414 3468 1538 3523 mihi
1558 3469 1759 3541 justum
1786 3470 1881 3525 hoc
1906 3473 2092 3526 sentire

505 3555 570 3608 de
600 3555 765 3619 vobis,
797 3572 855 3610 eo
875 3556 1013 3626 quod
1039 3572 1123 3612 vos
1148 3556 1359 3612 habeam
1385 3559 1436 3613 in
1463 3561 1616 3615 corde
1645 3560 1905 3633 (Philipp.
1930 3563 1984 3617 1.
2009 3562 2089 3635 7).

500 3645 653 3714 Quod
680 3646 725 3703 si
752 3661 1002 3717 magnum
1029 3648 1130 3703 hoc
1159 3648 1426 3714 videatur,
1453 3650 1622 3706 multo
1638 3651 1813 3722 majus
1840 3662 1925 3707 est
1949 3653 2093 3723 quod

502 3736 765 3807 sequitur.
808 3735 1022 3792 Etenim
1053 3747 1337 3810 postquam
1384 3740 1543 3807 dixit,
1589 3740 1667 3798 Eo
1708 3744 1846 3815 quod
1887 3759 1973 3801 vos
1999 3745 2097 3799 ha-

504 3828 645 3881 beam
669 3827 721 3880 in
746 3828 898 3882 corde
919 3870 935 3895 ,
963 3828 1265 3899 subjunxit,
1294 3829 1361 3884 Et
1399 3831 1455 3885 in
1505 3832 1721 3888 vinculis
1758 3836 1917 3901 meis,
1964 3845 2011 3891 et
2040 3837 2095 3892 in

456 3952 461 3957 -
504 3920 799 3990 defensione
854 3930 904 3975 et
971 3922 1359 3989 conﬁrmatione
1375 3919 1661 3996 Evangelii.
1716 3926 1905 3986 Videu’
1956 3943 2096 3998 quo-

505 4009 665 4065 modo
715 4011 837 4067 illos
893 4027 1185 4087 numquam
1256 4029 1324 4071 ex
1376 4024 1559 4072 mente
1615 4032 1711 4072 sua
1766 4020 1984 4077 omisit?
2038 4021 2095 4078 Si

506 4104 647 4157 enim
681 4104 890 4158 vincula
916 4147 932 4173 ,
965 4106 1251 4163 tribunalia
1292 4116 1348 4164 et
1385 4116 1575 4165 catena
1619 4112 1738 4181 ejus
1778 4115 2096 4173 memoriam

507 4210 614 4249 non
668 4195 1076 4262 labefactarunt,
1128 4199 1297 4253 multo
1330 4199 1508 4257 minus
1539 4204 1937 4271 tranquillitatis
1963 4215 2099 4262 tem-

506 4300 658 4355 pora.
693 4284 768 4340 Eo
809 4287 967 4356 quod,
1018 4289 1226 4359 inquit,
1259 4289 1472 4345 habeam
1499 4309 1585 4347 vos
1613 4296 1665 4348 in
1705 4297 1876 4351 corde;
1911 4296 2100 4355 Viden’

510 4376 764 4445 paulatim
820 4379 1004 4448 augeri
1048 4383 1399 4437 sermonem?
1454 4383 1701 4456 Magnum
1751 4388 1965 4459 quidem
2017 4399 2101 4446 est

510 4469 562 4521 in
590 4468 754 4524 corde
801 4469 1019 4537 habere,
1072 4473 1242 4529 nmlto
1285 4474 1460 4546 majus
1500 4487 1680 4533 autem
1724 4482 1885 4536 etiam
1927 4484 1980 4538 in
2010 4499 2102 4539 ca-

512 4564 680 4618 tenis:
702 4565 873 4633 majus
899 4566 1061 4621 etiam
1087 4577 1170 4622 est
1196 4568 1247 4623 in
1267 4569 1577 4628 defensione
1605 4585 1661 4628 et
1693 4560 2100 4633 confirmatione

514 4651 809 4725 Evangelii.
831 4656 927 4711 llic
955 4660 1098 4714 enim
1126 4660 1339 4716 videtur
1366 4663 1494 4718 mihi
1526 4665 1866 4722 subindicare
1890 4677 2100 4740 tempus

508 4763 614 4817 quo
643 4747 711 4803 ad
749 4747 958 4818 judices
987 4751 1389 4821 adducebatur,
1410 4769 1534 4810 cum
1575 4755 1643 4812 de
1673 4758 1929 4814 extremis
1959 4761 2101 4830 peri-

508 4839 800 4894 clitaretur.
851 4842 917 4897 Et
964 4844 1070 4898 illic
1120 4855 1309 4907 stans.
1372 4846 1585 4917 inquit,
1626 4865 1750 4923 non
1799 4850 2098 4921 cogitabam

507 4932 777 5001 quomodo
806 4934 875 4989 ab
916 4934 1320 4994 imminentibus
1372 4939 1624 5006 periculis
1666 4941 1946 5009 eriperer,
2001 4958 2102 4998 nec

507 5023 781 5093 quomodo
833 5025 1053 5082 insidias
1107 5027 1477 5096 depellerem;
1525 5029 1619 5085 sed
1651 5031 1704 5085 in
1746 5033 1974 5089 caritate
2010 5049 2102 5090 ve-

509 5126 618 5170 stra
670 5116 968 5192 delicians,
1031 5127 1088 5173 et
1139 5118 1392 5174 absentes
1443 5121 1759 5190 alloquens;
1815 5138 1879 5179 ac
1927 5140 2101 5196 neque

507 5206 608 5261 viae
657 5207 933 5278 longitudo
956 5250 971 5273 ,
1005 5224 1179 5280 neque
1209 5213 1545 5282 negotiorum
1575 5216 1833 5272 tumultus
1857 5259 1874 5286 ,
1926 5235 2103 5290 neque

512 5297 869 5363 periculorum
917 5300 1264 5371 magnitudo,
1316 5318 1491 5374 neque
1542 5306 1841 5377 principum
1888 5318 2099 5379 metus,

510 5404 617 5442 non
677 5390 993 5459 populorum
1049 5393 1401 5463 insurrectio,
1461 5414 1567 5452 non
1622 5414 1770 5455 mors
1826 5414 2099 5472 praesens,

511 5497 619 5536 non
650 5480 819 5539 stricti
842 5484 1039 5554 gladii,
1074 5503 1179 5540 non
1208 5490 1519 5545 carnificum
1548 5492 1794 5563 agmina,
1827 5492 1958 5548 nihil
1991 5492 2100 5548 bu-

509 5571 741 5641 jnsmodi
790 5590 820 5627 a
865 5585 1041 5630 vestra
1087 5581 1351 5636 memoria
1391 5597 1478 5637 me
1507 5582 1750 5639 abduxit.
1782 5583 1926 5639 Nihil
1954 5586 2100 5641 enim

512 5672 595 5715 est
647 5664 872 5718 caritate
927 5665 1341 5737 vehementius,
1388 5671 1521 5726 nihil
1573 5673 1857 5733 sublimius
1889 5696 1906 5730 :
1939 5674 2103 5734 altius

514 5752 660 5805 volat
684 5769 844 5824 quam
871 5754 976 5809 tela
1007 5756 1213 5825 istbzec,
1245 5758 1513 5833 altiorque
1535 5773 1618 5817 est
1641 5763 1843 5820 diaboli
1871 5765 2098 5834 retibus,

510 5855 538 5893 a
570 5843 823 5900 calorum
855 5845 1087 5907 culmine
1111 5847 1291 5917 omnia
1331 5849 1673 5920 despiciens:
1702 5869 1765 5910 ac
1791 5854 1931 5911 sicut
1971 5872 2098 5913 ven-

1186 384 1243 441 S.
1284 380 1565 441 JOANNIS
1602 377 2085 438 Clll'iYSOSTOMI
2129 378 2449 437 ARCIIiEP.
2489 378 3034 440 CONSTANTINOP.

3654 391 3758 448 ωδ

2178 522 2267 572 tus
2296 515 2587 576 vehemens
2621 520 2854 590 impetus
2877 520 3161 576 molestum
3186 519 3460 594 pulverem
3487 520 3762 589 eliminat,

2175 611 2255 664 sic
2279 608 2360 664 vis
2383 611 2627 666 caritatis
2651 601 2960 682 passionum
2993 612 3230 667 omnium
3261 612 3517 682 impetum
3548 614 3768 683 prepul-

2176 716 2298 759 sare
2315 704 2473 759 solet.
2495 704 2650 773 Quod
2677 706 2839 761 etiam
2865 706 2916 760 in
2938 705 3106 760 Paulo
3127 707 3354 777 contigit
3379 705 3764 763 :suflicientetn

2178 792 2231 847 in
2262 795 2511 853 omnibus
2554 795 2739 851 habuit
2765 797 3187 853 consolationem
3225 798 3541 852 dilectornm
3573 815 3768 871 nempe

2178 882 2405 940 salutent
2436 901 2732 958 eorumque
2768 889 3109 943 memoriam.
3141 888 3277 958 Quid
3310 900 3392 944 est
3438 900 3655 957 autem,
3701 890 3768 944 Iit

2178 975 2564 1043 conﬁrmatione
2582 977 2855 1049 Evangelii
2876 979 2902 1033 .9
2946 978 3059 1034 Etsi
3090 979 3233 1034 enim
3281 995 3384 1033 una
3415 996 3517 1035 vox
3565 992 3683 1045 est,
3714 991 3770 1035 at

2180 1065 2399 1136 pelagus
2428 1067 2748 1122 immensum
2775 1068 3161 1124 sententiarmn
3192 1070 3433 1124 continet
3462 1088 3475 1124 :
3505 1070 3649 1125 illam
3675 1087 3770 1125 ex-

2179 1156 2379 1228 plicare
2399 1167 2455 1213 et
2469 1158 2705 1230 undique
2724 1160 2952 1215 scrutari
2975 1161 3233 1215 conabor.
3255 1160 3534 1231 Margarita
3572 1161 3771 1233 quippe

2179 1258 2262 1304 est
2293 1249 2386 1306 Dei
2413 1251 2637 1306 verbum
2659 1293 2675 1319 ,
2707 1267 2804 1323 per
2829 1253 3006 1306 omnia
3036 1250 3250 1321 fulgens
3276 1292 3291 1318 ,
3319 1268 3424 1307 non
3450 1253 3504 1307 in
3532 1252 3771 1305 multitu~

2180 1339 2307 1396 dine
2333 1340 2623 1407 dictorum,
2647 1342 2740 1397 sed
2771 1342 2823 1396 in
2855 1342 3117 1402 brevitate
3133 1342 3352 1397 multam
3374 1342 3639 1398 dictorum
3663 1344 3768 1398 vim

2174 1433 2459 1513 exhibens.
2505 1432 2610 1489 Sed
2648 1435 2885 1504 surgite,
2919 1441 2977 1490 et
3006 1433 3256 1490 videbitis
3299 1444 3563 1505 quantum
3615 1433 3771 1489 nobis

2182 1527 2489 1582 thesaurum
2521 1528 2599 1581 vis
2630 1527 2770 1582 illius
2793 1526 2920 1582 dicti
2949 1527 3170 1582 revelet.

2254 1621 2307 1675 5.
2335 1620 2945 1692 (ian/innatioEvangelii
2984 1620 3108 1691 quid
3127 1621 3214 1675 sit.
3241 1650 3315 1662 —
3339 1618 3479 1688 Quid
3514 1628 3599 1675 est
3642 1634 3772 1690 ergo

2181 1712 2522 1769 confirmatio
2552 1714 2864 1784 Evangelii,
2891 1723 2947 1768 et
2973 1729 3135 1784 quam
3173 1714 3454 1783 Evangelii
3487 1712 3775 1769 confirma.

2184 1806 2383 1861 tionem
2409 1805 2563 1871 dicit,
2589 1816 2647 1861 et
2673 1822 2772 1860 cur
2798 1805 2903 1862 hoc
2929 1805 3131 1861 dictum
3162 1805 3506 1866 memoravit,
3533 1819 3655 1859 cum
3702 1803 3773 1859 de

2185 1897 2572 1963 tribunalibus,
2609 1898 2921 1954 carceribus
2949 1908 3005 1954 et
3050 1908 3240 1954 catena
3261 1897 3611 1970 loqueretur?
3635 1896 3771 1953 Cum

2182 1990 2493 2064 praedicatio
2504 1990 2848 2046 disseminata
2862 2000 2947 2047 est
2960 1992 3207 2063 (necesse
3217 1994 3361 2048 enim
3373 2002 3455 2048 est
3466 2007 3772 2049 sermonem

2180 2081 2345 2137 altius
2388 2091 2669 2152 repetere,
2700 2095 2761 2141 ut
2811 2084 3008 2140 clarior
3035 2085 3280 2140 doctrina
3306 2085 3435 2156 sit),
3471 2100 3667 2157 magno
3692 2095 3778 2141 tu-

2182 2174 2357 2229 multu
2402 2184 2459 2230 et
2503 2175 2669 2229 multa
2701 2176 3108 2246 perturbatione
3157 2177 3341 2234 omnia
3389 2178 3547 2247 plena
3595 2186 3774 2233 erant.

2181 2264 2317 2321 Cum
2338 2266 2481 2321 enim
2505 2266 2750 2322 undecim
2771 2267 2869 2322 viri
2884 2269 2987 2323 soli
3003 2278 3193 2323 contra
3207 2268 3394 2325 orbem
3416 2278 3583 2325 totum
3604 2270 3775 2326 aciem

2184 2356 2512 2430 dirigerent,
2553 2360 2825 2431 antiquam
2864 2362 3238 2419 concutientes
3288 2362 3730 2419 consuetudinem
3757 2404 3776 2430 ,

2185 2448 2492 2506 diuturnum
2523 2449 2880 2508 dissolventes
2921 2468 3188 2520 errorem,
3217 2463 3452 2524 patrum,
3483 2470 3707 2510 avorum
3722 2464 3781 2511 et

2188 2541 2455 2611 majorum
2482 2543 2628 2614 leges
2649 2553 2959 2602 evertentes
2979 2586 2997 2613 ,
3019 2553 3270 2615 paternos
3297 2547 3572 2601 civitatum
3602 2562 3781 2603 mores

2186 2633 2567 2689 concutientes
2591 2641 2648 2689 et
2672 2634 3072 2702 exscindentes,
3098 2644 3151 2693 et
3196 2636 3455 2692 adversus
3485 2652 3675 2692 omnes
3703 2637 3781 2690 Ιο-

2187 2735 2433 2797 quentes,
2461 2726 2835 2797 philosophos,
2855 2728 3122 2797 rhetores,
3141 2729 3673 2801 principes,judices,
3693 2739 3781 2804 ty-

2189 2831 2409 2879 rannos.
2440 2817 2692 2887 populos,
2722 2832 2931 2886 servos,
2962 2818 3199 2888 liberos,
3235 2821 3521 2892 agricolas,
3554 2835 3778 2890 nautas;

2187 2910 2386 2965 bellum
2422 2909 2800 2980 gravissimum
2846 2910 3195 2978 monebatur,
3243 2922 3331 2981 et,
3382 2921 3443 2968 ut
3484 2912 3596 2983 jam
3644 2912 3781 2979 dixi,

2191 3002 2368 3056 omnia
2395 3002 2650 3069 tumultu,
2668 3001 2824 3072 plena
2852 3012 3006 3059 erant
3025 3021 3040 3069 ;
3066 3004 3260 3075 ubique
3276 3005 3568 3076 praecipitia
3586 3005 3785 3076 ubique

2192 3094 2395 3165 scopuli
2427 3112 2441 3149 :
2475 3110 2649 3166 neque
2672 3096 2742 3150 ita
2784 3095 3127 3151 furibundum
3159 3112 3330 3163 mare,
3348 3108 3403 3152 et
3439 3112 3471 3152 a
3500 3099 3784 3153 contrariis

2192 3186 2369 3242 ventis
2414 3186 2705 3242 discissum
2749 3187 3134 3258 perturbatur,
3177 3198 3236 3244 ut
3284 3200 3412 3244 tunc
3440 3189 3588 3244 orbis
3640 3199 3785 3244 totus

2193 3277 2656 3344 commovebatur,
2686 3278 2880 3348 priscis
2900 3279 3107 3336 evulsis
3134 3281 3372 3335 moribus
3394 3289 3499 3336 tam
3530 3282 3788 3337 diuturno

2195 3379 2439 3441 tempore
2498 3372 2724 3429 firmatis
2769 3390 2786 3439 ;
2833 3389 3010 3444 neque
3079 3375 3132 3429 in
3188 3390 3335 3442 una,
3381 3384 3475 3431 aut
3524 3375 3735 3431 duabus
3765 3418 3786 3445 ,

2195 3471 2288 3516 aut
2328 3462 2496 3518 tribus
2540 3464 2886 3526 civitatibus.
2938 3464 3034 3521 sed
3085 3466 3282 3537 ubique
3335 3476 3631 3535 terrarum;
3684 3484 3786 3523 no-

2197 3553 2277 3608 vis
2329 3564 2510 3609 autem
2556 3554 2787 3610 inductis
2835 3555 3175 3627 dogmatibus
3210 3600 3223 3621 ,
3267 3574 3387 3629 quae
3446 3559 3621 3615 nullus
3666 3575 3787 3613 um-

2198 3660 2357 3716 quam
2385 3647 2653 3703 audierat.
2683 3647 2823 3705 Hinc
2851 3649 3301 3708 irreconeiliabile
3329 3662 3515 3707 contra
3539 3652 3661 3709 illos
3677 3653 3791 3709 bel-

2201 3736 2310 3792 lum
2334 3738 2405 3793 ab
2424 3739 2676 3794 omnibus
2698 3752 2904 3795 metum
2930 3750 3014 3796 est
3041 3759 3056 3796 :
3084 3743 3285 3798 etenim
3313 3743 3545 3800 familias
3580 3745 3791 3802 divide-

2200 3827 2352 3894 bant,
2380 3830 2732 3900 cognationes
2771 3830 3147 3888 distrahebant
3173 3850 3189 3887 :
3216 3849 3339 3888 nam
3371 3835 3683 3905 praedicatio
3701 3852 3791 3892 or-

2201 3918 2326 3973 dine
2371 3919 2673 3990 procedeus
2697 3962 2715 3989 ,
2756 3929 2812 3976 et
2850 3922 3052 3977 multos
3098 3923 3197 3979 sibi
3228 3926 3523 3981 eoncilians
3546 3968 3564 3993 ,
3590 3927 3790 3983 bellum

2203 4010 2454 4066 movebat
2491 4010 2634 4081 apud
2672 4028 2768 4068 eos
2794 4014 2886 4085 qui
2919 4015 3136 4084 pietatis
3170 4018 3399 4073 verbum
3448 4035 3554 4075 non
3586 4020 3794 4091 recipe-

2202 4112 2325 4159 rent
2348 4121 2363 4159 :
2384 4112 2535 4173 pater
2556 4104 2723 4160 filium
2749 4105 3053 4172 abdicabat,
3085 4109 3166 4164 vir
3193 4124 3415 4164 uxorem
3436 4109 3793 4182 despiciebat,

2203 4206 2257 4250 et
2305 4195 2423 4251 heri
2470 4195 2729 4252 adversus
2771 4211 2960 4254 servos
3011 4199 3211 4255 bellum
3248 4201 3546 4273 gerebant,
3593 4204 3792 4261 subditi

2205 4287 2467 4343 adversus
2522 4289 2830 4359 principes,
2883 4299 2938 4347 et
2986 4292 3185 4348 bellum
3237 4293 3375 4349 istud
3424 4310 3587 4352 omne
3632 4297 3792 4354 civile

2205 4380 2404 4436 bellum
2428 4382 2756 4450 superabat;
2781 4381 2828 4436 si
2852 4391 3030 4438 tamen
3057 4383 3162 4439 hoc
3190 4400 3388 4441 vocare
3410 4386 3607 4442 bellum
3635 4404 3797 4459 opor-

2207 4482 2317 4539 tet,
2346 4482 2402 4527 et
2443 4489 2553 4529 non
2594 4474 2737 4529 aliud
2785 4475 3061 4545 quidpiam
3114 4476 3255 4531 bello
3284 4479 3519 4547 gravius.
3545 4479 3599 4534 In
3638 4479 3799 4536 bellis

2205 4564 2351 4619 enim
2381 4579 2477 4633 par
2505 4564 2773 4636 utrimque
2795 4566 2929 4621 aciei
2954 4567 3094 4621 ratio
3123 4577 3228 4633 est,
3261 4579 3317 4623 et
3343 4570 3502 4624 ambo
3527 4572 3799 4627 exercitus

2209 4657 2330 4711 telis
2360 4656 2625 4726 impetunt
2655 4674 2706 4714 et
2734 4659 3066 4728 impetuntur
3090 4676 3103 4712 :
3127 4669 3254 4715 tunc
3282 4669 3463 4716 autem
3484 4664 3678 4719 nonita
3710 4680 3799 4719 res

2204 4751 2493 4823 gerebatur
2517 4769 2530 4806 :
2562 4768 2685 4808 nam
2713 4754 2802 4809 ille
2822 4753 3043 4824 quidem
3059 4755 3233 4813 libere
3254 4756 3454 4814 bellum
3471 4757 3718 4829 gerebat,
3743 4759 3797 4812 bi

2208 4860 2335 4901 vero
2374 4846 2769 4915 impetebantur
2796 4857 3036 4914 tantum;
3066 4850 3327 4922 impetere
3346 4865 3528 4909 autem
3560 4853 3662 4908 illis
3688 4868 3797 4908 non

2206 4941 2422 5003 licebat,
2452 4957 2626 5011 neque
2652 4941 2970 4998 insidiantes
2990 4944 3178 4999 ulcisci
3206 4965 3221 5001 :
3248 4945 3319 5000 ita
3346 4947 3492 5001 enim
3521 4947 3657 5002 aciei
3687 4946 3796 5001 dux

2205 5029 2428 5100 jubebat
2452 5073 2466 5096 ,
2499 5032 2688 5087 dicens
2716 5051 2728 5087 :
2761 5032 2915 5087 Mitto
2944 5047 3034 5088 vos
3074 5036 3204 5089 sicut
3225 5050 3336 5091 sues
3366 5036 3420 5090 in
3449 5036 3615 5091 medio
3646 5036 3800 5106 lupo-

2208 5138 2321 5174 rum
2348 5138 2366 5177 :
2394 5130 2551 5177 estote
2578 5139 2699 5193 ergo
2738 5124 3011 5194 prudentes
3039 5127 3170 5179 sicut
3190 5138 3455 5195 serpentes
3474 5169 3489 5191 ,
3517 5137 3564 5181 et
3592 5127 3801 5197 simpli-

2209 5232 2290 5270 ces
2314 5215 2443 5270 sicut
2470 5214 2717 5269 columba:
2748 5214 2962 5286 (Matth.
2991 5215 3082 5272 10.
3113 5214 3226 5290 16).
3254 5217 3321 5273 Et
3350 5218 3666 5273 insidiantes
3691 5233 3801 5273 non

2210 5307 2373 5363 modo
2425 5306 2608 5362 ulcisci
2656 5323 2766 5363 non
2810 5309 3070 5378 iubebat,
3118 5309 3218 5365 sed
3271 5311 3434 5366 etiam
3485 5311 3797 5368 facultatem

2210 5398 2457 5469 praebere
2523 5409 2582 5455 ut
2624 5400 2678 5455 in
2729 5400 2921 5471 injuria
2964 5400 3249 5459 inferenda
3298 5404 3614 5475 gauderent.
3664 5404 3800 5461 Nam

2210 5490 2488 5546 dexteram
2516 5491 2788 5546 maxillam
2809 5492 3070 5562 praebere,
3089 5502 3146 5549 et
3162 5509 3290 5551 oves
3309 5496 3524 5551 mittere
3546 5496 3600 5551 in
3619 5496 3801 5552 medio

2210 5582 2458 5652 luporum
2479 5626 2494 5651 ,
2519 5583 2650 5639 nihil
2681 5583 2827 5639 aliud
2849 5584 3159 5642 subindicat
3185 5602 3347 5657 quant
3377 5586 3522 5658 quod
3560 5588 3664 5647 illis
3704 5604 3803 5660 pa-

2206 5674 2375 5730 tiendi
2402 5684 2602 5731 sortem
2630 5676 3020 5744 adseripserit,
3048 5686 3108 5733 ut
3153 5678 3489 5750 splendidius
3535 5689 3800 5752 tropaeum

2186 5746 2375 5822 esset.
2408 5766 2728 5850 Quomodo?
2754 5767 2886 5837 Quia
2928 5746 3327 5827 undecim'cum
3368 5781 3588 5840 essent,
3624 5746 3797 5829 lotum

2211 5860 2395 5917 orbem
2441 5861 2715 5930 vicerunt;
2757 5861 2879 5933 quia
2928 5852 3227 5934 patientes,
3289 5880 3393 5921 non
3438 5855 3798 5931 insultantes;
