4138 6454
390 376 494 432 ιςτ

381 502 493 570 γὰρ
550 501 649 572 τὴν
696 499 877 568 δεξιάν
934 500 1187 573 στρέφειν
1234 485 1481 572 σιαγόνα,
1525 502 1621 557 zeal
1685 501 1755 557 τὰ
1805 500 2053 573 πρόϐατα

383 589 625 660 πέμπειν
654 590 712 644 ἐν
746 590 895 661 μέσῳ
916 589 1115 654 λύκων,
1148 590 1301 644 οὐδὲν
1326 591 1455 645 ἄλλο
1488 591 1783 646 αἰνίττεται
1812 590 1844 661 ἦ
1884 591 1966 645 ὅτι
1993 590 2063 645 τό

380 678 614 750 πάσχειν
647 679 832 741 αὐτοῖς
863 676 1297 750 συνεκλήρωσεν,
1331 680 1418 733 ἴνα
1446 677 1829 751 λαμπρότερον
1852 679 1914 733 τὺ
1936 680 2057 750 τρόο

379 782 543 821 παιον
572 766 815 838 γένηται.
848 766 1006 831 Πῶς;
1042 766 1166 821 ’Ότι
1199 766 1389 822 ἕνδεκα
1419 769 1571 832 ὄντες
1599 768 1700 839 τῆς
1730 768 2055 839 οἰκουμένης

382 854 780 927 περιεγένοντο,
809 854 892 907 ὅτι
938 847 1262 924 πάσχοντες,
1303 856 1363 910 ού
1398 856 1699 921 ποιοῦντες,
1737 857 2053 927 βαλλόμενοι

378 942 475 995 καὶ
492 942 553 995 ού
584 941 891 1012 βάλλοντες,
916 941 1392 1014 ἐπιϐουλευόμενοι
1424 946 1519 999 zeal
1542 945 1644 998 ούκ
1676 944 2053 998 ἐπιϐουλεύον-

356 1047 490 1094 τες,
523 1028 909 1107 μαστιζόμενοι
936 1030 1030 1082 zeal
1066 1030 1128 1083 ού
1176 1030 1550 1099 μαστίζοντετ,
1592 1032 1933 1103 ἐλαυνόμενοι
1960 1034 2054 1088 καὶ

374 1119 478 1172 οὐκ
507 1115 842 1181 ἐλαύνοντες,
877 1116 1197 1188 διωκόμενοι
1240 1119 1333 1171 καὶ
1364 1119 1423 1172 ού
1454 1117 1759 1185 διώκοντες,
1803 1118 2056 1190 ἀναιρού-

380 1223 531 1278 μενοι
556 1206 652 1260 zeal
684 1205 785 1260 ούκ
827 1204 1200 1276 ἀναιροῦντες,
1245 1206 1339 1259 καὶ
1367 1206 1469 1272 ὅτι,
1513 1207 1761 1279 καθάπερ
1804 1208 2051 1280 πρόϐατα

376 1296 461 1358 εἰς
492 1295 703 1366 σφαγὴν
728 1293 1086 1365 προκείμενα.
1118 1294 1243 1358 τοὺς
1264 1294 1460 1360 λύκους
1489 1296 1734 1360 ἅπαντας
1755 1297 1888 1369 πρὸς
1915 1313 2051 1367 προ-

376 1383 557 1436 ϐάτων
582 1382 900 1454 ἡμερότητα
930 1381 1283 1453 μετέϐαλλον,
1330 1384 1457 1446 τοὺς
1489 1384 1869 1454 μαινομένους,
1925 1386 2054 1448 τοὺς

379 1471 556 1538 φόνων
601 1470 889 1557 πνέοξιτας,
919 1470 1045 1535 τοὺς
1074 1470 1281 1540 θηρίων
1315 1472 1683 1544 ἀγριωτέρους
1707 1474 2052 1546 γινομένους.

376 1560 679 1631 τρέχοντος
724 1560 904 1613 τοίνυν
943 1559 1036 1613 τοῦ
1071 1560 1231 1629 λόγου
1272 1562 1366 1614 zeal
1392 1562 1488 1630 τῆς
1515 1562 1796 1627 εὐσεϐείας
1828 1580 2058 1636 σπειρο-

381 1649 574 1719 μένης.
604 1647 941 1719 πανταχόθεν
966 1649 1267 1718 ἀνήπτοντο
1302 1649 1474 1720 πυραὶ
1513 1649 1609 1702 zeal
1641 1649 1926 1720 ἀπέχθειαι
1955 1652 2049 1704 zeal

377 1733 625 1805 πόλεμοι,
657 1733 780 1804 ούχὶ
809 1736 921 1798 τοῖς
947 1733 1287 1798 διδασκάλοις
1314 1736 1495 1805 μόνον,
1525 1736 1661 1790 ἀλλά
1692 1738 1915 1802 καὶτοῖς
1945 1755 2046 1809 μα-

376 1819 783 1892 θητευομένοις.
842 1820 1007 1891 Ὀμοῦ
1055 1822 1165 1893 γάρ
1213 1840 1297 1886 τις
1350 1822 1568 1887 ἐδέξατο
1604 1823 1695 1877 τὸν
1742 1823 1918 1894 λόγον,
1952 1827 2046 1879 zeal

375 1905 554 1971 κοινὸς
588 1906 844 1979 πολέμιος
868 1906 1082 1977 περιῄει
1107 1909 1261 1971 πᾶσι,
1291 1909 1383 1962 zeal
1412 1906 1563 1981 [560]
1594 1909 1850 1980 πατρίδος
1875 1909 2044 1981 ἠλαύ-

375 2013 517 2056 νετο,
557 1995 652 2047 καὶ
695 1996 833 2066 πρὸς
864 1994 959 2066 τὴν
995 1994 1295 2066 ὑπερορίαν
1339 1995 1691 2066 μετῳκίζετο,
1726 1998 1819 2050 zeal
1860 1997 2048 2062 οὐσίας

377 2084 660 2151 ἐξέπιπτε,
689 2083 785 2137 zeal
806 2084 933 2159 περὶ
953 2083 1051 2154 τῆς
1067 2081 1380 2152 ἐλευθερίας
1403 2084 1594 2155 αὐτῆς,
1629 2084 1829 2155 μᾶλλον
1849 2084 1906 2138 δὲ
1918 2086 2047 2157 περὶ

373 2171 538 2227 αὑτοῦ
567 2171 664 2226 τοῦ
695 2171 795 2243 ζῇν
842 2170 1178 2226 ἐκινδύνευεν
1203 2187 1216 2201 ·
1246 2172 1340 2225 zeal
1377 2171 1528 2225 ούδέν
1578 2173 1731 2242 ἴσχυε
1776 2172 1899 2225 τότε
1944 2175 2046 2243 τῆς

378 2258 594 2327 φύσεως
623 2261 657 2330 ἡ
698 2259 968 2329 τυραννὶς,
994 2256 1108 2312 ἀλλ’
1142 2259 1276 2331 ὅπερ
1302 2258 1474 2330 ἔφθην
1499 2256 1690 2321 εἰπὼν,
1731 2258 1825 2312 zeal
1858 2259 2045 2323 παῖδες

371 2343 839 2416 κατεφρονοῦντο,
891 2344 986 2398 zeal
1032 2345 1253 2414 ἀδελφοὶ
1310 2345 1408 2398 zeal
1454 2346 1733 2413 συγγενεῖς
1788 2347 1846 2399 ἐν
1893 2345 2043 2410 τάξει

371 2433 650 2504 πολεμίων
684 2427 848 2503 ἦσαν’,
896 2432 991 2486 zeal
1023 2432 1161 2503 μετά
1190 2431 1302 2485 τῶν
1344 2431 1680 2486 διδασκάλων
1718 2433 1769 2486 οἱ
1807 2432 2045 2504 μαθηταὶ

368 2522 437 2577 τὰ
471 2523 745 2593 ἀνήκεστα
769 2521 1029 2590 ἔπασχον.
1058 2520 1168 2574 Kal
1196 2520 1374 2574 ταῦτα
1400 2519 1539 2574 αύτά
1572 2519 1748 2590 δηλῶν
1769 2520 1800 2573 ό
1834 2519 2044 2585 Παῦλος

370 2612 556 2679 ἔλεγεν
573 2624 589 2641 ⁸
636 2605 1194 2679 Ἀναμιμνήσκεσθε
1213 2606 1325 2678 γὰρ
1351 2608 1459 2674 τὰς
1482 2611 1769 2676 πρότερον
1796 2608 2038 2677 ἡμέρας,

368 2697 440 2749 ἐν
467 2689 563 2761 αῖς
594 2691 991 2764 φωτισθέντες
1012 2691 1258 2760 πολλὴν
1274 2692 1536 2760 ἄθλησιν
1567 2693 1919 2762 ὑπεμείνατε
1939 2707 2045 2745 πα-

371 2782 665 2852 θημάτων,
687 2780 862 2834 τοῦτο
887 2779 1006 2849 μὲν
1029 2779 1390 2850 ὀνειδισμοῖς
1412 2781 1512 2835 καί
1542 2782 1790 2851 θλίψεσι
1820 2785 2043 2853 θεατρι-

370 2870 620 2940 ζόμενοι,
658 2867 837 2923 τοῦτο
873 2867 943 2921 δὲ
986 2867 1260 2923 κοινωνοί
1300 2865 1423 2922 τῶν
1457 2869 1647 2935 οὕτως
1676 2869 2043 2938 ἀναστρεφο-

363 2958 566 3029 μένων
604 2956 975 3028 γενηθέντες.
1024 2955 1135 3010 Καὶ
1162 2958 1275 3025 γὰρ
1320 2955 1446 3024 τοῖς
1474 2956 1745 3026 δεσμίοις
1776 2972 2041 3011 συνεπα-

369 3046 619 3114 θήσατε,
670 3043 767 3098 καὶ
810 3041 926 3110 τὴν
952 3042 1239 3112 ἁρπαγὴν
1285 3040 1405 3097 τῶν
1429 3043 1827 3113 ὑπαρχόντων
1875 3041 2044 3112 ὑμῶν

363 3136 512 3205 μετὰ
554 3133 744 3205 χαρᾶς
777 3132 1245 3202 προσεδέξασθε,
1280 3133 1678 3204 γινώσκοντες
1701 3133 1867 3202 ἔχειν
1884 3131 2035 3204 ὑμᾶς

368 3223 702 3290 κρείσσονα
738 3219 939 3289 ῦπαρξ
944 3237 1000 3273 ιν
1026 3219 1096 3273 ἐν
1127 3219 1405 3288 οὐρανοῖς
1443 3220 1544 3275 καί
1571 3218 1903 3291 μένουσαν.
1930 3221 2040 3275 Kal

370 3310 535 3365 πάλιν
559 3308 1044 3364 Θεσσαλονικεῦσιν
1070 3306 1404 3363 ἐπιστέλλων
1430 3307 1659 3377 ἐλεγενδ·
1695 3308 1895 3377 ’Υμεῒς
1925 3309 2038 3378 γὰρ

363 3395 607 3466 μιμηταί
635 3394 971 3465 ἐγενήθητε,
1020 3394 1290 3464 ἀδελφοί,
1338 3393 1458 3449 τῶν
1505 3392 1883 3462 Ἐκκλησιῶν
1921 3394 2041 3449 τῶν

365 3481 573 3537 οὐσῶν
615 3482 686 3537 ἐν
718 3480 791 3551 τῇ
838 3481 1120 3549 Ἰουδαίᾳ,
1155 3481 1245 3536 ὅτι
1273 3481 1374 3536 καί
1405 3480 1575 3551 ὑμεῖς
1610 3479 1682 3534 τὰ
1708 3481 1861 3536 αὐτὰ
1891 3480 2035 3536 ἐπά-

367 3574 500 3625 θετε
533 3568 648 3625 ὐπό
672 3568 792 3623 τῶν
826 3567 990 3623 ἰδίων
1013 3566 1439 3639 συμφυλετῶν,
1469 3567 1733 3636 καθάπερ
1768 3567 1866 3622 καί
1888 3568 2039 3623 ἐκεῖ·

366 3674 461 3712 νοι
491 3656 612 3711 ὑπὸ
630 3656 749 3710 τῶν
787 3655 1102 3715 Ἰουδαίων.
1133 3654 1251 3709 τῶν
1270 3655 1367 3709 καί
1393 3655 1502 3709 τὸν
1526 3656 1747 3724 Κύριον
1771 3655 2041 3710 ἀποκτει-

365 3742 618 3807 νάντων,
634 3742 735 3798 καί
752 3741 909 3812 ἡμᾶς
928 3741 1359 3807 ἐκδιωξάντων,
1382 3743 1481 3797 καί
1497 3741 1689 3797 πᾶσιν
1705 3740 2038 3812 ἀνθρώποις

364 3831 673 3887 ἐναντίων.
712 3832 824 3885 Kal
852 3829 1125 3894 Γαλάταις
1153 3829 1208 3883 δέ
1238 3829 1400 3884 πάλιν
1437 3829 1664 3901 γράφων
1693 3829 1847 3897 ἔλεγε
1872 3846 1888 3862 ·
1935 3833 2037 3884 Το-

362 3919 562 3975 σαῦτα
590 3917 841 3973 ἐπάθετε
868 3915 1024 3986 εικῆ,
1051 3917 1109 3970 εἴ
1131 3933 1202 3987 τε
1233 3916 1333 3972 καί
1355 3914 1510 3985 εικῆ.
1546 3917 1654 3970 Kal
1685 3917 1752 3971 τὰ
1775 3915 1940 3970 αὐτοῦ
1979 3917 2037 3971 δὲ

367 4006 514 4075 πάθη
563 4004 943 4076 διηγούμενος,
993 4003 1176 4073 ἔλεγε·
1231 4003 1330 4058 Ἑν
1363 4002 1644 4074 ὑπομονῇ
1695 4001 1921 4080 πολλῇ,
1967 4002 2039 4057 ἐν

362 4091 750 4162 στενοχιφίᾳ,
781 4091 851 4144 ἐν
868 4090 1188 4161 φυλακαῖς,
1214 4090 1286 4145 ἐν
1304 4094 1536 4156 κόποις,
1566 4090 1636 4143 ἐν
1657 4090 2035 4160 άῃουπνίαις,

364 4181 435 4233 ἐν
449 4178 621 4249 λιμῷ,
653 4179 724 4233 ἐν
749 4178 915 4248 δίψει
944 4178 1044 4233 καί
1071 4179 1395 4249 γυμνότητι
1414 4192 1427 4207 ·
1457 4178 1553 4232 zeal
1585 4176 1768 4240 πάλιν,
1814 4181 2038 4232 Τεσσα-

356 4265 623 4335 ράκοντα
649 4267 809 4335 παρὰ
827 4266 966 4337 μίαν
995 4266 1237 4328 ἔλαϐον,
1270 4266 1399 4336 τρίς
1426 4263 1849 4334 έρραϐδίσθην,
1872 4264 2036 4332 ἅπαξ

362 4351 715 4419 ἐλιθάσθην,
737 4351 1119 4421 νυχθήμερον
1136 4352 1207 4405 ἐν
1219 4350 1298 4417 τῷ
1307 4349 1479 4417 ,ϐυθῷ
1498 4350 1818 4416 πεποίηκα,
1836 4349 2037 4405 κινδύ-

363 4457 494 4506 νοις
532 4438 837 4507 ποταμῶν,
879 4438 1186 4505 κινδύνοις
1211 4436 1480 4507 λῃστῶν,
1506 4436 1814 4503 κινδύνοις
1837 4437 1907 4490 ἐκ
1939 4436 2036 4506 τέ-

363 4542 534 4592 νους,
561 4524 948 4591 κινδύνοιςέν
967 4526 1263 4595 ἐρημίαις·
1289 4526 1385 4580 zeal
1409 4525 1595 4588 πάλιν,
1626 4524 2033 4579 Ἡέπισύστα-

362 4613 467 4679 σίς
481 4630 602 4681 μου
630 4613 668 4681 ή
695 4613 823 4667 καθ’
848 4612 1097 4681 ἡμέραν,
1121 4613 1159 4680 ἡ
1177 4611 1434 4683 μέριμνα
1449 4610 1664 4667 πασῶν
1677 4608 2062 4686 τῶνἙκκλη-

363 4700 553 4785 σιῶνί
588 4702 685 4755 zeal
715 4699 900 4768 πάλιν,
950 4703 1003 4755 '0
1028 4701 1326 4772 ἐθνάρχης
1363 4698 1571 4768 Ἀρέτα
1594 4696 1702 4752 τοῦ
1725 4697 2036 4765 ,ϐασιλέως

360 4789 641 4858 ἐφρούρει
672 4788 791 4858 τὴν
824 4789 1238 4859 Δαμασκηνῶν
1274 4790 1457 4844 πόλιν
1489 4786 1699 4842 πιάσαι
1721 4803 1794 4857 με
1819 4786 2032 4852 θέλων,

361 4881 461 4934 καὶ
487 4880 586 4936 διὰ
606 4880 850 4948 θυρίδος
870 4882 940 4936 ἐν
967 4879 1243 4951 σαργάνῃ
1267 4877 1624 4950 ἐχαλάσθην
1653 4875 1752 4930 διὰ
1780 4875 1888 4931 τοῦ
1917 4876 2036 4929 τεί-

359 4986 532 5040 χους.
571 4971 672 5025 καί
722 4971 1020 5043 ἐξέφυγον
1066 4971 1172 5038 τὰς
1216 4968 1417 5036 χεῖρας
1473 4966 1690 5021 αὐτοῦ·
1734 4965 1828 5019 zeal
1871 4964 2034 5019 πάλιν

359 5058 594 5130 ἀλλαχοῦ
612 5076 626 5091 ·
656 5061 1087 5131 Ἐλογίσθημεν
1106 5060 1188 5124 ὡς
1210 5057 1474 5124 πρόϐατα
1492 5052 1736 5124 σφαγῆς
1754 5069 1768 5083 ·
1801 5053 1895 5106 zeal
1917 5050 2035 5105 ἐτέ-

359 5146 495 5218 ρωθι
548 5148 732 5209 πάλιν,
778 5147 906 5214 Δῴη
954 5147 1129 5212 ἕλεος
1171 5150 1204 5201 ό
1252 5146 1469 5214 Κύριος
1515 5140 1597 5208 τῷ
1636 5140 2033 5208 Ὀνησιφόρου

361 5232 526 5300 οῑκῳ,
548 5234 637 5289 ὅτι
654 5234 769 5303 τὴν
788 5235 1017 5291 ἅλυσίν
1028 5252 1142 5300 μου
1162 5234 1273 5287 οὐκ
1291 5230 1669 5300 έπῃσχύνθη,
1686 5227 1851 5282 ἀλλὰ
1867 5226 2033 5296 γενό-

355 5338 539 5392 μενος
561 5322 631 5375 ἐν
656 5321 842 5390 Ῥώμῃ
861 5321 1338 5389 σπουδαιότερον
1378 5317 1630 5385 ἐζήτησέ
1645 5333 1722 5385 με
1744 5314 1842 5369 καί
1869 5309 2029 5382 εὗρε.

429 5409 490 5462 δ’.
531 5408 597 5461 Τί
628 5407 694 5462 ἄν
735 5425 820 5471 τις
850 5407 993 5461 εἴποι
1024 5407 1092 5461 τά
1137 5407 1245 5461 τῶν
1285 5403 1758 5477 ψευδαποστόλων,
1808 5401 1878 5455 τὰ
1921 5400 2033 5455 τῶν

270 5486 277 5491 ’
360 5494 763 5566 ψευδαδέλφων,
812 5495 941 5559 τοὺς
982 5494 1209 5567 μυρίους
1255 5493 1351 5547 zeal
1388 5490 1689 5552 πολυειδεῖς
1727 5487 2030 5559 πολέμους;

361 5584 424 5636 ού
447 5583 554 5654 γὰρ
586 5583 650 5654 δὴ
684 5574 843 5654 μόνον
872 5583 927 5635 αἰ
961 5581 1223 5655 τιμωρίαι
1249 5582 1342 5634 zeal
1372 5582 1429 5634 αἱ
1458 5578 1708 5642 κολάσεις
1733 5574 2030 5639 ἐκινοῦντο,

365 5671 501 5725 ἀλλά
518 5670 612 5723 zeal
630 5670 930 5742 δεινότητες
950 5670 1217 5744 ρητόρων,
1249 5669 1341 5722 zeal
1358 5667 1663 5738 φιλοσόφων
1674 5663 2028 5719 κατασκευαί·

362 5762 457 5814 καὶ
484 5758 546 5812 ού
578 5759 707 5832 παρ’
730 5760 956 5815 ἐκείνων
985 5758 1041 5813 δὲ
1071 5758 1253 5830 μόνον,
1276 5755 1413 5810 ἀλλὰ
1433 5754 1527 5809 zeal
1548 5752 1700 5825 παρά
1729 5749 2033 5824 ἀνθρώπων

355 5848 638 5921 ἀγοραίων
676 5849 842 5904 πολλά
882 5848 1045 5920 ⁴ᾔρετο
1086 5845 1456 5918 μηχανήματα
1485 5841 1627 5897 κατά
1664 5841 1759 5912 τῆς
1800 5836 2028 5907 Ἐκκληο

1232 381 1289 437 S.
1331 379 1618 438 JOANNIS
1653 374 2145 435 CIIRYSOSTOMI
2189 378 2507 437 ABCIHEP.
2548 381 3093 442 CONSTANTINOP.

3713 393 3820 449 498

2157 498 2300 563 σίας·
2320 500 2425 555 ἆπε
2432 517 2464 572 ρ
2479 500 2847 572 αἰνιττόμενος
2860 502 3045 572 ἔλεγεν
3065 520 3076 533 ·
3109 505 3495 579 Ἀλέξανδρος
3508 514 3539 567 ὁ
3558 520 3828 584 χαλκεὺς

2155 589 2358 643 πολλά
2394 607 2496 659 μοι
2526 593 2680 644 κακὰ
2703 590 3045 656 ἐνεδείξατο
3069 610 3083 623 ’
3125 592 3197 649 δν
3238 598 3336 651 καί
3370 598 3453 653 σὺ
3482 601 3822 671 φυλάττου·

2152 677 2299 765 λίαν
2325 678 2434 747 ⁸ιπτὶνρ
2462 678 2794 746 άνθέστηκε
2832 680 2955 747 τοῖς
2991 682 3301 752 ἡμετέροις
3342 689 3566 759 λόγοις.
3611 691 3824 765 Ὠσπερ

2153 762 2323 856 οῦνήή
2378 766 2617 856 θάλαττα
2653 769 2915 856 κυμάτων
2941 772 3042 826 οὐκ
3085 772 3202 826 ἔστι
3233 774 3438 847 χωρίς·
3466 778 3610 835 οὕτω
3654 782 3748 836 zeal

2154 853 2368 941 Παύλου
2394 854 2540 926 ψυχὴ
2574 855 2906 926 πεπλήρωτο
2936 858 3147 929 μυρίων
3187 865 3536 935 πειρασμῶν,
3576 853 3823 941 καθημελ

2155 939 2317 1004 ,ινῶν
2369 940 2649 1007 κινδύνων,
2707 942 2926 1010 εξωοεν,
2975 944 3208 1011 ἔσωθεν,
3256 948 3345 1002 διά
3397 951 3680 1021 ῥημάτων,
3705 939 3830 1012 ηδιά

2152 1027 2514 1095 πραγμάτων,
2549 1027 2637 1083 διά
2667 1032 2986 1101 χρημάτων,
3023 1031 3111 1086 διὰ
3139 1032 3308 1089 δόλων
3327 1053 3341 1067 ·
3372 1038 3467 1090 καὶ
3504 1039 3685 1106 οὐδεὶς
3714 1060 3821 1097 παι

2153 1114 2418 1183 ραστῆσαι
2447 1114 2735 1185 δυνήσεται
2774 1117 2931 1186 λόγος
2954 1117 3023 1172 τά
3049 1118 3185 1191 νέφη
3215 1121 3326 1174 τῶν
3378 1123 3547 1197 βελῶν
3575 1128 3825 1196 ἐκείνων,

2149 1201 2219 1253 τὰ
2249 1199 2428 1285 πλήθη
2472 1202 2582 1256 τῶν
2611 1204 2889 1274 κυμάτων.
2921 1206 3072 1260 Ἐπεὶ
3104 1203 3198 1260 οὖν
3234 1210 3293 1261 ἐν
3325 1210 3536 1275 τούτοις
3562 1214 3631 1267 τὰ
3675 1218 3818 1285 πρά-

2150 1304 2335 1358 γματα
2359 1284 2450 1360 ἦν,
2486 1291 2547 1344 ού
2587 1289 2795 1365 [μόνον]
2820 1296 2932 1357 τοῖς
2979 1297 3099 1366 είρη
3110 1296 3311 1365 μένοις,
3342 1298 3478 1352 ἀλλά
3503 1302 3598 1355 zeal
3640 1284 3821 1374 πολλῷ

2154 1376 2383 1442 πλείοσι,
2419 1379 2516 1431 zeal
2568 1379 2628 1431 ού
2669 1379 2979 1434 διδάσκαλοι
3033 1383 3215 1452 μόνον,
3263 1383 3400 1438 ἀλλά
3443 1388 3537 1440 zeal
3578 1390 3819 1463 μαθηταὶ

2150 1464 2510 1529 ἐκινδύνευον,
2535 1469 2629 1519 καὶ
2650 1468 2712 1520 ού
2748 1468 2988 1539 μαθηταὶ
3009 1470 3188 1539 μόνον,
3213 1472 3349 1526 am
3372 1476 3464 1528 zeal
3507 1476 3817 1534 διδάσκαλοι

2149 1554 2220 1616 (εἰ
2255 1554 2353 1623 μὲν
2379 1552 2486 1624 γὰρ
2509 1555 2733 1626 θάτερον
2765 1557 2928 1626 μέρος
2950 1551 3018 1627 ἦν
3051 1559 3107 1611 ἐν
3130 1562 3441 1632 πειρασμῷ,
3465 1565 3526 1616 τὸ
3553 1564 3608 1618 δὲ
3633 1566 3817 1620 λοιπὸν

2146 1643 2205 1693 ἐν
2224 1639 2381 1712 [ὅϋθο
2425 1643 2629 1714 dada!
2637 1643 2794 1713 μελλε
2808 1645 2966 1699 τοῦτο
2983 1647 3174 1719 ἐκείνῳ
3191 1651 3535 1720 παράκλησις
3548 1652 3813 1720 γίνεσθαι⁹

2142 1729 2267 1781 νυνὶ
2289 1729 2346 1782 δὲ
2380 1730 2667 1803 ἀμφότερα
2695 1727 2763 1803 ἦν
2801 1733 2860 1784 ἐν
2881 1732 2958 1802 τῷ
2981 1734 3333 1805 πολεμεῖσθαι
3354 1741 3447 1791 καὶ
3479 1739 3810 1814 βάλλεσθαι)·

2148 1815 2240 1868 zeal
2275 1814 2446 1868 ταῦτα
2471 1817 2706 1887 ὁρῶντες
2738 1818 2921 1872 πολλοί
2946 1820 3056 1873 τῶν
3085 1821 3488 1895 ἀσθενεστέρων
3516 1825 3814 1895 ἐξελύοντο,

2145 1903 2411 1990 ἐνάρκων,
2456 1904 2711 1969 ἀλύοντες
2746 1906 3036 1972 διετέλουν,
3079 1909 3146 1962 τά
3183 1909 3282 1980 μὲν
3320 1914 3533 1982 χρηστά
3566 1912 3660 1968 τοῦ
3700 1933 3815 1990 κη-

2147 1989 2427 2061 ρύγματος
2462 1995 2519 2045 ἐν
2553 1992 2764 2048 ἐλπίσιν
2795 1995 3051 2066 ὁρῶντες,
3087 1996 3361 2067 βασιλείαν
3395 2001 3488 2054 zeal
3517 2002 3814 2058 ἀνάστασιν

2145 2078 2240 2131 zeal
2271 2078 2603 2150 ἀφθαρσίαν,
2638 2080 2709 2134 τὰ
2742 2081 2799 2135 δὲ
2835 2081 3054 2154 λυπηρά
3080 2084 3312 2139 ἐνταῦθα
3341 2087 3398 2139 ἐν
3421 2089 3489 2159 τῇ
3527 2089 3691 2161 πείρᾳ
3719 2092 3814 2145 zeal

2145 2166 2409 2237 ὑπομονῇ,
2456 2169 2697 2239 τήγανα,
2744 2169 3037 2240 καμίνους,
3085 2172 3455 2243 δεσμωτήρια,
3516 2175 3808 2246 πολέμους,

2143 2253 2363 2326 ἔχθρας,
2404 2255 2720 2326 ἀπεχθείας,
2759 2257 3041 2323 θανάτους,
3087 2258 3388 2324 κινδύνους,
3431 2263 3527 2316 zeal
3566 2264 3691 2328 τοὺς
3735 2265 3811 2318 δι-

2143 2342 2445 2407 δασκάλους
2477 2343 2656 2398 αὐτῶν
2701 2342 2797 2398 νῦν
2834 2345 2935 2414 μὲν
2963 2347 3023 2400 ἐν
3054 2345 3470 2418 δεσμωτηρίοις,
3518 2349 3615 2404 νῦν
3663 2350 3722 2405 δὲ
3752 2354 3814 2407 ἐν

2142 2430 2466 2500 ἀπαγωγαῖς
2483 2429 2545 2504 [ί.
2562 2432 2953 2504 συναγωγαῖς1,
2972 2432 3386 2505 ὑϐριζομένους,
3407 2436 3808 2508 ἀπαγομένους·

2142 2521 2237 2573 zeal
2275 2519 2610 2591 πανταχόθεν
2653 2515 2794 2590 ἦσαν
2833 2520 2967 2591 νέφη
3019 2522 3229 2587 κακῶν,
3273 2524 3365 2577 καὶ
3405 2524 3625 2593 βαοείάν
3689 2544 3810 2583 τινα

2142 2609 2313 2663 νύκτα
2347 2608 2671 2680 πειρασμῶν
2717 2604 2882 2679 εἶχον,
2927 2608 2962 2679 ἢ
3006 2607 3216 2675 πάντας
3249 2615 3469 2683 κατεῖχε
3508 2615 3600 2667 zeal
3649 2614 3810 2687 θορυ·

2142 2696 2352 2750 ϐεἰσθαι
2400 2695 2598 2759 αὐτοὺς
2639 2695 2812 2749 ἐποίει
2867 2695 3072 2767 σφόδρα
3122 2698 3216 2752 zeal
3266 2701 3661 2770 ταράττεσθαι·
3707 2706 3809 2776 δρα

2142 2785 2258 2848 πῶς
2309 2784 2399 2838 διὰ
2459 2786 2587 2855 μιᾶς
2627 2783 2823 2849 λέξεως
2868 2784 3144 2855 ἀνίστησιν
3190 2786 3367 2839 αὐτῶν
3420 2787 3481 2842 τὸ
3532 2790 3812 2863 φρόνημα.

2141 2873 2293 2928 Ποιετ
2342 2872 2440 2943 μὲν
2485 2871 2593 2942 γὰρ
2638 2871 2771 2925 αὐτὸ
2821 2871 2914 2925 zeal
2953 2872 3210 2939 ἄλλοθεν,
3257 2876 3316 2927 ἐν
3348 2876 3509 2948 ἑτέρα
3550 2880 3806 2952 ἐπιστολῇ

2139 2962 2344 3030 λέγων·
2390 2960 2488 3014 Διὸ
2533 2959 2640 3024 τὰς
2688 2958 3047 3028 παρειμένας
3097 2960 3302 3031 χεῖρας
3345 2963 3445 3017 καὶ
3496 2965 3567 3019 τά
3617 2983 3803 3036 παρα.

2136 3048 2444 3118 λελυμένα
2473 3047 2697 3117 γόνατα
2723 3045 3103 3115 ἀνορθώσατε
3123 3064 3139 3078 ·
3177 3050 3239 3102 οὐ
3270 3067 3337 3103 πε
3344 3052 3399 3123 ρ).
3427 3054 3666 3121 γονάτων
3711 3057 3815 3109 zeal

2139 3139 2336 3212 χειρῶν
2388 3137 2563 3207 λέγων
2582 3179 2598 3204 ,
2644 3135 2779 3191 ἀλλά
2827 3138 2957 3207 περὶ
3007 3137 3283 3210 λογισμῶν
3333 3141 3676 3212 χωλευόντων
3727 3147 3808 3218 τῷ

2138 3227 2332 3300 πλήθει
2364 3226 2471 3280 τῶν
2516 3225 2835 3297 πειρασμῶν
2874 3224 3234 3297 ἐκλυομένων.
3276 3223 3412 3284 Εἶτα
3445 3232 3805 3303 παραινέσας,

2138 3316 2233 3371 zeal
2274 3312 2627 3384 παραμυθίαν
2663 3312 2871 3382 εἰσάγει
2908 3314 3170 3385 μεγίστην
3197 3315 3409 3384 λέγων’
3428 3318 3550 3372 Ἔτι
3579 3321 3688 3391 γὰρ
3710 3338 3812 3390 με-

2137 3406 2285 3474 κρὸν
2314 3402 2465 3457 ὅσον
2503 3401 2656 3455 ὅσον
2679 3403 2713 3454 ό
2746 3402 3070 3472 ἐρχόμενος
3113 3402 3265 3470 ἥξει,
3297 3404 3395 3457 καί
3436 3409 3517 3460 οὐ
3561 3409 3808 3477 χρονιεῖ,

2149 3491 2310 3545 Ἀλλά
2343 3487 2531 3560 ἐπειδὴ
2561 3487 2719 3541 τοῦτο
2742 3488 2878 3551 τέως
2904 3489 2962 3542 ἐν
2985 3488 3197 3543 ἐλπίσιν
3225 3485 3313 3562 ἦν,
3348 3491 3442 3546 zeal
3474 3494 3679 3563 ἑτέρως
3702 3499 3810 3552 πά-

2135 3581 2219 3635 λιν
2254 3579 2452 3641 αὐτοὺς
2485 3576 2872 3649 προτρέπεται,
2905 3577 3005 3631 ούκ
3041 3576 3101 3642 ἐξ
3132 3577 3449 3650 ἀλλοτρίων,
3487 3583 3603 3636 ἀλλ’
3629 3584 3687 3650 ἐξ
3722 3586 3838 3639 οε-.

2135 3667 2298 3721 κείων
2326 3663 2779 3735 παραδειγμάτων
2805 3663 3203 3736 εὐθυμοτέρους
3230 3667 3400 3721 ποιῶν
3420 3684 3434 3697 ·
3469 3668 3811 3740 Ἀναμιμνή-

2134 3755 2360 3810 σκεσθε
2390 3752 2519 3821 γὰρ,
2549 3752 2701 3821 φησί,
2733 3750 2839 3816 τὰς
2867 3754 3155 3820 πρότερον
3185 3753 3432 3824 ἡμέρας,
3459 3756 3529 3810 ἐν
3558 3753 3654 3826 αἶς
3682 3777 3806 3829 φω-

2134 3839 2437 3906 τισθέντες
2472 3837 2716 3905 πολλὴν
2751 3837 3012 3904 ἄθλησιν
3037 3841 3391 3911 ὑπεμείνατε
3421 3843 3802 3914 παθημάτων.

2148 3931 2324 4000 ’Υμᾶς
2367 3928 2564 3999 αὐτοὺς
2604 3923 2963 3996 αἰσχύνθητε,
3002 3926 3070 3980 τά
3103 3927 3347 3998 ὑμέτερα
3402 3930 3807 4001 κατορθώματα

2136 4017 2439 4089 ἐντράπητε
2495 4013 2571 4086 μὴ
2616 4011 2831 4076 ἀνάξιον
2883 4012 3184 4084 ἐπιδείξητε
3238 4014 3347 4069 τῶν
3388 4016 3688 4088 προοιμίων
3742 4018 3808 4074 τὸ

2133 4106 2308 4171 τέλος,
2356 4102 2564 4157 οἴκοθεν
2609 4099 2833 4172 δέχεσθε
2862 4100 2961 4172 τὴν
3006 4101 3369 4173 παράκλησιν.
3408 4105 3807 4175 Παρακαλέσας

2132 4192 2313 4247 τοίνυν
2343 4189 2438 4243 zeal
2470 4187 2614 4242 οὕτω
2654 4186 2945 4250 κάκείνως,
2992 4188 3298 4258 παρακαλεῖ
3326 4190 3419 4243 καὶ
3459 4189 3547 4243 διὰ
3576 4191 3679 4259 τῆς
3714 4190 3809 4245 λέ-

2137 4276 2271 4344 ξεως
2305 4276 2526 4344 ταύτης.
2559 4273 2685 4338 Πῶς
2730 4274 2828 4328 καὶ
2863 4274 2970 4327 τίνι
2997 4274 3217 4345 τρόπῳ;
3252 4275 3334 4328 Ta
3362 4275 3535 4347 δεσμά
3577 4280 3672 4331 zeal
3701 4279 3807 4349 τὴν

2136 4367 2326 4423 ἀλυσιν
2364 4363 2654 4436 βεϐαίωσιν
2683 4358 3019 4431 Εύαγγελίου
3061 4362 3255 4431 λέγων.
3313 4363 3387 4416 Οὐ
3433 4364 3544 4436 γὰρ
3589 4365 3652 4436 δὴ
3702 4367 3805 4436 μό-

2133 4472 2223 4510 νον
2257 4453 2604 4523 ἀνιστάμενοι
2632 4450 2836 4520 νεκροὶ,
2872 4447 3057 4521 φησὶν,
3084 4449 3205 4503 ούδέ
3242 4450 3434 4521 λεπροὶ
3472 4451 3808 4523 καθαιρόμε-

2134 4559 2236 4604 νοι,
2266 4539 2384 4594 οὐδὲ
2421 4538 2673 4607 δαίμονες
2710 4534 3077 4605 ἐλαυνόμενοι,
3113 4536 3248 4589 ἀλλὰ
3275 4537 3369 4591 zeal
3391 4538 3552 4607 ἡμεῖς
3575 4538 3809 4609 δεσμοῦ.

2138 4645 2286 4701 μενοι
2317 4625 2641 4699 βεϐαιοῦμεν
2662 4623 2723 4678 τὸ
2740 4620 3088 4692 Εύαγγέλιον.
3126 4623 3273 4687 Πῶς,
3297 4624 3417 4677 εἰπέ
3444 4643 3553 4695 μοι,
3578 4627 3672 4680 zeal
3697 4626 3805 4683 τίνι

2133 4716 2352 4788 τρόπῳ;
2383 4712 2545 4766 καινὰ
2568 4714 2678 4782 γὰρ
2704 4711 2773 4762 τά
2804 4708 3090 4780 εἰρημένα,
3120 4712 3212 4762 zeal
3237 4711 3603 4781 αἰνίγματιτά
3632 4713 3809 4769 πολλά

2134 4805 2328 4858 ἔοικεν.
2355 4800 2556 4855 Λοιπὸν
2593 4798 2759 4853 ἄκουε
2792 4797 2910 4861 πῶς
2932 4814 2944 4827 ·
2976 4799 3026 4848 εἰ
3063 4796 3235 4860 ἀδεῶς
3261 4798 3654 4869 ἑκηρύττομεν,
3696 4818 3809 4873 μη..

2132 4891 2220 4944 δὲν
2253 4890 2552 4959 πάσχοντες
2574 4885 2738 4956 ἀηδὲς
2766 4883 2901 4956 μηδέ
2929 4883 3120 4940 δεινὸν.
3163 4885 3257 4938 zeal
3298 4885 3510 4950 πολλοῖς
3547 4886 3656 4941 τῶν
3683 4887 3811 4958 βου-

2132 4976 2374 5047 λομένων
2418 4976 2566 5047 ἡμᾶς
2609 4970 2917 5025 διαϐάλλειν
2960 4969 3137 5035 ἔδοξεν
3182 4970 3248 5025 ἂν
3292 4969 3534 5026 ὕποπτον
3562 4968 3701 5028 εἶναι
3743 4976 3815 5029 τὸ

2133 5067 2428 5137 κήρυγμα·
2461 5061 2557 5116 νῦν
2598 5061 2657 5115 δέ
2691 5059 3057 5129 ἐλαυνόμενοι,
3086 5058 3428 5129 διωκόμενοι.
3458 5062 3805 5132 τεμνόμενοι,

2135 5154 2433 5225 καιόμενοι,
2461 5147 3050 5221 κατακρημνιζόμενοι,
3082 5149 3250 5221 μυρία
3279 5150 3578 5220 πάσχοντες
3603 5151 3697 5204 zeal
3729 5154 3810 5224 μὴ

2133 5241 2445 5302 ἐνδιδόντες,
2471 5237 2607 5292 ἀλλὰ
2641 5236 3037 5309 προθυμότεροι
3061 5237 3232 5310 ταύτῃ
3254 5236 3543 5308 γινόμενοι,
3571 5236 3663 5289 zeal
3693 5241 3811 5301 τοῖς
3894 5292 3907 5297 ς

2134 5327 2338 5398 σφόδρα
2366 5326 2744 5397 ἀναισχυντεῖν
2767 5322 3110 5395 βουλομένοις
3135 5324 3325 5396 ἱκανὴν
3348 5324 3657 5396 παρέχομεν
3678 5325 3811 5377 ἀπό.

2130 5416 2296 5481 δειξιν
2329 5412 2422 5468 τοῦ
2457 5412 2710 5484 ἀληθείας
2739 5409 2875 5465 εἶναι
2907 5412 3174 5483 κήρυκας,
3199 5411 3293 5464 καὶ
3315 5410 3467 5465 θείαν
3499 5411 3618 5464 τινὰ
3640 5410 3807 5466 δύνα-

2135 5520 2228 5574 μιν
2270 5505 2329 5556 ἐν
2373 5505 2504 5574 ἡμῖν
2534 5497 2695 5568 εἶναι,
2731 5502 2824 5556 zeal
2853 5502 3033 5556 πάντα
3055 5499 3084 5539 δ
3106 5499 3281 5553 ταῦτα
3318 5497 3805 5571 ἐξευμαρίζουσαν,

2142 5641 2396 5753 εὐκέλιέἑὲ
2418 5643 2770 5694 Benediclinos
2790 5644 2910 5692 vitio
2938 5643 3212 5706 typotheue
3236 5653 3266 5689 ιι
3285 5652 3422 5688 num.
3448 5637 3541 5687 360
3569 5639 3809 5690 transitur

2194 5764 2222 5831 Ρ
2246 5765 2456 5818 Omnino
2477 5767 2749 5831 legendum
2790 5781 2852 5819 ex
2879 5767 3141 5830 Mallhazio,
3166 5766 3251 5825 τὴν
3271 5762 3443 5826 πάντα,
3468 5763 3561 5813 nisi
3583 5764 3665 5811 καὶ
3688 5761 3809 5813 sim-

2138 5826 2336 5882 p‘.iriler
2360 5826 2555 5879 eollerc'
2567 5833 2721 5881 malis.
