4138 6446
344 346 459 404 497

345 476 780 549 percussl,uon
838 476 1205 545 percutientes
1232 494 1247 539 ;
1278 476 1492 532 insidiis
1536 475 1799 547 appetiti,
1849 493 1957 531 non

341 570 715 635 insidiantes;
748 570 997 639 ﬂagellati
1019 611 1035 632 ,
1066 586 1173 625 non
1223 570 1596 642 flagellantes;
1628 572 1801 641 pulsi,
1852 588 1959 626 non

342 665 662 733 pellentes;
700 664 1178 734 persequutionem
1231 664 1499 733 patientes
1522 705 1535 727 ,
1566 678 1673 718 non
1724 663 1962 718 inferen-

339 769 475 821 tes;
506 756 713 820 occisi,
762 771 869 809 non
905 755 1255 819 occidentes;
1304 766 1358 810 et
1400 757 1523 826 quia
1554 756 1693 811 sicut
1737 770 1867 809 oves
1894 754 1960 809 ad

335 850 562 905 caedem
596 849 909 919 preposltte,
940 850 1097 919 lupos
1123 865 1315 904 omnes
1341 850 1407 903 ad
1435 851 1613 904 oviqu
1645 858 1961 905 mansuetu-

337 943 540 998 dinem
572 940 920 995 adduCebant
941 983 956 1007 ,
989 944 1229 996 furentes
1257 942 1489 1002 scilicet.
1520 942 1726 996 cmdent
1751 942 1961 1011 spiran-

342 1046 459 1098 tes,
487 1034 684 1090 belluis
712 1034 1030 1091 feraciores.
1056 1034 1392 1089 Procedente
1414 1035 1595 1106 itaque
1616 1034 1780 1089 verbo
1801 1047 1965 1088 erait-

337 1128 529 1199 gelico
556 1136 611 1181 et
635 1127 837 1195 pietate
888 1127 1085 1196 ubique
1117 1125 1466 1181 disseminata
1496 1167 1514 1193 ,
1556 1126 1792 1195 undique
1845 1125 1967 1197 rogi

340 1221 781 1291 apparabantur,
812 1219 1132 1287 inimicitite,
1160 1220 1319 1285 bella,
1364 1237 1467 1275 non
1494 1230 1699 1275 tantum
1725 1220 1963 1276 doctori-

341 1313 480 1374 bus,
503 1312 598 1367 sed
630 1313 793 1367 etiam
825 1312 1124 1382 discipulis.
1154 1313 1347 1368 Statim
1369 1323 1534 1381 atque
1561 1314 1707 1368 enim
1737 1314 1960 1369 verbum

341 1407 479 1476 quis
508 1414 818 1473 acceperat,
846 1404 1099 1458 omnibus
1128 1404 1299 1459 hostis
1326 1406 1629 1459 communis
1671 1405 1958 1469 circuibat,

342 1514 377 1553 ι
406 1498 581 1568 patria
627 1497 960 1566 pellebatur.
986 1509 1039 1553 et
1070 1498 1123 1553 in
1153 1499 1404 1553 exsilium
1434 1499 1885 1566 transferebatur,
1930 1513 1963 1553 ει

347 1592 706 1647 facultatibus
722 1592 1025 1655 excidebat,
1042 1602 1095 1647 et
1116 1593 1184 1647 de
1207 1593 1477 1660 libertate,
1506 1593 1613 1647 imo
1630 1593 1695 1647 de
1715 1593 1819 1647 vita
1846 1594 1959 1663 ipsa

348 1687 788 1756 periclitabatur.
824 1684 967 1740 Nihil
1019 1697 1145 1741 tunc
1178 1697 1390 1756 poterat
1436 1696 1646 1741 natura:
1683 1688 1959 1759 tyrannis;

350 1779 471 1840 sed,
506 1790 565 1833 ut
613 1780 725 1848 jam
773 1778 924 1843 dixi,
960 1778 1116 1834 liberi
1161 1781 1654 1834 contemnebantur
1680 1820 1696 1846 ,
1729 1780 1960 1845 fratres,

353 1874 571 1943 cognati
604 1874 656 1925 in
693 1872 931 1926 hostium
975 1872 1165 1927 ordine
1191 1882 1385 1937 erant,
1416 1882 1615 1927 etcum
1653 1872 1965 1927 doctoribus

352 1965 601 2035 discipuli
630 1964 990 2019 intolerabilia
1024 1965 1387 2034 patiebantur.
1420 1965 1617 2021 Etliazc
1655 1966 1768 2035 ipsa
1801 1966 1965 2035 signi-

356 2059 529 2112 ficans
556 2058 755 2112 Paulus
785 2057 1003 2112 dicebat
1030 2075 1044 2110 :
1076 2058 1511 2112 Rememoramini
1549 2059 1693 2112 enim
1724 2059 1965 2129 pristinos

360 2150 494 2217 dies,
521 2150 575 2203 iit
603 2150 785 2219 quibus
829 2150 1113 2203 illuminati
1138 2166 1380 2222 magnum
1419 2161 1675 2204 certamen
1715 2151 1965 2204 sustinui-

369 2243 461 2296 stis
487 2245 768 2313 passionum
804 2259 822 2296 :
845 2251 891 2296 et
916 2244 968 2295 in
988 2242 1149 2297 altero
1177 2243 1382 2314 quidem
1408 2244 1697 2314 opprobriis
1727 2255 1776 2298 et
1805 2244 1965 2297 tribu-

378 2336 649 2389 lationibus
673 2339 1011 2407 spectaculum
1041 2337 1185 2408 facti,
1220 2339 1272 2390 in
1297 2339 1460 2391 altero
1486 2347 1657 2390 autem
1680 2338 1805 2392 socii
1846 2339 1966 2392 tali-

375 2441 453 2483 ter
476 2431 871 2483 conversantium
894 2429 1080 2497 e/I'ecti.
1110 2428 1250 2483 Nam
1273 2440 1320 2483 et
1336 2430 1518 2483 vinctis
1545 2431 1800 2499 compassi
1822 2431 1962 2496 estis,

366 2534 415 2577 et
443 2524 676 2590 rapinam
705 2524 955 2578 bonorum
986 2533 1267 2578 vestrorum
1295 2540 1411 2577 cum
1436 2523 1626 2592 gaudio
1652 2524 1962 2593 suscepistis,

361 2626 720 2687 cognoscentes
746 2632 835 2669 vos
867 2615 1053 2669 habere
1078 2615 1340 2669 meliorem
1368 2614 1705 2669 substantiam
1728 2617 1780 2669 iit
1824 2617 1969 2670 ctelis

358 2721 405 2763 et
435 2719 723 2762 manentem
754 2708 946 2779 (llebr.
979 2708 1068 2764 10.
1086 2707 1157 2763 52
1180 2741 1208 2752 -
1226 2709 1338 2779 54).
1370 2709 1436 2763 Et
1463 2725 1653 2763 rursus
1679 2708 1968 2765 Thessalo-

354 2802 674 2855 nicensibus
726 2802 973 2855 scribens
1002 2842 1016 2863 ,
1067 2801 1278 2855 dicabat
1312 2820 1326 2855 :
1376 2800 1477 2855 Vos
1519 2802 1655 2854 enim
1690 2802 1968 2856 imitatores

352 2897 486 2968 facti
517 2898 658 2961 estis,
689 2895 877 2965 fratres
900 2938 913 2959 ,
978 2897 1323 2951 Ecclesiarum
1354 2913 1468 2966 quae
1508 2908 1625 2951 sunt
1653 2898 1704 2951 in
1733 2897 1920 2952 Juda'a
1950 2916 1968 2953 :

350 2990 480 3059 quia
510 2999 557 3041 et
602 3005 687 3041 vos
714 2990 891 3043 eadem
932 2974 1081 3060 passi
1113 2990 1232 3043 estis
1260 3006 1293 3041 a
1342 2990 1711 3043 contribulibus
1754 2993 1927 3045 vestris
1950 3034 1967 3060 ,

349 3084 490 3137 sicut
510 3095 559 3136 et
590 3083 690 3151 ipsi
718 3100 749 3135 a
775 3082 977 3136 ludatis
1000 3098 1018 3136 :
1040 3081 1124 3153 qui
1166 3094 1213 3135 et
1244 3081 1524 3135 Dominum
1569 3082 1883 3151 occiderunt,
1922 3093 1971 3138 et

353 3193 455 3230 uos
487 3176 781 3247 persequuti
810 3185 950 3238 sunt,
985 3184 1032 3227 et
1056 3174 1291 3228 omnibus
1317 3174 1609 3229 hominibus
1636 3176 1971 3230 adversantur

360 3271 411 3341 (l
428 3270 628 3325 .Tltrss.
650 3271 705 3324 2.
726 3270 815 3324 14.
836 3269 947 3339 15).
967 3268 1173 3323 Calatis
1199 3284 1415 3339 quoque
1438 3269 1701 3331 scribens.
1722 3270 1967 3325 dicebat:

360 3363 539 3417 Tanta
567 3366 706 3431 passi
736 3364 857 3417 estis
886 3364 995 3417 sine
1016 3378 1171 3417 causa
1195 3403 1210 3427 ,
1232 3364 1275 3416 si
1306 3372 1472 3416 tamen
1503 3364 1613 3417 sine
1638 3380 1792 3418 causa
1824 3362 1966 3435 (Gal.

356 3460 416 3513 3.
452 3458 530 3526 ι).
563 3458 654 3511 llla
676 3468 882 3522 autem,
910 3472 1033 3526 quae
1062 3458 1176 3526 ipse
1200 3471 1390 3525 passus
1412 3465 1516 3523 est,
1538 3472 1798 3512 enarratis
1828 3458 1975 3513 dice-

358 3551 498 3605 bat:
528 3548 594 3603 ltt
622 3551 869 3620 patientia
901 3551 1083 3612 multa,
1118 3550 1169 3604 in
1200 3550 1463 3621 angustia,
1496 3552 1548 3604 in
1576 3552 1897 3617 carceribus,
1920 3551 1975 3606 in

356 3642 648 3706 laboribus,
672 3644 728 3695 in
756 3642 966 3712 vigiliis,
993 3644 1047 3697 in
1072 3643 1298 3714 [ante,in
1321 3644 1467 3698 sitiet
1495 3644 1727 3698 nuditate
1752 3645 1829 3718 (2.
1850 3645 1970 3701 Cor.

358 3738 419 3792 6.
456 3738 512 3791 4.
543 3736 599 3791 5.
621 3745 669 3790 et
694 3736 782 3791 11.
812 3735 931 3806 27).
968 3735 1034 3790 Ει
1064 3750 1274 3799 rursus,
1308 3736 1660 3807 Quadraginta
1687 3754 1791 3792 una
1809 3740 1977 3795 minus

358 3827 592 3896 accepi:
634 3812 890 3898 ter'virgis
930 3842 1092 3881 ctcsus
1118 3843 1272 3893 sunt,
1329 3829 1484 3882 semel
1513 3828 1773 3900 lapidatus
1823 3846 1934 3883 sum
1959 3872 1973 3894 ,

361 3930 521 3974 nocte
562 3929 608 3972 et
663 3920 747 3973 die
800 3921 854 3973 in
903 3918 1165 3991 profundo
1212 3922 1367 3974 maris
1423 3920 1540 3992 fui;
1589 3923 1831 3991 periculis
1876 3923 1977 3991 βαε-

361 4016 569 4069 minam
604 4056 621 4081 ,
683 4014 928 4083 periculis
981 4016 1287 4079 latronum,
1345 4014 1587 4082 periculis
1646 4031 1709 4069 ea:
1758 4032 1972 4087 genere,

362 4108 615 4180 periculis
659 4108 712 4161 in
756 4108 1038 4161 solitudine
1084 4110 1165 4175 (l.
1191 4107 1312 4163 Cor.
1343 4107 1698 4177 11.24.96);
1751 4121 1806 4163 et
1861 4126 1980 4163 rur-

361 4217 532 4265 sum,
565 4198 822 4253 lustantia
878 4218 990 4254 utea
1029 4201 1330 4269 quotidiana
1355 4242 1371 4265 ,
1418 4200 1709 4254 sollicitudo
1750 4202 1979 4254 omnium

366 4293 763 4355 Ecclesiarum;
814 4294 1149 4364 iterumque,
1221 4293 1541 4364 I’rtepositus
1605 4293 1773 4347 Arettz
1845 4295 1978 4364 regis

361 4386 687 4441 custodiebat
716 4387 970 4439 civitatem
1000 4385 1472 4451 Damascenorum,
1520 4385 1690 4438 volens
1733 4402 1812 4438 me
1840 4402 1978 4439 cont-

366 4479 726 4552 prehendere,
774 4489 821 4532 et
854 4496 945 4547 per
984 4482 1261 4549 fenestram
1305 4478 1358 4530 in
1387 4486 1563 4547 sporta
1594 4477 1844 4531 demissus
1864 4493 1978 4531 sum

363 4591 462 4644 per
488 4590 692 4627 murum
718 4615 731 4635 ,
762 4584 811 4627 et
848 4574 984 4629 evasi
1030 4589 1211 4626 manus
1262 4574 1372 4642 ejus
1414 4572 1430 4640 (
1460 4569 1514 4625 2.
1544 4568 1663 4625 Car.
1690 4571 1774 4624 11.
1816 4569 1906 4625 28.
1930 4580 1977 4625 et

359 4666 462 4722 32.
490 4665 606 4735 35).
645 4665 712 4719 Et
748 4681 944 4719 rursus
985 4664 1112 4718 alibi
1142 4682 1155 4717 :
1191 4661 1461 4718 AEstimati
1490 4678 1669 4716 suntus
1692 4663 1822 4716 sicut
1864 4678 1978 4716 oves

358 4759 662 4813 occisionis.
698 4757 763 4811 Et
792 4757 919 4811 alibi
963 4758 1155 4811 iterum
1201 4772 1215 4809 :
1257 4755 1350 4807 Det
1380 4755 1785 4809 misericordiam
1838 4753 1977 4808 Deus

364 4850 913 4921 Uttcsiphoridomui,
943 4850 1063 4920 quia
1092 4860 1327 4902 catenam
1372 4863 1535 4901 nteant
1591 4863 1695 4900 non
1740 4845 1974 4913 erubuit,

359 4946 460 5001 sed
488 4961 606 4998 cum
636 4944 855 4999 Romam
886 4945 1123 5007 venisset,
1148 4941 1367 4995 sollicite
1394 4958 1472 4994 me
1504 4942 1737 5012 quwsivit
1761 4951 1809 4994 et
1840 4941 1979 4995 inve-

359 5040 444 5094 stit
475 5036 655 5111 (Rom.
676 5037 728 5092 8.
756 5038 846 5101 δικ
869 5036 926 5091 2.
960 5034 1096 5089 Tim.
1120 5035 1289 5091 1.16.
1322 5033 1434 5104 17).
1964 5090 1969 5093 ν

440 5130 496 5185 4.
541 5128 674 5197 Quae
702 5127 808 5183 diei
844 5138 1069 5197 possunt
1112 5125 1178 5181 de
1228 5126 1375 5180 falsis
1398 5125 1677 5194 apostolis,
1723 5127 1791 5181 de
1830 5124 1978 5181 falsis

362 5220 652 5284 fratribus,
677 5220 743 5273 de
762 5220 918 5275 bellis
939 5218 1194 5282 diversis,
1219 5228 1274 5271 et
1296 5216 1634 5272 innumeris?
1665 5235 1768 5271 uoti
1801 5218 1975 5272 solum

359 5314 512 5369 enim
539 5312 799 5382 supplicia
850 5321 907 5366 et
953 5311 1226 5365 cruciatus
1272 5312 1631 5364 movebantur
1676 5309 1770 5365 sed
1815 5310 1975 5363 etiam

361 5408 648 5461 rhetorum
664 5404 994 5475 eloquentia,
1015 5413 1069 5457 et
1082 5402 1523 5471 pltilos0pborum
1542 5412 1857 5473 apparatus:
1880 5416 1979 5457 uec

357 5498 435 5551 ab
454 5500 559 5553 illis
583 5505 811 5559 tantum,
835 5496 928 5553 sed
946 5496 1105 5551 etiam
1128 5494 1197 5548 ab
1216 5495 1522 5550 hominibus
1539 5495 1977 5550 circumforaneis

358 5591 554 5649 multm
600 5589 867 5645 machinae
895 5598 1081 5643 contra
1110 5588 1409 5643 Ecclesium
1437 5588 1826 5644 movebantur:
1856 5606 1977 5659 qua:

358 5687 455 5741 ille
500 5683 855 5740 subindicans
899 5684 1157 5739 dicebat:
1208 5682 1500 5737 Alexander
1550 5684 1765 5738 terarius
1818 5685 1979 5739 multa

357 5778 503 5831 mala
531 5776 658 5829 mihi
701 5775 963 5831 ostendit:
1007 5792 1157 5844 quem
1199 5784 1246 5829 et
1295 5784 1348 5827 tu
1401 5776 1608 5829 devita:
1650 5774 1799 5830 valde
1842 5777 1976 5830 enim

356 5874 543 5927 restitit
579 5868 740 5923 verbis
764 5870 950 5925 nostris
976 5869 1051 5943 (2.
1089 5868 1198 5928 'L'iat
1249 5870 1305 5925 4.
1339 5869 1427 5925 l4.
1472 5866 1584 5942 15).
1635 5870 1788 5927 Sicut
1840 5885 1971 5943 ergo

1156 357 1243 416 νιι
1287 358 1590 428 llOMILIA,
1635 360 1838 417 ΜΕΤΑ
1880 360 1947 416 ΙΝ
1988 360 2269 419 τεδιριο
2305 364 2362 422 S.
2406 366 2841 427 ANAS‘I‘ASIE.

3568 374 3672 431 498

2072 495 2220 534 mare
2273 497 2565 553 numquam
2610 484 2863 541 ﬂuctibus
2909 502 3103 558 expers
3151 498 3266 545 est:
3300 491 3377 547 sic
3426 502 3482 547 et
3523 492 3675 549 Pauli

2068 574 2244 629 anima
2280 575 2434 646 plena
2467 590 2586 634 erat
2609 580 2756 635 mille
2788 582 3195 649 tentationibus.
3229 586 3554 654 quotidianis
3578 603 3676 656 pe-

2070 667 2272 735 riculis,
2319 670 2450 725 foris
2496 683 2551 727 et
2594 674 2758 741 intus,
2809 690 2905 744 per
2949 676 3135 739 verba,
3193 694 3291 744 per
3337 694 3523 747 Opera,
3575 695 3675 751 per

2071 760 2345 828 pecunias.
2367 779 2463 832 per
2478 764 2659 819 dolos:
2683 767 2968 837 nullusque
2990 783 3168 823 sermo
3188 771 3385 838 poterit
3400 786 3677 838 exponere

2073 851 2219 905 illam
2253 854 2478 908 telorum
2512 856 2731 920 nubem,
2757 857 2901 912 illam
2941 858 3199 914 ﬂuctuum
3246 862 3668 919 multitudinem.

2069 943 2335 1012 Quoniam
2375 946 2535 1015 igitur
2581 948 2631 1001 in
2664 949 2753 1003 tali
2786 960 2927 1004 statu
2957 962 3012 1004 et
3048 952 3358 1009 conditione
3411 972 3499 1011 res
3546 966 3672 1014 tunc

2069 1048 2244 1104 erant,
2271 1054 2375 1091 non
2411 1040 2502 1093 illo
2534 1050 2737 1095 tantum
2781 1043 2924 1111 quod
2953 1044 3209 1113 diximus,
3244 1048 3338 1103 sed
3369 1048 3528 1119 longe
3551 1068 3667 1103 ma.

2066 1127 2171 1197 jori
2194 1146 2208 1195 ;
2236 1147 2336 1185 nec
2363 1129 2536 1186 solum
2564 1133 2832 1200 doctores,
2865 1136 2960 1192 sed
2983 1138 3143 1193 etiam
3172 1140 3421 1210 discipuli
3451 1142 3669 1212 pericli-

2072 1223 2343 1287 tabantur,
2377 1241 2476 1281 nec
2492 1226 2741 1297 discipuli
2767 1229 2948 1294 modo,
2962 1231 3054 1285 sed
3072 1233 3232 1286 etiam
3249 1233 3501 1290 doctores
3520 1236 3670 1301 (nam

2071 1315 2115 1369 si
2142 1316 2245 1369 alia
2277 1333 2401 1387 pars
2436 1319 2487 1372 in
2539 1324 2857 1388 tentatione,
2890 1322 2994 1377 alia
3045 1324 3096 1377 in
3145 1326 3434 1380 securitate
3465 1326 3673 1389 fuisset,

2073 1408 2337 1478 potuisset
2379 1414 2547 1466 altera
2587 1412 2745 1467 alteri
2788 1414 3215 1469 consolationem
3261 1416 3498 1472 alI'erre:
3532 1432 3675 1472 nunc

2068 1509 2254 1556 autem
2278 1509 2506 1571 utraque
2550 1519 2675 1575 pars
2695 1504 3129 1577 Oppugnabatur)
3155 1523 3170 1572 ;
3209 1518 3262 1561 et
3290 1506 3406 1563 luce
3432 1508 3678 1564 videntes

2070 1596 2223 1649 mulli
2267 1612 2335 1651 ex
2400 1598 2787 1654 inﬁrmioribus
2841 1600 3280 1657 dissolvebantur
3322 1602 3676 1673 obtorpescu-

2071 1687 2239 1755 bant,
2290 1690 2436 1744 anxii
2490 1693 2859 1747 erant:bona
2916 1694 3132 1763 quidem
3178 1695 3577 1764 praedicationis
3625 1697 3677 1751 iu

2071 1795 2168 1850 spe
2203 1780 2377 1835 futura
2421 1782 2687 1849 videntes,
2736 1800 2983 1854 regnum,
3016 1788 3471 1843 resurrectionem
3512 1800 3564 1843 et
3597 1789 3677 1843 in-

2070 1873 2509 1943 corruptionem;
2563 1877 2733 1932 tristia
2762 1886 2942 1932 autem
2988 1878 3077 1934 hic
3123 1881 3173 1933 in
3219 1882 3595 1950 experimento
3622 1894 3678 1938 et

2071 1965 2367 2035 patientia,
2424 1968 2727 2037 sartagines
2779 1985 3010 2039 nempe,
3058 1970 3340 2038 fornaees,
3394 1989 3672 2038 carceres,

2074 2059 2238 2125 bella,
2266 2058 2593 2126 inimicitias,
2617 2061 2764 2125 odia,
2790 2072 3016 2127 mortes,
3049 2063 3316 2132 pericula;
3344 2074 3399 2120 et
3423 2064 3676 2121 doctores

2072 2168 2220 2221 suos,
2250 2169 2395 2209 nunc
2432 2155 2485 2207 in
2515 2156 2846 2221 carceribus,
2881 2172 3023 2212 nunc
3053 2159 3104 2211 in
3137 2160 3447 2229 synagogis,
3500 2160 3675 2214 abdu-

2071 2257 2190 2302 ctos
2243 2255 2299 2301 et
2345 2248 2674 2302 contumelia
2706 2247 2959 2313 allectos,
3011 2258 3066 2303 et
3117 2250 3354 2321 undique
3411 2252 3673 2306 malorum

2073 2342 2248 2396 nubes
2290 2341 2636 2411 ingruebant,
2664 2351 2721 2397 et
2747 2343 2801 2397 in
2828 2342 3094 2413 profunda
3128 2345 3485 2399 tetttationum
3514 2357 3674 2399 nocte

2073 2442 2249 2500 erant,
2282 2450 2401 2504 qua:
2430 2451 2621 2490 onmes
2649 2436 2909 2492 invadens
2946 2438 2999 2492 in
3039 2438 3449 2509 perturbatione
3483 2455 3674 2510 magna

2077 2529 2338 2582 tenebat:
2389 2527 2513 2583 vide
2557 2529 2828 2598 quomodo
2871 2545 2974 2583 una
3020 2545 3153 2584 voce
3184 2531 3423 2585 animum
3456 2533 3671 2586 illorum

2073 2620 2265 2690 erigat.
2315 2619 2464 2676 Idem
2524 2621 2652 2675 facit
2710 2638 2761 2675 m
2814 2622 2915 2676 alia
2966 2623 3216 2692 cpistola,
3273 2624 3504 2679 dicens:
3549 2623 3677 2679 Ideo

2074 2728 2257 2766 manus
2316 2712 2554 2765 remissas
2609 2722 2656 2765 et
2714 2730 2880 2783 genua
2940 2713 3129 2767 debilia
3188 2714 3422 2769 roborate
3464 2715 3674 2789 (Hebr.

2076 2804 2165 2864 12.
2194 2804 2245 2873 1)
2278 2822 2290 2857 :
2323 2821 2431 2859 non
2478 2805 2545 2859 de
2592 2810 2836 2877 geuubus
2875 2816 2931 2862 et
2969 2808 3220 2863 manibus
3258 2809 3485 2879 loquens
3510 2852 3525 2877 ,
3581 2812 3677 2865 sed

2074 2899 2143 2953 de
2184 2898 2603 2969 cogitationibus
2656 2900 2884 2958 internis
2922 2908 2977 2955 et
3020 2902 3310 2957 latentibus
3342 2944 3357 2968 ,
3412 2919 3532 2973 qua:
3584 2920 3681 2975 per

2078 2995 2404 3048 tcmationes
2436 2993 2894 3049 dlsSttlvebﬂﬂllll‘.
2956 2995 3159 3050 Deinde
3218 3004 3337 3065 post
3387 2996 3508 3052 data
3566 3015 3681 3052 mo-

2078 3087 2187 3141 nita
2231 3086 2659 3141 consolationem
2709 3087 2865 3142 aliert
2892 3089 3201 3151 maximam.
3242 3090 3465 3145 dicens:
3498 3091 3681 3145 Adhuc

2076 3179 2335 3232 modicum
2375 3179 2775 3249 aliquantulum,
2815 3190 2861 3232 et
2899 3182 2986 3251 qui
3029 3193 3268 3236 venturus
3316 3194 3390 3237 est
3433 3187 3612 3252 veniet,
3638 3197 3682 3239 et

2077 3289 2179 3327 non
2208 3272 2428 3326 tardabit
2473 3275 2490 3343 (
2522 3271 2662 3326 Ibid.
2693 3289 2742 3327 υ.
2776 3272 2865 3329 10.
2897 3274 2964 3328 57
2996 3274 3037 3344 ).
3079 3274 3184 3330 Sed
3230 3275 3351 3345 quia
3382 3276 3511 3331 illud
3542 3278 3681 3332 inte-

2077 3367 2180 3420 rim
2209 3367 2260 3419 in
2297 3382 2393 3435 spe
2419 3377 2557 3432 erat,
2600 3368 2706 3421 alio
2749 3365 2912 3421 modo
2964 3382 3155 3422 rursus
3203 3384 3301 3423 eos
3344 3368 3681 3437 cohortatur,

2080 3474 2186 3514 neu
2232 3458 2443 3522 alienis,
2473 3459 2567 3513 sed
2601 3459 2833 3529 propriis
2861 3460 3126 3529 exemplis
3170 3460 3382 3515 animos
3427 3461 3558 3531 ipsis
3604 3463 3683 3514 la-

2080 3553 2249 3606 ciens.
2286 3551 2737 3614 Ilentemorantini,
2774 3551 2969 3621 inquit,
2993 3552 3235 3620 pristinos
3261 3552 3391 3619 dies,
3422 3553 3475 3606 in
3505 3554 3685 3620 quibus

2079 3643 2378 3708 illuntinati,
2429 3660 2668 3712 magnum
2716 3653 2974 3697 certamen
3019 3644 3339 3697 sustinuistis
3390 3646 3685 3714 passionum

2084 3732 2250 3805 (ibid.
2280 3750 2329 3787 υ.
2363 3733 2477 3807 52).
2506 3734 2612 3788 Vos
2641 3735 2790 3805 ipsos
2816 3734 3175 3790 revereamiui
3214 3736 3463 3806 bonaque
3504 3748 3683 3791 vestra

2082 3842 2266 3897 opera,
2292 3844 2359 3883 ne
2384 3828 2661 3897 indignum
2690 3827 3079 3897 prommiorum
3113 3827 3276 3881 finem
3302 3828 3625 3894 exbibeatis,
3654 3845 3684 3882 a

2084 3920 2235 3974 vobis
2277 3920 2408 3990 ipsis
2442 3918 2877 3974 cohortationem
2911 3919 3212 3987 accipiatis.
3242 3917 3375 3973 Cum
3403 3934 3532 3989 ergo
3562 3918 3689 3974 illus

2084 4010 2187 4066 hoc
2213 4021 2266 4065 et
2288 4010 2380 4065 illo
2411 4010 2572 4065 modo
2594 4011 2918 4079 monuisset,
2942 4026 3035 4079 per
3056 3996 3157 4063 lto!
3174 4009 3375 4064 dictum
3400 4011 3527 4065 illos
3550 4011 3682 4065 lior—

2085 4117 2247 4160 tatur.
2281 4106 2564 4173 Quomodo
2582 4120 2637 4160 et
2677 4120 2780 4175 qua
2822 4104 3073 4159 ratione?
3107 4102 3328 4158 \‘incula
3357 4114 3411 4159 et
3440 4116 3685 4158 catenam

2083 4197 2272 4252 dicens
2316 4197 2783 4251 confirmationem
2836 4211 2959 4251 esse
2996 4193 3291 4265 Evangelii.
3344 4196 3461 4252 Non
3510 4196 3686 4252 solum

2084 4291 2228 4345 enim
2258 4291 2453 4344 mortui
2486 4289 2754 4355 suscitati,
2785 4289 2870 4344 vel
2900 4289 3096 4357 leprosi
3128 4291 3396 4355 mandati,
3443 4292 3528 4346 vel
3578 4293 3687 4342 ila--

2084 4397 2272 4437 mones
2296 4382 2508 4452 expulsi
2546 4380 2760 4447 (Matth.
2793 4381 2881 4437 10.
2914 4379 2995 4453 8),
3044 4382 3137 4437 sed
3181 4399 3280 4436 nos
3320 4383 3483 4437 etiam
3524 4383 3687 4438 vincti

2074 4475 2423 4546 Evangelium
2478 4475 2888 4531 confirmamus.
2937 4479 3055 4542 Quo
3109 4484 3308 4546 pacto,
3342 4476 3457 4531 alie
3514 4477 3693 4532 m‘bi?

2084 4586 2219 4624 nova
2265 4570 2409 4624 enim
2466 4578 2591 4624 sunt
2628 4568 2769 4624 dicta
2802 4569 2911 4633 illa,
2943 4579 2998 4623 et
3029 4570 3285 4640 pleraque
3312 4570 3582 4639 aenigmati
3617 4572 3694 4627 sl-

2083 4663 2251 4717 milia.
2303 4662 2441 4717 Audi
2488 4662 2732 4729 demum,
2785 4662 3102 4733 quomodo:
3142 4664 3190 4718 si
3238 4664 3443 4735 absque
3499 4666 3694 4720 timore

2085 4755 2523 4825 prmdicaremns,
2554 4755 2683 4809 ttibil
2731 4755 2999 4825 ingratum
3045 4756 3128 4811 vel
3174 4770 3342 4826 grave
3384 4757 3689 4827 patientes;

2083 4849 2266 4903 multis
2296 4864 2507 4910 eorum,
2553 4849 2642 4919 qui
2690 4864 2789 4903 nos
2838 4848 3126 4905 calumniis
3174 4851 3439 4920 impetere
3484 4852 3692 4918 volunt,

2083 4950 2333 5011 suspecta
2384 4941 2660 4996 videretur
2716 4956 2838 4997 esse
2892 4942 3255 5011 pra-dicatio:
3311 4956 3455 4996 nunc
3511 4955 3691 4996 autem

2086 5036 2245 5105 pulsi,
2300 5035 2771 5105 persequutionent
2817 5035 3104 5104 patientes,
3147 5034 3303 5099 secti,
3348 5033 3546 5094 adusti,
3596 5049 3693 5102 per

2084 5125 2376 5197 praecipitia
2425 5126 2552 5190 acti,
2605 5126 2884 5179 innumera
2932 5126 3218 5195 patientes,
3266 5140 3367 5178 nec
3402 5124 3684 5192 cedentes,

2086 5220 2192 5272 imo
2250 5218 2374 5273 hinc
2428 5217 2721 5273 aiacriores
2775 5216 2925 5282 facti,
2986 5216 3150 5271 etiam
3205 5214 3692 5284 impmlentioribus

2084 5311 2362 5367 offerimus
2405 5310 2618 5381 plenam
2667 5309 3217 5375 demonstrationem,
3265 5307 3407 5377 quod
3452 5311 3692 5364 veritatis

2085 5407 2254 5460 simus
2284 5418 2581 5474 prmcones,
2613 5401 2869 5472 quodque
2912 5400 3095 5456 divina
3137 5399 3382 5470 quaedam
3427 5402 3597 5455 virtus
3640 5404 3691 5456 itt

2085 5497 2241 5552 nobis
2266 5498 2357 5561 sit,
2380 5510 2502 5569 qua:
2534 5493 2649 5548 haec
2684 5494 2863 5548 omnia
2907 5492 3106 5548 leviora
3154 5491 3361 5553 reddat,
3413 5509 3511 5548 nec
3571 5508 3693 5562 per-

2086 5595 2261 5648 mittat
2303 5602 2361 5646 ttt
2386 5601 2463 5646 tot
2490 5590 2818 5646 tentationes
2850 5586 3237 5658 praedicatores
3266 5602 3367 5641 nos
3394 5598 3688 5655 superent;

2086 5686 2213 5741 licet
2238 5684 2390 5755 pauci
2420 5683 2610 5745 simus,
2644 5679 2738 5736 sed
2775 5696 2869 5751 per
2900 5689 2978 5735 tot
3006 5679 3390 5750 impedimenta
3418 5678 3485 5733 ad
3514 5679 3689 5733 victo-

2084 5779 2217 5833 riam
2235 5790 2333 5831 nos
2351 5774 2519 5829 duxit.
2538 5773 2593 5829 Si
2614 5774 2734 5845 quis
2754 5790 2884 5844 ergo
2905 5773 3135 5828 voluerit
3149 5772 3347 5828 claram
3369 5787 3686 5842 comparare

2087 5869 2644 5937 demonstrationem,
2689 5868 2831 5941 quod
2872 5867 3050 5924 divina
3093 5866 3339 5938 qutudatn
3408 5866 3580 5922 virtus
3618 5865 3690 5922 sit
