4138 6450
505 368 604 424 190

491 495 614 550 qua:
636 478 893 534 nosintus
917 479 1157 546 inspiret,
1175 477 1496 530 tentationes
1509 482 1684 529 sumat
1701 487 1762 526 ac
1777 480 2081 532 recenseat,

493 571 756 639 pericula,
808 580 1044 632 catenas,
1094 582 1360 622 carceres.
1410 566 1593 635 Neque
1635 567 1776 620 enim
1823 562 2080 616 humanae

495 663 712 715 virtutis
732 670 816 714 est
843 675 935 729 per
963 669 1038 712 tot
1069 659 1361 728 praécipitia
1391 658 1630 720 vincere,
1663 669 1761 725 per
1793 666 1868 708 tot
1890 654 2085 708 fluctus

493 765 554 808 et
604 752 868 823 procellas
908 752 1178 822 navigare,
1224 752 1364 805 inter
1411 760 1488 804 tot
1535 749 1643 824 tela.
1673 746 1958 817 progredi;
1988 743 2084 798 sed

1215 359 1272 417 S.
1313 357 1590 416 JOAN‘NIS
1612 349 2084 412 ςιιιιγεοδτοδιι
2127 348 2441 405 ΑΠΟΠΙΕΡ.
2481 349 3010 408 (ΣΟΝΞΤΛΧΠΧΟΡ.

3667 363 3738 415 iii}
3747 356 3776 403 ἶ)

2195 467 2576 536 magnitudine,
2631 470 2926 538 piscatores
2979 487 3047 525 es
3105 473 3478 541 piscatoribus,
3534 485 3774 532 extrema

2191 567 2505 626 paupertate
2549 559 2879 628 laborantes,
2920 563 3166 618 dubitant
3203 567 3475 634 quomodo
3516 583 3637 621 cum
3671 569 3776 622 illis

2189 649 2360 703 aauri
2388 652 2518 713 sint,
2547 661 2601 704 et
2629 651 2837 717 dicunt,
2875 654 3010 720 Quid
3040 657 3283 725 faciemus
3311 657 3596 712 hominibus
3624 661 3732 713 istis
3751 660 3781 713 1’

2193 737 2381 793 Viden‘
2421 753 2620 809 quanta
2663 757 2751 796 res
2789 743 2856 796 sit
2893 744 3102 798 virtus?
3140 749 3410 816 quomodo
3453 751 3777 803 tentationes

491 845 691 898 ωνίηςιε
735 853 789 898 et
831 843 1262 912 inexpugnabilis
1311 841 1522 896 virtutis
1559 841 1673 894 haec
1711 849 1859 892 sunt.
1903 837 2088 905 Itaque
2185 831 2526 885 confirmatio
2563 833 2672 886 sint
2700 835 3010 902 Evangelii?
3061 836 3250 890 Dicunt
3289 838 3359 891 ad
3407 854 3540 892 eos:
3591 838 3780 894 Nonne

499 947 684 990 Catena
717 949 798 990 est
823 936 1160 990 confirmatio
1178 933 1473 1003 Evangelii,
1507 947 1611 985 non
1643 931 1746 984 illis
1781 928 1960 993 modo,
1990 925 2086 980 sed

497 1029 657 1082 etiam
691 1029 846 1082 nobis
884 1029 974 1096 qui
1020 1027 1288 1096 patimur:
1333 1023 1668 1093 probatiores
1711 1022 1853 1076 enitn
1899 1019 2092 1073 fortio-

490 1134 694 1190 resque
726 1136 822 1173 nos
845 1119 1058 1183 reddit;
1086 1118 1356 1187 efﬁcitque
1386 1125 1444 1170 ut
1465 1115 1684 1169 insidias
1702 1111 2090 1180 despiciamns.

500 1213 842 1282 Quapropter
876 1213 1088 1267 dicebat
1117 1229 1130 1265 :
1175 1210 1455 1264 Tribulntie
1486 1209 1786 1278 patientiam
1830 1213 2091 1272 operatur,

503 1309 752 1378 patientia
777 1317 940 1360 autem
970 1306 1340 1375 probationem,
1375 1303 1605 1372 probatio
1643 1317 1760 1355 vero
1788 1314 1949 1366 spem,
1979 1311 2094 1364 spes

502 1411 672 1453 mitem
703 1416 804 1451 non
833 1397 1101 1466 confundit
1130 1394 1305 1466 (Rom.
1409 1393 1466 1447 3.
1493 1395 1545 1447 4.
1574 1391 1651 1461 '5).

576 1493 631 1546 5.
664 1490 852 1544 \’iden’
902 1488 1172 1559 quomodo
1223 1486 1492 1542 tribulatio
1540 1484 1825 1539 conﬁrmet
1855 1485 2096 1548 Evange<

504 1583 678 1635 lium?
711 1582 834 1636 ldeo
860 1596 1074 1650 quoque
1102 1580 1378 1635 aiibicum
1423 1587 1626 1647 peteret
1665 1585 1723 1630 ut.
1761 1591 1796 1629 ιι
1843 1572 2098 1629 ιωωιίοο

506 1676 670 1730 nibus
713 1674 1048 1738 liberaretur,
1085 1688 1147 1728 ac
1196 1688 1339 1742 saepe
1372 1672 1463 1726 illa
1495 1671 1564 1725 de
1592 1685 1752 1725 causa
1783 1669 1959 1723 adiret.
1988 1667 2098 1721 Do-

510 1767 717 1819 tninum
737 1805 754 1832 ,
784 1765 988 1818 audivit
1013 1786 1026 1820 :
1059 1764 1256 1834 Sufﬁcit
1299 1762 1386 1816 tibi
1424 1763 1594 1833 gratia
1624 1776 1771 1824 mea;
1799 1777 1916 1813 nant
1939 1761 2100 1815 virtus

512 1873 626 1908 mea
671 1857 722 1908 in
763 1855 1056 1924 infirmitate
1085 1854 1348 1923 perficitur
1381 1852 1455 1923 (2.
1486 1851 1606 1907 Cor.
1641 1851 1728 1905 12.
1761 1851 1840 1916 ο).
1867 1850 2101 1904 Infirmi.

510 1955 675 2000 tatem
704 1945 790 1999 hic
812 1946 1252 2015 persequutiones
1277 1953 1450 2008 vocat,
1473 1943 1818 2009 tentationes,
1839 1939 2099 2010 pericula,

512 2037 764 2100 insidias,
821 2037 1121 2090 molestias.
1176 2035 1292 2090 Hoc
1345 2048 1530 2089 autem
1589 2035 1700 2088 vult
1752 2033 2100 2103 signiﬁcare:

510 2128 764 2184 Poteram
791 2131 893 2183 hoc
922 2128 1185 2198 impedire
1211 2138 1266 2181 et
1292 2127 1494 2182 bellum
1535 2125 1901 2194 exstinguere,
1944 2133 2107 2194 atque

510 2220 708 2274 fluctus
739 2219 1133 2288 comprimere;
1163 2219 1258 2272 sed
1288 2233 1393 2271 non
1414 2217 1532 2281 feci,
1566 2226 1624 2271 ut
1641 2217 1811 2271 virtus
1840 2230 1956 2269 mea
1989 2229 2106 2268 ma-

511 2313 597 2381 gis
643 2311 1123 2364 demonstraretur.
1173 2309 1286 2363 Non
1333 2309 1478 2364 enim
1535 2309 1609 2362 ita
1663 2318 1880 2362 ostensa
1916 2306 2108 2361 fuisset

510 2405 636 2473 ejus
661 2402 850 2467 virtus,
882 2403 927 2458 si
965 2403 1080 2456 hac
1113 2417 1221 2455 non
1262 2401 1398 2456 facta
1443 2400 1702 2464 fuissent;
1735 2410 1789 2452 ut
1816 2415 1937 2453 cum
1973 2399 2110 2452 facta

521 2495 738 2566 quidem
792 2505 936 2559 sunt,
973 2505 1033 2550 et
1078 2495 1210 2549 nihil
1255 2503 1564 2563 potuerunt.
1607 2492 1739 2546 Nam
1789 2493 2113 2560 gubernato-

517 2603 634 2640 rem
683 2587 830 2640 illum
861 2587 1124 2656 optimum
1169 2587 1416 2647 dicimus,
1451 2599 1560 2639 non
1599 2585 1688 2654 qui
1729 2585 1782 2638 in
1823 2585 2113 2652 tranquillo

517 2679 658 2733 mari
713 2689 890 2748 potest
943 2694 1132 2734 navem
1180 2686 1332 2732 recte
1381 2677 1606 2741 ducere,
1669 2677 1766 2732 sed
1821 2677 1910 2746 qui
1974 2677 2115 2730 inter

522 2769 773 2838 scOpulos
801 2779 859 2824 et
888 2767 1083 2823 ﬂuctus
1107 2776 1161 2822 et
1187 2777 1534 2835 tentpestates
1561 2778 1617 2821 ct
1657 2776 1848 2821 ventos
1873 2778 2116 2821 vectores

517 2868 812 2913 conservat
843 2876 858 2911 :
907 2869 965 2914 et
1006 2859 1274 2914 medicum
1319 2861 1549 2927 peritum
1588 2858 1818 2914 dicimus
1846 2874 1992 2923 eum,
2025 2855 2113 2927 qui

524 2951 674 3005 mille
713 2950 1144 3004 incumbentibus
1171 2949 1371 3004 morbis
1401 2965 1602 3018 aegrum
1631 2959 1849 3004 servat:
1879 2957 1936 3003 et
1963 2964 2119 3002 exer-

522 3041 666 3094 citus
680 3039 870 3094 ducem
899 3040 990 3108 qui
1011 3040 1250 3094 hostibus
1275 3039 1508 3110 undique
1531 3041 1931 3094 irruentibusct
1949 3055 2119 3108 oppu-

535 3132 864 3201 gnantibus,
916 3141 1176 3200 tmpamm
1217 3139 1395 3200 potest
1429 3132 1644 3200 erigere
1691 3147 1707 3184 :
1752 3140 1806 3186 et
1845 3141 2116 3201 pastorem

527 3225 729 3302 bonum
759 3225 849 3294 qui
879 3225 1024 3278 mille
1050 3224 1189 3292 lupis
1218 3223 1442 3293 aliisque
1487 3222 1890 3278 insidiatoribus
1921 3222 2122 3276 irrum-

528 3311 804 3387 pentibus;
831 3333 1053 3387 gregem
1075 3319 1126 3370 in
1150 3316 1526 3372 tutocustodit.
1555 3317 1624 3370 Ita
1659 3328 1783 3370 tunc
1805 3331 2017 3386 quoque
2035 3330 2121 3370 res

533 3411 662 3466 hinc
703 3411 962 3464 mirabilis
983 3409 1344 3476 efﬁciebatur,
1373 3409 1516 3480 quod
1551 3409 1684 3464 licet
1709 3409 1985 3462 innumera
2033 3424 2124 3477 pa-

529 3506 729 3558 tientes
751 3509 1047 3567 vincerent,
1065 3514 1233 3558 eteos
1250 3503 1339 3572 qui
1367 3518 1425 3557 se
1452 3501 2118 3572 afﬁigebantsuperarcnt.

530 3597 757 3664 Quando
787 3597 945 3666 igitur
977 3596 1192 3649 Petrum
1234 3605 1290 3648 et
1322 3594 1610 3661 Joannem,
1665 3596 1832 3648 ﬁlium
1881 3595 2121 3658 tonitrui,

531 3699 588 3742 et
627 3689 1032 3741 runtlatttentum
1062 3686 1201 3750 ﬁdei,
1239 3685 1291 3739 in
1333 3701 1604 3740 carcerem
1634 3686 2002 3756 conjeoerunt,
2027 3701 2125 3740 co-

536 3782 642 3851 gita
687 3780 1001 3848 quomodo,
1052 3779 1182 3848 ipsis
1229 3778 1472 3834 dimissis
1521 3778 1787 3833 dubitant.
1845 3778 1978 3833 Cum
2028 3777 2126 3831 ad-

533 3871 816 3925 duxissent
851 3872 1010 3940 igitur
1051 3871 1177 3924 illos
1209 3872 1260 3924 itt
1316 3870 1553 3924 tnedium
1605 3870 1914 3936 theatrum,
1971 3869 2126 3924 dixe-

542 3973 668 4020 runt
700 3982 714 4018 :
746 3964 882 4031 Quid
938 3966 1181 4036 faciemus
1228 3963 1518 4016 hominibus
1568 3963 1676 4017 istis
1705 3962 1724 4028 (
1756 3962 1870 4016 Act.
1903 3963 1957 4017 4.
1990 3963 2056 4017 16
2084 3964 2124 4032 ).

534 4055 730 4120 «Ιυιιςιξὶ,
759 4059 848 4126 qui
883 4058 937 4112 in
970 4056 1350 4126 prophetarum
1397 4071 1658 4125 sanguine
1706 4056 1943 4110 innutriti
1975 4065 2131 4130 erant

539 4149 767 4219 populus
814 4148 998 4203 furens
1062 4157 1116 4202 et
1165 4148 1314 4202 rabie
1364 4147 1600 4213 ductus,
1653 4148 1743 4217 qui
1793 4148 1980 4202 altaria
2038 4149 2132 4202 de-

539 4250 832 4308 struxerst,
863 4245 952 4312 qui
1006 4242 1300 4312 prophetas
1337 4242 1631 4306 occiderat,
1662 4242 1755 4312 qtti
1797 4243 1852 4297 in
1895 4243 2132 4297 caedibus

535 4333 801 4390 educatus
837 4333 1034 4396 fuerat,
1071 4334 1160 4404 qui
1190 4333 1378 4388 belluis
1416 4334 1650 4388 l'erocior
1672 4344 1811 4399 erat,
1839 4336 1928 4404 qui
1955 4334 2134 4388 adhuc

543 4423 808 4478 Dominici
833 4423 1107 4492 sanguinis
1138 4425 1311 4478 stillas
1333 4424 1632 4488 emittebat,
1672 4424 1760 4493 qui
1798 4425 1968 4493 ipsum
2013 4440 2134 4479 cru—

541 4516 786 4570 citixerat
815 4531 827 4567 :
861 4514 948 4568 hic
975 4516 1183 4568 duobus
1217 4515 1573 4584 apprehensis
1622 4515 1997 4584 piscatoribus,
2029 4517 2135 4570 illi-

542 4605 750 4666 teratis,
795 4605 1000 4670 idiotis,
1045 4605 1308 4668 obscuris,
1355 4605 1517 4659 mutis
1548 4606 1717 4674 magis
1745 4622 1906 4675 quam
1939 4608 2130 4674 pisces,

538 4711 773 4766 quorum
819 4695 955 4749 alter
999 4711 1066 4749 ne
1113 4697 1346 4750 ostiaritc
1391 4697 1607 4766 quidem
1654 4697 1826 4753 minas
1865 4698 2136 4767 simplices

542 4788 743 4840 tulerat
774 4803 786 4840 :
817 4786 936 4851 hos,
972 4787 1206 4856 inquam,
1252 4787 1672 4856 comprehensos
1710 4788 1766 4841 in
1815 4789 1993 4843 medio
2036 4788 2135 4844 ha-

544 4878 738 4932 bentes
759 4877 972 4948 ligatos,
993 4879 1185 4941 nudos,
1205 4894 1310 4933 non
1331 4882 1676 4948 pecuniarum
1697 4895 1800 4950 ope
1823 4881 2134 4948 instructos,

541 4985 652 5023 non
673 4987 934 5040 corporea
964 4970 1294 5036 fortitudine,
1321 4987 1426 5024 non
1448 4985 1762 5026 sermonum
1794 4973 2130 5042 eloquentia,

545 5078 652 5118 non
679 5063 943 5120 rhetorica
971 5065 1046 5131 vi,
1080 5080 1186 5119 non
1211 5065 1426 5134 generis
1459 5064 1772 5134 splendore,
1806 5082 1911 5120 non
1947 5068 2132 5135 ριιιτίιε

2192 922 2532 990 precipiendo
2555 926 2884 992 prwcepimus
2903 926 3041 981 vobis
3069 943 3132 978 ne
3157 929 3482 995 loqueremini
3505 931 3556 983 in
3578 933 3782 985 nomine

2194 1013 2328 1066 isto?
2373 1011 2443 1064 Et
2480 1014 2628 1068 vultis
2667 1014 2907 1069 inducere
2938 1034 3090 1084 super
3116 1035 3206 1072 nos
3242 1022 3535 1091 sanguinem
3563 1022 3782 1076 hominis

2195 1106 2339 1160 istius
2371 1107 2502 1176 (Act.
2532 1108 2586 1161 5.
2614 1107 2729 1181 9-8).
2760 1109 2814 1164 Si
2847 1110 3006 1164 homo
3039 1120 3124 1166 est
3164 1120 3388 1178 tantum,
3436 1113 3557 1183 quid
3591 1115 3785 1170 times?

2199 1200 2242 1253 si
2273 1215 2400 1254 vero
2430 1201 2569 1255 Deus
2591 1210 2698 1266 est,
2731 1217 2829 1257 cur
2859 1203 3010 1258 ilium
3039 1219 3144 1258 non
3173 1205 3367 1261 adoras
3385 1206 3411 1260 1
3449 1211 3641 1263 Annon
3667 1209 3782 1264 cla-

2199 1293 2384 1347 mabas
2413 1309 2604 1362 nuper,
2637 1296 2863 1366 Sanguis
2897 1298 3006 1362 eius
3047 1315 3202 1367 super
3241 1315 3334 1352 nos
3373 1312 3418 1354 et
3455 1317 3605 1369 super
3649 1303 3784 1368 ﬁlios

2200 1395 2400 1439 nostros
2455 1387 2670 1456 (Matth.
2722 1391 2808 1444 27.
2861 1390 2994 1458 235)?
3041 1392 3180 1445 unde
3227 1394 3538 1461 sanguinem
3583 1395 3785 1449 times?

2200 1479 2327 1548 quid
2359 1490 2592 1533 mentem
2629 1492 2770 1536 tuam
2799 1485 3088 1554 exagitavit
3109 1485 3333 1540 ineune
3357 1487 3577 1556 iigasti?
3605 1503 3784 1544 nonne

2199 1568 2520 1638 ﬁagcllasti?
2567 1588 2746 1628 non-ne
2793 1574 3138 1630 cruciﬁxisti?
3181 1591 3360 1632 nonne
3401 1586 3669 1632 mortuum
3709 1581 3787 1634 ri-

2203 1661 2327 1715 disti
2354 1679 2420 1716 ex
2449 1677 2608 1718 cruce
2630 1665 2968 1721 detractum?
2993 1684 3172 1722 nonne
3198 1669 3469 1738 sepultum
3501 1671 3705 1736 vidisti,
3735 1681 3789 1727 et

2201 1762 2347 1808 terra
2399 1756 2688 1823 opertum?
2733 1772 2912 1812 nonne
2958 1759 3106 1828 signa
3161 1761 3408 1830 sepulcro
3453 1761 3790 1830 imposuisti?

2202 1847 2623 1900 nonne'tnilites
2665 1849 2840 1916 pretio
2870 1849 3086 1903 emisti?
3113 1866 3293 1904 nonne
3323 1851 3518 1905 famam
3549 1855 3788 1922 spat-sisti

2205 1936 2348 2006 quod
2400 1935 2646 2006 discipuli
2689 1937 2806 2006 ejus
2855 1938 3028 2007 ipsum
3076 1940 3237 1994 furati
3283 1942 3425 1996 sint?
3465 1943 3604 2010 Quid
3650 1960 3792 1998 nunc

2205 2028 2406 2081 times?
2449 2044 2547 2082 cur
2587 2031 2704 2096 ejus
2742 2032 3055 2100 sanguinem
3080 2031 3374 2086 formidas?
3407 2032 3567 2088 Vides
3595 2037 3792 2089 verita-

2211 2127 2318 2174 tem
2349 2135 2444 2188 per
2471 2120 2650 2173 omnia
2678 2119 3004 2191 fulgentem?
3033 2122 3166 2190 Quia
3193 2124 3335 2177 enim
3377 2123 3632 2178 videbant
3677 2133 3796 2194 post

2211 2212 2328 2267 illas
2357 2212 2575 2266 insidias
2618 2229 2730 2267 rem
2761 2213 2962 2278 efferri,
2982 2224 3143 2284 atque
3171 2216 3318 2268 initia
3361 2216 3636 2285 splendida
3675 2233 3796 2270 esse

2205 2315 2266 2359 et
2307 2305 2422 2372 ipso
2447 2304 2558 2358 sole
2590 2304 2868 2370 lucidiora,
2915 2315 2970 2359 et
3009 2307 3079 2360 ab
3130 2307 3247 2375 ipso
3286 2322 3484 2362 cursus
3535 2310 3795 2377 principio

2213 2396 2487 2458 exhibita,
2541 2397 2796 2466 quodque
2854 2406 3024 2452 totum
3083 2400 3271 2454 orbem
3341 2403 3796 2469 comprehensus-at

2213 2497 2377 2553 esset,
2411 2489 2594 2558 utique
2624 2504 2865 2544 errorem
2895 2491 2960 2543 ad
2985 2499 3224 2545 estrema
3249 2491 3623 2561 depellendum
3649 2509 3796 2559 esse,

2217 2596 2316 2634 nec
2340 2595 2497 2650 posse
2541 2584 2659 2650 ejus
2689 2585 2793 2635 vim
2839 2583 3161 2639 inel‘abilem
3208 2587 3509 2652 sustinere;
3549 2588 3798 2640 virtutem

2212 2676 2336 2742 ejus
2360 2675 2574 2740 timent,
2601 2674 2893 2728 fortnidant
2914 2676 3456 2744 vinctos,damnatos,
3481 2679 3798 2749 ﬁagollatos,

2220 2766 2426 2822 insidiis
2449 2767 2831 2834 circumdatos,
2859 2769 2993 2823 duos
3008 2785 3209 2840 eosque
3234 2771 3446 2825 idiotas.
3471 2772 3594 2825 Ideo
3614 2772 3803 2825 Paulus

2219 2857 2543 2914 tentationes
2553 2858 3012 2914 confirmationem
3028 2861 3298 2932 Evangelii
3317 2871 3490 2916 vocas:
3509 2865 3628 2918 ideo
3645 2868 3802 2919 etiam

2220 2951 2341 3005 alibi
2367 2951 2500 3006 dicit
2529 2969 2542 3004 :
2575 2951 2720 3006 Scire
2761 2963 2928 3006 autem
2966 2969 3055 3008 vos
3097 2955 3208 3008 uolo
3231 2996 3247 3022 ,
3291 2957 3500 3024 fratres,
3531 2958 3650 3024 quia
3694 2973 3806 3027 quc

2219 3044 2356 3097 circa
2383 3061 2463 3098 me
2485 3055 2624 3109 sunt,
2649 3047 2818 3116 magis
2847 3047 2916 3100 ad
2946 3051 3226 3118 profectum
3251 3059 3488 3102 uenerunt
3510 3048 3808 3117 Evangelii:

2218 3136 2294 3188 ita
2322 3145 2375 3188 ut
2404 3136 2576 3205 plures
2601 3154 2632 3190 c
2658 3139 2900 3204 fratribus
2927 3141 2977 3191 in
3003 3138 3245 3206 Domino,
3287 3140 3593 3208 conﬁdentes
3632 3142 3806 3192 vincu-

2219 3227 2287 3279 lis
2313 3227 2454 3291 meis,
2480 3227 2818 3282 abundantius
2854 3230 3097 3284 auderent
3131 3230 3243 3284 sine
3275 3231 3454 3285 timore
3486 3231 3689 3285 uerbum
3725 3230 3810 3284 ιο-

2225 3319 2599 3390 quiU’ltilipp.
2637 3322 2690 3375 1.
2732 3321 2820 3375 12.
2869 3322 2979 3392 14).
3031 3322 3162 3390 Quis
3205 3322 3360 3385 vidit,
3411 3323 3530 3392 quis
3583 3321 3808 3385 audivit,

2225 3411 2366 3483 quod
2397 3413 2604 3467 vincula
2636 3412 2926 3468 audaciam
2954 3414 3163 3481 indant,
3208 3424 3266 3468 et
3301 3424 3490 3468 catena
3542 3414 3810 3478 ﬁduciam,

2223 3521 2333 3560 non
2361 3505 2540 3560 vincto
2573 3514 2799 3567 tantum,
2829 3505 2923 3559 sed
2967 3505 3131 3560 etiam
3171 3505 3449 3574 discipuiis
3475 3505 3630 3576 ejus?
3659 3508 3814 3559 Atta-

2229 3614 2349 3652 tncn
2407 3613 2528 3651 cum
2582 3599 2696 3651 bmc
2760 3595 2980 3661 ﬁerent,
3037 3612 3132 3666 per
3185 3597 3454 3652 contraria
3505 3596 3817 3666 pnedicatio

2229 3688 2608 3754 extollebatur,
2643 3697 2696 3743 et
2723 3687 2995 3756 discipuli,
3041 3703 3164 3743 cum
3196 3689 3452 3757 magister
3478 3703 3816 3758 oppugnare-

2234 3790 2354 3846 tur,
2410 3780 2616 3834 insidiis
2669 3790 3042 3850 appeteretur,
3101 3781 3416 3842 vinciretur,
3473 3782 3642 3849 magis
3685 3781 3818 3834 tide-

2233 3874 2380 3938 bant,
2439 3873 2607 3942 magis
2663 3872 3020 3937 exsultabant,
3079 3874 3247 3943 magis
3307 3874 3636 3927 insiliebant.
3670 3873 3816 3926 Dicta

2237 3963 2530 4018 laudastis?
2561 3963 2798 4018 Tandem
2848 3963 3214 4019 fortitudinem
3244 3964 3534 4026 imitemur,
3571 3963 3817 4016 virtutem

2233 4055 2581 4110 aemulemur:
2616 4057 2745 4110 nihil
2777 4071 2873 4112 nos
2903 4066 3126 4121 terreat,
3174 4056 3333 4110 nulla:
3372 4071 3472 4110 nos
3500 4055 3823 4109 tcntationes

2235 4149 2564 4216 perturbent.
2599 4149 2724 4202 llzec
2748 4149 2893 4202 enim
2921 4156 3048 4202 sunt
3068 4149 3279 4217 pietatis
3309 4147 3678 4211 incitamenta,
3707 4147 3824 4200 inec

2235 4249 2358 4292 sunt
2391 4237 2745 4308 pbilosopltite
2775 4240 2875 4293 ala:
2901 4259 2916 4293 :
2947 4239 3062 4294 haec
3103 4254 3201 4294 nos
3236 4237 3488 4292 fortiores
3515 4248 3568 4292 et
3598 4237 3825 4290 invictos

2234 4332 2487 4396 reddunt,
2521 4331 2635 4386 huic
2667 4333 2926 4402 majorem
2974 4330 3117 4401 apud
3164 4331 3333 4385 Deum
3373 4333 3505 4383 dant
3550 4329 3822 4394 ﬁduciam,

2237 4426 2605 4496 majoretnque
2657 4426 2934 4479 attrahunt
2980 4424 3098 4494 ejus
3151 4424 3623 4488 benevolentiam,
3684 4422 3826 4475 ntul-

2241 4527 2458 4588 tamque
2499 4518 2548 4570 in
2609 4518 2764 4572 nobis
2798 4520 3023 4588 gratiam
3069 4517 3410 4572 conﬁrmant.
3461 4516 3531 4572 Ut
3574 4531 3703 4586 ergo
3746 4517 3830 4568 his

2237 4609 2486 4664 omnibus
2529 4608 2788 4676 fruamur,
2833 4611 3012 4664 omnia
3042 4624 3163 4679 qua:
3191 4609 3465 4672 accidunt,
3497 4622 3702 4678 quaeso,
3742 4607 3830 4660 fe-

2239 4719 2441 4767 ramus,
2477 4719 2570 4772 per
2599 4705 2778 4757 omnia
2830 4703 2996 4758 Deum
3042 4703 3432 4772 glorificantes,
3482 4701 3608 4770 quia
3654 4699 3832 4769 ipsum

2238 4793 2395 4848 decet
2435 4795 2626 4864 gloria,
2674 4793 2867 4857 honor,
2901 4794 3208 4861 imperium,
3251 4807 3355 4846 una
3398 4807 3519 4846 cum
3554 4789 3834 4860 unigenito

2240 4881 2356 4947 ejus
2397 4877 2532 4932 Filio
2576 4887 2631 4932 et
2669 4889 2858 4932 sancto
2903 4877 3128 4946 Spiritu,
3176 4891 3320 4932 nunc
3345 4887 3402 4932 et
3425 4890 3662 4946 seraper,
3693 4884 3749 4928 et
3775 4877 3833 4927 in

2241 4969 2437 5024 SiBCltia
2465 4969 2804 5023 εςιιοιιιυτιιιιι.
2851 4975 3046 5023 Amen.

543 5199 2460 5225 ww

1868 5293 2211 5357 HOMILIA
2259 5299 2429 5360 VIII.

553 5446 800 5518 Ejusdem
844 5445 1055 5500 humilia
1095 5444 1266 5499 habita
1306 5445 1360 5498 in
1399 5443 1611 5497 ecclesia
1652 5440 1830 5507 Pauli,
1862 5439 2042 5494 Gothis
2065 5440 2146 5492 ie.

620 5539 856 5609 gentibus
883 5541 982 5608 (α),
1015 5547 1280 5608 postquam
1311 5536 1568 5606 presbyter
1589 5532 1783 5588 Gothus
1809 5534 2142 5587 concionatus

617 5633 784 5699 fuerat
807 5629 904 5702 (b).

613 5743 691 5866 (a2
708 5743 834 5792 Vide
855 5753 966 5806 quis
988 5741 1080 5789 huc
1097 5738 1163 5788 de
1185 5751 1242 5789 re
1263 5739 1477 5811 diximus
1503 5739 1552 5785 in
1575 5736 1776 5789 Monito.
1905 5801 1914 5810 _

613 5807 660 5866 (b
720 5804 839 5866 llam
863 5812 918 5866 et
947 5814 1165 5866 sequens
1188 5801 1380 5866 borntlta
1403 5814 1430 5850 a
1449 5799 1566 5866 _Cbr.
1592 5798 1914 5866 Fruigiatthat

611 5795 685 5866 (οἱ
720 5804 839 5866 llam
863 5795 918 5866 et
947 5814 1165 5866 sequens
1188 5801 1380 5866 homil'ta
1403 5814 1430 5850 a
1449 5799 1566 5866 _Cbr.
1592 5798 1950 5866 Fraigiatthaio
1987 5795 2133 5848 edltw

552 5860 676 5916 sunt
700 5869 748 5916 lu
772 5863 942 5917 libello
966 5860 1257 5925 academico,
1284 5861 1618 5924 Vltembergte
1644 5860 1778 5910 1802.

2326 5448 2372 5498 1.
2420 5444 2620 5500 Vellem
2650 5445 2842 5499 adesse
2866 5444 3086 5499 Grtccos
3110 5442 3298 5506 hodie,
3331 5451 3386 5495 ut
3417 5453 3534 5510 quae
3557 5439 3689 5492 lecta
3713 5449 3841 5492 sunt

2249 5542 2500 5596 audirent
2542 5551 2596 5595 et
2647 5541 2918 5594 discerent
2965 5547 3162 5606 quanta
3221 5537 3291 5590 sit
3333 5533 3584 5589 Crucilisi
3641 5533 3834 5594 virtus,

2249 5646 2446 5705 quanta
2475 5634 2652 5688 crucis
2679 5639 2917 5702 potestas
2937 5670 2953 5695 ,
2996 5639 3192 5698 quanta
3235 5625 3498 5682 Ecclesiae
3547 5625 3798 5678 nobilitas
3819 5663 3838 5688 ,

2247 5738 2442 5800 quanta
2473 5727 2595 5782 fidei
2626 5726 2871 5791 ﬁrmitas,
2900 5731 3094 5793 quanta
3123 5719 3323 5777 erroris
3349 5717 3646 5786 turpitudo,
3672 5730 3841 5786 quau-

2252 5832 2304 5878 ta
2333 5821 2636 5875 dilationum
2667 5817 2862 5872 irrisio.
2883 5815 3095 5872 Etenim
3114 5829 3231 5886 qua:
3249 5812 3691 5884 philosophorum
3716 5816 3841 5862 sunt
