4138 6454
272 344 389 400 499

262 472 367 520 καὶ
411 467 514 520 οὐκ
535 467 736 547 ,ἐῶσαν
764 468 871 523 τῶν
904 470 1228 542 πειρασμῶν
1263 470 1325 524 τὸ
1355 473 1558 542 πλῆθος
1591 475 1973 547 περιγενέσθαι

259 555 383 608 τῶν
415 556 820 628 κηρυττόντων,
848 561 941 611 καὶ
971 558 1145 612 ταῦτα
1168 560 1364 627 ὀλίγων
1388 559 1576 623 όντων,
1594 562 1684 615 διὰ
1702 563 1973 617 τοσούτων

261 643 553 714 κρατῆσαι
596 644 959 715 κωλυμάτων.
985 646 1052 699 Et
1074 663 1156 709 τις
1190 643 1282 699 οὖν
1313 646 1554 717 βούλοιτο
1586 650 1733 721 σαφῆ
1764 650 1975 721 λαμϐά-

259 747 388 784 νειν
419 731 703 796 ἀπόδειξιν
729 732 824 786 τοῦ
855 732 1007 786 θείαν
1029 730 1169 787 εἶναι
1200 734 1430 805 δύναμιν
1458 737 1557 809 τήν
1584 738 1716 807 ήμῖν
1747 736 1975 808 ἐνηχοῦ-

260 841 401 885 σαν,
430 824 563 888 τοὺς
604 827 953 897 πειρασμούς
993 824 1344 897 λαμϐανέτω,
1374 829 1501 891 τοὺς
1543 827 1843 892 κινδύνους,
1877 830 1977 895 τάς

260 911 519 975 ἁλύσεις,
554 912 624 964 τά
648 912 1021 985 δεσμωτήρια.
1049 915 1123 968 Οὐ
1162 910 1271 986 γάρ
1312 916 1461 968 ἐστὶν
1494 916 1842 987 ἀνθρωπίνης
1886 919 1979 971 δυο

260 1000 501 1069 νάμεως
530 998 623 1053 διὰ
660 1000 934 1053 τοσούτων
958 1002 1232 1073 κρατῆσαι
1264 1003 1549 1074 κρημνῶν,
1590 1004 1677 1057 διὰ
1706 1004 1979 1059 τοσούτων

264 1088 514 1141 πλεῦσαι
551 1089 839 1159 κυμάτων,
887 1089 975 1143 διά
1009 1090 1282 1143 τοσούτων
1325 1094 1575 1162 χωρῆσαι
1614 1092 1808 1163 βελῶν,
1842 1088 1978 1149 ἀλλὰ

265 1176 433 1239 Θείας
472 1177 569 1229 καὶ
603 1177 820 1247 ἀμάχου
866 1177 1041 1231 ταῦτα
1084 1179 1286 1250 ἰσχύος.
1333 1181 1494 1234 Ὥστε
1542 1180 1836 1250 βεϐαίωσις
1882 1184 1977 1237 τοῦ

266 1264 609 1333 εὐαγγελίου
638 1266 672 1335 ή
708 1264 923 1332 ἅλυσις,
948 1267 1047 1319 οὐκ
1076 1268 1305 1333 ἐκείνοις
1338 1269 1519 1339 μόνον,
1555 1269 1693 1324 ἀλλά
1725 1272 1819 1325 καί¹
1848 1273 1980 1343 ἡμῖν

268 1357 393 1417 τοῖς
418 1354 693 1424 πάσχουσι
714 1372 727 1384 ·
755 1355 1157 1428 δοκιμωτέρὸυς
1180 1358 1288 1431 γὰρ
1309 1361 1459 1429 ήμᾶς
1488 1361 1802 1431 ἐργάζεται,
1842 1364 1983 1433 ἰσχυ-

273 1442 567 1515 ροτέρους,
596 1443 798 1514 μᾶλλον
832 1449 1196 1517 καταφρονεῖν
1233 1450 1377 1500 ποιεῖ
1402 1449 1510 1501 τῶν
1545 1450 1871 1504 ἐπιϐούλων.
1892 1450 1983 1503 Διὸ

273 1532 375 1583 καὶ
404 1531 614 1599 ἔλεγεν,
654 1533 724 1586 Ἠ
753 1533 959 1601 θλῖψις
1001 1534 1324 1602 ὑπομονὴν
1362 1536 1791 1607 κατεργάζεται,
1842 1541 1878 1607 ἠ
1914 1540 1984 1594 δὲ

276 1620 564 1687 ὑπομονὴ
592 1618 873 1689 δοκιμὴν,
894 1623 930 1689 ἡ
953 1621 1020 1674 δὲ
1037 1622 1252 1691 δοκιμὴ
1284 1624 1524 1691 ἐλπίδα,
1550 1628 1588 1695 ἡ
1617 1626 1684 1679 δὲ
1706 1626 1883 1694 ἐλπὶς
1910 1630 1982 1683 οὺ

278 1709 701 1777 καταισχύνει.

352 1806 415 1855 ε’.
463 1801 629 1871 Ὁρᾷς
659 1799 780 1863 πῶς
807 1802 839 1871 ὴ
879 1800 1059 1871 θλίψις
1090 1799 1303 1872 βεϐαιοῖ
1328 1802 1388 1855 τὸ
1403 1802 1769 1871 Εὐαγγέλιον;
1802 1801 1976 1874 Διάδὴ

285 1885 436 1959 [570]
478 1888 639 1940 τοῦτο
676 1889 771 1940 καὶ
801 1888 1039 1958 ἀλλαχοῦ
1073 1890 1314 1942 αἰτοῦντι
1345 1889 1494 1961 αὐτῷ
1522 1890 1630 1943 τῶν
1665 1891 1987 1962 πειρασμῶν

279 1975 647 2045 ἀπαλλαγὴν,
682 1975 778 2027 καὶ
828 1975 1093 2039 πολλάκις
1135 1977 1283 2047 ὑπὲρ
1337 1977 1543 2030 τούτων
1599 1977 1986 2049 προσελθόντι,

284 2063 485 2132 ήκουεν
506 2079 518 2091 ·
556 2061 750 2129 Ἀρκεῖ
774 2078 874 2115 σοι
908 2064 947 2131 ἡ
981 2063 1157 2131 χάρις
1171 2078 1326 2133 μου⁶
1362 2066 1402 2132 ἡ
1443 2064 1553 2134 γὰρ
1580 2063 1835 2133 δύναμίς
1867 2082 1988 2134 μου

289 2151 358 2201 ὲν
389 2151 675 2217 ἀσθενείᾳ
712 2150 1071 2205 τελειοῦται.
1113 2152 1420 2208 ’Λσθένειαν
1448 2151 1684 2206 ἐνταῦθα
1710 2153 1838 2215 τοὺς
1862 2152 1989 2205 διω-

300 2240 480 2308 γμοὺς
530 2240 719 2306 καλεῖ,
770 2241 900 2304 τοὺς
934 2243 1312 2313 πειρασμούς,
1357 2242 1481 2305 τοὺς
1532 2241 1844 2305 κινδύνους,
1891 2242 1991 2304 τὰς

310 2326 625 2390 ἐπιϐουλὰς,
660 2329 753 2393 τάς
780 2330 1067 2401 ἐπηρείας.
1108 2332 1176 2384 ’⁸0
1212 2330 1268 2382 δὲ
1307 2329 1477 2397 λέγει,
1519 2330 1761 2384 τοιοῦτόν
1805 2333 1988 2383 ἐστιν⁹

316 2413 787 2483 Ἥδυνάμηνταῦτα
807 2418 1073 2481 κωλῦσαι,
1100 2418 1256 2489 φησὶ,
1278 2419 1373 2470 καὶ
1404 2417 1595 2471 σϐέσαι
1621 2418 1712 2471 τὸν
1733 2418 1989 2487 πόλεμον,

304 2501 396 2552 καί
437 2502 747 2557 ἀναστεῖλαι
781 2504 851 2558 τά
891 2504 1133 2575 κύματα,
1169 2505 1286 2558 ἀλλ’
1321 2506 1423 2559 οὐκ
1459 2506 1715 2575 ἐποίησα,
1754 2506 1841 2559 ἵνα
1870 2524 1992 2576 μει-

296 2589 468 2652 ζόνως
499 2593 531 2661 ή
572 2592 805 2663 δύναμίς
848 2612 953 2663 μου
990 2594 1197 2669 δειχθῇ.
1250 2595 1326 2648 Οὐ
1357 2596 1468 2664 γάρ
1520 2594 1692 2658 οὕτως
1722 2596 1996 2650 ἐδείκνυτο

291 2678 460 2732 αὐτοῦ
494 2682 526 2750 ή
564 2681 815 2752 δύναμις,
859 2682 1067 2736 τούτων
1113 2684 1189 2753 μὴ
1223 2685 1549 2755 γινομένων,
1591 2684 1666 2747 ὡς
1696 2684 1995 2753 γινομένων

291 2769 416 2837 μὲν,
446 2771 549 2823 οὐκ
593 2771 893 2841 ἰσχυόντων
940 2772 1018 2826 δέ.
1068 2772 1221 2825 Ἐπεὶ⁸
1269 2774 1360 2825 καὶ
1394 2772 1743 2844 κυϐερνήτην
1788 2775 1996 2827 ἐκεῖνον

286 2857 515 2927 ἄριστον
544 2853 689 2911 εἷναί
714 2876 923 2930 φαμεν,
944 2860 1007 2912 οὐ
1029 2859 1120 2911 τὸν
1154 2861 1213 2911 ἐν
1244 2858 1464 2930 γαληνῷ
1496 2859 1678 2930 πόντῳ
1696 2859 1995 2930 δυνάμενον

286 2944 656 3000 κατευθύνειν
689 2948 751 3000 τὸ
786 2948 1016 3017 σκάφος,
1052 2948 1188 3001 ἀλλά
1220 2949 1311 3001 τὸν
1348 2946 1552 3018 μεταξὺ
1586 2949 1865 3002 σκοπέλων
1899 2950 1995 3003 καὶ

285 3037 561 3107 κυμάτων
584 3038 682 3090 καὶ
707 3037 996 3109 χειμώνων
1028 3040 1121 3091 καὶ
1153 3038 1481 3109 πνευμάτων
1505 3037 1843 3101 διασώζονται
1867 3040 1995 3102 τοὺς

286 3126 673 3196 ἐμπλέοντας’
716 3128 812 3180 καὶ
864 3127 1083 3197 ἰατρὸν,
1118 3127 1211 3180 τὸν
1262 3126 1473 3198 μυρίων
1521 3127 1844 3197 νοσημάτων
1877 3130 1997 3180 ἐπι-

288 3214 573 3283 κειμένων
631 3213 1015 3284 ἐξαρπάζοντα
1049 3215 1141 3268 τὸν
1178 3214 1456 3286 κάμνοντα
1480 3229 1495 3243 ⁹
1532 3217 1625 3269 καὶ
1672 3216 1997 3287 στρατηγὸν,

289 3301 391 3353 τὸν
427 3293 771 3371 πανταχόθεν
823 3302 1100 3373 πολεμίων
1147 3303 1509 3356 ἐπιτεθέντων
1552 3303 1647 3356 καὶ
1694 3303 1999 3373 βαλλόντων

290 3389 602 3458 δυνάμενον
632 3389 828 3459 στῆσαι
858 3390 917 3442 τὸ
942 3392 1201 3459 τρόπαιον
1222 3404 1237 3421 ⁶
1259 3394 1352 3444 καὶ
1381 3391 1635 3461 ποιμένα,
1666 3392 1756 3444 τὸν
1788 3392 2001 3463 μυρίων

291 3477 486 3529 λύκων
519 3479 887 3549 ἐπικειμένων
924 3481 1017 3532 καὶ
1050 3480 1254 3550 ἐτέρων
1301 3479 1603 3533 ἐπιϐούλων
1641 3479 2003 3549 διατηροῦντα.

290 3566 401 3635 τὴν
434 3566 640 3637 ἀγέλην
686 3568 743 3619 ἐν
777 3567 1072 3639 ἀσφαλείᾳ.
1116 3566 1273 3620 υῦτω
1321 3568 1386 3639 δὴ
1416 3569 1511 3622 καὶ
1543 3568 1662 3622 τότε
1707 3568 1867 3621 τοῦτο
1899 3569 2003 3638 μά*

292 3655 464 3708 λιστα
483 3656 657 3707 ἐποίει
685 3654 747 3707 τὸ
773 3654 979 3723 θαῦμα,
1003 3658 1082 3708 ὅτι
1107 3655 1172 3727 δὴ
1201 3658 1372 3728 μυρία
1402 3658 1708 3727 πάσχοντες
1738 3657 2003 3728 ἐκράτουν

295 3745 398 3797 καὶ
426 3743 810 3814 περιεγένοντο
851 3744 961 3797 τῶν
1007 3744 1306 3799 ποιούντων
1341 3745 1541 3800 αὐτῶν.
1573 3746 1701 3799 Ὅτε
1750 3747 1881 3815 γοῦν
1913 3747 2004 3799 τὸν

298 3832 517 3901 Πέτρον
546 3833 641 3884 καὶ
666 3832 759 3884 τὸν
792 3832 1065 3903 Ἰωάννην,
1092 3834 1183 3885 τὸν
1208 3835 1324 3887 υἰὸν
1355 3834 1456 3904 τῆς
1492 3834 1743 3906 βροντῆς,
1780 3832 1875 3888 καί
1903 3833 2004 3906 τὴν

298 3920 553 3992 κρηπῖδα
586 3921 687 3990 τῆς
712 3921 971 3984 πίστεως,
1004 3923 1084 3984 εἰς
1121 3922 1495 3994 δεσμωτήριον
1529 3924 1800 3987 ἐνέϐαλον,
1830 3924 2006 3994 ἐννόη-

301 4026 401 4061 σον
431 4008 550 4075 πῶς
578 4009 894 4077 ἀφεθέντων
919 4011 1099 4063 αὐτῶν
1125 4012 1493 4082 διαποροῦσιν.
1529 4013 1855 4081 Ἀγαγόντες
1875 4010 2005 4081 γοῦν

298 4098 535 4160 αὐτοὺς,
571 4100 630 4149 ἐν
685 4100 837 4168 μέσῳ
876 4098 971 4151 τοῦ
1012 4100 1244 4171 θεάτρου
1280 4100 1530 4168 λέγουσι·
1571 4102 1630 4154 Τί
1668 4100 2007 4169 ποιήσομεν

299 4186 436 4251 τοῖς
461 4185 795 4255 ἀνθρώποις
837 4188 1111 4251 τούτοις;
1162 4188 1406 4241 Ἰουδαῖοι
1447 4189 1496 4240 οἰ
1540 4189 1770 4257 αἴμασιν
1813 4190 2005 4258 ἐντρα-

301 4275 506 4344 φάντες
535 4278 919 4345 προφητικοῖς,
962 4275 1132 4346 δῆμος
1178 4276 1438 4346 μεμηνὼς
1472 4277 1567 4328 καὶ
1596 4275 1830 4339 λυσσῶν,
1870 4279 1898 4330 6
1938 4276 2009 4330 τά

304 4365 681 4434 θυσιαστήρια
710 4364 1095 4432 κατασκάψας,
1125 4368 1153 4416 6
1181 4367 1306 4428 τοὺς
1338 4366 1624 4435 προφήτας
1655 4365 2006 4430 ἀποκτείνας,

301 4456 333 4508 ὀ
362 4454 549 4522 φόνοις
575 4453 1032 4522 συνανατραφεὶς,
1060 4456 1087 4506 ὁ
1115 4453 1318 4523 θηρίων
1350 4452 1705 4526 ἀγριώτερος,
1744 4456 1771 4507 ὀ
1797 4453 2009 4517 στάζων

302 4541 424 4595 ἀπὸ
448 4540 543 4594 τοῦ
566 4541 799 4610 αἵματος
821 4539 902 4592 ἔτι
932 4539 1025 4592 τοῦ
1057 4540 1400 4607 δεσποτικοῦ,
1431 4544 1459 4595 6
1486 4544 1804 4612 σταυρώσας
1823 4560 1836 4572 ·
1856 4535 2010 4606 οὗτος

304 4631 408 4685 δύο
457 4628 641 4683 λαϐὼν
690 4630 877 4693 ἁλιέας
928 4630 1365 4701 ἀγραμμάτους,
1422 4630 1666 4695 ἰδιώτας,
1725 4632 2007 4702 ἀσήμους,

310 4720 521 4793 ἰχθύων
572 4718 977 4790 ἀφωνοτέρους,
1027 4713 1101 4771 ὧν
1133 4719 1359 4791 θάτερος
1392 4720 1513 4773 οὐδέ
1569 4720 1816 4791 θυρωροῦ
1847 4720 2009 4792 ψιλήν

306 4808 549 4878 ἀπειλήν
577 4807 778 4878 ἤνεγκε
800 4824 812 4836 ’
842 4808 1064 4872 τούτους
1097 4810 1161 4879 δὴ
1193 4809 1470 4872 λαϐόντες,
1505 4810 1564 4861 ἐν
1602 4809 1752 4879 μέσῳ
1795 4809 2011 4879 ἔχοντες

305 4897 673 4969 δεδεμένους,
714 4899 995 4967 γυμνοὺς,
1045 4898 1105 4950 οὐ
1152 4900 1454 4969 χρημάτων
1508 4899 2010 4969 περιϐεϐλημένους

306 4983 663 5056 περιουσίαν,
695 4985 757 5037 οὐ
792 4986 1063 5056 σωμάτων
1100 4987 1276 5056 ἰσχὺν,
1315 4985 1376 5039 οὐ
1407 4986 1579 5058 λόγων
1610 4984 1910 5057 δεινότητα,
1947 4987 2007 5039 οὐ

930 353 1045 409 VIII
1089 353 1398 423 ΗΟΜΙῌΑ,
1445 355 1701 413 "ABITA
1740 356 2118 427 POSTQUAM
2159 355 2573 413 PRESBYTER
2613 357 2921 425 GOTHUS,
2966 354 3118 413 ETC.

3661 351 3768 412 5(ῒο

2086 474 2370 546 ῥητορείας
2396 473 2644 544 δύναμιν,
2669 475 2731 528 οὐ
2765 475 2955 543 γένους
2986 474 3365 545 περιφάνειαν,
3403 476 3463 529 οὐ
3513 480 3771 551 πατρίδος

2086 563 2335 633 μέγεθος,
2356 564 2540 626 ἁλιέας
2557 565 2614 630 ἐξ
2636 565 2851 625 ἀλιέων,
2866 563 3068 634 ἐσχάτῃ
3085 565 3329 636 πτωχείᾳ
3351 570 3770 636 συνεστηκότας,

2085 651 2382 722 ἀποροῦσιν
2403 652 2455 704 τί
2488 652 2671 715 αὐτοῖς
2692 654 3005 724 χρήσονται,
3026 650 3118 705 καί
3150 669 3281 720 φασι
3304 669 3317 683 °
3346 656 3409 709 Τι’
3437 655 3778 726 ποιήσομεν

2086 741 2210 806 τοῖς
2233 741 2568 809 ἀνθρώποις
2598 744 2867 807 τούτοις;
2908 742 3069 812 Ὁρᾷς
3112 741 3301 809 ἡλίκον
3344 744 3544 815 ἀρετή;
3575 746 3692 810 πῶς
3727 749 3776 800 οἰ

2088 833 2388 900 πειρασμο¹ι
2418 831 2708 900 βεϐαίωσις
2742 828 2835 883 τοῦ
2863 829 3182 898 εὐαγγελίου
3206 847 3219 894 ;
3259 833 3367 884 Καὶ
3393 831 3614 901 λέγουσι
3641 835 3778 904 πρὸς

2087 918 2311 980 αὐτούς·
2343 921 2427 971 Οὐ
2456 919 2824 988 παραγγελία
2857 920 3339 988 παρηγγείλαμεν
3369 921 3512 989 ὑμῖν
3552 921 3631 989 μὴ
3665 928 3777 977 λα-

2085 1006 2221 1060 λεῖν
2250 1006 2349 1060 ἐπὶ
2374 1007 2453 1072 τῷ
2477 1007 2721 1075 ὀνόματι
2745 1010 2965 1071 τούτῳ;
2994 1008 3104 1061 Καὶ
3125 1008 3433 1071 βούλεσθε
3456 1010 3781 1080 ἐπαγαγεῖν

2086 1096 2179 1160 ἐφ’
2212 1094 2373 1163 ἡμᾶς
2405 1094 2472 1147 τὸ
2497 1089 2641 1163 αἷμα
2673 1095 2778 1148 τοῦ
2801 1094 3115 1163 ἀνθρώπου
3139 1097 3373 1179 τούτου.
3406 1096 3469 1149 Εἰ
3493 1098 3779 1169 ἄνθρωπός

2090 1184 2207 1236 ἐστι
2230 1182 2404 1252 ψιλὸς,
2434 1182 2487 1234 τί
2517 1182 2759 1245 δέδοικας
2786 1200 2799 1246 ;
2831 1186 2878 1235 εἰ
2908 1184 2963 1236 δὲ
2995 1182 3127 1246 Θεός
3158 1187 3294 1247 ἐστι,
3326 1185 3472 1249 τίνος
3506 1187 3691 1240 ἐνεκεν
3716 1190 3777 1241 οὐ

2090 1273 2456 1341 προσκυνεῖς;
2486 1271 2599 1323 Οὐκ
2639 1270 2798 1333 ἐϐόας
2839 1269 3032 1342 πρώην
3069 1272 3264 1340 λέγων,
3302 1273 3373 1327 Τὸ
3414 1271 3558 1343 αἷμα
3590 1277 3781 1329 αὑτοῦ

2088 1359 2182 1429 ἐφ’
2219 1357 2379 1427 ἡμᾶς
2420 1360 2518 1413 καὶ
2547 1360 2647 1413 ἐπὶ
2684 1362 2757 1414 τὰ
2789 1360 2975 1414 τέκνα
3009 1360 3215 1431 ἠμῶνς
3247 1362 3409 1416 πόθεν
3450 1364 3691 1426 δέδοικας
3721 1365 3783 1417 τὸ

2091 1441 2270 1518 αἷμας
2298 1448 2351 1500 τί
2397 1465 2490 1500 σου
2520 1448 2619 1518 τὴν
2661 1448 2901 1502 διάνοιαν
2939 1449 3238 1516 διέσεισεν;
3283 1452 3382 1504 οὐκ
3414 1452 3642 1518 έδησας;
3681 1454 3783 1507 οὐκ

2090 1536 2428 1607 ἐμάστιξας;
2458 1537 2559 1589 οὐκ
2588 1539 2978 1607 ἐσταύρωσαςς
3011 1538 3071 1590 οὐ
3106 1539 3298 1609 νεκρὸν
3322 1534 3461 1602 εἶδες
3490 1540 3783 1612 καθαιρού-

2096 1642 2256 1695 μενον
2294 1625 2403 1678 ἀπὸ
2432 1624 2528 1677 τοῦ
2569 1625 2840 1695 σταυροῦ;
2873 1626 2934 1679 οὐ
2972 1626 3311 1696 θαπτόμενον
3342 1627 3570 1681 ἐθεάσω.
3597 1631 3690 1682 καὶ
3716 1632 3784 1700 τῇ

2092 1716 2163 1784 γῇ
2188 1713 2602 1785 κρυπτόμενονς
2629 1716 2689 1768 οὐ
2721 1719 3011 1786 σήμαντρα
3039 1715 3317 1785 ἐπέθηκας
3335 1716 3412 1787 τῷ
3458 1718 3648 1788 τάφῳς
3686 1718 3787 1771 οὐκ

2091 1801 2267 1872 ἐπρίω
2297 1804 2423 1865 τοὺς
2444 1802 2819 1873 στρατιώτας;
2852 1805 2911 1856 οὐ
2941 1805 3132 1874 φήμην
3159 1804 3365 1857 διέσπει
3377 1823 3495 1874 ρας,
3534 1806 3614 1859 δτι
3638 1807 3788 1858 ἔκλε-

2090 1887 2199 1957 ψαν
2230 1889 2395 1942 αὐτὸν
2415 1892 2463 1943 οἰ
2500 1891 2779 1961 μαθηταί;
2821 1890 2885 1943 Τί
2908 1891 3155 1955 δέδοικας
3182 1891 3313 1956 νῦν;
3350 1894 3401 1945 τί
3438 1894 3661 1964 τρέμεις
3691 1896 3788 1948 αύ-

2091 1978 2185 2031 τοῦ
2208 1978 2267 2031 τὸ
2289 1973 2429 2048 αἷμα
2450 1996 2466 2047 ;
2495 1979 2660 2050 Ὁρᾷς
2680 1980 2781 2048 τὴν
2802 1980 3057 2048 ἀλήθειαν
3078 1980 3166 2033 διὰ
3192 1981 3409 2035 πάντων
3432 1982 3496 2035 λά
3506 2000 3784 2051 μπουσαν;

2106 2065 2324 2138 Ἐπειδὴ
2359 2066 2469 2137 γὰρ
2507 2064 2644 2120 εἶδον
2681 2068 2821 2138 μετὰ
2866 2068 2964 2139 τὴν
3008 2068 3299 2140 ἐπιϐουλὴν
3325 2080 3349 2109 α
3385 2070 3601 2140 ἐκείνην
3636 2069 3789 2143 1571]

2094 2155 2153 2206 τὸ
2175 2157 2408 2226 πρᾶγμα
2437 2156 2747 2227 αἰρόμενον,
2772 2156 2867 2209 καὶ
2885 2156 2954 2209 τὰ
2980 2157 3245 2227 προοίμια
3267 2157 3495 2229 λαμπρά
3523 2160 3617 2213 καὶ
3636 2160 3789 2229 ήλίου

2095 2243 2368 2313 φανότερα
2401 2245 2496 2295 καὶ
2528 2242 2587 2308 ἐξ
2617 2244 2789 2311 αὐτῆς
2830 2243 2932 2313 τῆς
2964 2243 3213 2314 βαλϐῖδος
3244 2244 3670 2313 ἐπιδεικνύμενα
3708 2247 3790 2299 ὅτι

2096 2332 2278 2383 πᾶσαν
2325 2330 2522 2401 ἁθρόον
2564 2332 2940 2401 καταλήψεται
2985 2331 3084 2402 τὴν
3117 2318 3485 2401 οἰκουμένηνξ
3530 2333 3624 2384 καὶ
3670 2334 3791 2385 κατ’

2094 2419 2272 2489 ἄκρας
2304 2419 2488 2472 ἐλάσει
2531 2419 2631 2490 τὴν
2674 2419 2906 2489 πλάνην,
2947 2420 3043 2473 καὶ
3071 2419 3193 2472 οὐδέ
3232 2420 3475 2486 ἐνεγκεῖν
3501 2419 3792 2489 δυνήσεται

2096 2509 2195 2578 τήν
2226 2507 2432 2577 ἄφατον
2467 2509 2633 2562 αὐτοῦ
2669 2506 2849 2579 ῥύμην
2895 2509 2992 2561 καὶ
3034 2507 3133 2578 τὴν
3177 2507 3407 2577 δύναμιν
3432 2523 3447 2538 ·
3498 2506 3792 2572 δεδοίκασι,

2096 2595 2360 2666 τρέμουσι
2398 2598 2523 2660 τοὺς
2544 2596 2852 2665 δεσμώτας.
2886 2597 3014 2659 τοὺς
3054 2595 3401 2658 καταδίκους,
3441 2595 3566 2657 τοὺς
3601 2612 3796 2664 μαστι-

2099 2681 2353 2752 χθέντας,
2378 2685 2503 2745 τοὺς
2555 2682 3064 2745 ἐπιϐουλευθέντας,
3092 2684 3220 2745 τοὺς
3248 2682 3361 2745 δύο,
3393 2684 3522 2745 τοὺς
3558 2682 3794 2743 ἰδιώτας.

2096 2770 2198 2823 Διά
2221 2770 2392 2823 ταῦτα
2426 2770 2638 2833 Παῦλος
2666 2770 2959 2839 βεϐαίωσιν
2984 2770 3304 2838 εὐαγγελίου
3336 2770 3493 2822 καλεῖ
3526 2770 3651 2833 τοὺς
3676 2787 3798 2821 πει-

2100 2858 2346 2929 ρασμούς
2368 2875 2381 2888 ο
2408 2859 2495 2911 διὰ
2523 2858 2699 2912 ταῦτα
2739 2859 2834 2912 καὶ
2874 2856 3111 2927 ἀλλαχοῦ
3159 2875 3294 2927 φησι
3318 2876 3330 2887 ·
3356 2856 3693 2910 Γινώσκειν
3731 2856 3800 2910 δὲ

2097 2946 2254 3016 ὑμᾶς
2275 2948 2580 3016 ,βούλομαι
2606 2987 2621 3011 ,
2671 2947 2925 3015 ἀδελφοὶ
2951 2989 2965 3012 ,
2996 2946 3084 2999 ὅτι
3139 2945 3207 2998 τὸ
3242 2947 3368 2999 κατ’
3410 2944 3516 3015 ἐμὲ
3559 2944 3800 3014 μᾶλλον

2098 3037 2186 3100 εἰς
2225 3035 2546 3102 προκοπὴν
2571 3033 2680 3087 τοῦ
2698 3033 3069 3102 Εὐαγγελίου
3100 3034 3405 3099 ἐλήλυθεν
3424 3050 3436 3063 ’
3469 3032 3625 3085 ὣστε
3658 3032 3801 3099 τοὺς

2100 3124 2386 3189 πλείονας
2436 3121 2556 3175 τῶν
2594 3120 2877 3190 ἀδελφῶν
2920 3122 2990 3174 ἐν
3035 3123 3236 3190 Κυρίῳ
3272 3126 3635 3186 πεποιθότας
3676 3120 3801 3187 τοῖς

2100 3213 2346 3283 δεσμοῖς
2371 3230 2514 3282 μου,
2546 3212 2995 3282 περισσοτέρως
3021 3209 3255 3281 τολμᾷν
3299 3212 3536 3280 ἀφόϐως
3560 3210 3667 3263 τὸν
3706 3211 3803 3263 .26-

2102 3318 2212 3373 γον
2239 3302 2473 3354 λαλεῖν.
2509 3302 2603 3363 Τίς
2650 3295 2779 3362 εἶδε,
2821 3301 2906 3364 τίς
2938 3301 3193 3371 ἤκουσεν,
3242 3300 3324 3352 ὅτι
3374 3299 3549 3368 δεσμὰ
3599 3298 3802 3369 θάρσος

2105 3391 2270 3451 ποιεῖ,
2300 3391 2394 3442 καὶ
2429 3389 2619 3451 ἆλυσις
2648 3389 2963 3460 παρρησίαν
2988 3389 3307 3459 ἐργάζεται,
3335 3388 3397 3440 οὐ
3433 3386 3513 3457 τῷ
3533 3386 3803 3458 δεδεμένῳ

2109 3477 2289 3547 μόνον,
2323 3477 2459 3530 ἀλλὰ
2501 3478 2739 3541 καὶτοῖς
2784 3476 3289 3547 μαθητευομένοις;
3332 3475 3471 3528 Ἀλλ’
3502 3477 3672 3544 ὅμως,
3713 3475 3802 3528 ὅτε

2104 3564 2280 3619 ταῦτα
2304 3566 2331 3605 b
2361 3567 2597 3635 ἐγίνετο,
2636 3565 2725 3618 διὰ
2769 3566 2879 3618 τῶν
2934 3564 3194 3619 ἐναντίων
3220 3563 3282 3616 τὸ
3320 3565 3586 3634 κήρυγμα
3617 3563 3802 3633 ᾔρετο,

2116 3655 2213 3707 καὶ
2251 3655 2300 3706 οί
2334 3653 2598 3724 μαθηταὶ,
2629 3652 2724 3705 τοῦ
2750 3653 3074 3706 διδασκάλου
3116 3652 3529 3722 πολεμουμένου
3560 3653 3654 3704 καὶ
3686 3654 3802 3703 ἐπι-

2108 3743 2500 3815 ϐουλευομένου
2526 3745 2619 3797 καὶ
2641 3743 2839 3813 δεσμου
2848 3743 3034 3814 μένου,
3060 3741 3262 3813 μᾶλλον
3288 3742 3578 3813 ἐθάρρουν,
3601 3740 3804 3811 μᾶλλον

2106 3834 2396 3904 ἐσκίρτων,
2422 3834 2623 3904 μᾶλλον
2641 3833 2878 3905 ἐπήδων.
2898 3832 3234 3903 Ἐπῃνέσατε
3255 3831 3322 3885 τὰ
3347 3832 3615 3902 εἰρημένα
3638 3849 3654 3894 ;
3678 3834 3805 3882 Λοι-

2108 3923 2211 3976 πὸν
2246 3922 2620 3993 μιμησώμεθα
2647 3920 2746 3992 τὴν
2774 3920 3054 3992 ἀνδρείαν,
3085 3918 3421 3990 ζηλώσωμεν
3445 3920 3545 3990 τὴν
3577 3918 3802 3987 ἀρετὴν,

2110 4013 2205 4065 καὶ
2240 4011 2408 4081 μηδὲν
2446 4012 2596 4081 ήμδις
2632 4010 2886 4069 πτοείτω,
2921 4008 3089 4079 μηδὲν
3126 4007 3427 4078 θορυεείτω
3461 4006 3570 4059 τῶν
3602 4022 3803 4075 πειραο

2111 4100 2265 4172 σμῶν
2288 4118 2299 4129 ·
2332 4099 2509 4153 ταῦτα
2552 4101 2659 4168 γάρ
2701 4100 2930 4168 ἆμματα
2956 4097 3054 4167 τῆς
3089 4096 3395 4159 εὐσεϐείας,
3420 4096 3592 4147 ταῦτα
3627 4094 3805 4165 πτερά

2110 4190 2207 4259 τῆς
2239 4188 2578 4257 φιλοσοφίας,
2614 4185 2791 4240 ταῦτα
2835 4187 3092 4255 ἰσχυροὺς
3134 4186 3230 4237 καὶ
3264 4182 3600 4255 ἀχειρώτους
3633 4199 3807 4235 κατα-

2116 4278 2395 4344 σκευάζει,
2412 4277 2588 4331 ταῦτα
2610 4274 2833 4328 πλείονα
2854 4274 2989 4345 πρὸς
3004 4274 3099 4327 τὸν
3114 4274 3248 4327 Θεὸν
3269 4274 3455 4326 δίδωσι
3474 4273 3573 4343 τὴν
3593 4273 3807 4342 παρρη-

2112 4368 2253 4431 σίαν,
2275 4367 2500 4436 μείζονα
2515 4367 2815 4419 ἐπισπᾶται
2838 4363 2934 4434 τὴν
2953 4361 3191 4425 εὔνοιαν,
3214 4360 3414 4431 πολλὴν
3428 4352 3806 4431 ἐπισκηνῶσαι

2111 4456 2379 4526 ποιεῖτὴν
2405 4454 2583 4525 χάριν.
2618 4455 2736 4507 Ὶνα
2766 4449 2858 4507 οὖν
2891 4451 3148 4505 ἁπάντων
3181 4450 3388 4503 τούτων
3417 4450 3802 4517 ἀπολαύωμεν,

2115 4544 2370 4615 φέρωμεν
2393 4541 2632 4607 ἅπαντα,
2673 4540 2999 4612 παρακαλῶ,
3025 4538 3093 4591 τά
3129 4538 3532 4609 συμπίπτοντα,
3560 4538 3649 4591 διά
3672 4537 3807 4589 πάν-

2113 4649 2220 4684 των
2241 4630 2331 4684 τον
2358 4630 2491 4683 Θεὸν
2518 4628 2854 4696 δοξάζοντες,
2872 4630 2953 4682 ὅτι
2977 4624 3127 4698 αὐτῷ
3156 4626 3358 4696 πρέπει
3381 4625 3528 4692 δόξα,
3548 4625 3685 4696 τιμὴ
3713 4625 3808 4677 καὶ

2115 4717 2337 4786 κράτος,
2362 4716 2480 4786 ἅμα
2510 4715 2589 4787 τῷ
2620 4718 2902 4787 μονογενεῖ
2926 4714 3092 4768 αὐτοῦ
3122 4713 3238 4785 Υἰῷ
3263 4715 3358 4768 καὶ
3380 4714 3457 4785 τῷ
3478 4714 3619 4784 ἁγίῳ
3637 4712 3808 4767 Πνεῦ-

2119 4822 2270 4875 ματι,
2288 4803 2382 4857 νῦν
2408 4805 2503 4857 καὶ
2524 4806 2630 4867 ἀεὶ,
2650 4804 2743 4857 καὶ
2762 4806 2843 4866 εἰς
2868 4804 2996 4867 τοὺς
3012 4799 3212 4866 αἰῶνας
3231 4800 3341 4856 τῶν
3357 4801 3589 4857 αἰώνων.
3609 4802 3803 4873 ’Δμήν.

2178 4894 2204 4921 ⁸⁸
2232 4890 2481 4941 Matthaeio
2506 4894 2727 4953 placeret
2748 4892 2989 4949 ἐπιϐολήν.

2176 4953 2207 5024 ξ
2256 4950 2545 5016 Suspicauir
2606 4954 2781 5003 Matth.
2829 4952 3099 5016 legendum
3151 4964 3314 5000 esse:
3368 4951 3472 5000 ἀλλ’
3515 4951 3646 5011 ὅμως
3695 4950 3807 4998 τότε

2114 5031 2283 5064 ταυτα.

1882 5294 2128 5347 υΜῙΛΙΑ
2166 5290 2247 5346 H'.

320 5413 441 5471 Τοῦ
474 5411 666 5467 αὑτοῦ
702 5412 908 5481 ὁμιλία
939 5411 1228 5482 λεχθεῖσα
1269 5413 1338 5467 ἐν
1365 5410 1442 5482 τῇ
1485 5411 1788 5480 ἐκκλησίᾳ
1815 5410 1891 5480 τῇ
1920 5410 2020 5465 ἐπὶ

2124 5402 2775 5479 Ἐκκλησίαςήεύγένεια,
2790 5404 2931 5476 πόση
2954 5406 3054 5476 τῆς
3083 5402 3321 5465 πίστεως
3344 5401 3378 5472 ή
3402 5398 3638 5459 εὐτονία,
3661 5397 3808 5469 πόση

392 5485 669 5569 ιζίξύζῖουν
714 5485 957 5569 Γότθθξθς
1000 5485 1388 5553 ἀναγνόντων
1409 5525 1423 5551 ν
1468 5487 1569 5540 καὶ
1607 5483 2019 5552 πρεσϐυτέρου
2118 5500 2218 5569 τῆς
2252 5496 2461 5565 πλάνης
2486 5499 2518 5565 ἡ
2540 5494 2793 5565 αἰσχύνη,
2826 5493 2993 5556 πόσος
3020 5491 3128 5545 τῶν
3155 5489 3426 5560 δαιμόνων
3448 5489 3476 5541 6
3505 5488 3701 5556 γέλως.
3727 5488 3809 5540 Τά

393 5558 445 5611 Γ
448 5556 631 5610 ότθου
657 5554 1205 5624 προομιλήσαντος.

2123 5586 2224 5657 μὲν
2255 5585 2366 5658 γὰρ
2391 5585 2500 5639 τῶν
2526 5584 2831 5653 φιλοσόφων
2860 5582 2953 5636 καὶ
2985 5581 3139 5653 παρὰ
3167 5582 3281 5642 τοῖς
3308 5576 3612 5649 όμοφώνοις
3640 5591 3810 5629 κατα-

393 5681 466 5728 α¹.
514 5673 851 5746 Ἐϐουλόμην
882 5678 1133 5747 παρεῖναι
1159 5674 1429 5747 ’Έλληνας
1450 5677 1707 5748 τήμερον,
1740 5676 1881 5730 ὥστε
1909 5674 2021 5728 τῶν
2120 5674 2358 5737 λέλυται,
2382 5673 2452 5727 τὰ
2479 5673 2533 5726 δέ
2571 5672 2816 5744 ἡμέτερα
2842 5670 2937 5724 καὶ
2967 5670 3118 5741 παρὰ
3152 5666 3577 5738 ἑτερογλώσσοις
3604 5662 3808 5735 πολλὴν

316 5764 762 5834 ἀνεγνωσμένων
788 5764 1021 5819 ἀκοῦσαι
1046 5767 1140 5818 καὶ
1168 5765 1358 5835 μαθεῖν
1390 5765 1532 5836 πόση
1559 5766 1653 5818 τοῦ
1679 5764 2023 5836 σταυρωθέν-

316 5869 415 5915 τος
455 5854 494 5923 ἡ
539 5853 723 5925 ἰσχὺς,
762 5854 903 5925 πόση
946 5854 1041 5908 τοῦ
1076 5852 1308 5926 σταυροῦ
1351 5855 1384 5924 ή
1425 5852 1686 5925 δύναμις,
1723 5854 1865 5924 πόση
1909 5855 2009 5923 τῆς

2122 5762 2237 5833 ἐχει
2268 5762 2497 5832 δύναμιν
2517 5779 2530 5793 ’
2567 5762 2664 5813 καὶ⁸
2690 5760 2758 5813 τά
2785 5759 2885 5830 μέν
2907 5759 3152 5830 ἀράχνης
3186 5752 3552 5826 εὐκολώτερον
3583 5752 3810 5807 διεσπά-

2120 5852 2244 5923 σθη,
2282 5850 2351 5904 τά
2379 5850 2436 5904 δὲ
2463 5848 2769 5920 ἀδάμαντος
2798 5845 3153 5918 στερρότερον
3180 5843 3417 5914 πέπηγε.
