4138 6458
400 338 496 395 5M

464 457 574 546 Ποῦ
600 458 666 512 τά
691 460 972 527 Πλάτωνος
989 467 1082 518 καὶ
1103 467 1418 540 Πυθαγόρου
1453 473 1545 524 καὶ
1568 474 1675 527 τῶν
1704 477 1760 528 ἐν
1793 474 2063 546 Ἀθήναις;

393 544 648 617 ἐσϐέσθη.
689 549 798 603 Ποῦ
841 550 908 604 τά
948 551 1055 604 τῶν
1088 553 1281 607 ἁλιέων
1311 559 1404 610 καὶ
1457 561 1825 629 σκηνοποιῶν;
1863 544 1963 618 ούκ
2008 567 2068 619 ἐν

406 631 632 706 Ἰουδαίᾳ
663 636 850 724 μόνον.
880 636 1018 693 ἀλλά
1047 641 1141 694 καὶ
1169 643 1227 693 ἐν
1255 647 1320 714 τῇ
1354 645 1464 699 τῶν
1505 645 1795 719 βαρϐάρων
1834 649 2062 724 γλώττῃ,

394 720 577 808 καθὼς
590 723 856 791 ἠκούσατε
881 727 1138 799 σήμερον,
1155 730 1303 800 ήλίου
1325 734 1619 804 φανότερον
1639 737 1956 808 διαλάμπει·
1975 720 2068 792 κᾶι

395 807 600 862 Σκύθαι
629 812 720 863 καὶ
740 811 952 883 Θρᾷκες
968 817 1060 868 καὶ
1083 817 1429 889 Σαυρομάται
1449 824 1541 874 καὶ
1557 823 1766 895 Μαῦροι
1797 807 1890 879 καὶ
1916 826 2069 881 Ἰνδοὶ

396 896 492 948 καὶ
508 899 554 949 οἰ
579 898 713 967 πρὸς
728 899 898 964 αὑτὰς
923 903 1296 974 ἀπῳκισμένοι
1314 909 1411 971 τάς
1435 911 1689 979 ἐσχατιὰς
1711 913 1811 982 τῆς
1825 914 2068 984 οἰκουμέ-

395 1000 512 1052 νης,
537 985 670 1084 πρὸς
692 985 790 1056 τὴν
818 989 1019 1042 οἰκείαν
1041 991 1268 1057 ἕκαστος
1298 995 1688 1064 μεταϐαλόντες
1709 1000 1975 1068 γλῶτταν,
2000 1002 2071 1056 τά

395 1071 662 1160 εἰρημένα
690 1073 1033 1143 φιλοσοφοῦσι
1061 1079 1254 1132 ταῦτα·
1290 1081 1325 1135 ἀ
1354 1083 1487 1154 μηδέ
1505 1084 1638 1156 ⁸5ναρ
1660 1089 2070 1160 ἐφαντάσθησαν

395 1159 447 1210 οἰ
483 1159 634 1229 παρά
663 1164 772 1224 τοῖς
805 1161 1031 1235 ’Ἐλλησι
1060 1166 1148 1218 τὸν
1186 1166 1334 1240 [572]
1384 1169 1622 1240 πώγωνα
1653 1174 1899 1238 ἕλκοντες
1918 1217 1932 1240 ,
1956 1159 2072 1230 ἐκαὶ

394 1248 462 1316 τῇ
493 1245 763 1320 βακτηρίᾳ
781 1251 908 1313 τοὺς
930 1253 1281 1318 ἀπαντῶντας
1303 1259 1397 1310 ἐπὶ
1415 1259 1511 1328 τῆς
1538 1261 1743 1330 ἀγοράς
1768 1262 2067 1330 σοϐοῦντες,

397 1334 491 1387 καὶ
524 1337 646 1400 τοὺς
675 1336 1005 1408 βοστρύχους
1031 1341 1138 1394 ἀπὸ
1163 1341 1264 1412 τῆς
1289 1345 1530 1416 κεφαλῆς
1557 1349 1811 1412 σείοντες,
1841 1349 2070 1403 λεόντων

400 1421 602 1489 μᾶλλον
633 1423 666 1494 ἢ
707 1424 1008 1496 ἀνθρώπων
1040 1429 1470 1501 ἐπιδεικνύμενοι
1507 1435 1790 1506 πρόσωπα.
1839 1435 1976 1488 Ἀλλ’
2007 1438 2068 1490 ού

397 1509 466 1560 τά
495 1510 740 1582 ἡμέτερα
766 1513 1007 1576 τοιαῦτα,
1024 1516 1142 1570 οὐδὲ
1167 1518 1223 1569 ἐν
1248 1518 1324 1588 τῷ
1354 1522 1611 1590 σχήματι,
1634 1522 1748 1575 ἀλλ’
1775 1524 1834 1575 ἐν
1861 1540 2071 1596 σωφρο-

400 1595 534 1668 σύνῃ
574 1598 642 1652 τὰ
671 1599 771 1670 τῆς
815 1600 1149 1671 φιλοσοφίας.
1195 1605 1259 1658 Ἡ
1303 1607 1402 1676 μὲν
1443 1609 1550 1678 γὰρ
1588 1609 1795 1681 πόρνη,
1839 1609 1935 1664 ἀτε
1977 1595 2070 1664 καὶ

400 1683 628 1750 φυσικὸν
647 1687 747 1739 οὐκ
772 1687 964 1757 ἔχουσα
988 1690 1198 1756 κάλλος,
1223 1693 1587 1765 ἐπιτρίμμασι
1609 1696 1705 1749 καὶ
1728 1697 2071 1768 ὑπογραφαῖς

400 1771 496 1824 καὶ
547 1773 778 1842 ἱματίοις
816 1775 1024 1840 λευκοῖς
1068 1780 1160 1831 καὶ
1201 1779 1407 1848 ἑτέροις
1437 1781 1696 1846 τοιούτοις
1733 1784 2070 1854 τεχνάσμασι

399 1863 780 1932 χειροποιητήν
819 1879 941 1917 τινα
981 1865 1285 1936 ἐπιτίθησιν
1318 1869 1482 1939 ἐαυτῇ
1531 1869 1702 1941 ὥραν,
1743 1871 1804 1924 τὸ
1834 1873 1940 1925 ἀπὸ
1971 1873 2072 1942 τῆς

401 1945 616 2012 φύσεως
663 1947 902 2013 δυσειδὲς
953 1952 1348 2016 συσκιάζουσα·
1397 1958 1430 2026 ὴ
1466 1956 1522 2009 δὲ
1565 1957 1703 2028 καλὴ
1762 1958 1920 2027 φύσει
1977 1959 2073 2013 καὶ

400 2033 656 2104 ἐπίχαρις
683 2037 778 2090 καὶ
810 2038 1036 2110 εὐγενὴς
1079 2041 1215 2112 κόρη
1261 2044 1466 2112 γυμνὸν
1498 2045 1690 2117 ἀφίησι
1725 2046 1826 2117 τῆς
1858 2046 2071 2116 φύσεως

400 2122 758 2190 ἀγωνίζεσθαι
782 2126 841 2178 τὸ
867 2125 1058 2197 δῶρον,
1083 2129 1292 2193 οὐδενὸς
1322 2131 1526 2185 τούτων
1552 2133 1780 2204 δεομένη
1808 2135 1916 2187 τῶν
1946 2135 2073 2206 βοη-

403 2207 678 2281 θημάτων,
734 2212 870 2267 ἀλλά
910 2214 1343 2288 διακρουομένη,
1394 2218 1532 2274 ὥστε
1575 2221 1650 2292 μὴ
1692 2222 1792 2292 τὴν
1840 2223 2072 2293 φυσικὴν

401 2295 550 2368 ὤραν
576 2301 686 2363 τοῖς
717 2304 1180 2373 παραπετάσμασι
1214 2305 1500 2359 συσκιάσαι
1523 2308 1748 2371 τούτοις.
1776 2309 1944 2363 Τοῦτο
1977 2311 2071 2363 καὶ

403 2383 498 2436 ἐπὶ
533 2383 633 2454 τῆς
662 2387 1006 2460 Ἐκκλησίας,
1056 2392 1150 2444 καὶ
1192 2392 1284 2445 ἐπὶ
1331 2393 1441 2446 τῶν
1485 2393 1682 2459 ἔξωθεν
1726 2393 1870 2450 ἔστιν
1920 2397 2068 2451 ἰδεῖν.

413 2469 640 2525 Ἐκεῖνοι
681 2474 780 2544 μὲν
812 2476 919 2547 γάρ
954 2478 1178 2545 φυσικὸν
1207 2479 1402 2543 κάλλος
1430 2481 1531 2535 οὐκ
1559 2481 1791 2552 ἔχοντες,
1824 2483 1946 2537 οὐδὲ
1979 2485 2070 2537 εὑ-

402 2559 588 2631 σεϐείᾳ
625 2565 940 2632 κοσμεῖσθαι
987 2564 1301 2637 δυνάμενοι,
1349 2568 1648 2642 εύγλωττίᾳ
1690 2575 1785 2624 καὶ
1831 2573 2071 2643 ῥήμασιν

399 2647 977 2721 ἀποτετορνευμὲνοις,
1015 2653 1108 2707 καὶ
1143 2654 1437 2726 συνθήκαις
1470 2657 1694 2724 λέξεων,
1739 2660 1834 2712 καὶ¹
1877 2660 2072 2731 κόμαις

402 2735 496 2788 καὶ
519 2736 788 2806 εὐθήμασι
812 2740 904 2792 καὶ
933 2740 1140 2812 ἑτέροις
1167 2743 1276 2796 τισί
1301 2744 1369 2796 τὰ
1393 2744 1512 2798 καθ’
1535 2747 1761 2809 ἑαυτοὺς
1783 2747 2074 2817 σεμνύνου-

403 2839 487 2876 σιν
507 2842 520 2855 ·
552 2825 600 2876 οἰ
630 2824 687 2877 δὲ
717 2828 848 2898 παρ’
883 2828 1015 2899 ἡμῖν
1041 2829 1140 2900 οὺχ
1163 2829 1352 2896 οὕτως,
1389 2832 1524 2886 ἀλλά
1560 2833 1737 2889 πάντα
1759 2834 1933 2888 ταῦτα
1961 2834 2076 2888 δια-

403 2910 786 2983 κρουσάμενοι,
816 2914 911 2967 καὶ
934 2914 1033 2986 τὴν
1063 2916 1258 2980 ἔξωθεν
1291 2921 1586 2988 φαντασίαν
1618 2921 1892 2993 ῥίψαντες,
1923 2939 2076 2992 φυσι-

403 2997 500 3051 κὸν
541 2997 602 3050 τὸ
651 2999 845 3063 κάλλος
891 3002 1307 3068 ἐπιδείκνυνται,
1353 3007 1412 3060 ού
1461 3007 1705 3076 γλῶτταν
1752 3010 2072 3075 ἀκονῶντες,

401 3083 523 3137 οὐδὲ
543 3086 816 3158 εὐφημίαν
839 3089 1142 3158 διώκοντες,
1165 3092 1276 3145 ἀλλ’
1301 3095 1358 3147 ἐν
1378 3094 1603 3166 δυνάμει
1623 3097 1911 3167 νοημάτων
1935 3099 2078 3167 φιλο-

404 3172 716 3237 σοφοῦντες,
746 3176 839 3228 καὶ
882 3176 1057 3247 ἔργων
1091 3179 1344 3246 ἐπιδείξει
1389 3183 1483 3236 καὶ
1500 3181 1790 3248 ,πολιτείας
1822 3185 2078 3256 ἀκριϐείᾳ

401 3257 501 3330 τήν
539 3260 852 3316 ἐνοικοῦσαν
891 3265 1074 3328 αὐτοῖς
1100 3266 1194 3319 τοῦ
1226 3267 1360 3321 Θεοῦ
1403 3272 1562 3341 χάριν
1589 3269 1676 3324 διά
1701 3271 1918 3324 πάντων
1945 3274 2078 3326 ἀνα-

402 3357 809 3428 κηρύττοντες.
840 3361 938 3416 Διά
980 3363 1044 3436 δὴ
1085 3364 1245 3420 τοῦτο
1291 3367 1352 3420 ού
1394 3368 1492 3440 τὴν
1526 3371 1850 3442 οἰκουμένην
1893 3372 2074 3442 μόνον,

404 3453 539 3508 ἀλλά
564 3455 658 3508 καὶ
689 3456 786 3528 τὴν
813 3459 1095 3531 ἀοίκητον·
1127 3463 1187 3516 οὐ
1216 3463 1315 3534 τὴν
1337 3465 1442 3536 γῆν
1475 3467 1656 3537 μόνον,
1688 3467 1824 3523 ἀλλά
1855 3471 1949 3524 καὶ
1978 3471 2078 3543 τὴν

405 3553 705 3608 θάλατταν·
751 3557 812 3610 ού
849 3556 947 3621 τάς
983 3558 1164 3624 πόλεις
1209 3561 1399 3631 μόνον,
1437 3562 1572 3616 ἀλλά
1612 3564 1705 3617 καὶ
1741 3563 1809 3618 τά
1849 3564 1951 3636 δρη
1985 3567 2079 3621 καὶ

403 3649 532 3712 τοὺς
573 3649 794 3720 βουνοὺς
839 3655 933 3708 καὶ
981 3654 1081 3718 τὰς
1124 3655 1302 3721 νάπας
1324 3674 1338 3688 ο
1375 3659 1436 3711 οὐ
1482 3658 1580 3730 τὴν
1632 3659 1858 3715 Ἐλλάδα
1897 3662 2076 3733 μόνον,

406 3745 541 3800 ἁλλά
571 3747 665 3802 καὶ
702 3747 801 3820 τὴν
846 3748 1151 3822 βάρϐαρον·
1190 3751 1252 3805 οὐ
1303 3754 1429 3818 τοὺς
1477 3755 1534 3808 ἐν
1585 3754 1856 3828 ἀξιώμασι
1897 3757 2076 3830 μόνον,

406 3843 542 3898 ἀλλά
568 3845 662 3898 καὶ
686 3848 812 3911 τοὺς
841 3851 898 3901 ἐν
927 3849 1130 3922 ἐσχάτῃ
1158 3851 1347 3923 πενίᾳ*
1375 3852 1475 3906 οὐκ
1503 3853 1701 3936 ἀνδρας
1736 3855 1916 3927 μόνον,
1945 3857 2081 3914 ἀλλά

407 3942 503 3995 καὶ
540 3945 835 4010 γυναῖκας’
884 3946 946 3998 ού
995 3947 1375 4019 γεγηρακότας
1418 3950 1596 4020 μόνον,
1637 3951 1773 4005 ἀλλά
1803 3954 1897 4007 καὶ
1928 3953 2080 4018 νέους

406 4040 793 4110 ἐσαγήνευσαν.
827 4042 900 4095 Οὐ
933 4041 1095 4114 μέχρι
1129 4043 1184 4097 δὲ
1213 4043 1437 4108 τούτων,
1470 4045 1605 4100 ἀλλά
1637 4048 1732 4102 καὶ
1773 4051 2081 4122 περαιτέρω

409 4144 695 4216 προῆλθον,
728 4149 824 4201 καὶ
844 4150 910 4219 τῇ
938 4148 1058 4202 καθ’
1080 4149 1226 4220 ἡμᾶς
1249 4150 1350 4204 οὐκ
1375 4151 1735 4222 ἀρκεσθέντες
1760 4155 2076 4232 οἰκουμένῃ,

400 4240 546 4312 πρὸς
560 4241 720 4297 αὐτὸν
735 4243 820 4308 ἐξέ
828 4243 1002 4314 ϐησαν
1017 4243 1110 4299 τὸν
1138 4246 1508 4313 Ὠκεανδν,καὶ
1518 4247 1616 4312 τάς
1628 4248 1800 4322 βαρϐα
1810 4253 1967 4323 ρικάς
1983 4252 2082 4324 χώ-

413 4353 513 4410 ρας
535 4340 629 4393 καὶ
643 4341 743 4405 τάς
756 4341 1086 4414 Βρετανικάς
1111 4344 1305 4414 νήσους
1327 4343 1458 4399 εἵσω
1476 4345 1586 4400 τῶν
1604 4349 1822 4404 οἰκείων
1849 4349 2081 4406 δικτύων

409 4435 602 4490 ἔλαϐον
621 4453 635 4467 ·
667 4437 759 4490 καὶ
786 4438 1029 4508 ὅπουπερ
1053 4437 1120 4493 ἂν
1149 4439 1320 4512 ἀφίκῃ
1361 4440 1569 4507 λοιπὸν,
1605 4444 1714 4500 τῶν
1742 4444 1937 4500 ἀλιέων
1960 4446 2082 4518 ὄψει

407 4531 479 4585 τά
509 4532 748 4603 ὀνόματα
787 4537 844 4588 tv
875 4538 986 4598 τοῖς
1027 4536 1280 4590 ἀπάντων
1312 4538 1541 4609 στόμασι
1569 4538 1997 4614 περιφερόμενα,
2019 4544 2080 4598 οὐ

409 4629 499 4684 διὰ
528 4630 626 4701 τὴν
647 4630 754 4685 τῶν
782 4630 975 4686 ἀλιέων
1007 4633 1255 4704 δύναμιν,
1285 4634 1418 4689 ἀλλά
1437 4636 1535 4708 τὴν
1558 4635 1654 4690 τοῦ
1682 4638 2083 4709 σταυρωθέντος

417 4730 570 4799 ἰσχὺν
602 4729 702 4802 τὴν
745 4733 1019 4803 πανταχοῦ
1057 4734 1512 4806 προοδοποιοῦσαν
1564 4739 1778 4804 αὐτοῖς,
1827 4741 1921 4794 καὶ
1958 4742 2084 4806 τοὺς

415 4826 630 4892 ἰδιώτας
653 4829 763 4883 τῶν
788 4829 1094 4901 φιλοσόφων
1121 4835 1481 4905 σοφωτέρους,
1509 4837 1604 4890 καὶ
1631 4838 1757 4901 τοὺς
1785 4838 2085 4909 ἀγραμμά-

409 4942 540 4988 τους
572 4927 666 4980 καὶ
700 4927 896 4998 ἰχθύων
927 4930 1299 5004 ἀφωνοτέρους
1333 4932 1577 5003 ρητόρων
1603 4933 1697 4986 καὶ
1728 4933 2085 5007 λογογράφων

413 5022 508 5076 καὶ
550 5023 818 5093 σοφιστῶν
870 5026 1260 5097 εὐτονωτέρους
1298 5029 1723 5098 ἀποφαίνουσαν.
1772 5031 1864 5103 Μὴ
1906 5033 2086 5087 τοίνυν

412 5120 674 5194 αἰσχύνην
702 5140 784 5186 τις
816 5123 1522 5197 ήγείσοωτῆςἘκκλησίας,
1555 5127 1636 5180 ὅτι
1669 5127 1978 5200 βαρϐάρους
2009 5133 2089 5194 εἰς

418 5216 580 5285 μέσον
604 5217 900 5290 ἀναστῆναι
928 5223 1022 5274 καὶ
1049 5221 1220 5273 εἰπεῖν
1249 5223 1632 5292 παρεσκευάσα
1643 5238 1762 5294 μεν·
1797 5224 1954 5278 τοῦτο
1978 5224 2088 5298 γὰρ

413 5313 514 5384 τῆς
536 5319 859 5390 Ἐκκλησίας
876 5320 1098 5391 κόσμος,
1115 5317 1270 5371 τοῦτο
1300 5318 1681 5392 καλλώπισμα,
1703 5321 1861 5376 τοῦτο
1892 5323 1990 5393 τῆς
2029 5325 2087 5378 ἐν

416 5415 481 5484 τῇ
513 5413 692 5466 πίστει
725 5414 1008 5484 δυνάμεως
1048 5417 1356 5486 ἀπόδειξις·
1395 5418 1555 5472 τοῦτο
1595 5421 1688 5474 καὶ
1731 5423 1758 5474 ό
1804 5426 2090 5494 προφήτης

415 5505 621 5560 ἀνωθεν
643 5510 1046 5579 προαναφωνῶν
1066 5511 1250 5580 ἔλεγεν
1269 5525 1282 5541 ⁸
1303 5515 1426 5567 Οὐκ
1445 5513 1563 5568 εἰσί
1585 5517 1790 5570 λαλιαί
1816 5517 1959 5570 οὐδὲ
1985 5519 2088 5572 λό-

415 5620 528 5672 γοι,
553 5597 641 5656 ὧν
667 5606 804 5672 οῠχί
836 5606 1156 5662 ἀκούονται
1185 5613 1244 5663 al
1275 5610 1466 5680 φωναὶ
1494 5611 1692 5666 αὐτῶν
1711 5629 1728 5647 ο
1763 5615 1851 5679 εἰς
1881 5613 2088 5670 πᾶσαν

418 5698 536 5764 τὴν
556 5695 674 5766 γῆν
696 5697 956 5767 ἐξῆλθεν
975 5703 1008 5755 ό
1027 5704 1283 5775 φθόγγος
1302 5704 1523 5773 αὐτῶν,
1536 5708 1635 5762 καί
1656 5710 1739 5774 εἰς
1765 5709 1839 5763 τὰ
1859 5709 2088 5779 πέρατα

423 5791 534 5863 τῆς
569 5795 921 5863 οἰκουμένης
949 5798 1020 5852 τὰ
1041 5799 1277 5868 ῥήματα
1313 5801 1528 5856 αὐτῶν.
1574 5801 1744 5859 Τοῦτο
1784 5805 1874 5876 καὶ
1902 5805 2085 5878 ἕτερος

1247 350 1305 406 8.
1336 350 1618 407 JO.\NNIS
1647 351 2134 411 CIIRYSOSTOMI
2169 357 2484 424 ARCXIIEP.
2527 368 3068 431 CONSTANTINOP.

3745 379 3851 438 509.

2173 484 2503 556 παραδηλῶν
2520 491 2920 565 πάλιν,ἐτέροις
2937 498 3174 567 ῥήμασιν
3189 497 3433 569 ᾐνίττετο
3454 500 3645 570 λέγων·
3665 505 3852 560 Δύκοι

2172 579 2270 632 καί
2298 580 2478 649 ἄρνες
2503 584 2620 655 ἅμα
2645 587 3177 660 βοσκηθήσονται,
3220 595 3318 649 καί
3358 595 3654 666 πάρδαλις
3697 618 3853 656 συν-

2171 679 2587 764 αναπαύσεται
2644 683 2855 754 ἐρίφῳ,
2921 687 3018 741 καὶ
3065 688 3221 744 λέων
3276 691 3356 758 ὡς
3392 692 3550 759 ,βοῦς
3597 695 3848 764 φάγεται

2171 762 2366 834 ἄχιιρα
2384 785 2398 800 ο
2425 769 2485 824 οὐ
2527 773 2654 845 περὶ
2684 776 2911 831 λεόντων
2943 779 3036 833 καὶ
3064 781 3244 854 ἀρνῶν
3288 785 3382 838 καὶ
3410 762 3728 856 παρδάλεων
3757 790 3852 842 καὶ

2171 862 2375 933 ἐρίφων
2420 865 2805 940 διηγούμενος,
2841 874 2974 928 ἀλλά
3006 878 3409 948 προαναφωνῶν
3439 881 3571 952 ἡμῖν
3611 883 3705 936 καὶ
3741 884 3851 937 δει-

2171 961 2323 1023 κνὺς,
2372 963 2452 1016 ὅτι
2479 964 2543 1036 δὴ
2574 967 2634 1050 τὸ
2666 968 2929 1040 θηριῶδες
2962 971 3070 1026 τῶν
3103 973 3407 1045 ἀνθρώπων
3445 978 3525 1040 εἰς
3578 979 3850 1050 τοσαύτην

2170 1056 2290 1124 ἥξει
2311 1047 2625 1132 ήμερότητὲδι
2653 1068 2718 1135 τῇ
2749 1067 3034 1140 φιλοσοφίᾳ
3057 1069 3153 1123 τοῦ
3179 1071 3529 1142 κηρύγματος
3549 1047 3845 1144 κερασθὲν,

2171 1151 2312 1242 ῶστε
2346 1156 2483 1225 μετά
2525 1159 2632 1212 τῶν
2673 1163 2892 1235 ήμέρων
2925 1165 3019 1218 καὶ
3065 1169 3385 1234 πραοτάτων
3421 1168 3590 1242 [575]
3641 1171 3850 1238 ἀνδρῶν

2175 1241 2655 1318 συναγελάζεσθαι.
2676 1257 2780 1312 Καὶ
2799 1260 2955 1315 τοῦτο
2972 1265 3211 1335 σήμερον
3234 1265 3536 1332 ἑωράκατε,
3567 1241 3694 1330 τοὺς
3722 1267 3852 1320 πάν-

2173 1364 2280 1400 των
2295 1349 2596 1422 ἀνθρώπων
2619 1355 3125 1432 βαρϐαρικωτέρους
3149 1361 3285 1431 μετὰ
3298 1356 3507 1427 τῶντῆς
3524 1361 3850 1431 Ἐκκλησίας

2175 1443 2462 1514 προϐάτων
2491 1450 2750 1516 ἑστῶτας,
2780 1454 2874 1506 καὶ
2907 1456 3092 1526 κοινὴν
3121 1452 3286 1510 οὖσαν
3313 1456 3411 1527 τὴν
3444 1457 3613 1528 νομὴν
3641 1461 3734 1512 καί
3759 1459 3846 1512 τὸν

2174 1529 2340 1600 σηκὸν
2373 1532 2493 1598 ἕνα,
2525 1538 2619 1590 καὶ
2651 1539 2779 1608 μίαν
2810 1539 2981 1595 ἅπασι
3011 1542 3286 1614 τράπεζαν
3313 1545 3706 1616 προκειμένην.

2245 1637 2311 1706 β’.
2355 1642 2804 1712 Δίσχυνέσθωσαν
2855 1646 3092 1702 Ἰουδαῖοι
3131 1647 3180 1701 οἰ
3220 1648 3288 1702 τά
3317 1648 3620 1720 γράμματα
3654 1649 3850 1717 ἀναγι-

2174 1733 2492 1802 νώσκοντες,
2517 1742 2611 1794 καὶ
2638 1744 2705 1797 τά
2734 1745 2982 1816 νοήματα
3015 1747 3333 1814 ἀγνοοῦντες
3353 1765 3367 1779 ·
3396 1747 3849 1816 ἐγκαλυπτέσθω-

2177 1848 2274 1886 σαν
2309 1831 2586 1907 Ἕλληνες,
2629 1843 2729 1910 τῆς
2759 1841 2973 1907 ἀκτῖνος
2999 1844 3297 1915 φανοτέραν
3321 1845 3554 1914 ὁρῶντες
3585 1846 3684 1915 τὴν
3713 1845 3849 1916 ἀλήο

2176 1927 2325 1984 θειαν
2367 1931 2706 2003 λάμπουσαν,
2740 1941 2789 1992 οἱ
2828 1942 2938 2004 ¹ιιοῖς
2975 1941 3142 2006 λίθοις
3175 1942 3630 2013 παρακαθήμενοι
3655 1945 3752 1995 καὶ
3788 1942 3850 1995 τδ

2178 2025 2366 2090 σκότος
2385 2028 2670 2096 διώκοντες
2685 2049 2698 2063 ·
2726 2035 3148 2102 καλλωπιζέσθω
3171 2034 3508 2108 ὴἚκκλησία
3539 2038 3571 2107 ή
3596 2037 3684 2090 διά
3706 2038 3850 2091 πάν-

2173 2141 2284 2178 των
2319 2126 2606 2197 λάμπουσα
2637 2131 2730 2184 καὶ
2769 2134 3064 2205 πετομένη.
3101 2136 3314 2206 Ὥσπερ
3343 2134 3452 2206 γάρ
3483 2134 3633 2206 ἥλιος
3672 2134 3850 2197 κοινὸς

2173 2221 2269 2272 καὶ
2302 2223 2370 2294 γῆ
2404 2225 2554 2296 κοινὴ
2581 2228 2674 2280 καὶ
2699 2227 2937 2283 θάλαττα
2969 2231 3064 2284 καὶ
3088 2230 3216 2304 ἀὴρ,
3244 2230 3414 2296 οὕτως
3449 2229 3628 2302 πολλῷ
3658 2242 3684 2271 ι
3721 2231 3851 2301 μᾶλ-

2174 2315 2264 2370 λον
2315 2320 2344 2372 ό
2393 2321 2485 2374 τοῦ
2526 2323 2881 2396 κηρύγματος
2917 2325 3072 2396 λόγος
3123 2328 3341 2397 ἐγένετο
3389 2328 3597 2391 κοινός·
3637 2327 3717 2381 διδ
3755 2327 3850 2381 καὶ

2176 2415 2387 2482 Παῦλος
2413 2419 2595 2489 ἔλεγεν
2619 2439 2632 2452 ·
2673 2423 2796 2477 Ἵνα
2832 2424 2964 2478 τινὰ
3000 2427 3232 2495 καρπὸν
3274 2426 3404 2498 σχῶ
3447 2427 3545 2482 καί
3589 2426 3658 2479 ὲν
3690 2425 3848 2495 ὑμῖν.

2175 2517 2371 2584 καθὼς
2397 2517 2493 2572 καὶ
2530 2519 2600 2572 ἐν
2628 2521 2749 2588 τοῖς
2789 2523 3023 2588 λοιποῖς
3047 2521 3307 2577 ἔθνεσιν.
3351 2521 3617 2588 Ἕλλησί
3658 2539 3722 2574 τε
3749 2521 3848 2575 καί

2170 2611 2520 2682 βαρϐάροις,
2559 2615 2773 2685 σοφοῖς
2815 2635 2879 2674 τε
2909 2619 3006 2674 καὶ
3045 2619 3324 2687 ἀνοήτοις
3357 2619 3668 2689 ὀφειλέτης
3694 2620 3811 2686 εἰμί
3831 2635 3846 2649 ο

2175 2710 2327 2764 οὕτω
2354 2713 2417 2765 τὸ
2454 2715 2582 2767 κατ’
2610 2714 2714 2783 ἐμὲ
2746 2718 3052 2785 πρόθυμον
3094 2718 3194 2772 καί
3222 2716 3364 2787 ὑμῖν
3400 2717 3524 2782 τοῖς
3557 2717 3627 2770 έν
3661 2715 3850 2784 Ῥώμῃ

2128 2820 2146 2827 '
2174 2808 2700 2876 εὐαγγελίσασθαι.
2724 2811 2834 2866 Καὶ
2855 2811 2906 2864 τί
2933 2812 3230 2882 θαυμάζεις
3253 2815 3301 2866 εἰ
3324 2815 3380 2866 tv
3399 2815 3464 2884 τῇ
3493 2815 3689 2883 Καινῇ,
3716 2814 3849 2865 ὅπου

2175 2902 2269 2955 καὶ
2301 2905 2360 2957 ἐν
2388 2906 2452 2974 τῇ
2487 2904 2694 2977 Παλαιᾷ
2717 2907 2779 2960 τὸ
2806 2907 2938 2961 αὐτὸ
2962 2908 3120 2962 ’τοῦτο
3148 2910 3377 2979 γίνεται.
3413 2907 3474 2964 '0
3501 2909 3608 2980 γάρ
3637 2908 3851 2979 πρῶτος

2177 3001 2270 3054 καὶ
2292 3002 2388 3078 τῆς
2403 3001 2724 3075 Ἑκκλησίας
2745 3005 2959 3074 καὶτῆς
2973 3005 3309 3078 Συναγωγῆς
3337 3006 3600 3076 πρόγονος
3621 3005 3851 3076 γενόμε-

2177 3113 2266 3160 νος
2285 3137 2299 3157 .
2334 3099 2557 3152 ἐκείνων
2589 3101 2686 3170 μὲν
2715 3101 2856 3154 κατά
2886 3103 3094 3172 σάρκα,
3139 3105 3173 3172 ἡ
3185 3103 3300 3174 μῶν
3349 3103 3407 3156 δὲ
3437 3101 3580 3156 κατά
3612 3101 3847 3170 πνεῦμα,

2181 3193 2453 3266 βάρϐαρος
2472 3191 2541 3268 ἦν
2565 3197 2660 3250 καὶ
2687 3199 2749 3250 ἐκ
2773 3199 2942 3268 μέσης
2970 3200 3228 3272 Περσίδος
3250 3201 3431 3271 ἦγετο.
3454 3202 3482 3254 ὁ
3510 3200 3854 3270 πατριάρχης

2180 3290 2321 3360 λέγω
2363 3291 2645 3364 Ἀϐραὰμ,
2686 3295 2780 3347 καὶ⁵
2825 3294 2946 3350 οὔτε
2998 3298 3342 3368 γραμμάτων
3401 3295 3674 3360 ἀκούσας,
3727 3292 3854 3348 οὔτε

2179 3390 2515 3461 προφητείας
2575 3392 2886 3463 μετασχὼν,
2937 3394 2998 3448 οὐ
3038 3396 3126 3449 τὸν
3163 3394 3484 3449 διδάσκοντα
3535 3391 3708 3464 ἔχων,
3755 3391 3855 3463 οὐχ

2180 3487 2420 3558 ἰστορίαν
2451 3485 2743 3556 δεξάμενος
2762 3506 2776 3520 ·
2819 3487 2970 3542 οῦπω
3012 3489 3121 3558 γάρ
3151 3483 3219 3559 ἦν
3245 3488 3485 3557 Μωῦσῆς
3525 3486 3821 3556 γενόμενος
3843 3479 3862 3513 ”’

2179 3571 2238 3625 οὐ
2268 3572 2377 3626 τῶν
2413 3573 2519 3644 πρὸ
2545 3573 2707 3628 αὐτοῦ
2733 3593 2786 3629 τι
2818 3574 3024 3646 μαθὼν,
3053 3575 3114 3629 ού
3139 3574 3209 3629 τά
3250 3577 3366 3647 μετ’
3409 3572 3576 3628 αὐτὸν
3620 3571 3856 3642 ἐσόμενα

2179 3669 2466 3741 διδαχθεὶς,
2507 3671 2621 3725 ἀλλ’
2665 3673 2724 3726 ἐν
2767 3673 2910 3744 μέσῃ
2950 3675 3016 3744 τῇ
3060 3672 3284 3742 Περσῶν
3314 3670 3468 3742 χώρᾳ
3509 3667 3718 3740 τεχθεὶς
3761 3665 3854 3718 καὶ⁵

2180 3767 2424 3838 τραφεὶς.
2449 3768 2620 3833 οὕτως
2643 3767 2837 3840 ἀθρόον
2854 3769 3267 3840 ἐφιλοσόφησεν,
3297 3768 3372 3830 ὡς
3400 3766 3495 3820 καὶ
3521 3765 3620 3835 τῆς
3648 3764 3858 3832 Καινῆς

2181 3863 2352 3918 πολλά
2392 3864 2679 3938 προλαϐεῖν
2725 3865 3093 3937 ἐπιτάγματα,
3126 3866 3219 3919 καὶ
3255 3865 3342 3919 διά
3381 3864 3491 3916 τῶν
3529 3863 3704 3934 ἔργων
3741 3863 3857 3912 ἐπι-

2179 3960 2473 4028 δείξασθαι.
2512 3963 2622 4016 Καὶ
2649 3963 2758 4036 γὰρ
2797 3962 3152 4034 κελευόμενος
3184 3961 3418 4028 ἐξελθεῖν
3451 3960 3559 4016 ἀπὸ
3601 3959 3703 4030 τῆς
3747 3975 3856 4012 πα·

2181 4057 2379 4127 τρίδος.
2427 4057 2522 4112 καλ⁵
2566 4059 2782 4128 ἀφεῖναι
2827 4059 3002 4112 οἰκίαν
3049 4059 3142 4112 καὶ
3187 4058 3372 4127 φίλους
3409 4056 3504 4111 καὶ
3555 4054 3857 4122 συγγενεῖςν

2183 4152 2278 4206 καὶ
2305 4151 2479 4206 ἐλθεῖν
2510 4153 2600 4206 ἐπὶ
2632 4153 2730 4225 τὴν
2755 4154 3061 4225 ἀλλοτρίαν,
3087 4154 3240 4208 οὐδὲν
3273 4152 3472 4207 ἔπαθεν
3497 4147 3856 4220 ἀνθρώπινον,

2182 4249 2304 4303 οὐδὲ
2344 4250 2656 4323 συμπαθείᾳ
2684 4251 2983 4322 κατεσχέθη
3006 4291 3022 4314 ,
3059 4250 3180 4304 οὐδὲ
3207 4249 3490 4318 ἐλογίσατο
3527 4246 3664 4318 πρὸς
3698 4243 3859 4300 αὑτὸν

2183 4345 2278 4399 καὶ
2311 4341 2466 4401 εἶπεν
2489 4364 2504 4379 ο
2543 4343 2627 4401 Τά
2660 4348 2870 4420 φανερά
2907 4349 3002 4401 καὶ
3047 4345 3181 4418 δῆλα
3213 4345 3403 4414 ἀφεὶς,
3437 4343 3531 4397 ἐπὶ
3563 4341 3632 4396 τά
3676 4340 3858 4411 ἀφανῆ

2185 4441 2280 4495 καὶ
2307 4441 2476 4512 ἄδηλα
2507 4441 2913 4511 ἀπελεύσομαις
2945 4439 3082 4495 ἀλλά
3123 4440 3224 4510 τὴν
3255 4439 3435 4492 πίστιν
3465 4435 3658 4509 ὁδηγὸν
3696 4434 3856 4506 ἔχων,

2185 4537 2280 4591 καὶ
2306 4536 2399 4590 τοῦ
2429 4535 2563 4590 Θεοῦ
2585 4538 2683 4608 τὴν
2709 4536 3001 4607 ὑπόσχεσιν
3023 4537 3143 4589 ἀντὶ
3169 4534 3474 4606 βακτηρίας
3495 4531 3858 4604 κτησάμενος,

2184 4631 2254 4686 τά
2283 4633 2380 4703 μὲν
2409 4634 2465 4685 ἐν
2489 4633 2673 4702 χερσὶν
2700 4632 2872 4702 ἠφίει,
2900 4631 2971 4685 τὰ
3010 4631 3068 4684 δέ
3109 4632 3165 4684 ἐν
3199 4629 3374 4683 ἐλπίσι
3408 4627 3824 4701 προσελάμϐανε
3843 4641 3855 4655 ⁶

2187 4733 2282 4786 καὶ
2329 4733 2440 4802 γὰρ
2483 4731 2576 4784 καὶ
2615 4729 2756 4784 κατά
2787 4729 2943 4783 τοῦτο
2978 4726 3421 4798 τῆςἙκκλησίας
3460 4725 3722 4797 πρόγονος
3769 4719 3858 4794 ἦν.

2186 4828 2298 4882 Καὶ
2328 4825 2435 4896 γὰρ
2461 4827 2554 4879 καὶ¹
2587 4827 2747 4896 ἡμεῖς
2771 4824 3104 4896 κελευόμεθα
3123 4823 3232 4876 τῶν
3269 4823 3367 4894 μὲν
3393 4821 3659 4893 βιωτικῶν
3694 4822 3862 4892 ὑπερ-

2188 4925 2318 4995 ορᾷν
2342 4921 2685 4993 πραγμάτων
2717 4921 2812 4975 καὶ
2839 4919 2949 4973 τῶν
2973 4921 3329 4992 φαινομένων,
3351 4919 3485 4990 πρὸς
3513 4918 3569 4971 δὲ
3597 4918 3664 4972 τά
3689 4917 3858 4987 ἄδηλα

2187 5019 2285 5091 τὴν
2317 5017 2506 5072 ἐλπίδα
2530 5018 2744 5082 τείνειν,
2772 5017 2865 5070 καὶ
2889 5019 2988 5088 τὴν
3021 5017 3203 5069 πίστιν
3229 5018 3469 5085 κρατεῖν,
3493 5015 3590 5084 τὴν
3614 5014 3860 5082 ἄγκυραν

2186 5119 2284 5188 τῆς
2306 5113 2578 5186 ἡμετέρας
2603 5111 2897 5182 σωτηρίας,
2921 5113 3015 5165 καὶ
3040 5113 3223 5164 ἐκεῖνα
3250 5109 3430 5181 ζητεῖν
3455 5126 3469 5140 ο
3496 5109 3577 5161 διὸ
3599 5109 3692 5162 καὶ
3716 5107 3861 5161 Ιῐαῦ-
3926 5163 3928 5165 _

2186 5209 2277 5274 λος
2304 5209 2456 5278 ἔλεγε
2476 5225 2489 5239 ’
2519 5207 2598 5276 Τῇ
2621 5208 2733 5276 γὰρ
2760 5205 2958 5261 ἐλπίδι
2986 5206 3321 5275 ἐσώθημεν·
3346 5204 3520 5268 ἐλπίς
3541 5203 3608 5256 δὲ
3634 5203 3861 5268 βλεπο-

2183 5305 2336 5378 μένη
2369 5307 2480 5358 οὐκ
2505 5305 2676 5358 ἔστιν
2695 5304 2873 5369 ἐλπίς
2890 5319 2906 5334 ·
2934 5303 3027 5356 καὶ
3057 5301 3217 5356 πάλιν
3235 5340 3250 5362 ,
3282 5299 3351 5356 Τὸ
3373 5305 3485 5368 γὰρ
3523 5298 3862 5367 παραυτίκα

2188 5401 2452 5471 ἐλαφρὸν
2488 5399 2600 5470 τῆς
2637 5401 2900 5469 θλίψεως
2947 5396 3147 5468 ἡμῶν,
3196 5397 3325 5452 καθ’
3377 5393 3722 5464 ὑπερϐολὴν
3775 5395 3878 5458 εἰς·

2189 5497 2535 5567 ὑπερϐολὴν
2559 5496 2799 5552 αἰώνιον
2817 5497 3011 5564 ,βάρος
3034 5495 3220 5562 δόξης
3250 5489 3659 5563 κατεργάζεται
3694 5489 3859 5558 ἡμῖν.

2184 5593 2270 5665 μὴ
2308 5593 2704 5649 σκοπούντων
2748 5589 2920 5662 ἡμῶν
2959 5589 3034 5645 τὰ
3065 5591 3438 5658 βλεπόμενα,
3471 5589 3632 5642 ἀλλὰ
3671 5585 3742 5640 τὰ
3773 5585 3862 5654 μὴ

2183 5692 2552 5761 βλεπόμενα.
2603 5688 2946 5756 Ἐξελθὼν-δέ
2981 5690 3086 5743 ἀπὸ
3119 5690 3214 5760 τῆς
3247 5687 3500 5760 πατρίδας
3530 5687 3558 5738 ό
3595 5685 3862 5756 μακάριος

2252 5818 2276 5842 ⁸
2303 5812 2423 5874 [.93.
2446 5811 2572 5861 οὕτω
2591 5811 2670 5858 καί
2689 5809 2870 5871 πολλῷ.
