4138 6472
374 344 483 400 50]

375 484 534 539 abiis
552 483 641 554 qui
668 483 917 554 ejusdem
946 483 1138 553 lingua:
1168 490 1344 546 erant,
1374 480 1648 534 confutata
1670 478 1820 531 fuere
1845 494 1859 536 ;
1894 486 1993 527 no-

370 584 491 629 stra
522 590 654 630 vero
680 577 842 630 etiam
870 576 1008 644 apud
1033 588 1322 629 extraneos
1351 574 1573 626 multant
1605 571 1710 624 vim
1743 570 1943 622 habent
1973 610 1985 622 .

370 677 437 722 et
473 669 559 721 illa
610 668 829 737 quidem
883 669 1090 721 facilius
1130 682 1290 736 quam
1322 681 1536 719 aranea:
1584 663 1684 717 tela
1735 662 1992 731 dissipata

372 769 540 823 sunt;
575 758 692 814 hmo
721 768 902 813 autem
933 758 1139 813 firmius
1161 774 1320 829 quam
1346 757 1565 811 adamas
1592 756 1753 810 infixa
1785 766 1931 808 sunt.

454 852 706 907 Barbarae
733 863 905 924 gentes
933 852 1000 905 ad
1026 852 1180 921 [idem
1202 867 1457 906 conversa:
1490 852 1784 919 Scripturns
1812 851 1863 902 in
1891 849 1994 903 lin-

374 963 542 1017 guam
563 962 710 1000 suam
728 944 1285 1001 converterunt.â€”Ubi
1308 955 1432 999 sunt
1447 959 1588 998 nunc
1615 944 1705 997 illa
1736 943 1996 1006 Platonis,

383 1040 719 1113 Pythagora:
763 1047 823 1095 et
850 1055 1038 1095 eorum
1080 1039 1169 1110 qui
1218 1038 1448 1094 Athenis
1492 1038 1681 1094 erant?
1732 1037 1999 1091 exstincta

378 1143 537 1187 sunt.
589 1131 690 1189 Ubi
720 1141 845 1186 sunt
884 1132 973 1186 illa
1007 1134 1333 1202 piscatorum
1360 1143 1415 1189 et
1446 1132 1800 1187 tentoriorum
1830 1130 2001 1185 artifi-

378 1225 682 1281 cum?non
716 1225 771 1279 in
798 1224 981 1279 Judzea
1015 1225 1213 1292 solum,
1244 1225 1339 1281 sed
1365 1224 1527 1280 etiam
1550 1225 1689 1296 apud
1715 1224 2000 1279 barbaram

383 1320 656 1392 linguam,
681 1330 736 1374 ut
767 1318 930 1375 hodie
959 1319 1206 1383 audistis,
1233 1320 1570 1392 splendidius
1597 1334 1757 1391 quam
1785 1318 1867 1372 sol
1888 1319 2002 1387 ipse

382 1416 596 1481 fulgent
618 1431 632 1467 :
653 1423 708 1467 et
724 1412 941 1484 Scytha:
966 1422 1019 1466 et
1040 1413 1279 1469 Thraces
1301 1422 1354 1467 et
1384 1412 1646 1468 Sarmata:
1670 1422 1723 1466 et
1752 1410 1921 1465 Mauri
1948 1419 2005 1466 et

386 1507 506 1561 ludi
538 1517 594 1561 et
622 1506 712 1576 qui
748 1503 815 1560 ad
858 1517 1097 1561 extrema
1140 1506 1287 1561 orbis
1331 1505 1490 1561 sedes
1522 1504 1754 1567 habent,
1788 1504 1852 1559 iis
1881 1520 2002 1574 quze

381 1602 593 1671 scripta
649 1611 776 1655 sunt
833 1598 888 1654 in
940 1600 1174 1669 linguam
1228 1615 1379 1654 suam
1435 1598 1733 1663 translatis,
1769 1598 2004 1667 philoso-

384 1694 628 1762 phantur
658 1710 671 1745 :
707 1693 846 1759 haec,
872 1692 1109 1764 inquam,
1140 1707 1257 1763 qua:
1272 1707 1340 1748 ue
1354 1708 1449 1763 per
1486 1692 1755 1746 somnium
1783 1690 1999 1762 quidem

385 1786 674 1857 imaginati
704 1797 831 1841 sunt
861 1786 932 1854 ii,
965 1786 1054 1857 qui
1082 1785 1221 1856 apud
1251 1784 1473 1842 Graecos
1503 1785 1720 1839 barbam
1755 1793 2003 1853 gestant,

382 1893 443 1937 et
472 1882 724 1953 scipione
768 1897 864 1937 eos
892 1882 982 1954 qui
1027 1882 1129 1938 sibi
1159 1884 1209 1937 in
1258 1882 1373 1937 foro
1398 1891 1693 1938 occurrunt
1726 1892 2002 1945 amovem,

385 1976 479 2046 qui
500 1974 733 2044 capillos
753 1974 950 2044 capitis
972 1974 1195 2044 agitant,
1218 1974 1433 2030 leonum
1460 1975 1630 2044 magis
1648 1988 1805 2043 quam
1833 1973 2007 2028 homi-

388 2082 521 2121 num
556 2066 748 2120 faciem
780 2080 895 2137 prae
915 2080 975 2121 se
1005 2064 1261 2121 ferentes.
1293 2065 1398 2122 Sed
1433 2074 1613 2121 nostra
1645 2082 1751 2121 non
1779 2075 1907 2122 sunt
1933 2066 2005 2120 si-

391 2160 576 2223 milia;
610 2173 710 2214 nce
740 2157 794 2212 ln
828 2159 1049 2223 vestitu,
1076 2159 1171 2213 sed
1197 2159 1247 2213 in
1282 2158 1637 2229 temperantia
1668 2159 2006 2229 philosophia

402 2254 505 2305 sita
535 2261 637 2306 est.
663 2252 796 2306 Nam
826 2254 1086 2307 meretrix
1122 2253 1364 2324 quidem,
1408 2262 1593 2323 utpote
1625 2268 1744 2324 qum
1777 2255 2007 2309 naturali

412 2358 521 2395 non
544 2343 732 2413 gaudet
750 2343 1176 2415 pulchritudine,
1200 2345 1341 2410 fuco,
1364 2345 1610 2414 picturis,
1640 2346 1835 2401 vestitu
1863 2347 2007 2414 albo,

411 2435 636 2506 aliisque
650 2436 912 2493 similibus
928 2438 1158 2503 artibus,
1185 2454 1344 2492 manu
1370 2440 1750 2493 concinnatam
1769 2438 1869 2495 sibi
1889 2455 2011 2494 con-

403 2528 548 2581 ciliat
575 2527 824 2593 formam,
864 2529 1168 2585 naturalem
1213 2529 1543 2585 abumbrans
1565 2530 1967 2587 deformitatem
1999 2550 2011 2585 :

397 2636 518 2692 quae
556 2636 683 2676 vero
719 2638 787 2677 cx
821 2633 1011 2677 natura
1039 2621 1277 2677 furnmsa
1312 2631 1418 2687 est,
1449 2624 1684 2695 gratiosa
1713 2634 1767 2679 et
1816 2625 2013 2680 nubilis

394 2713 595 2781 puella,
621 2724 831 2769 natura:
860 2715 1063 2769 donum
1093 2715 1293 2770 nudum
1321 2716 1472 2783 sinit,
1499 2724 1557 2770 ut
1584 2732 1679 2786 per
1696 2733 1755 2772 se
1782 2732 2012 2773 concer-

394 2812 493 2869 tet,
520 2820 629 2859 non
663 2806 911 2876 indigens
943 2806 1219 2861 similibus
1248 2806 1500 2873 auxiliis;
1533 2806 1628 2862 sed
1660 2808 1748 2863 illa
1767 2808 2009 2879 depellit,

392 2913 465 2952 ne
488 2899 794 2953 naturalem
826 2898 1054 2953 formam
1086 2898 1392 2969 bujusmodi
1423 2914 1523 2956 ceu
1551 2900 1870 2956 velamentis
1914 2901 2013 2956 ob-

391 3000 601 3045 scnret.
636 2991 750 3046 lloc
773 2993 896 3047 etin
928 2992 1189 3054 Ecclesia,
1208 3002 1260 3049 et
1276 2991 1689 3063 apudexternos
1705 2994 1887 3049 videre
1907 3004 2010 3050 est.

392 3082 476 3138 Illi
500 3085 649 3138 enim
672 3099 798 3139 cum
825 3085 1125 3140 naturalem
1154 3085 1615 3157 pulchritudinem
1634 3103 1739 3142 non
1760 3088 2012 3156 habeant,

390 3192 578 3248 neque
612 3178 816 3248 pietate
846 3193 970 3235 sese
1000 3194 1194 3235 ornare
1223 3181 1457 3250 possint,
1505 3182 1700 3254 lingua:
1732 3184 1975 3239 facundia
1997 3227 2012 3251 ,

390 3271 584 3326 verbis
613 3273 843 3327 tornatis
870 3272 1280 3342 dictionumqne
1305 3276 1718 3345 compositiOne.
1739 3291 1803 3331 ac
1822 3277 2014 3346 comis,

390 3364 650 3419 vestibus
680 3373 737 3421 et
765 3364 888 3419 aliis
919 3365 1243 3436 quibusdam
1278 3382 1337 3422 se
1360 3367 1721 3425 euhonestare
1756 3370 1973 3425 student
2000 3389 2013 3425 :

391 3458 547 3530 apud
582 3474 684 3514 nos
714 3468 896 3515 autem
929 3476 1035 3515 non
1067 3462 1138 3516 ita
1159 3502 1175 3526 ,
1209 3460 1304 3515 sed
1339 3460 1453 3518 lucc
1481 3464 1660 3517 otnnia
1693 3465 2018 3534 repellentes

394 3561 457 3607 et
481 3560 776 3607 externum
828 3552 1024 3606 fastum
1066 3552 1419 3622 repndiantes
1474 3557 1679 3620 nostri,
1716 3557 2016 3613 naturalem

393 3646 667 3703 exhibent
729 3646 1220 3716 pulchritudinem;
1271 3663 1377 3703 non
1431 3648 1662 3720 linguam
1713 3662 1967 3708 acuentes
2002 3697 2016 3719 ,

386 3754 513 3795 non
542 3740 865 3812 elegantiam
897 3743 1165 3797 sermonis
1185 3753 1466 3813 captantes
1486 3786 1501 3811 ,
1526 3745 1621 3800 sed
1653 3745 1703 3800 in
1731 3749 2024 3802 sententia-

396 3852 526 3890 rum
555 3835 751 3891 virtute
773 3837 1240 3907 pltiloSOphantes,
1262 3848 1422 3909 atque
1447 3854 1509 3893 ex
1530 3854 1751 3909 operum
1775 3842 2026 3914 exemplo

396 3938 459 3984 et
483 3946 552 3983 ex
592 3940 848 3985 accurato
876 3931 998 3985 vine
1044 3932 1291 3986 instituto
1321 3933 1708 3989 inhabitantem
1756 3936 1807 3990 in
1837 3952 1897 3992 se
1931 3938 2021 3992 Dei

399 4030 640 4099 gratiam
683 4045 780 4099 per
820 4043 1011 4084 omnes
1041 4030 1355 4100 przcdicant.
1390 4030 1515 4087 Ideo
1542 4032 1704 4088 etiam
1739 4049 1843 4088 non
1874 4035 2026 4091 habi-

402 4130 577 4175 tatam
617 4122 781 4177 modo
822 4130 1066 4186 terram,
1115 4123 1210 4177 sed
1241 4123 1633 4190 inltabitatam;
1680 4143 1785 4181 non
1827 4137 2023 4184 terram

401 4213 610 4278 solum,
631 4212 726 4268 sed
747 4215 907 4267 etiam
937 4229 1119 4281 mare;
1150 4232 1256 4270 non
1288 4215 1447 4271 urbes
1477 4226 1711 4285 tantum,
1742 4220 1835 4274 sed
1862 4222 2023 4276 etiam

404 4316 659 4367 montes,
702 4306 871 4361 colles
913 4315 968 4361 et
996 4308 1192 4374 valles;
1238 4324 1345 4364 non
1376 4308 1639 4366 Grmeiam
1686 4311 1884 4380 modo,
1929 4313 2025 4371 sed

402 4400 577 4452 etiam
620 4398 878 4453 barbaras
919 4400 1197 4464 nationes;
1250 4416 1358 4455 non
1402 4417 1498 4457 eos
1541 4403 1629 4473 qui
1668 4405 1721 4460 in
1766 4404 2027 4477 dignitate

404 4502 657 4559 tantum,
691 4492 786 4547 sed
828 4502 883 4549 et
920 4508 1014 4547 eos
1041 4494 1131 4565 qui
1165 4497 1216 4549 in
1246 4504 1487 4552 extrema
1531 4509 1875 4568 paupertate;
1920 4518 2026 4558 non

405 4586 565 4639 viros
590 4584 765 4639 solum
789 4627 803 4651 ,
838 4585 932 4640 sed
963 4586 1124 4642 etiam
1157 4588 1437 4656 mulieres;
1468 4604 1576 4644 non
1605 4606 1765 4647 senes
1788 4601 2028 4658 tantum,

404 4675 509 4732 sed
535 4675 698 4730 etiam
728 4676 955 4746 juvenes
983 4685 1253 4749 tamquam
1286 4694 1479 4750 sngena
1513 4692 1793 4752 ceperunt.
1826 4683 1936 4741 Nec
1964 4701 2030 4741 eo

406 4784 588 4840 usque
612 4776 861 4835 tantum,
909 4770 1003 4826 sed
1049 4773 1211 4828 etiam
1246 4774 1471 4830 ulterius
1501 4787 1920 4846 processerunt,
1974 4789 2030 4835 et

402 4877 537 4918 cum
563 4877 669 4917 non
693 4862 827 4918 satis
855 4863 986 4933 ipsis
1005 4875 1151 4921 esset
1177 4875 1319 4920 terra
1345 4877 1548 4933 nostra,
1582 4868 1633 4923 in
1665 4869 1838 4939 ipsum
1863 4870 2029 4926 Occa-

404 4971 544 5012 num
581 4970 643 5010 se
671 4956 1043 5022 contulerunt,
1065 4956 1432 5028 barbarosque
1462 4960 1709 5030 regiones
1736 4971 1790 5017 ct
1818 4963 2029 5019 Britan-

404 5050 568 5106 nicas
598 5049 804 5105 insulas
833 5049 885 5104 in
911 5051 1117 5106 retibus
1148 5052 1260 5105 suis
1289 5053 1620 5109 incluserunt
1644 5073 1657 5109 :
1678 5062 1735 5110 et
1763 5072 2027 5125 quocum-

405 5157 521 5213 que
546 5142 661 5212 jam
691 5141 924 5211 abieris,
970 5143 1300 5214 piscatorum
1330 5147 1547 5201 nomina
1578 5148 1628 5201 in
1661 5148 1899 5204 omnium
1933 5166 2030 5205 ore

409 5234 549 5291 ferri
580 5234 825 5303 videbis;
859 5251 977 5292 non.
1000 5246 1222 5307 propter
1250 5238 1578 5309 piscatorum
1612 5239 1864 5296 virtutem
1888 5283 1901 5306 ,
1932 5242 2027 5299 sed

408 5339 644 5403 propter
668 5329 930 5385 Crueilixi
977 5331 1303 5401 potentiam,
1345 5347 1465 5402 qua:
1493 5333 1690 5405 ubique
1730 5334 1861 5404 ipsis
1888 5335 2030 5390 viam

410 5432 841 5491 monstraverat,
873 5432 1036 5496 atque
1062 5423 1254 5480 idiotas
1284 5424 1619 5496 philos0phis
1650 5427 2027 5497 saplcntioree,

410 5529 466 5574 Î±
490 5517 778 5574 illiteratos
796 5520 1073 5591 magisque
1092 5528 1268 5574 mutos
1293 5534 1451 5589 quam
1483 5520 1675 5589 pisces,
1702 5521 2029 5587 rhetoribus,

408 5612 731 5668 oratoribus
757 5619 812 5668 et
839 5613 1100 5683 sophistis
1128 5614 1413 5669 solidiores
1440 5613 1765 5669 reddiderat.
1798 5615 1875 5671 Ne
1901 5630 2031 5686 ergo

408 5707 540 5776 quis
574 5718 725 5778 putet
752 5708 804 5764 id
839 5709 1027 5778 pudori
1055 5724 1176 5765 esse
1208 5708 1483 5771 Ecclesi:e,
1516 5708 1659 5781 quod
1688 5709 1947 5766 barbaros
1977 5708 2031 5765 in

412 5797 602 5853 medio
628 5813 853 5871 surgere
873 5808 926 5856 et
958 5802 1101 5872 loqui
1129 5801 1547 5874 prreceperimus
1578 5819 1591 5855 :
1628 5801 1730 5856 hoc
1755 5802 1899 5858 enim
1930 5800 2035 5858 Ec-

414 5890 604 5949 clesiae
627 5905 853 5949 ornatus
871 5906 924 5951 et
940 5896 1123 5962 decor,
1147 5898 1260 5950 haec
1285 5895 1677 5952 demonstratio
1704 5907 1785 5953 est
1815 5895 2029 5954 virtutis

763 6009 1039 6072 PATROL.
1087 6012 1204 6073 (in.
1258 6012 1479 6076 LXIII.

972 338 1084 395 Vlll
1127 324 1431 401 llOMlLM,
1477 335 1730 393 HABITA
1775 332 2148 401 POSTQUAM
2193 333 2605 391 PRESBYTER
2646 335 2945 402 GOTIIUS,
2989 337 3143 393 ETC.

3599 340 3704 399 ÎµÎ´ÎµÎ¹

2104 481 2227 536 qua:
2265 468 2316 523 in
2350 469 2453 525 fide
2480 471 2579 525 sita
2606 481 2687 526 est
2723 491 2735 527 Î¹
2769 474 2868 527 hoc
2900 485 2953 529 et
2974 475 3239 545 Propheta
3282 478 3410 533 olim
3448 495 3701 549 prmuun-

2105 560 2277 627 tians,
2345 562 2559 617 dicebat
2592 582 2605 619 :
2640 565 2759 618 Non
2808 577 2926 619 sunt
2975 568 3191 635 loquela:
3228 587 3387 640 neque
3427 590 3704 637 sermones,

2103 667 2319 720 quarunt
2342 671 2443 708 non
2472 657 2750 711 audiantur
2780 675 2923 713 voces
2954 677 3129 715 eorum
3161 677 3179 715 :
3206 663 3258 716 in
3289 682 3486 719 onmem
3519 678 3705 721 terram

2104 747 2257 800 exivit
2287 764 2440 802 sonus
2468 765 2639 802 eorum
2661 792 2675 815 ,
2714 762 2759 803 et
2785 752 2835 805 in
2863 754 2991 820 ï¬nes
3017 756 3151 809 orbis
3184 766 3331 812 terra:
3358 761 3506 814 verba
3531 778 3706 815 eorum

2105 838 2278 909 (Psal.
2318 842 2402 897 l8.
2436 844 2489 898 4.
2522 844 2598 914 5).
2632 845 2743 901 Hoc
2769 856 2821 900 et
2843 849 2979 905 alius
3007 865 3216 906 rursum
3246 852 3559 922 declarans,
3586 858 3656 912 ali
3680 870 3708 914 Î¿

2106 934 2482 991 subindiCabat
2511 939 2719 1007 verbis,
2773 940 2961 995 dicens
2995 961 3008 997 :
3042 944 3178 1013 Lupi
3204 955 3251 999 et
3283 950 3405 1019 agni
3428 950 3584 1005 simul
3609 969 3706 1020 pa-

2106 1040 2346 1096 scentur,
2380 1041 2426 1085 et
2459 1034 2650 1101 pardus
2674 1036 2891 1105 quiescet
2922 1054 3036 1091 cum
3068 1039 3215 1094 liazdo
3234 1082 3250 1108 ,
3283 1051 3328 1096 et
3359 1042 3435 1097 leo
3466 1044 3595 1099 sicut
3621 1048 3709 1103 bos

2106 1122 2331 1176 comedet
2372 1124 2546 1191 paleas
2591 1124 2854 1194 (Isui.65.
2888 1128 2980 1200 9.5)
3018 1149 3031 1185 :
3066 1146 3169 1187 nou
3208 1133 3275 1188 de
3320 1134 3594 1204 leonibus,
3640 1139 3711 1195 de

2106 1212 2291 1281 agnis,
2320 1213 2387 1267 de
2415 1216 2597 1285 pardis
2617 1260 2631 1281 ,
2674 1219 2743 1275 dc
2772 1220 2938 1278 laedis
2970 1224 3229 1295 loquens,
3258 1227 3354 1283 sed
3381 1231 3534 1286 nobis
3566 1248 3708 1303 prae-

2112 1304 2369 1360 nuntians
2385 1315 2441 1362 et
2470 1310 2779 1380 significans
2819 1312 2934 1370 fore
2957 1326 3010 1371 ut
3041 1332 3102 1372 ea
3130 1334 3253 1388 pars
3284 1319 3560 1379 hominum
3589 1340 3712 1397 quae

2112 1397 2281 1454 ferina
2313 1412 2448 1468 erat,
2481 1404 2533 1481 in
2556 1421 2673 1460 eam
2705 1408 2887 1463 veniat
2915 1413 3383 1470 mansuetudinem
3407 1430 3502 1487 per
3521 1420 3716 1488 praedi-

2110 1494 2338 1549 cationis
2368 1495 2762 1567 philosophiam
2793 1505 3199 1571 temperata,ita
3230 1515 3288 1561 ut
3314 1522 3436 1563 cum
3467 1526 3714 1569 mansue-

2111 1585 2179 1639 tis
2206 1594 2261 1640 et
2286 1588 2584 1645 mitissimis
2606 1593 2734 1647 viris
2756 1597 3061 1652 conveniat.
3093 1598 3159 1653 Et
3192 1599 3293 1655 hoc
3323 1601 3483 1658 hodie
3501 1605 3714 1671 videtis,

2111 1694 2207 1734 eos
2266 1696 2481 1752 nempe,
2532 1684 2621 1755 qui
2676 1702 2785 1756 pra:
2838 1691 3088 1745 (Î·Î¹Î·Î¹á½¶á½ºÎ¹Î¹Îµ
3138 1691 3450 1751 hominibus
3503 1698 3718 1755 barbari

2112 1778 2298 1837 erant,
2324 1788 2446 1829 cum
2507 1776 2767 1833 Ecclesiae
2798 1780 2988 1837 ovibus
3019 1793 3256 1852 stantes,
3286 1787 3589 1861 iisdemque
3619 1806 3718 1861 pa-

2115 1864 2257 1915 scuis
2286 1875 2447 1935 atque
2477 1868 2666 1925 eadem
2697 1872 2845 1927 caula
2879 1884 3111 1941 utentes,
3145 1892 3417 1952 unamque
3461 1884 3718 1941 omnibus

2114 1967 2417 2025 apposnam
2452 1974 2716 2017 mensam.

2186 2048 2242 2102 2.
2286 2049 2617 2107 Ernbescant
2641 2054 2810 2111 Judaei
2829 2099 2844 2124 ,
2868 2059 2956 2130 qui
2982 2060 3163 2117 literas
3191 2062 3396 2135 legunt,
3422 2077 3474 2122 et
3499 2082 3718 2124 sensum

2121 2137 2369 2211 ignorant
2403 2161 2415 2195 :
2448 2160 2558 2215 pra:
2577 2148 2781 2215 pudore
2811 2166 2870 2205 se
2902 2152 3421 2226 obtegamgenliles,
3448 2161 3536 2229 qui
3569 2163 3721 2218 radio

2115 2234 2277 2289 solari
2304 2236 2588 2293 clariorem
2622 2241 2802 2296 vident
2832 2244 3113 2300 veritatem
3161 2249 3538 2318 splendentem
3560 2297 3575 2320 ,
3627 2256 3722 2325 qui

2118 2323 2386 2393 lapidibus
2413 2330 2685 2397 assident,
2731 2342 2787 2387 et
2816 2336 3065 2390 tenebras
3088 2350 3389 2409 sequuntur
3421 2359 3434 2397 :
3464 2323 3723 2413 glorietur

2118 2419 2378 2489 Ecclesia,
2399 2438 2516 2491 qua:
2544 2424 2681 2494 apud
2710 2442 2897 2483 omnes
2925 2430 3090 2500 fulget
3110 2445 3165 2487 et
3192 2434 3390 2489 evolat.
3411 2435 3721 2495 Sicntenim

2118 2513 2199 2568 sol
2227 2518 2530 2572 communis
2556 2529 2639 2574 est
2666 2529 2721 2575 et
2750 2532 2890 2577 terra
2921 2527 3222 2582 communis
3246 2568 3261 2595 ,
3293 2537 3353 2585 ut
3396 2539 3453 2586 et
3493 2548 3641 2589 mare
3669 2546 3725 2590 et

2118 2622 2214 2661 aer
2250 2625 2264 2660 :
2298 2608 2398 2675 sic,
2436 2620 2491 2665 et
2522 2613 2886 2685 multomagis
2924 2618 3069 2673 verbi
3106 2620 3417 2689 praedicatio
3460 2623 3600 2681 facta
3643 2639 3727 2683 est

2119 2704 2422 2759 Communis
2453 2723 2465 2759 :
2503 2706 2731 2778 ideoque
2762 2709 2956 2766 Paulus
2984 2712 3197 2769 dicebat
3228 2733 3241 2768 :
3276 2716 3343 2772 Ut
3366 2718 3586 2790 aliquem
3611 2725 3726 2792 fru-

2120 2806 2256 2848 ctum
2297 2796 2512 2853 habeant
2555 2811 2600 2855 et
2632 2802 2685 2856 in
2714 2803 2853 2859 vobis
2872 2846 2887 2870 ,
2931 2808 3061 2861 sicut
3091 2819 3137 2863 et
3173 2810 3226 2864 in
3253 2815 3446 2868 ueteris
3473 2818 3726 2886 gentibus.

2124 2885 2315 2945 Cra-cis
2361 2907 2422 2945 ac
2461 2892 2710 2963 barbaris,
2744 2899 3054 2968 sapientibus
3081 2910 3125 2955 et
3153 2885 3507 2975 insipientibus
3534 2908 3729 2964 debitor

2121 2999 2236 3036 sum
2266 3000 2284 3037 :
2310 2984 2382 3039 ita
2408 2996 2454 3039 ct
2483 2987 2535 3041 in
2565 3005 2644 3043 me
2666 3003 2956 3064 promptum
2984 3005 3056 3050 est
3086 3005 3134 3051 ct
3160 2997 3213 3053 in
3242 3000 3380 3055 vobis
3401 3043 3417 3069 ,
3447 3002 3534 3071 qui
3551 3002 3732 3059 Romae

2125 3079 2276 3145 estis,
2329 3083 2677 3153 euangelizare
2706 3084 2882 3155 (Rom.
2922 3088 2971 3143 Î™Î¹
3000 3089 3218 3163 13-15).
3268 3092 3335 3149 Et
3362 3094 3489 3165 quid
3518 3096 3733 3153 miraris

2126 3172 2170 3226 si
2202 3172 2253 3227 in
2282 3172 2458 3240 Novo,
2514 3177 2730 3247 quando
2770 3181 2931 3236 etiam
2986 3182 3037 3238 in
3071 3183 3247 3241 Veteri
3284 3186 3515 3258 idipsum
3546 3189 3727 3248 fiebat.

2128 3264 2260 3320 Nam
2294 3266 2497 3337 primus
2519 3278 2573 3325 et
2604 3269 2863 3327 Ecelesim
2888 3282 2943 3327 et
2972 3274 3271 3349 Synagoga:
3304 3282 3636 3351 progenitor,
3668 3281 3733 3338 il-

2128 3358 2303 3415 lorum
2330 3361 2548 3433 quidem
2578 3366 2874 3422 secundmn
2905 3383 3149 3437 carnem,
3183 3374 3354 3428 nostri
3388 3390 3517 3431 vero
3538 3391 3735 3433 secun-

2125 3451 2253 3508 dum
2299 3454 2579 3523 spiritum,
2639 3457 2900 3515 barbarus
2936 3471 3053 3518 erat
3094 3472 3149 3519 et
3189 3480 3253 3519 ex
3296 3465 3472 3521 media
3514 3469 3736 3526 Perside

2128 3541 2444 3612 ducebatur,
2496 3549 2803 3617 patriarcha
2848 3567 3043 3623 nempe
3087 3556 3361 3612 Abraham
3398 3577 3411 3614 :
3459 3570 3514 3615 et
3560 3579 3736 3634 neque

2130 3636 2315 3693 literas
2343 3640 2606 3709 audierat,
2639 3659 2815 3715 neque
2848 3647 3145 3718 prophetia:
3175 3656 3444 3722 particeps
3472 3664 3610 3721 erat,
3636 3672 3738 3712 nec

2130 3730 2219 3800 qui
2244 3745 2301 3785 se
2322 3732 2546 3789 doceret
2575 3735 2829 3803 habebat,
2856 3754 2956 3795 nec
2985 3741 3263 3797 historiam
3289 3746 3532 3801 audierat
3558 3765 3571 3813 ;
3604 3765 3740 3805 nou-

2132 3824 2258 3878 dmn
2297 3826 2440 3881 enim
2476 3838 2705 3884 venerat
2728 3829 2978 3903 Moyses;
3010 3848 3110 3889 nec
3136 3836 3412 3908 quidpiam
3440 3855 3470 3894 a
3504 3841 3740 3912 majori--

2135 3915 2234 3970 bus
2276 3919 2572 3987 didicerat,
2608 3938 2783 3993 neque
2825 3939 2888 3980 ea
2932 3941 3053 3998 qua:
3095 3939 3219 4001 post
3267 3947 3327 3988 se
3370 3934 3547 3991 futura
3584 3948 3743 3995 erant

2136 4011 2362 4067 edoctus
2395 4014 2598 4083 fuerat;
2646 4019 2740 4073 sed
2781 4019 2832 4075 in
2864 4022 3039 4078 media
3069 4025 3355 4082 Persarum
3388 4032 3608 4100 regione
3641 4049 3740 4088 na-

2137 4112 2223 4157 tus
2252 4115 2305 4159 et
2346 4106 2640 4175 educatus,
2693 4110 2763 4166 ita
2806 4123 3031 4183 repente
3073 4118 3480 4190 Î¼Î¹á½¶Î¹Î¿ÎµÎ¿Î½Î¹Î¹Î¹Î¹Î¹Î¹Î¹Îµ
3513 4133 3631 4192 est,
3685 4137 3744 4182 ut

2134 4200 2295 4254 etiam
2319 4199 2451 4255 Novi
2475 4202 2806 4261 Testatncnti
2832 4209 2993 4263 multa
3020 4224 3423 4283 praeoccuparet
3446 4229 3741 4288 pra-cepta,

2135 4302 2189 4346 et
2219 4307 2313 4362 per
2343 4309 2505 4365 opera
2533 4295 2839 4354 exhiberet.
2874 4299 3087 4357 Etenim
3111 4303 3297 4373 jussus
3336 4309 3517 4379 egredi
3541 4323 3605 4365 ex
3650 4327 3742 4382 pa-

2154 4386 2252 4438 tria
2274 4427 2289 4449 ,
2339 4395 2393 4442 et
2430 4386 2651 4443 domum
2692 4396 2944 4447 deserere
2969 4403 3025 4449 et
3053 4397 3256 4452 amicos
3280 4408 3331 4454 ct
3361 4411 3619 4472 cognatos
3641 4445 3655 4470 ,
3687 4415 3742 4460 et

2136 4482 2321 4534 venire
2349 4481 2400 4536 in
2417 4481 2647 4538 alienam
2681 4495 2898 4553 terram,
2933 4490 3064 4545 nihil
3098 4506 3288 4562 passus
3311 4505 3394 4551 est
3421 4495 3745 4565 humanum,

2136 4588 2310 4643 neque
2342 4589 2407 4628 ex
2434 4575 2626 4631 affectu
2658 4577 2910 4635 detentus
2942 4591 3045 4647 est,
3072 4600 3248 4658 neque
3275 4590 3415 4659 apud
3449 4605 3508 4647 se
3538 4595 3743 4665 cogita.

2135 4667 2209 4719 vit
2239 4678 2291 4721 et
2321 4669 2459 4725 dixit
2484 4687 2496 4724 :
2527 4672 2659 4740 Qua:
2681 4673 2963 4731 manifesta
2996 4685 3051 4733 et
3076 4679 3221 4735 clara
3252 4692 3379 4739 sunt
3409 4686 3744 4758 relinquens.

2139 4761 2203 4812 ad
2236 4762 2439 4817 incerta
2474 4773 2529 4820 et
2556 4765 2782 4823 obscura
2813 4784 2899 4823 me
2931 4769 3257 4828 conferam?
3309 4776 3403 4832 sed
3443 4779 3604 4835 fidem
3652 4781 3747 4837 ha-

2141 4853 2273 4908 bens
2301 4855 2399 4910 via:
2438 4856 2668 4925 ducem,
2717 4867 2771 4914 et
2812 4860 2906 4916 Dei
2950 4864 3367 4933 promissionem
3417 4886 3514 4939 Iro
3555 4872 3746 4929 baculo

2140 4961 2424 5003 assumens
2450 4989 2463 5013 ,
2498 4964 2618 5019 qum
2646 4965 2757 5020 prm
2788 4953 3036 5008 manibus
3064 4954 3294 5011 habebat
3325 4961 3576 5031 reliquit;
3621 4980 3742 5034 qua:

2141 5055 2270 5094 vero
2298 5042 2351 5096 in
2383 5056 2481 5113 spe
2509 5084 2522 5106 ,
2551 5046 2760 5114 accepit
2806 5066 2818 5101 :
2866 5048 3065 5103 etenim
3096 5060 3148 5104 et
3180 5052 3472 5107 secundum
3505 5052 3607 5109 hoc
3637 5056 3739 5111 Ec.

2140 5133 2321 5187 clesia:
2353 5136 2665 5205 progenitor
2704 5136 2824 5192 fuit.
2868 5139 3000 5193 Nam
3034 5149 3085 5195 et
3114 5155 3211 5196 nos
3237 5142 3490 5211 jnbemur
3516 5161 3605 5202 res
3637 5163 3742 5203 Ste-

2140 5226 2350 5283 culares
2391 5227 2671 5299 despicere
2716 5240 2770 5286 et
2815 5242 3130 5300 extraneas,
3176 5244 3231 5290 et
3272 5235 3340 5291 ad
3390 5239 3599 5295 occulta
3646 5256 3746 5312 spe

2140 5321 2455 5389 intendere,
2502 5333 2557 5380 et
2599 5323 2758 5379 fidem
2793 5334 2977 5381 tenere
3005 5341 3259 5383 ancoram
3286 5331 3476 5388 salutis
3518 5343 3742 5401 nostrze,

2139 5426 2195 5468 et
2226 5416 2312 5469 illa
2342 5430 2612 5487 quaerere.
2639 5415 2764 5474 ldco
2786 5418 2949 5474 etiam
2975 5418 3173 5476 Paulus
3195 5421 3405 5479 dicebat
3436 5426 3583 5498 :Spe
3611 5429 3745 5484 enim

2141 5516 2270 5572 salvi
2301 5514 2424 5586 facti
2454 5531 2631 5569 sumus
2665 5528 2684 5569 :
2724 5533 2838 5589 spes
2881 5525 3051 5572 autem
3085 5531 3198 5589 qua:
3224 5519 3443 5589 videtur,
3483 5522 3597 5595 jam
3641 5541 3745 5583 non

2143 5620 2214 5664 est
2262 5625 2376 5678 spes
2416 5607 2594 5679 (Rom.
2627 5608 2681 5665 8.
2713 5608 2806 5682 21)
2837 5621 2929 5666 :et
2961 5626 3209 5678 rursum,
3241 5610 3308 5666 Id
3327 5615 3460 5668 enim
3482 5657 3497 5681 ,
3520 5617 3658 5686 quod
3687 5616 3743 5675 in

2145 5700 2389 5775 prtesenti
2410 5712 2482 5757 est
2516 5713 2920 5757 montentanenm
2946 5713 2993 5758 et
3034 5703 3138 5759 leve
3161 5703 3502 5762 n'ibulationis
3524 5718 3734 5775 nostrw,

2144 5809 2303 5866 supra
2338 5795 2545 5851 modum
2584 5797 2639 5850 in
2683 5795 2992 5854 sublimitate
3031 5806 3275 5852 telernum
3314 5798 3494 5870 gloria:
3537 5802 3743 5869 pondus

2148 5899 2388 5964 operatur
2414 5890 2465 5945 in
2496 5890 2680 5957 nobis;
2722 5907 2823 5946 nou
2871 5890 3331 5964 contemplantibus
3356 5893 3498 5947 nobis
3523 5909 3639 5964 quis
3663 5887 3739 5950 rl-

3322 6019 3403 6084 25

3749 6098 3755 6103 Î¹
3780 6074 3804 6109 J
