4138 6474
518 332 543 386 ἓ
556 331 624 384 0'3

509 449 716 513 dentur,
760 446 850 503 scd
877 461 990 517 qua!
1019 462 1119 499 non
1168 443 1400 497 videntur
1451 442 1527 509 (Ξ.
1579 440 1699 498 Cor.
1741 443 1795 497 4.
1844 442 1931 496 i7.
1979 441 2092 510 l8).

582 543 840 597 Abraham
878 539 1159 609 apostolica
1190 544 1443 607 precepta
1472 534 1707 605 operibus
1748 534 1997 589 exhibuit.
2034 562 2102 583 ,—

512 636 772 705 Egressus
799 639 976 686 autem
1018 644 1049 684 e
1095 628 1264 697 patria
1296 628 1485 683 beatus
1513 626 1598 681 hic
1628 625 1898 681 Abraham
1925 665 1941 691 ,
1974 640 2098 679 cum

508 732 560 780 in
590 727 760 780 aliena
790 720 1056 793 tugurium
1107 719 1313 775 fixisset
1336 759 1352 781 ,
1398 717 1693 787 apostolica
1735 732 1925 773 rursus
1961 731 2100 785 prm-

505 827 660 888 cepta
690 815 939 886 operibus
951 813 1231 869 exhibuit.
1268 813 1558 883 Postquam
1580 811 1724 866 enim
1753 810 2097 881 splendidum

505 908 637 964 illud
698 916 957 975 tropzeum
1002 913 1293 970 erexerat,
1342 902 1774 973 stupemlamque
1817 900 2097 957 victoriam

513 999 791 1061 retulerat,
825 1006 878 1051 et
902 996 1158 1051 barbaros
1188 995 1432 1059 vicerat,
1465 1010 1571 1049 non
1601 994 1801 1049 virtute
1826 992 2095 1062 corporis,

500 1093 599 1148 sed
645 1092 767 1146 fidei
800 1091 1077 1156 polentia,
1126 1104 1249 1143 cum
1276 1088 1345 1142 ah
1390 1089 1457 1142 iis
1501 1088 1591 1158 qui
1640 1088 1843 1142 servati
1888 1085 2100 1142 fuerant

502 1184 806 1240 mercedem
830 1184 1069 1238 laborum
1100 1181 1349 1251 accipere
1365 1180 1670 1250 jnheretur;
1697 1180 1927 1235 barbaro
1947 1194 2099 1234 nam-

502 1292 608 1348 que
638 1276 735 1331 sibi
769 1275 982 1331 dicente
1002 1314 1017 1340 ,
1052 1274 1238 1343 Accipe
1288 1281 1341 1325 tu
1370 1288 1549 1341 equos,
1589 1280 1634 1325 et
1659 1271 1728 1325 da
1756 1270 1897 1325 nobis
1922 1271 2097 1337 viros;

502 1370 630 1440 quid
652 1368 768 1423 ait?
790 1365 1028 1422 Extende
1056 1352 1269 1420 manum“
1288 1381 1452 1418 nteant
1481 1364 1551 1417 ad
1578 1362 1741 1418 Deum
1767 1363 2093 1428 altissimum,

501 1464 548 1517 si
589 1476 828 1531 accepero
855 1475 888 1514 a
917 1469 963 1513 te
988 1475 1019 1511 a
1047 1457 1278 1529 funiculo
1306 1472 1463 1526 usque
1490 1458 1557 1509 ad
1584 1455 1855 1526 corrigiam
1895 1454 2098 1509 calcea-

504 1556 660 1609 mcnti
687 1553 706 1625 (
735 1551 865 1608 Gen.
897 1553 984 1607 14.
1017 1551 1109 1607 21.
1137 1550 1227 1604 22.
1257 1549 1329 1604 25
1351 1550 1390 1621 ).
1442 1548 1630 1604 Viden’
1659 1545 1931 1619 quomodo
1957 1561 2096 1617 pra:-

501 1656 719 1717 ceptum
751 1644 879 1698 illud
902 1642 1273 1713 evangelicum
1302 1638 1568 1710 implevit,
1598 1636 1775 1693 Gratis
1800 1637 2091 1707 accepistis,

498 1739 661 1811 gratis
685 1737 804 1792 date
831 1737 850 1810 (
876 1735 1065 1790 Matth.
1101 1735 1190 1791 10.
1224 1734 1343 1806 8)?
1390 1733 1603 1805 Moyses
1633 1745 1847 1803 quoque
1874 1731 1927 1786 in
1962 1730 2092 1786 bar-

500 1810 679 1887 barica
702 1830 862 1887 domo
882 1828 1138 1884 educatus
1158 1836 1240 1883 est
1263 1835 1316 1881 et
1341 1827 1530 1891 erevit;
1554 1834 1790 1879 attamen
1812 1824 1947 1879 nihil
1969 1824 2092 1880 inde

500 1923 681 1978 damni
731 1923 981 1994 accepit,
1033 1920 1128 1977 sed
1179 1921 1341 1975 etiam
1399 1920 1494 1976 ille
1531 1918 1942 1989 philosophatus
1965 1926 2088 1986 est,

501 2033 608 2072 Ιὶσιη
652 2017 831 2073 minus
857 2030 1018 2086 quam
1063 2012 1364 2084 patriarcha
1391 2053 1406 2077 ,
1454 2011 1807 2084 Sybaritioum
1847 2024 2090 2067 mensam

500 2109 774 2174 irridens,
832 2108 1157 2178 illorumque
1209 2105 1418 2161 deliciis
1470 2105 1759 2161 sublimior
1818 2103 2089 2171 ellectus,

498 2205 713 2259 divitias
738 2217 1002 2273 spernens
1028 2209 1082 2255 et
1111 2215 1333 2270 regnum
1383 2197 1709 2270 Egyptiqoe
1732 2206 1945 2266 sceptra
1974 2212 1990 2261 ;
2022 2195 2089 2252 ad

497 2298 669 2353 lutum
695 2304 873 2350 autem
905 2304 959 2350 et
987 2293 1279 2348 lateritium
1310 2306 1445 2362 opus
1472 2305 1533 2347 se
1561 2300 1757 2361 Spttltle
1792 2288 2087 2344 transtulit.

496 2392 731 2460 ideoque
789 2387 986 2443 Paulus
1040 2386 1214 2456 ipsum
1266 2383 1576 2445 adrnirans,
1624 2381 1879 2438 dicebat:
1914 2379 2092 2451 Majo-

494 2499 575 2536 rcs
613 2480 816 2551 divitias
842 2488 1027 2551 putans
1056 2493 1208 2549 quam
1255 2473 1479 2547 ngypti
1507 2474 1792 2540 thesauros,
1827 2473 2087 2544 imprope-

494 2576 630 2628 rium
651 2572 838 2637 Christi
868 2572 885 2643 (
909 2569 1067 2625 Hebr.
1092 2571 1181 2625 Η.
1204 2567 1279 2624 26
1298 2570 1340 2639 ).
1366 2567 1573 2624 Deinde
1595 2568 1784 2622 horum
1813 2566 2090 2621 doctorem

498 2670 763 2721 bonorum
791 2664 1086 2721 ostendens
1112 2662 1347 2718 addebat
1374 2663 1560 2718 dicens
1585 2680 1599 2718 :
1623 2661 1936 2717 lnvisibilem
1957 2661 2090 2717 enim

495 2774 756 2833 tamquam
796 2761 972 2815 videns
1012 2759 1254 2815 sustinuit
1280 2774 1299 2814 :
1330 2757 1474 2829 quod
1516 2758 1766 2813 maxima:
1797 2759 1917 2814 lidei
1948 2766 2086 2814 erat.

494 2857 573 2912 Ne
599 2872 727 2927 ergo
755 2854 944 2926 pudori
989 2853 1040 2908 id
1084 2852 1242 2908 nobis
1268 2867 1390 2908 esse
1420 2862 1667 2923 putemus
1695 2851 1839 2923 quod
1876 2852 2086 2908 barbari

497 2954 551 3005 in
582 2950 809 3005 ecclesia
837 2949 946 3002 sint
969 2988 985 3013 ,
1030 2946 1124 3002 sed
1155 2947 1333 3017 potius
1368 2946 1538 3002 multo
1566 2956 1885 3002 ornamento
1915 2964 1929 3002 :
1957 2961 2082 3001 nam

496 3057 549 3099 et
580 3045 694 3113 ipse
729 3040 986 3096 Dominus
1017 3048 1203 3096 noster
1232 3039 1390 3095 Jesus
1416 3036 1668 3095 Christus
1693 3079 1709 3105 ,
1762 3054 1885 3095 cum
1915 3040 1968 3095 in
1997 3056 2087 3094 or-

498 3138 618 3191 hem
653 3146 812 3190 terrae
840 3134 1100 3196 venisset,
1130 3132 1393 3188 barbaros
1416 3133 1622 3203 primos
1661 3133 1897 3189 vocavit.
1932 3132 2089 3188 Post-

495 3245 659 3296 quam
686 3228 830 3282 enim
863 3235 1020 3280 natus
1060 3234 1143 3281 est
1186 3234 1241 3280 et
1269 3225 1324 3279 in
1350 3224 1618 3296 praesepio
1659 3224 1867 3295 positus
1892 3267 1906 3293 ,
1950 3225 2089 3296 magi

495 3339 561 3377 ex
593 3321 812 3377 Perside
841 3320 1136 3384 venientes,
1164 3320 1340 3389 ipsum
1368 3318 1748 3374 adoraveruut.
1778 3316 1823 3373 Ο
1847 3332 2014 3374 novas
2037 3325 2091 3374 et

483 3416 901 3484 .inexspectatas
918 3427 1005 3467 res
1032 3413 1045 3466 !
1077 3426 1203 3483 rege
1227 3411 1446 3483 quidem
1471 3410 1524 3465 in
1554 3409 1739 3466 urbem
1759 3409 2087 3480 ingressum,

497 3507 794 3561 velamenta
822 3517 877 3560 et
902 3504 1176 3575 lampades
1201 3503 1518 3574 eriguntur;
1553 3510 1610 3558 et
1634 3502 1722 3572 qui
1752 3503 1806 3558 in
1829 3501 2091 3573 dignitate

480 3607 548 3652 .et
576 3598 811 3668 potentia
839 3606 966 3653 sunt
993 3610 1182 3651 omnes
1211 3595 1310 3665 ipsi
1334 3595 1548 3650 obviam
1577 3592 1803 3651 veniunt
1826 3609 1948 3649 cum
1972 3593 2088 3650 ele—

493 3692 638 3761 ganti
667 3699 861 3747 ornatu
886 3732 903 3758 ,
946 3700 1000 3746 et
1029 3689 1172 3745 tibiae
1196 3732 1215 3757 ,
1261 3688 1453 3744 fistulae
1481 3728 1498 3751 .
1545 3687 1773 3743 cithara:
1800 3727 1816 3752 ,
1847 3696 1902 3743 et
1929 3702 2090 3742 omne

494 3785 714 3839 ltltlSiCtB
753 3797 962 3854 genus;
1012 3793 1068 3838 et
1117 3781 1442 3837 vestimenta
1494 3788 1620 3836 sunt
1664 3779 1989 3850 splendida,
2036 3786 2092 3834 et

493 3875 733 3938 corollae,
758 3882 813 3928 et
837 3874 1005 3929 multa
1029 3881 1114 3929 est
1134 3870 1530 3942 magniﬁcentia
1560 3888 1574 3924 :
1604 3869 1749 3941 Rege
1773 3878 1955 3925 autem
1979 3884 2089 3924 ca:-

478 3950 671 4020 llorum
700 3965 1010 4035 ingressuro
1036 3964 1089 4018 in
1115 3963 1336 4029 orbem,
1369 3961 1503 4016 nihil
1530 3961 1708 4017 simile
1735 4004 1751 4027 ,
1786 3960 1884 4016 sed
1911 3960 2091 4016 omnia

494 4056 763 4113 contraria
794 4074 807 4110 :
841 4057 1110 4128 tugurium
1139 4063 1194 4111 et
1220 4054 1627 4110 tabernaculum
1649 4063 1704 4110 et
1728 4068 1971 4125 praesepe
1989 4095 2006 4120 ,
2035 4061 2093 4110 et

498 4159 670 4206 mater
697 4150 839 4218 vilis,
869 4157 928 4205 ut
952 4148 1258 4214 videbatur;
1287 4147 1467 4218 inopia
1502 4148 1667 4202 multa
1696 4155 1748 4203 et
1776 4154 2088 4218 paupertas.

496 4242 680 4312 Αιιμιί,
704 4242 747 4295 si
766 4240 1045 4307 voluisset,
1065 4239 1252 4296 venire
1278 4240 1692 4311 poteratcmlum
1713 4253 2086 4305 commovens,

498 4343 695 4389 terram
722 4332 991 4404 quatiens,
1024 4331 1233 4402 fulgura
1256 4332 1477 4388 mittens
1505 4348 1518 4387 :
1545 4340 1601 4387 et
1636 4331 1766 4401 quid
1793 4330 1910 4388 ιιωο
1936 4331 2092 4390 dico?

494 4428 540 4481 si
569 4424 762 4480 nudam
788 4424 957 4480 solam
982 4424 1315 4480 divinitatem
1342 4424 1706 4491 ostendisset,
1751 4433 1956 4496 quanto
1978 4441 2095 4479 ma-

492 4520 584 4586 jus
612 4517 715 4571 hoc
738 4531 843 4570 non
866 4514 1059 4572 fuisset
1082 4518 1229 4571 omni
1257 4516 1547 4587 splendore
1569 4525 1625 4572 et
1642 4516 1960 4573 festivitate?
1985 4516 2092 4572 Sed

501 4624 607 4665 non
636 4608 707 4662 ita
734 4606 900 4673 fecit;
937 4624 1045 4664 non
1090 4608 1232 4664 enim
1264 4609 1495 4679 perdere
1518 4650 1534 4677 ,
1581 4609 1675 4664 sed
1705 4609 1887 4665 salvos
1913 4609 2092 4666 facere

499 4702 753 4769 volebat;
796 4716 904 4757 non
952 4700 1378 4773 perterrefaccre
1402 4743 1418 4767 ,
1465 4702 1562 4759 scd
1591 4703 1865 4773 corrigere
1889 4744 1904 4768 ,
1929 4712 1983 4759 et
2023 4703 2093 4760 ab

499 4795 655 4848 initio
705 4792 901 4849 fastum
955 4793 1248 4863 humanum
1277 4795 1487 4852 calcare
1515 4802 1570 4849 et
1597 4796 1959 4866 arrogantiam
1999 4795 2095 4852 de—

501 4885 754 4955 primere.
783 4882 906 4939 Ideo
925 4899 1030 4938 non
1055 4883 1230 4938 solum
1258 4883 1317 4939 lit
1342 4883 1526 4948 homo,
1557 4883 1651 4938 sed
1678 4899 1880 4956 pauper
1904 4884 2091 4954 homo,

498 4987 553 5032 et
581 4986 806 5031 matrem
838 4976 996 5030 talem
1021 4975 1238 5046 deligit,
1267 4990 1331 5031 ac
1356 4975 1714 5032 diversorium
1741 4978 1867 5044 vile;
1913 4990 2094 5036 extre-

501 5084 646 5123 mum
679 5068 1005 5139 paupertatis
1040 5068 1333 5122 terminum
1356 5066 1425 5121 ab
1455 5067 1608 5123 initio
1630 5077 1684 5124 et
1706 5069 1773 5123 ah
1796 5069 1912 5140 ipso
1940 5082 2095 5141 partu

499 5149 852 5232 ampletnens.
885 5161 1141 5231 Quanam
1164 5201 1180 5226 ,
1205 5161 1294 5217 die
1317 5160 1468 5230 mihi,
1499 5163 1713 5230 mulier,
1743 5163 1951 5219 etiamsi
1979 5179 2096 5220 ont-

504 5255 650 5309 nium
671 5256 903 5311 maxime
926 5254 1082 5326 inops
1104 5252 1285 5322 fuerit,
1304 5256 1514 5312 etiamsi
1537 5257 1869 5324 mendicans,
1899 5259 2093 5314 lectum

478 5336 611 5404 ‘nun
631 5332 811 5411 habet,
843 5349 930 5402 ubi
968 5359 1174 5417 partum
1200 5349 1455 5404 infantem
1487 5350 1746 5406 reclinet?
1771 5354 1841 5406 At
1869 5352 1958 5407 ille
1989 5368 2093 5407 non

503 5441 555 5493 in
589 5440 731 5495 lecto
766 5439 1129 5496 reclinabatur
1151 5481 1166 5505 ,
1204 5440 1300 5496 sed
1331 5440 1382 5495 in
1408 5441 1672 5512 praesepio
1692 5441 2008 5512 simpliciter
2041 5451 2098 5498 et

501 5542 794 5601 utcumque
820 5569 837 5594 ,
879 5539 935 5584 et
982 5531 1035 5584 in
1093 5532 1326 5600 tugurio,
1379 5548 1484 5590 nec
1527 5533 1580 5588 in
1610 5532 1931 5592 diversorio.
1973 5534 2098 5591 lltec

501 5633 629 5678 sunt
653 5623 929 5695 ingressus
954 5622 1072 5695 ejus
1099 5625 1379 5694 protemia,
1404 5625 1481 5681 ita
1503 5626 1781 5697 splendida
1810 5635 1866 5683 et
1889 5627 2093 5697 magni-

508 5715 630 5769 lica.
672 5712 809 5771 Cum
851 5714 1011 5772 audis
1060 5715 1401 5785 ingressum,
1452 5732 1524 5773 ne
1569 5717 1853 5774 transitum
1884 5733 1950 5775 ex
1979 5718 2098 5776 loco

486 5810 714 5891 cogites
736 5850 753 5878 ,
797 5807 893 5866 sed
922 5807 1240 5865 mouentia:
1265 5810 1787 5879 attemperationcm.

1065 330 1125 388 3.
1164 327 1441 386 JOA'NNIS
1466 325 1941 387 οηιιγεθδτωιι
1980 326 2292 387 ARCillEl’.
2333 328 2870 388 CONSTANTINOP.

3680 330 3799 392 ’ΚΜ

2282 441 2334 496 ’5.
2382 444 2589 497 liti-nim
2623 444 2818 498 Paulus
2841 460 2963 501 cum
2993 447 3068 501 ait
3093 489 3108 510 ,
3153 447 3283 503 Cum
3310 460 3478 505 autem
3507 466 3687 506 rursus
3717 453 3798 506 in-

2206 534 2488 587 troduxerit
2516 534 2909 607 Primogenitum
2937 538 2989 591 in
3006 538 3175 592 orbem
3195 538 3382 611 (Hebr.
3404 542 3454 597 Ι.
3471 542 3552 610 6),
3574 540 3798 611 dispen-

2205 626 2467 681 sationem
2494 627 2645 682 nobis
2666 630 2950 685 annuntiat
2983 648 2996 684 :
3030 633 3120 701 qui
3154 633 3298 687 enim
3332 634 3530 704 ubique
3559 650 3802 703 praeeris

2205 725 2311 783 est,
2327 726 2383 773 et
2403 721 2582 774 omnia
2601 719 2807 792 implet,
2830 736 3061 792 quonam
3083 724 3189 779 intr
3201 726 3392 781 τνθῑίιῖ
3412 727 3506 781 sed
3532 727 3674 781 illam
3702 743 3799 797 per

2204 811 2561 866 (eeonomiam
2601 811 3092 869 manifestationcm
3123 816 3203 871 sic
3230 817 3462 872 vocavit.
3512 817 3797 888 Ingressus

2205 902 2383 973 itaque
2409 904 2460 958 in
2489 906 2674 960 orbem
2700 947 2719 973 ,
2763 922 2884 962 eum
2935 908 3023 963 vili
3072 906 3260 965 habitu
3299 909 3563 977 intravit,
3597 910 3797 968 fastum

2203 996 2416 1052 calcans
2437 1038 2453 1063 ,
2483 1000 2847 1070 arrogantiam
2878 999 3215 1071 deprimens,
3258 1004 3514 1059 omnibus
3560 1004 3797 1058 suadens

2204 1097 2263 1143 ut
2291 1089 2573 1147 moderate
2597 1100 2780 1162 agant,
2804 1102 3173 1164 paupertatem
3197 1110 3266 1151 ne
3287 1106 3633 1152 contemnant
3660 1112 3798 1154 neve

2201 1184 2605 1242 mendicitatem
2633 1186 2952 1260 despiciant;
2989 1189 3056 1245 ad
3081 1189 3294 1245 divitias
3339 1206 3408 1246 ne
3453 1190 3694 1258 inhient,
3725 1208 3796 1248 ne

2201 1276 2327 1346 quid
2365 1292 2616 1349 magnum
2667 1294 2789 1335 esse
2833 1289 3022 1351 putent
3062 1280 3356 1336 humanum
3405 1280 3646 1349 fastum,
3695 1283 3794 1338 sed

2202 1367 2392 1424 umbra
2446 1370 2784 1439 tenuiorem,
2840 1372 2983 1437 foliis
3026 1372 3312 1439 viliorem,
3342 1383 3399 1428 et
3424 1375 3649 1430 somniis
3697 1375 3795 1429 iat-

2201 1456 2474 1516 liciorem.
2509 1460 2786 1531 Ingressus
2814 1478 2946 1534 ergo
2971 1465 3234 1519 barbaros
3264 1466 3495 1530 vocavit,
3530 1481 3628 1521 nec
3654 1468 3794 1520 sim-

2201 1553 2412 1624 pliciter
2442 1555 2720 1622 harbaros,
2761 1556 2857 1612 sed
2886 1571 3071 1628 magos
3092 1597 3111 1624 ,
3162 1559 3454 1628 pessimum
3497 1558 3792 1628 impietatis

2197 1661 2387 1717 genus.
2426 1646 2561 1714 Quia
2586 1647 2728 1702 enim
2755 1649 2934 1704 omnia
2963 1649 3016 1704 in
3045 1649 3177 1705 orbe
3204 1649 3345 1705 male
3369 1648 3561 1704 alfecta
3589 1657 3785 1715 erant,

2197 1750 2251 1794 et
2282 1739 2526 1809 impietas
2557 1740 2754 1812 ubique
2772 1741 3173 1808 dominabatur,
3205 1742 3470 1814 nidorque
3493 1753 3548 1799 et
3570 1743 3787 1811 fumus;

2196 1845 2261 1887 ac
2302 1847 2480 1902 neque
2527 1832 2612 1888 lex
2656 1833 2927 1904 quidpiam
2981 1844 3238 1905 poterat,
3287 1850 3463 1905 neque
3508 1836 3789 1906 propheta

2195 1923 2654 1992 emcndaverant,
2707 1939 2813 1979 non
2845 1925 3047 1980 monita
3077 1925 3205 1997 quid
3257 1926 3634 1996 profecerant,
3680 1942 3787 1982 non

2195 2015 2475 2084 miracula,
2504 2032 2612 2071 non
2641 2018 2986 2088 supplicium,
3018 2033 3126 2073 non
3160 2033 3333 2088 penum
3357 2036 3372 2083 ;
3392 2028 3449 2074 et
3481 2028 3620 2091 terra
3657 2034 3787 2074 san-

2194 2109 2359 2179 guine
2402 2108 2636 2164 humano
2666 2109 3042 2179 pollueliatur,
3086 2120 3143 2166 et
3190 2122 3381 2167 natura
3424 2113 3536 2183 ipsa
3566 2114 3785 2182 ignora-

2194 2200 2354 2258 batur
2399 2218 2570 2258 :natn
2619 2201 3023 2259 [inmolaverunt
3067 2206 3203 2275 [ilics
3233 2222 3353 2261 suos
3398 2216 3445 2261 et
3476 2207 3614 2277 filias
3659 2222 3782 2262 snas

2195 2294 2462 2350 daemoniis
2504 2294 2523 2367 (
2549 2293 2695 2350 Psal.
2736 2297 2859 2352 105.
2893 2297 3006 2367 57)
3038 2314 3051 2351 :
3083 2296 3274 2352 altaria
3322 2298 3742 2353 destruebantur
3768 2338 3785 2361 ,

2190 2385 2474 2458 pr0pbeta:
2525 2388 2955 2453 occidebantur,
3008 2404 3074 2444 ac
3130 2389 3389 2461 templum
3457 2388 3673 2460 pietatis
3731 2389 3786 2445 in

2195 2479 2390 2537 rudera
2447 2496 2662 2537 versum
2715 2491 2799 2539 est
2847 2494 2901 2539 et
2930 2482 3197 2538 idolorum
3252 2483 3675 2553 receptaculum,
3721 2497 3786 2537 ac

2195 2572 2426 2643 populus
2475 2571 2732 2629 iudaicus
2786 2576 2876 2644 qui
2935 2575 3145 2630 exstitit
3204 2583 3263 2629 ut
3314 2583 3544 2630 caeteros
3599 2573 3786 2630 erudi-

2196 2675 2300 2732 rct,
2341 2665 2463 2721 aliis
2506 2667 2857 2737 blasphemiae
2887 2667 3102 2723 occasio
3154 2667 3316 2724 ﬁebat
3345 2685 3360 2724 :
3392 2665 3595 2722 Nomen
3618 2682 3786 2721 meum

2194 2759 2336 2812 enim
2359 2797 2375 2824 ,
2408 2758 2611 2828 inquit,
2640 2775 2729 2829 per
2752 2774 2838 2814 vos
2867 2759 3251 2831 blasphematur
3275 2759 3330 2814 in
3358 2760 3591 2831 gentibus
3628 2758 3783 2831 (lsai.

2194 2848 2284 2906 52.
2318 2850 2351 2905 5
2370 2855 2407 2919 ).
2440 2852 2529 2904 5a.
2550 2848 2717 2904 rificia
2744 2850 3164 2921 abrogabantur,
3200 2849 3334 2907 festa
3355 2892 3372 2918 ,
3403 2849 3706 2905 neomenitc
3728 2861 3785 2906 et

2192 2941 2436 3005 sabbata,
2470 2957 2533 2996 ac
2564 2941 2767 3012 reliqua
2798 2943 2975 2997 cultus
3000 2957 3198 3012 genera
3233 2942 3646 3011 reﬁciebantur,
3677 2940 3786 2995 vir-

2196 3041 2309 3089 tute
2333 3033 2689 3105 neglecta;et
2716 3050 2815 3089 vox
2866 3050 3099 3105 superne
3150 3035 3242 3091 Dei
3287 3036 3594 3091 accusantis
3638 3045 3779 3099 erat,

2193 3135 2250 3183 et
2277 3142 2440 3184 voces
2469 3127 2852 3198 pr0pbetarum
2876 3130 2931 3183 in
2963 3138 3119 3185 terra-
3138 3128 3528 3200 plangentium,
3549 3139 3605 3183 et
3621 3141 3785 3183 voces

2195 3218 2464 3289 undique,
2488 3220 2648 3275 rebus
2681 3220 2820 3276 male
2853 3220 3313 3291 procedentibus;
3365 3221 3640 3291 mult-ique
3665 3230 3786 3275 erat

2195 3311 2448 3386 neqqitia:
2474 3313 2733 3382 potentia,
2766 3311 2932 3367 densa
2964 3312 3211 3384 quaedam
3240 3312 3412 3369 nubes
3434 3321 3490 3369 et
3518 3310 3783 3382 profunda

2196 3418 2324 3471 nox,
2351 3413 2407 3459 et
2434 3405 2669 3475 nequitia
2698 3404 2953 3461 audacter
2980 3414 3036 3461 et
3058 3404 3395 3461 confidenter
3413 3404 3628 3476 agebat,
3659 3418 3786 3475 qua

2191 3497 2260 3551 ad
2300 3497 2548 3552 virtutem
2597 3505 2774 3552 autem
2833 3504 3100 3567 spectant,
3151 3496 3591 3554 eliminabantur.
3623 3496 3786 3552 Tem-

2196 3604 2374 3660 pesuas
2400 3590 2452 3645 in
2482 3591 2649 3645 altum
2682 3590 2988 3658 tollebatur,
3018 3588 3214 3646 ﬂuctus
3234 3590 3373 3647 alius
3395 3590 3561 3646 alium
3586 3603 3787 3660 seque»

2196 3682 2372 3747 batur,
2418 3680 2696 3753 naufragia
2741 3682 3039 3753 frequentia
3094 3681 3639 3746 accidebantmmnes
3677 3682 3786 3737 im-

2194 3775 2609 3846 mergebantnr,
2667 3790 2842 3846 neque
2893 3776 3000 3831 ulla
3044 3775 3422 3846 gubernatoris
3449 3792 3549 3832 vox
3589 3775 3786 3830 audie-

2195 3866 2372 3933 batur,
2402 3882 2503 3923 nec
2534 3874 2817 3922 nautarum
2846 3882 2939 3922 ars
2964 3867 3255 3939 quidquam
3287 3875 3518 3939 poterat;
3547 3870 3643 3923 sed
3665 3883 3780 3923 unto

2195 3946 2326 4032 ligni
2357 3961 2582 4032 spiritus
2625 3959 3086 4026 dominabantur,
3133 3975 3311 4030 neque
3343 3960 3452 4015 ulla
3498 3969 3619 4016 erat
3659 3975 3786 4031 spes

2194 4055 2386 4110 salutis
2405 4095 2422 4120 ,
2452 4067 2718 4124 nemoque
2746 4054 2997 4109 invocare
3020 4054 3187 4108 Deum
3208 4055 3441 4109 audebat
3468 4070 3481 4107 :
3512 4053 3788 4126 quomodo

2195 4148 2340 4203 enim
2384 4162 2547 4201 ausus
2595 4155 2777 4212 esset,
2833 4145 3111 4218 prophetis
3148 4145 3549 4212 accusantibus,
3582 4144 3791 4216 angelis

2194 4239 2288 4312 qui
2316 4238 2537 4311 singulis
2563 4239 2811 4311 gentibus
2833 4238 3325 4310 patrocinabantur,
3366 4252 3426 4295 se
3446 4253 3557 4309 pra:
3585 4239 3790 4307 pudore

2196 4332 2633 4389 occultantibus?
2675 4328 2983 4388 Creatorem
3026 4330 3263 4386 universi
3309 4338 3521 4402 tempus
3570 4326 3788 4385 demum

2195 4426 2514 4494 advocabat,
2536 4428 2709 4498 ipsum
2729 4425 3083 4491 conditorem,
3106 4426 3196 4498 qui
3217 4423 3287 4479 ab
3308 4424 3461 4480 initio
3485 4437 3661 4495 genus
3687 4438 3791 4479 no-

2197 4532 2367 4577 strum
2397 4520 2797 4577 ell'ormaverat.
2837 4518 3103 4587 Quoniam
3139 4517 3301 4589 igitur
3326 4517 3643 4587 gravissima
3671 4523 3796 4571 erat

2197 4611 2464 4683 aegritudo
2488 4651 2505 4678 ,
2535 4625 2657 4682 qua:
2687 4611 2923 4664 maxime
2952 4616 3103 4678 parta
3132 4617 3249 4664 erat
3282 4622 3349 4662 ex
3389 4607 3701 4677 arrogantis
3728 4614 3786 4660 et

2197 4703 2457 4770 audacia;
2483 4717 2607 4758 cum
2636 4712 2690 4757 et
2712 4700 3038 4772 principium
3054 4706 3111 4755 et
3125 4698 3359 4755 medium
3378 4706 3435 4754 et
3462 4699 3584 4753 linis
3606 4712 3789 4753 rerum

2196 4802 2637 4864 corrumperetur
2668 4810 2684 4848 :
2714 4791 2807 4847 ille
2833 4807 2896 4847 ex
2925 4800 3150 4862 paterno
3178 4790 3374 4845 throno
3400 4789 3624 4856 exsiliit,
3652 4798 3710 4845 et
3736 4791 3791 4845 in

2200 4895 2398 4944 terram
2429 4887 2598 4942 venit.
2640 4884 2774 4941 Cum
2801 4894 2983 4940 autem
3015 4883 3147 4939 illud
3188 4884 3380 4939 exsiliis
3422 4882 3616 4950 audis,
3661 4896 3796 4938 cave

2198 4990 2356 5054 putes
2384 4991 2623 5036 mutasse
2652 4979 2803 5034 illum
2845 4978 2963 5033 loca
2987 4987 3042 5034 et
3072 4976 3382 5035 deseruisse
3411 4976 3576 5032 cales
3617 4992 3633 5030 :
3665 4991 3790 5032 nam

2180 5089 2321 5133 .cum
2351 5074 2403 5129 in
2437 5083 2590 5127 utero
2616 5070 2861 5142 virgineo
2888 5078 3059 5137 esset,
3106 5084 3229 5126 cum
3278 5068 3440 5125 Patre
3471 5077 3590 5125 erat
3617 5085 3632 5123 :
3660 5084 3799 5137 quo-

2201 5166 2365 5224 modo
2403 5175 2581 5220 autem
2606 5206 2622 5231 ,
2673 5179 2742 5219 ne
2785 5177 2998 5234 quaeras
3036 5177 3212 5232 neque
3249 5163 3490 5227 rationes
3529 5170 3794 5231 expetas:

2200 5274 2321 5315 eum
2344 5258 2486 5313 enim
2512 5257 2650 5313 Deus
2673 5265 2950 5327 Operatur,
2971 5253 3086 5311 sola
3103 5242 3214 5311 itide
3236 5267 3372 5326 Opus
3400 5262 3503 5321 est,
3525 5265 3797 5309 consensu

2203 5352 2330 5407 item
2357 5359 2415 5405 et
2441 5348 2804 5405 confessione.
2850 5347 2985 5403 Cum
3034 5347 3275 5403 venisset
3317 5362 3449 5418 ergo
3485 5354 3543 5403 et
3567 5345 3795 5413 vidisset

2202 5457 2403 5514 :rgrum
2432 5441 2484 5497 in
2510 5441 2650 5496 lecto
2665 5439 2936 5512 iacentem
2958 5454 3024 5495 ac
3043 5439 3390 5509 desperatum
3409 5436 3430 5510 (
3450 5450 3572 5493 cum
3592 5450 3798 5506 {egrum

2203 5534 2348 5602 dico,
2377 5533 2445 5588 de
2465 5532 2701 5588 humano
2725 5546 2925 5602 genere
2947 5532 3160 5601 loquor,
3186 5544 3295 5586 non
3323 5528 3543 5587 iniecto
3566 5527 3794 5597 vulgari,

2203 5624 2298 5681 sed
2321 5625 2379 5680 iu
2407 5623 2550 5680 lecto
2592 5623 2848 5694 nequitia:
2867 5621 2912 5694 ),
2939 5636 2970 5676 a
3002 5620 3224 5677 medicis
3252 5618 3569 5676 derelictum
3592 5658 3610 5684 ,
3652 5617 3797 5672 vitiis

2205 5720 2372 5776 animi
2422 5718 2704 5775 obsessum
2736 5756 2752 5782 ,
2805 5714 2997 5771 morbo
3041 5712 3360 5777 detentum;
3408 5726 3530 5767 cum
3572 5707 3799 5766 vidisset

2215 5827 2378 5870 omne
2421 5807 2759 5885 :rgritudinis
2797 5820 2971 5880 genus
3020 5806 3306 5865 humanam
3355 5814 3603 5860 naturam
3644 5798 3793 5868 inva-
