4138 6460
369 291 484 347 εἱυῦ

361 409 532 474 οὗτος
581 413 868 486 Ἀϐραὰμ,
915 411 1008 468 καὶ
1049 417 1105 469 ἐν
1146 413 1400 485 ἀλλοτρία
1445 413 1686 486 καλύϐην
1730 415 2062 487 πηξάμενος,

361 503 714 556 ἁποστολικά
760 503 923 556 πάλιν
973 503 1410 574 παραγγέλματα
1449 503 1536 556 διά
1584 504 1691 556 τῶν
1737 503 1915 575 ἔργων
1962 507 2064 559 ἐπ-

361 589 638 658 εδείξατο.
711 592 932 663 Ἐπειδὴ
981 593 1091 663 γάρ
1144 592 1207 644 16
1263 591 1516 663 λαμπρὸν
1576 593 1754 646 ἐκεῖνο
1806 595 2065 666 τρόπαιον

365 677 602 748 ἔστησε,
629 679 727 731 καὶ
751 678 850 749 τὴν
872 678 1173 751 παράδοξον
1201 679 1360 749 νίκην
1389 678 1579 749 ἤρατο,
1612 681 1707 733 καὶ
1727 680 1834 733 τῶν
1865 680 2070 753 βαρϐά-

371 783 491 839 ρων
545 766 914 838 περιεγένετο,
976 767 1075 820 οὐκ
1139 767 1284 837 ἰσχύϊ
1337 766 1608 838 σώματος,
1657 767 1794 822 ἀλλά
1841 767 2067 842 δυνάμει

367 856 640 919 πίστεως,
677 857 774 909 καὶ¹
805 855 996 926 μισθὸν
1027 855 1211 909 λαϐεῖν
1239 856 1347 909 τῶν
1388 856 1563 909 πόνων
1591 857 1819 911 ἐκείνων
1849 857 1942 911 καὶ
1969 859 2067 930 τῆς

363 943 753 1015 ταλαιπωρίας
796 944 947 1016 παρά
985 943 1094 998 τῶν
1129 943 1414 998 σωθέντων
1463 944 1782 998 ἐκελεύετο·
1827 945 1922 998 τοῦ
1957 944 2067 1017 γάρ

366 1031 658 1104 βαρϐάρου
685 1031 823 1102 πρὸς
843 1031 1007 1084 αὐτὸν
1025 1031 1295 1100 λέγοντος,
1317 1031 1473 1086 Λάϐε
1496 1032 1578 1086 σὺ
1604 1032 1712 1086 τὸν
1733 1033 1944 1097 ἵππον,
1966 1033 2069 1087 καὶ

365 1118 484 1187 δὸς
517 1120 664 1188 ἡμῖν
690 1119 834 1185 τοὺς
862 1118 1108 1187 ἄνδρας,
1145 1119 1198 1173 τί
1225 1137 1420 1191 φησιν;
1465 1119 1720 1174 Ἐκτενῶ
1754 1120 1870 1190 τὴν
1897 1119 2069 1190 χεῖρά

360 1226 494 1280 μου
515 1207 667 1277 πρὸς
686 1207 794 1262 τὸν
811 1207 959 1262 Θεὸν
977 1207 1086 1262 τὸν
1105 1208 1388 1277 ὕψιστον,
1406 1209 1456 1262 εἰ
1479 1207 1751 1277 λήψομαι
1775 1209 1934 1278 παρὰ
1949 1207 2066 1264 σοῦ

364 1297 496 1353 ἀπὸ
528 1297 828 1364 σπαρτίου
865 1295 977 1362 ἕως
1015 1294 1434 1366 σφαιρωτῆρος
1476 1296 1882 1365 ὑποδήματος,
1917 1293 2069 1359 Εἶδες

364 1385 494 1450 πῶς
533 1387 712 1438 ἐκεῖνο
746 1383 808 1438 16
851 1384 1134 1456 ἐπίταγμα
1178 1384 1464 1457 ἐπλήρωσε
1501 1384 1560 1438 16
1606 1383 1963 1453 εὐαγγελικὺν
2008 1383 2068 1436 16

364 1475 536 1542 λέγον
551 1491 567 1505 ·
599 1473 748 1546 [574]
777 1472 1011 1540 Δωρεὰν
1035 1471 1300 1538 ἐλάϐετε,
1322 1472 1549 1541 δωρεὰν
1567 1471 1704 1526 δότε
1725 1489 1744 1538 ;
1765 1472 1875 1526 Καὶ
1902 1474 2068 1526 Μωῦ-

368 1563 477 1634 σῆς
509 1562 568 1616 δέ
600 1563 695 1616 καὶ
716 1574 744 1602 α
779 1563 838 1614 ἐν
862 1561 1173 1632 βαρϐαρικῇ
1203 1560 1351 1631 οἰκίᾳ
1384 1561 1594 1630 ἐτράφη
1625 1577 1683 1612 τε
1717 1559 1810 1612 καὶ
1836 1559 2066 1630 ηὐξήθη·

367 1651 490 1705 ἀλλ’
517 1653 670 1722 ὅμως
705 1649 856 1704 οὐδὲν
881 1649 1130 1704 ἐντεῦθεν
1161 1647 1598 1719 παρεϐλάπτετο,
1627 1647 1764 1702 ἀλλά
1790 1649 1882 1701 καὶ⁹
1906 1645 2070 1711 αὐτὸς

369 1740 694 1810 ἐφιλοσόφει
734 1739 830 1793 τοῦ
859 1739 1199 1810 πατριάρχου
1225 1738 1327 1792 οὐκ
1368 1737 1612 1801 ἔλαττον,
1638 1737 1740 1806 τῆς
1767 1737 1866 1808 μὲν
1898 1734 2072 1788 Συϐα-

372 1831 594 1901 ριτικῆς
662 1827 988 1898 καταγελῶν
1047 1825 1364 1899 τραπέζης,
1421 1825 1515 1880 καὶ
1584 1825 1914 1896 ὑψηλότερος
1971 1826 2072 1892 τῆς

371 1917 604 1971 ἐκείνων
643 1916 858 1987 τρυφῆς
900 1915 1209 1986 γινόμενος,
1256 1914 1351 1968 καὶ
1386 1913 1616 1968 πλοῦτον
1653 1913 1938 1984 ἀτιμάζων
1975 1911 2072 1967 καὶ

373 2005 658 2076 βασιλείαν
717 2003 813 2058 καὶ
872 2002 943 2056 τά
988 2003 1243 2074 σκῆπτρα
1312 2003 1618 2071 Αἰγύπτου,
1675 2001 1812 2073 πρὸς
1869 2000 1926 2054 δέ
1981 1999 2072 2053 τὸν

375 2094 550 2162 πηλὸν
595 2093 691 2145 καὶ
739 2092 840 2162 τὴν
896 2089 1284 2162 πλινθουργίαν
1327 2088 1664 2161 αὐτομολῶν.
1720 2088 1812 2141 Διὸ
1861 2088 1926 2158 δὴ
1978 2088 2072 2141 καὶ

378 2182 411 2232 6
471 2181 680 2243 Παῦλος
730 2179 1030 2250 θαυμάζων
1093 2179 1288 2241 αὐτὸν,
1341 2178 1493 2247 ἔλεγε
1515 2193 1527 2206 ·
1580 2177 1832 2238 Μείζονα
1884 2175 2072 2230 πλοῦ-

390 2285 498 2321 τοι·
570 2267 951 2336 ἡγησάμενος
1024 2265 1144 2320 τῶν
1207 2267 1510 2336 Αἰγύπτου
1575 2263 1898 2333 θησαυρῶν
1967 2263 2074 2317 τὸν

397 2355 728 2425 amaer
769 2355 876 2410 τοῦ
927 2353 1206 2423 Χριστοῦ.
1251 2347 1386 2408 Εἶτα
1419 2353 1514 2407 καὶ
1547 2352 1762 2415 δεικνὺς
1795 2351 1886 2405 16v
1929 2351 2074 2405 διδά-

397 2444 592 2498 σκαλον
633 2443 736 2498 τῶν
772 2443 998 2513 ἀγαθῶν
1048 2442 1287 2507 τούτων,
1337 2441 1648 2513 προσετίθει
1706 2439 1908 2507 λέγων·
1964 2439 2076 2493 Τὸν

386 2533 498 2602 γὰρ
537 2534 796 2601 ἀόρατον
847 2533 929 2597 ὡς
981 2531 1138 2600 ὀρῶν
1181 2529 1606 2599 ἐκαρτέρησεν·
1648 2529 1786 2600 ὅπερ
1839 2528 2075 2592 πίστεως

381 2616 451 2692 ἦν
482 2623 769 2692 μεγίστης.
807 2621 900 2691 Μὴ
931 2620 1108 2673 τοίνυν
1137 2618 1400 2690 αἰσχύνην
1429 2617 1741 2690 νομίζωμεν
1767 2617 1826 2670 16
1863 2615 2073 2688 βαρϐά-

381 2727 512 2780 ρους
543 2708 1000 2781 ἐντῇἘκκλησίᾳ
1028 2703 1188 2772 εἶναι,
1217 2707 1353 2761 ἀλλά
1394 2707 1489 2760 καὶ
1518 2705 1688 2758 πολὺν
1723 2704 1948 2776 κόσμον·
1981 2703 2076 2758 καὶ

378 2799 493 2870 γάρ
517 2799 614 2852 καὶ
644 2798 810 2860 αὐτὸς
841 2801 870 2852 6
900 2796 1104 2868 Κύριος
1134 2795 1292 2868 ήμῶν
1337 2793 1546 2867 Ἰησοῦς
1577 2795 1606 2848 6
1637 2793 1872 2865 Χριστὸς
1906 2811 2077 2864 παρα-

376 2889 678 2959 γενόμενος
738 2889 821 2952 εἰς
879 2886 979 2958 τὴν
1045 2885 1399 2957 οἰκουμένην,
1463 2882 1775 2955 βαρϐάρους
1826 2881 2078 2954 πρώτους

377 2977 666 3031 ἐκάλεσεν.
705 2975 927 3046 Ἐπειδὴ
951 2975 1060 3046 γάρ
1085 2972 1278 3044 ἐτέχθη
1304 2972 1399 3026 καὶ
1419 2971 1511 3024 ἐπὶ
1535 2970 1635 3040 τῆς
1661 2971 1869 3042 φάτνης
1893 2968 2076 3041 ἐτέθη,

379 3067 482 3120 καὶ
527 3065 695 3137 μάγοι
739 3063 988 3126 ἐλθόντες
1020 3062 1128 3116 ἀπὸ
1179 3059 1444 3133 Περσίδος
1484 3059 1647 3113 αὐτὸν
1682 3057 2079 3131 προσεκύνουν·

374 3154 427 3208 ὢ
489 3151 697 3206 καινῶν
743 3153 838 3206 καὶ
889 3149 1210 3222 παραδόξων
1251 3147 1628 3220 πραγμάτωνί
1679 3146 1942 3218 βασιλέως
1979 3145 2079 3219 μὲν

377 3243 466 3304 εἰς
503 3242 658 3295 πόλιν
687 3241 916 3295 εἰσιέναι
952 3240 1261 3312 μέλλοντος,
1295 3239 1775 3311 παραπετάσματα
1817 3237 1912 3292 καὶ
1940 3236 2082 3308 λαμ.⁹

379 3327 850 3393 πάδεςψβαὶοί
871 3329 927 3382 ἐν
948 3327 1223 3398 ἀξιώμασι
1251 3326 1346 3380 καὶ
1373 3326 1422 3379 οἰ
1455 3327 1513 3380 ἐν
1543 3323 1885 3389 δυναστείαις
1911 3325 2082 3377 ἀπαν-

380 3420 555 3474 στῶσιν
595 3419 835 3482 ἅπαντες
871 3417 1009 3489 μετὰ
1039 3415 1266 3490 φαιδροῦ
1309 3414 1402 3468 τοῦ
1445 3416 1756 3486 σχήματος,
1800 3414 1894 3468 καὶ
1929 3412 2083 3467 αὐλοὶ

383 3510 486 3563 καὶ
517 3508 781 3581 σύριγγες
816 3507 909 3562 καὶ
943 3507 1186 3578 κιθάραι,
1213 3505 1310 3559 καὶ¹
1338 3507 1444 3559 πᾶν
1475 3505 1742 3577 μουσικῆς
1769 3503 1928 3574 γένος
1948 3542 1962 3568 ,
1986 3503 2084 3556 καὶ

379 3601 679 3672 ἐσθήματα
706 3598 939 3671 λαμπρὰ
965 3599 1059 3652 καὶ
1090 3595 1514 3666 στεφανώματα,
1544 3595 1640 3650 καὶ
1668 3594 1836 3664 πολλὴ
1863 3597 1896 3665 ὴ
1928 3610 2083 3664 περι-

380 3683 619 3748 φάνεια·
653 3679 748 3733 τοῦ
782 3679 839 3733 δέ
873 3677 1137 3748 βασιλέως
1172 3674 1280 3729 τῶν
1307 3673 1554 3748 οὐρανῶν
1601 3673 1831 3728 εἰσιέναι
1865 3672 2085 3744 μέλλον⁴

380 3787 480 3832 τος
515 3769 594 3832 εἰς
624 3767 721 3838 τὴν
746 3765 1074 3836 οἰκουμένην
1096 3802 1111 3826 ,
1140 3762 1292 3816 οὐδὲν
1340 3759 1583 3815 τοιοῦτον
1603 3803 1617 3826 ,
1646 3759 1784 3813 ἀλλὰ
1825 3757 2084 3813 τάναντία

384 3857 595 3918 πάντα,
624 3852 834 3924 καλύϐη
865 3853 961 3906 καὶ
993 3850 1166 3922 σκηνὴ
1201 3849 1294 3903 καὶ
1326 3849 1524 3919 φάτνη,
1560 3849 1743 3918 μήτηρ
1773 3845 1996 3916 εὐτελὴς
2023 3845 2085 3898 16

287 3998 294 4003 .
389 3943 741 4015 φαινόμενον,
799 3941 896 3995 καὶ
941 3937 1186 4009 πτωχεία
1219 3937 1389 4007 πολλὴ
1437 3936 1533 3990 καὶ
1579 3935 1772 3998 πενίας
1813 3935 2081 3996 ἐπίτασις.

386 4031 587 4086 Καίτοι
615 4047 711 4098 γε,
742 4029 901 4100 εἴπερ
939 4026 1227 4084 ἐϐούλετο,
1263 4024 1496 4095 ἠδύνατο
1543 4021 1952 4092 παραγενέσθαι
1995 4021 2086 4073 16v

383 4115 621 4188 οὐρανὸν
656 4112 836 4176 σείων,
860 4109 959 4182 τὴν
990 4110 1094 4181 γῆν
1130 4108 1390 4170 σαλεύων,
1426 4106 1714 4176 ἀστραπάς
1749 4106 1963 4173 ἀφιεὶς,
1991 4105 2088 4158 καὶ

385 4206 443 4260 τί
489 4203 636 4273 λέγω
676 4201 890 4266 ταῦτα;
929 4199 1144 4270 γυμνὴν
1191 4195 1358 4269 μόνην
1403 4195 1451 4248 εἰ
1481 4194 1649 4261 ἔδειξε
1687 4193 1787 4266 τὴν
1832 4192 2083 4263 θεότητα,

385 4293 553 4350 τοῦτο
574 4292 748 4363 πόσης
771 4289 1156 4361 λαμπρότητος
1183 4286 1278 4338 καὶ
1300 4283 1656 4354 φαιδρότητπ
1683 4281 1870 4349 μεῖζον
1892 4281 1993 4334 οὐκ
2023 4280 2089 4334 ἂν

385 4380 493 4456 ἦνς
530 4378 672 4435 Ἀλλ’
700 4381 802 4433 οὐκ
830 4377 1088 4447 ἐποίησεν
1129 4373 1304 4456 οὐτως
1326 4389 1342 4405 ·
1368 4371 1447 4456 ὀὐ
1469 4370 1588 4456 ’γάρ
1621 4369 1911 4456 ἀπολέσαι,

391 4447 571 4516 σῶσαι
602 4459 877 4524 ἐϐούλετο,
904 4458 1005 4509 οὐκ
1033 4453 1324 4524 ἐκπλῆξαι,
1357 4450 1495 4504 άλλά
1526 4448 1842 4520 διορθῶσαι,
1875 4448 1971 4501 καὶ
2023 4447 2088 4499 ἐκ

392 4549 705 4623 προοιμίων
733 4546 826 4601 τὸν
863 4543 1033 4614 τῦφον
1069 4539 1460 4610 καταπατῆσαι
1484 4537 1576 4592 16v
1618 4535 1958 4608 ἀνθρώπινον
1995 4535 2090 4589 καὶ

389 4641 496 4712 τὴν
522 4638 784 4694 ἀπόνοιαν
822 4629 1196 4703 κατενεγκεῖν.
1242 4630 1340 4684 Διά
1381 4628 1448 4699 δὴ
1479 4626 1637 4682 τοῦτο
1664 4627 1766 4681 οὐκ
1800 4625 2091 4698 ἄνθρωπος

389 4730 609 4800 γίνεται
645 4728 827 4798 μόνον,
861 4722 998 4778 ἀλλὰ
1033 4723 1129 4776 καὶ
1157 4719 1375 4791 πτωχὸς
1413 4717 1722 4790 ἄνθρωπος,
1752 4717 1846 4770 καὶ
1879 4712 2092 4786 μητέρα

385 4816 655 4888 ’τοιαύτην
686 4816 944 4886 αἱρεῖται,
978 4811 1074 4865 καὶ
1110 4807 1458 4878 καταγώγιον
1490 4805 1728 4870 εὐτελὲς,
1751 4803 1842 4858 16v
1864 4803 2092 4874 ἔσχατον

391 4907 498 4976 τῆς
553 4903 746 4967 πενίας
791 4901 917 4970 ὅρον
963 4899 1029 4952 ἐκ
1071 4895 1378 4969 προοιμίων
1428 4893 1611 4948 αὐτῶν
1656 4892 1752 4946 καὶ
1802 4890 1862 4956 ἐξ
1910 4890 2092 4944 αὐτῶν

391 4993 610 5048 ὠδίνων
655 4989 1058 5060 ἀσπαζόμενος.
1100 4987 1238 5040 Ποία
1281 4983 1413 5058 γάρ,
1457 4981 1579 5036 εἰπέ
1625 4999 1736 5052 μοι,
1781 4978 1943 5050 γυνὴ,
1987 4979 2093 5033 κάν

395 5083 660 5137 ἁπάντων
705 5076 1011 5150 ἀνθρώπων
1053 5073 1371 5146 πτωχοτέρα
1410 5067 1466 5147 ᾗ,
1497 5071 1603 5125 κάν
1641 5070 2090 5141 αὐτοπροσαῖτις,

393 5171 504 5224 οὐκ
550 5168 666 5239 ἔχει
711 5165 900 5236 κλίνην
944 5163 1087 5217 ὥστε
1138 5162 1199 5216 16
1245 5158 1440 5232 τεχθέν
1483 5157 1695 5212 παιδίον
1731 5156 2090 5220 κατακλῖναις

409 5258 554 5312 Ἀλλ’
585 5256 750 5320 αὐτὸς
783 5255 906 5309 οὐδέ
950 5254 1009 5306 ἐν
1059 5251 1212 5322 κλίνῃ
1253 5247 1623 5310 κατεκλίνετο,
1669 5245 1786 5299 ἀλλ’
1817 5245 1876 5296 ἐν
1915 5245 2090 5316 φάτνῃ

397 5343 593 5410 ἁπλῶς
626 5344 722 5398 καὶ
749 5341 826 5406 ῶς
866 5339 1048 5413 ἔτυχε,
1084 5339 1180 5393 καὶ
1209 5340 1268 5392 ἐν
1311 5334 1522 5406 καλύϐῃ
1557 5331 1653 5387 καὶ
1684 5333 1786 5386 οὐκ
1825 5333 1884 5386 ἐν
1923 5348 2095 5385 κατα-

397 5436 626 5506 λύματι.
664 5427 907 5484 Τοιαῦτα
931 5429 1032 5500 τῆς
1066 5425 1272 5480 εἰσόδου
1312 5421 1479 5477 αὐτοῦ
1512 5422 1580 5474 τά
1626 5419 1908 5492 προοίμια,
1950 5417 2095 5472 οὕτω

397 5504 633 5592 λαμπρά
679 5519 774 5573 καὶ
811 5515 1118 5590 περιφανῆ·
1172 5512 1377 5567 εἴσοδον
1421 5509 1478 5563 δὲ
1523 5510 1654 5563 ὅταν
1702 5506 1974 5578 ἀκούσῃς,
2019 5504 2094 5576 μὴ

361 5650 364 5652 η
398 5611 576 5668 τόπου
593 5606 782 5678 νόμιζε
819 5604 1138 5676 μετάϐασιν,
1167 5599 1282 5654 ἀλλ’
1311 5597 1625 5666 οἰκονομίας
1660 5594 2100 5664 συγκατάϐασιν.

466 5696 486 5718 ⁸
512 5693 691 5766 ηιειξιιε
715 5693 798 5741 καί
820 5690 1121 5742 omitteretur
1141 5693 1224 5738 aut
1247 5683 1544 5738 scriberetur
1569 5683 1651 5732 καὶ
1677 5681 1820 5738 αὐτὸς
1843 5681 1908 5742 ἐν,
1934 5681 2096 5742 inquit.

403 5759 704 5811 llnllha'ius.

466 5825 560 5857 44*
590 5819 745 5868 Deest
771 5813 969 5872 aliquid.

1058 295 1515 370 \’III_HOMILIA.
1542 295 1795 353 HABlTA
1835 297 2209 370 POSTQUAM
2247 300 2663 362 PRESBYTER
2699 301 3004 367 GOTIIUS,
3047 302 3202 360 ETC.

3744 303 3847 363 ιλιι

2242 428 2308 490 γ’.
2332 420 2443 474 Καὶ
2466 417 2575 490 γὰρ
2597 420 2624 472 6
2645 417 2858 482 Παῦλος
2877 417 3004 471 ὅταν
3024 417 3179 490 λέγῃ,
3213 417 3400 473 Ὅταν
3425 419 3494 474 δὲ
3518 422 3706 478 πάλιν
3724 429 3847 480 εἰσι

2167 509 2358 578 αγιίγςι
2390 508 2496 561 τὸν
2523 507 2900 575 πρωτότοκον
2931 508 3018 572 εις
3040 505 3154 575 τὴν
3181 508 3562 578 οἰκοιιιιένην,
3587 513 3685 584 τὴν
3706 515 3850 567 οἰκο-

2167 596 2361 667 νομίαν
2382 596 2514 667 ἡμῖν
2538 593 2894 664 ἀπαγγέλλει·
2931 593 2959 646 ὁ
2985 593 3094 666 γάρ
3125 596 3399 665 πανταχοῦ
3425 599 3636 669 παρὼν,
3665 601 3760 654 καὶ
3779 601 3848 654 τά

2168 685 2349 738 πάντα
2374 684 2616 756 πληρῶν,
2654 682 2756 735 ποῦ
2787 681 2852 735 ἂν
2880 681 3145 749 είσέλθοι;
3175 683 3310 736 ἀλλά
3347 683 3444 756 τὴν
3469 685 3558 740 διά
3588 687 3687 757 τῆς
3709 689 3854 741 οἰκος

2168 772 2362 843 νομίας
2384 771 2690 844 φανέρωσιν
2713 769 2882 834 οὕτως
2909 769 3188 825 ἐκάλεσεν.
3222 769 3418 824 Εἰσιὼν
3445 773 3626 826 τοίνυν
3650 775 3730 836 εἰς
3755 773 3852 844 τὴν

2169 861 2512 933 οἰκουμένην,
2548 861 2683 931 μετὰ
2709 857 2964 914 ταπεινοῦ
2995 857 3088 912 τοῦ
3118 860 3397 930 σχήματος
3423 861 3618 932 εἰσῄει,
3643 863 3734 914 τὸν
3759 862 3853 915 τῦ-

2171 966 2269 1018 φον
2303 947 2656 1014 καταπατῶν,
2679 946 2776 1019 τὴν
2815 947 3072 1000 ἀπόνοιαν
3105 946 3503 1010 καταστέλλων,
3538 950 3852 1020 μετριάζειν

2170 1037 2413 1099 ἅπαντας
2438 1035 2660 1101 πείθων,
2694 1036 2768 1106 μὴ
2791 1034 3078 1107 ἀτιμάζειν
3109 1035 3298 1088 πενίαν
3326 1036 3466 1108 μήτε
3495 1037 3852 1103 ἐξευτελίζειν

2169 1125 2464 1196 πτωχείαν,
2510 1125 2585 1196 μὴ
2615 1124 2898 1195 κεχηνέναι
2937 1123 3070 1196 πρὸς
3114 1124 3360 1189 πλοῦτον,
3397 1126 3472 1196 μὴ
3515 1127 3658 1195 μέγα
3693 1126 3850 1196 νομί·

2169 1211 2282 1278 ζειν
2319 1210 2454 1266 εἶναι
2486 1215 2586 1285 τὴν
2629 1212 2928 1282 φαντασίαν
2967 1212 3068 1282 τὴν
3111 1211 3482 1284 ἀνθρωπίνην,
3515 1211 3651 1266 ἀλλὰ
3693 1215 3853 1278 σκιᾶς

2171 1297 2320 1371 [575]
2371 1299 2792 1370 ἁδρανεστέραν,
2833 1297 2928 1351 καὶ
2977 1297 3191 1367 φύλλων
3251 1297 3657 1369 εὐτελεστέραν,
3708 1296 3851 1369 [καὶι

2167 1387 2460 1457 ὀνειράτων
2498 1385 2932 1457 άπατηλοτέραν.
2980 1383 3252 1438 Εἰσελθὼν
3305 1385 3506 1452 τοίνυν,
3543 1385 3853 1457 βαρϐάρους

2167 1475 2417 1537 ἐκάλεσε,
2441 1475 2535 1530 καὶ
2563 1473 2872 1546 βαρϐάρους
2895 1472 2994 1544 οὐχ
3021 1472 3206 1538 ἁπλῶς
3237 1473 3567 1546 βαρϐάρους,
3595 1474 3732 1527 ἀλλὰ
3759 1474 3857 1528 καὶ

2170 1563 2401 1632 μάγους,
2457 1562 2517 1615 16
2559 1561 2950 1632 ἐπιτεταμένον
2988 1562 3086 1632 τῆς
3121 1562 3381 1626 ἀσεϐείας
3427 1557 3585 1625 εἶδος.
3637 1562 3854 1631 Ἐπειδὴ

2169 1650 2278 1722 γὰρ
2325 1653 2393 1704 τά
2438 1651 2537 1722 τῆς
2585 1650 2912 1721 οἰκουμένης
2968 1649 3183 1704 ἅπαντα
3230 1648 3416 1714 κακῶς
3463 1649 3713 1712 διέκειτο,
3763 1649 3858 1700 καὶ

2169 1738 2394 1792 ἀσέϐεια
2444 1739 2719 1809 πανταχοῦ
2782 1739 3023 1812 ἐκράτει,
3084 1739 3178 1792 καὶ
3241 1741 3437 1793 κνίσσα
3490 1739 3583 1791 καὶ
3629 1737 3856 1800 καπνὸς.

2170 1829 2264 1882 καὶ
2305 1825 2427 1882 οὐτε
2463 1827 2627 1898 νόμος
2675 1829 2879 1898 ἴσχυεν,
2928 1827 3050 1881 οὐτε
3099 1829 3375 1901 προφῆται
3414 1826 3753 1898 διωρθωσαν,
3795 1826 3859 1882 οὐ

2171 1916 2522 1987 παραινέσεις
2567 1913 2878 1986 ὠφέλησαν,
2909 1915 2970 1967 οὐ
2999 1913 3276 1986 θαύματα,
3314 1913 3374 1967 οὐ
3410 1915 3652 1978 κόλασις,
3679 1913 3739 1966 οὐ
3776 1931 3857 1965 1:-

2175 2003 2400 2074 μωρίαι,
2429 2003 2524 2055 καὶ
2548 2004 2582 2073 ἡ
2609 2003 2680 2074 γῆ
2709 2002 2763 2055 δὲ
2789 2000 3150 2074 ἀνθρωπίνοις
3176 2003 3402 2073 οιίμασιν
3426 2001 3738 2074 ἐμολύνετο,
3765 2003 3861 2054 καὶ

2171 2092 2206 2160 ή
2250 2090 2409 2160 φύσις
2447 2091 2585 2162 αὐτὴ
2614 2092 2880 2159 ἠγνοεῖτο·
2915 2093 3188 2144 ’Ἑθυσαν
3217 2089 3325 2160 γάρ
3360 2089 3503 2155 τοὺς
3537 2088 3708 2155 υἱοὺς
3745 2091 3856 2142 αὺ-

2171 2179 2292 2234 τῶν
2317 2179 2416 2233 καὶ
2444 2179 2550 2246 τὰς
2591 2178 2918 2250 θυγατέρας
2952 2178 3076 2246 τοῖς
3115 2178 3465 2248 δαιμονίοις·
3499 2177 3860 2249 θυσιαστήρια

2173 2269 2607 2332 κατεσκάπτετο,
2653 2267 2933 2340 προφῆται
2972 2265 3292 2338 ἀνῃροῦντο,
3333 2265 3426 2319 καλ⁴
3473 2266 3502 2318 ὁ
3550 2265 3650 2335 τῆς
3701 2266 3861 2318 εὐσε-

2173 2353 2324 2419 ϐείας
2352 2354 2477 2420 ναὸς
2503 2354 2742 2427 ἐρείπιον
2768 2354 2975 2423 ἐγίνετο
3000 2356 3095 2408 καὶ
3116 2353 3350 2407 εἰδώλων
3374 2351 3741 2422 καταγώγιον,
3767 2354 3863 2405 καὶ

2171 2444 2201 2496 6
2231 2444 2400 2516 δῆμος
2429 2445 2456 2497 6
2487 2442 2789 2514 παραχθεὶς
2820 2443 2898 2506 εἰς
2924 2443 3088 2514 μέσον
3114 2441 3255 2496 ῶστε
3288 2441 3580 2496 παιδεῦσαι
3616 2441 3860 2512 ἐτέρους,

2176 2530 2526 2604 βλασφημίας
2547 2531 2724 2595 ἀλλοις
2754 2531 3011 2594 ὑπόθεσις
3035 2530 3262 2599 ἐγίνετο·
3291 2529 3367 2584 Τὸ
3401 2530 3511 2602 γάρ
3539 2528 3728 2599 ὄνομά
3741 2547 3864 2600 μου

2174 2619 2251 2672 δι’
2292 2618 2449 2689 ὑμᾶς
2501 2618 2978 2688 βλασφημεῖται,
3019 2618 3204 2689 φησὶν,
3233 2618 3303 2671 ἐν
3342 2618 3468 2686 τοῖς
3500 2618 3724 2673 ἔθνεσι·
3768 2618 3866 2672 καὶ

2176 2707 2358 2761 θυσίαι
2388 2707 2678 2778 ἠλέγχοντο
2704 2707 2798 2761 καὶ
2825 2707 3008 2777 ἐορταὶ
3041 2707 3136 2759 καὶ
3163 2706 3445 2777 νεομηνίαι
3472 2706 3566 2760 καὶ
3592 2705 3862 2768 σάϐϐατα.

2176 2795 2272 2850 καὶ
2305 2794 2366 2848 16
2408 2795 2593 2849 λοιπὸν
2636 2795 2734 2866 τῆς
2777 2794 3030 2865 λατρείας
3073 2789 3211 2858 εἶδος
3265 2793 3611 2864 ἐξεϐέϐλητο,
3661 2793 3866 2866 ἀρετῆς

2177 2883 2577 2956 ἀμελουμένης,
2607 2885 2700 2936 καὶ
2724 2883 2877 2954 φωνὴ
2898 2882 3102 2936 ἀνωθεν
3132 2881 3225 2936 τοῦ
3247 2881 3380 2936 Θεοῦ
3409 2880 3864 2953 κατηγοροῦντος,

2177 2973 2272 3027 καὶ
2305 2975 2478 3044 φωναὶ
2508 2973 2750 3026 κάτωθεν
2780 2972 2889 3025 τῶν
2918 2971 3210 3043 προφητῶν
3233 2971 3594 3044 ὀδυρομένων,
3629 2972 3723 3024 καὶ
3753 2989 3868 3041 φω-

2178 3063 2266 3118 ναὶ
2288 3061 2644 3133 πανταχόθεν,
2669 3061 2776 3115 τῶν
2802 3061 3144 3133 πραγμάτων
3165 3061 3350 3124 κακῶς
3371 3060 3753 3132 διακειμένων,
3773 3059 3869 3113 καὶ

2177 3155 2348 3226 πολλὴ
2381 3157 2479 3224 τῆς
2513 3153 2711 3217 κακίας
2746 3153 2779 3225 ἡ
2812 3152 3061 3222 δύναμις,
3110 3151 3205 3204 καί
3243 3152 3420 3223 πυκνὴ
3453 3168 3536 3214 τις
3570 3146 3638 3222 ἦν
3667 3149 3866 3219 νεφέλη

2178 3243 2276 3298 καὶ
2306 3241 2495 3314 βαθεῖα
2524 3240 2641 3307 νὺξ,
2680 3243 2773 3294 καὶ
2802 3243 2859 3295 ἐν
2902 3240 3187 3312 παρρησία
3220 3238 3288 3294 τὰ
3325 3241 3424 3311 τῆς
3454 3237 3741 3312 πονηρίας,
3773 3237 3872 3291 καὶ

2179 3337 2248 3386 τά
2272 3335 2371 3403 τῆς
2393 3331 2593 3402 ἀρετῆς
2618 3327 2882 3392 ἐκποδὼν,
2907 3329 3004 3382 καὶ
3025 3331 3052 3382 6
3073 3328 3280 3402 χειμὼν
3305 3329 3384 3392 εἰς
3411 3327 3544 3398 ὖψος
3568 3328 3754 3398 ἤρετο,
3774 3323 3870 3378 καὶ

2180 3420 2248 3474 τά
2291 3420 2510 3490 κύματα
2541 3418 2839 3490 ἐπάλληλα,
2873 3419 2966 3472 καὶ
3007 3419 3247 3486 ναυάγια
3288 3416 3472 3471 πυκνά
3515 3416 3611 3469 καὶ
3645 3413 3869 3484 συνεχῆ.

2182 3511 2277 3564 καὶ
2303 3511 2501 3572 πάντες
2528 3503 2668 3580 ἦσαν
2700 3507 3042 3580 ὑποϐρύχιοι,
3075 3507 3168 3561 καὶ
3201 3506 3322 3560 οὐδέ
3357 3505 3687 3576 κυϐερνήτου
3719 3506 3871 3574 φωνὴ

2181 3599 2431 3669 ἠκούετο,
2466 3596 2588 3651 οὐτε
2635 3596 2846 3650 ναυτῶν
2888 3597 3074 3667 ἴσχυσε
3117 3595 3303 3667 τέχνη,
3339 3594 3454 3649 ἀλλ’
3482 3595 3777 3664 ἐπεκράτει
3803 3595 3874 3647 τά

2185 3684 2397 3756 πονηρά
2419 3685 2727 3754 πνεύματα,
2753 3682 2848 3737 καὶ
2882 3683 3108 3753 οὐδεμία
3140 3681 3413 3754 σωτηρίας
3439 3677 3506 3753 ἦν
3538 3681 3712 3744 ἐλπὶς,
3748 3679 3874 3734 οὐδὲ

2183 3773 2563 3845 παρακαλέσαι
2604 3789 2690 3836 τις
2733 3771 2824 3826 τὸν
2869 3772 3001 3825 Θεὸν
3048 3771 3270 3840 ἐτόλμα·
3305 3769 3422 3834 πῶς
3454 3769 3583 3841 γὰρ,
3621 3769 3731 3822 τῶν
3774 3769 3876 3838 μὲν

2185 3863 2480 3935 προφητῶν
2531 3859 3004 3933 κατηγορούντων,
3045 3859 3156 3913 τῶν
3211 3859 3267 3913 δὲ
3303 3857 3551 3928 ἀγγέλων
3600 3857 3710 3910 τῶν
3751 3857 3874 3910 καθ’

2184 3953 2417 4004 ’ἑκαστον
2443 3950 2596 4014 ἔθνος
2627 3949 3064 4003 ἐπιστατούντων
3093 3946 3621 4019 ἐγκαλυπτομένων;
3656 3945 3748 3998 τὸν
3778 3945 3876 4014 δη-

2189 4039 2447 4112 μιουργὸν
2486 4039 2580 4093 τοῦ
2609 4038 2809 4101 παντὸς
2838 4040 2866 4091 6
2903 4037 3092 4108 καιρὸς
3128 4036 3312 4090 ἐκάλει
3345 4035 3553 4100 λοιπὸν,
3589 4033 3752 4088 αὐτὸν
3782 4033 3877 4086 16v

2188 4128 2432 4197 πλάστην
2468 4126 2561 4180 16v
2602 4125 2699 4179 καὶ
2743 4126 2800 4192 ἐξ
2849 4126 3025 4198 ἀρχῆς
3068 4123 3130 4177 16
3165 4123 3322 4193 γένος
3358 4123 3516 4195 ἡμῶν
3550 4123 3875 4194 ποιήσαντα.

2198 4216 2353 4269 Ἐπεὶ
2384 4212 2478 4270 οῦν
2506 4215 2866 4286 χαλεπωτάτη
2898 4217 2930 4286 ἡ
2959 4215 3132 4279 νόσος,
3167 4213 3403 4286 μάλιστα
3432 4213 3489 4267 δὲ
3528 4213 3587 4281 ἐξ
3619 4211 3880 4275 ἀπονοίας

2187 4305 2282 4357 καὶ
2312 4304 2628 4368 ἀλαζονείας
2658 4303 2795 4374 αὐτη
2822 4302 3039 4374 ἐτέχθη,
3091 4302 3187 4355 καὶ
3229 4304 3264 4374 ἡ
3306 4301 3451 4373 ἀρχὴ
3489 4301 3584 4355 καὶ
3626 4299 3695 4354 τά
3736 4299 3882 4370 μέσα

2188 4391 2282 4444 καὶ
2312 4389 2382 4444 τὰ
2407 4390 2536 4463 τέλη
2576 4390 2686 4444 τῶν
2713 4389 3058 4461 πραγμάτων
3085 4388 3440 4461 διεφθείρετο·
3473 4388 3646 4459 ἥλατο
3673 4387 3739 4440 ἐκ
3768 4387 3880 4440 τῶν

2190 4479 2397 4551 θρόνων
2437 4479 2549 4533 τῶν
2591 4477 2895 4549 πατρικῶν,
2943 4478 3038 4532 καὶ
3083 4479 3164 4542 εἰς
3203 4476 3302 4548 τὴν
3349 4477 3455 4548 γῆν
3501 4473 3684 4548 ἦλθεν.
3721 4475 3794 4529 Τὸ
3821 4475 3883 4529 δὲ

2187 4568 2356 4638 ἥλατο
2378 4567 2540 4621 πάλιν
2563 4567 2694 4620 ὅταν
2729 4565 2992 4638 ἀκούσῃς,
3024 4565 3100 4638 μὴ
3130 4564 3431 4637 μετάϐασιν
3468 4564 3636 4617 τόπου
3667 4562 3882 4634 νόμιζε,

2196 4657 2270 4728 μὴ
2294 4655 2574 4728 ἐρήμωσιν
2596 4655 2866 4726 οὐρανῶν·
2893 4654 3118 4726 καὶγὰρ
3146 4654 3206 4708 ἐν
3233 4655 3298 4726 τῇ
3323 4653 3509 4725 μήτρᾳ
3535 4651 3611 4705 ὢν
3636 4653 3703 4724 τῇ
3740 4667 3885 4722 παρ-

2193 4747 2402 4818 θενικῇ.
2438 4746 2576 4818 μετὰ
2610 4745 2704 4798 τοῦ
2744 4743 2958 4818 Πατρός
2987 4739 3077 4815 ἦν·
3113 4744 3174 4798 16
3201 4743 3259 4797 δέ
3290 4742 3410 4804 πῶς
3439 4741 3513 4813 μὴ
3539 4741 3693 4813 ζήτει
3745 4739 3883 4812 μηδέ

2193 4835 2424 4900 εὐθύνας
2469 4835 2710 4889 ἀπαίτει·
2749 4836 2878 4888 ὅταν
2901 4834 3011 4905 γάρ
3037 4836 3066 4888 6
3097 4833 3229 4897 Θεὸς
3271 4829 3594 4903 ἐργάζηται,
3636 4830 3883 4892 πίστεως

2191 4927 2352 5000 χρεία
2397 4925 2566 4998 μόνης
2605 4925 2700 4979 καὶ
2723 4921 3178 4994 συγκαταθέσεως
3202 4921 3298 4975 καὶ
3325 4919 3637 4992 ὁμολογίας.
3678 4915 3884 4972 Ἐλθὼν

2192 5017 2372 5070 τοίνυν
2410 5016 2506 5068 καὶ
2538 5013 2662 5067 ἰδὼν
2693 5013 2788 5066 16v
2817 5013 3095 5082 κάμνοντα
3136 5009 3230 5063 ἐπὶ
3266 5007 3455 5078 κλίνης
3488 5007 3740 5077 κείμενον
3781 5007 3880 5060 καὶ
3987 5004 3992 5007 ’

2193 5101 2622 5172 ἀπεγνωσμένον
2659 5101 2957 5172 (κάμνοντα
2994 5097 3052 5150 δὲ
3082 5096 3210 5150 ὅταν
3241 5095 3404 5161 εἴπω,
3437 5094 3498 5147 16
3537 5093 3694 5162 γένος
3736 5093 3882 5165 φημὶ

2192 5191 2253 5245 τὸ
2279 5188 2638 5263 ἀνθρώπινον,
2665 5188 2766 5241 οὐκ
2789 5188 2881 5241 ἐπὶ
2914 5186 3100 5256 κλίνης
3125 5182 3400 5256 τοιαύτης,
3424 5181 3538 5236 ἀλλ’
3566 5182 3661 5235 ἐπὶ
3692 5181 3886 5253 κλίνης

2191 5276 2294 5348 τῆς
2315 5274 2623 5348 πονηρίας),
2645 5273 2750 5328 ὑπὸ
2774 5272 2974 5345 ἰατρῶν
3008 5270 3591 5342 ἐγκαταλελειμμένον,
3629 5269 3737 5324 ὐπὸ
3773 5286 3884 5325 πα-

2195 5360 2304 5414 θῶν
2331 5357 2810 5431 πολιορκούμενον,
2855 5357 2962 5411 ὑπὸ
3003 5357 3104 5428 τῆς
3137 5357 3295 5411 νόσου
3341 5353 3736 5427 κρατούμενον,
3775 5357 3886 5411 πᾶν

2195 5445 2334 5512 εἶδος
2373 5448 2806 5520 ἀρῤωττήματος
2843 5447 2926 5510 εἰς
2975 5446 3076 5516 τὴν
3127 5443 3477 5518 ἀνθρωπίνην
3521 5443 3887 5514 κατασκῆψαν

2197 5536 2378 5608 φύσιν,
2412 5536 2506 5589 καὶ
2527 5535 2688 5588 αὐτὸν
2717 5533 2911 5589 ἐαυτοῦ
2936 5533 3126 5588 λοιπὸν
3156 5535 3519 5602 ἀπεγνωκότα
3548 5534 3639 5587 16v
3671 5532 3886 5606 ἀνθρω-

2197 5633 2318 5678 πον,
2355 5615 2449 5668 καὶ
2473 5612 2563 5668 16v
2589 5613 2870 5686 δεδομένον
2901 5614 3086 5686 ἰατρὸν
3122 5613 3231 5668 τῶν
3259 5613 3433 5669 ἑλκῶν
3459 5613 3769 5685 κατήγορον
3797 5629 3886 5681 γι-

2197 5704 2421 5772 νόμενον
2448 5702 2663 5772 πικρὸν,
2688 5703 2778 5755 τὸν
2805 5703 2971 5774 νόμον
3004 5703 3169 5772 λέγω,
3205 5703 3299 5756 καὶ
3325 5700 3558 5766 αὔξοντα
3587 5701 3654 5752 1‘4
3687 5701 3888 5772 ἐγκλή-

2205 5811 2370 5865 ματα,
2411 5791 2501 5846 καὶ
2539 5790 2892 5863 μείξονιδίκῃ
2923 5793 3177 5848 ποιοῦντα
3220 5790 3512 5846 ὐπεύθυνον
3553 5789 3643 5844 τὸν
3672 5785 3890 5860 ἀνθρω-
