4138 6464
441 459 556 528 503

440 592 584 645 sisse
605 628 619 653 ,
665 587 951 659 ipsumque
977 583 1253 637 hominem
1285 579 1354 634 de
1382 595 1442 633 se
1467 578 1844 646 desperantem
1873 614 1889 639 ,
1937 586 2053 626 me-

439 679 628 736 dicum
657 694 810 745 vero,
836 677 926 748 qui
949 675 1110 732 datus
1137 673 1238 744 ipsi
1270 670 1448 727 fuerat
1478 668 1545 723 ad
1570 668 1752 722 ulcera
1782 662 2048 730 curanda,

439 780 817 828 accu~atorem
869 769 1114 834 malum,
1183 765 1357 834 legem
1417 761 1574 828 dico,
1622 758 1875 814 eﬂ'ectum
1933 769 2057 810 esse

439 866 672 921 crimina
704 872 995 934 augentem
1020 901 1035 926 ,
1070 869 1127 916 et
1155 857 1428 912 hominem
1457 853 1647 925 majori
1681 868 1853 924 metue
1879 851 2055 906 oliuo-

441 957 592 1014 xiqu
626 957 914 1012 facientem
939 996 955 1020 ,
1006 963 1062 1009 et
1097 951 1274 1006 morbi
1303 947 1645 1021 tyrannidem
1681 945 2054 1013 malorumque

444 1051 884 1120 exsuperantiam
924 1046 1362 1110 considerasset;
1411 1058 1532 1113 qu:e
1576 1041 1846 1096 neminem
1889 1037 2053 1092 alium

442 1143 806 1214 postularent,
831 1156 993 1211 quam
1022 1154 1146 1194 eum
1177 1137 1266 1208 qui
1295 1151 1394 1191 nos
1421 1136 1488 1191 ab
1515 1134 1666 1188 initio
1692 1131 2051 1188 condiderat:

441 1235 568 1290 vide
595 1233 725 1305 quid
761 1232 920 1288 faciat
952 1248 965 1286 :
997 1239 1186 1285 natura
1216 1239 1400 1284 nostra
1429 1226 1670 1282 induitur
1701 1224 1971 1280 infirmata
1999 1228 2056 1278 et

439 1328 676 1392 devicta,
706 1334 766 1380 ut
793 1340 888 1394 per
919 1324 1066 1378 iilant
1099 1329 1363 1393 pugnaret
1408 1329 1461 1374 et
1504 1324 1757 1380 certaret,
1788 1325 1948 1386 atque
1987 1314 2056 1370 ab

440 1419 562 1488 ipso
612 1416 797 1471 limine
851 1427 908 1470 et
959 1413 1183 1470 exordio
1235 1410 1558 1481 arrogantia:
1614 1418 1862 1462 naturam
1911 1405 2052 1460 radi-

437 1511 584 1566 citus
627 1508 833 1572 evellit,
876 1523 996 1579 qua:
1041 1507 1306 1561 malorum
1351 1503 1590 1558 omnium
1625 1514 1788 1554 causa
1832 1497 2051 1553 fuerat:

440 1620 567 1659 nam
601 1604 718 1657 ha-c
746 1601 1022 1656 diabolum
1055 1640 1070 1666 ,
1113 1613 1235 1654 cum
1270 1595 1521 1650 diabolus
1567 1609 1674 1647 nou
1709 1601 1856 1648 esset
1879 1633 1892 1656 ,
1940 1589 2056 1644 dia-

440 1697 626 1751 bolum
657 1693 878 1760 effecit,
915 1702 974 1747 ut
999 1693 1240 1747 declarat
1274 1689 1470 1743 l‘aulus
1501 1688 1689 1742 dicens
1723 1701 1736 1738 :
1773 1683 1895 1737 Non
1933 1700 2054 1738 nea-

441 1795 660 1860 phytnm
689 1831 704 1853 ,
736 1804 799 1842 ne
838 1787 888 1840 in
919 1786 1209 1855 superbiam
1237 1783 1402 1837 elatus
1429 1824 1443 1845 ,
1478 1781 1531 1834 in
1564 1779 1828 1852 judicium
1863 1777 2057 1831 incidat

440 1879 687 1953 diaboli(
719 1883 765 1934 1.
810 1877 943 1932 Tim.
991 1879 1042 1932 5.
1077 1877 1170 1950 6).
1217 1877 1326 1930 Iloc
1378 1874 1645 1929 Adamum
1697 1888 1758 1926 ex
1806 1869 2056 1940 paradiso

439 1975 602 2038 ejecit
636 1992 647 2026 :
675 1972 801 2040 quia
836 1972 980 2025 enim
1007 1969 1235 2031 audivit,
1270 1965 1428 2019 Erilis
1452 1966 1586 2018 sicut
1615 1963 1687 2017 dii
1712 1961 1862 2033 (Gen.
1885 1963 1938 2017 5.
1970 1962 2051 2031 5);

444 2066 541 2119 hac
569 2081 664 2134 spe
693 2063 976 2133 deceptus,
1003 2062 1180 2115 arbori
1212 2072 1428 2114 manum
1456 2055 1714 2120 admovit,
1740 2055 1911 2123 legem
1939 2055 2055 2107 cal-

447 2162 604 2224 cavit,
629 2168 682 2213 et
714 2165 1042 2228 praiceptum
1064 2167 1431 2224 transgressus
1454 2160 1555 2204 est.
1581 2150 1701 2204 Ideo
1725 2149 1886 2204 etiam
1917 2147 2054 2201 Deus

457 2265 834 2324 mngrueutcm
853 2252 1062 2307 vulneri
1081 2266 1278 2322 appara
1289 2251 1364 2304 vit
1382 2248 1720 2303 medicinam.
1748 2246 2054 2302 Sicutenim

462 2348 514 2402 iu
540 2346 851 2416 Corporibus
875 2344 1149 2399 contraria
1176 2341 1465 2397 contrariis
1492 2341 1758 2396 medelam
1782 2339 2014 2394 afferunt
2031 2378 2048 2404 ,

457 2451 512 2493 ut
550 2439 696 2493 aiunt
727 2438 948 2504 medici,
1003 2447 1057 2493 et
1104 2435 1247 2508 quod
1279 2436 1523 2506 frigidius
1563 2444 1648 2491 est
1674 2435 1860 2490 calore
1901 2433 2047 2490 fove-

447 2550 585 2600 mus,
615 2535 870 2606 quodque
897 2533 1233 2589 exsiccatum
1284 2531 1506 2586 lmmido
1546 2540 1911 2600 temperamus
1936 2546 1949 2582 :
1974 2529 2052 2584 sic

441 2631 604 2684 etiam
652 2629 797 2686 Deus
841 2628 895 2682 in
940 2627 1136 2682 anima:
1162 2625 1501 2696 passionihus
1544 2624 1688 2679 fecit.
1725 2622 1860 2690 Quia
1902 2623 2048 2677 enim

438 2723 748 2792 arrogantia
798 2724 968 2793 ipsam
1005 2721 1268 2777 eﬂerebat
1316 2729 1372 2775 et
1411 2718 1669 2787 inﬂabat,
1701 2717 2051 2788 pharmacum

437 2816 696 2886 apposuit
744 2814 886 2884 quod
919 2813 1103 2868 ﬂatum
1146 2811 1494 2868 contraheret
1542 2819 1594 2865 et
1639 2819 1902 2864 tumorem
1950 2824 2049 2862 att-

438 2911 627 2964 lcrret.
650 2907 806 2976 Quod
822 2922 954 2963 vero
975 2906 1324 2976 pharmacum
1349 2904 1371 2958 ?
1402 2904 1626 2959 Mortem
1655 2904 1806 2975 quasi
1837 2919 2051 2959 murum

437 3002 541 3072 ipsi
577 3015 884 3071 opponens.
922 2999 1047 3054 ldeo
1093 3015 1200 3054 non
1230 3006 1438 3053 tantum
1469 2997 1696 3053 mortale
1751 2996 1881 3055 fecit
1923 2994 2071 3054 εον-⁸

437 3110 561 3162 pus,
613 3091 711 3148 sed
749 3093 911 3148 etiam
945 3100 1003 3146 ut
1043 3100 1486 3160 corrumperetur
1512 3089 1709 3155 cﬂ'ecit,
1758 3101 1815 3146 ut
1857 3092 2051 3146 misce-

437 3193 612 3252 retur,
670 3192 730 3240 ιιι
785 3185 1048 3242 vermium
1080 3183 1282 3240 'fontes
1329 3183 1622 3247 emitteret,
1660 3195 1821 3255 atque
1860 3186 1911 3239 in
1959 3200 2050 3239 sa-

439 3280 584 3332 niem
627 3278 1045 3345 dissolveretur,
1091 3278 1389 3347 timoreque
1436 3279 1792 3348 impleretur;
1827 3279 2051 3333 humili-

438 3371 566 3426 tatis
593 3370 938 3424 fundamenta
973 3385 1176 3440 ponens
1230 3386 1328 3424 nec
1369 3386 1619 3441 umquam
1650 3372 1729 3425 vel
1761 3370 2050 3426 admodum

437 3474 785 3534 arrogantem
832 3465 1016 3536 sitiens
1057 3464 1224 3518 altum
1263 3464 1330 3520 de
1374 3480 1433 3520 se
1477 3480 1688 3534 sapere.
1731 3466 1867 3533 Quid
1910 3467 2053 3522 enim

439 3559 684 3615 timidius
747 3558 990 3618 humano
1066 3556 1369 3613 cadavere?
1454 3557 1585 3628 quid
1664 3559 1818 3613 vilius
1907 3573 2056 3614 mor-

441 3663 537 3708 tuo
564 3653 587 3706 ?
833 3654 836 3658 ’
1526 3651 1533 3659 ’

516 3752 568 3811 4.
603 3749 711 3805 Sed
744 3765 811 3805 ne
841 3763 984 3819 a-gre
1017 3745 1186 3813 feras,
1231 3747 1465 3811 dilecte;
1497 3763 1686 3804 verum
1716 3747 1803 3803 hic
1835 3762 2062 3819 quoque

447 3845 543 3903 Dei
579 3843 972 3914 providentiam
1005 3840 1301 3911 perpende.
1333 3840 1518 3912 Neque
1545 3842 1688 3895 cuitu
1721 3843 1764 3896 is
1795 3842 1883 3911 qui
1913 3858 2062 3896 mor-

443 3949 570 3990 tuus
598 3945 682 3991 est
733 3936 786 3988 in
841 3934 1032 3988 ltortttu
1076 3948 1300 3988 sensum
1351 3934 1540 3988 venit:
1573 3934 1661 4004 qui
1701 3943 1882 3989 autem
1935 3934 2066 3988 vivit

443 4031 506 4082 iit
545 4028 725 4081 alieno
778 4041 1032 4096 Corpore,
1079 4025 1447 4096 philosophari
1497 4023 1675 4079 discit.
1704 4024 2060 4093 Quantutuvis

441 4120 591 4175 etum
629 4117 981 4189 superciliqu
1013 4117 1228 4170 attollat
1259 4131 1324 4172 ac
1377 4131 1500 4172 sese
1528 4115 1739 4181 eﬂ‘erat,
1774 4117 1840 4171 ad
1881 4117 2063 4187 sepul-

441 4229 625 4278 crum,
661 4213 885 4269 veniens
917 4220 975 4266 et
1005 4210 1256 4267 faetorem
1303 4210 1568 4277 sentiens,
1610 4209 1868 4278 concidit,
1900 4219 2063 4281 atque

443 4306 515 4361 ad
548 4307 722 4376 ipsum
752 4303 1021 4360 infernum
1047 4301 1348 4358 descendit.
1390 4301 1457 4357 Et
1486 4311 1544 4356 ut
1576 4301 1755 4357 discas
1796 4301 1897 4358 hoc
1939 4303 2060 4359 ideo

446 4403 520 4455 ita
559 4401 756 4455 factum
803 4414 960 4462 esse,
995 4397 1113 4469 ipso
1140 4404 1388 4451 naturam
1441 4405 1678 4449 nostram
1727 4411 1834 4451 non
1881 4395 2062 4466 desiti-

443 4495 648 4554 ciente,
673 4491 768 4547 sed
793 4490 957 4546 animi
977 4489 1343 4560 arrogantiam
1371 4487 1640 4553 frenante,
1676 4486 2062 4558 hominemque

445 4589 500 4641 iu
532 4596 794 4657 perpetua
824 4583 1130 4641 humilitate
1171 4581 1475 4645 detinente,
1501 4581 1756 4650 quoniam
1790 4579 1857 4634 ab
1903 4579 2061 4636 initio

445 4683 576 4737 inde
607 4689 890 4751 peccatum
923 4686 1152 4734 venerat
1182 4693 1194 4729 :
1227 4675 1355 4732 audi
1381 4674 1508 4748 quid
1540 4675 1682 4731 dicat
1731 4675 1896 4731 Isaias
1928 4690 2059 4748 pro-

445 4777 652 4847 pheta:
689 4773 958 4842 Quomodo
1004 4772 1186 4825 cecidit
1238 4771 1303 4824 de
1338 4770 1464 4824 cazlo
1511 4770 1718 4840 lucifer,
1775 4770 1862 4839 qui
1911 4786 2063 4824 mane

444 4869 706 4924 Ct‘iebutttr
735 4864 910 4938 (lsai.
961 4864 1048 4918 M.
1083 4862 1153 4916 12
1187 4863 1241 4932 )?
1289 4878 1394 4915 non
1439 4861 1508 4916 de
1549 4860 1772 4916 lucifero
1803 4862 2059 4931 loquens;

445 4977 744 5031 numquam
766 4959 910 5014 enim
955 4957 1141 5011 lucifer
1179 4955 1414 5021 cecidit;
1445 4954 1538 5010 sed
1565 4955 1616 5008 in
1644 4955 1778 5010 caelo
1809 4954 2061 5012 fundatus

443 5056 760 5121 infixusque
789 5058 897 5113 est,
941 5061 1207 5117 suumque
1253 5057 1432 5101 servat
1476 5061 1714 5101 cursum.
1759 5046 1896 5114 Quid
1931 5062 2062 5118 ergo

442 5149 548 5204 sibi
574 5147 691 5202 vult
710 5145 991 5217 propheta,
1017 5159 1138 5198 cum
1155 5142 1284 5196 dicit
1315 5160 1328 5196 :
1358 5141 1624 5208 Quomodo
1643 5141 1822 5194 cecidit
1843 5142 1906 5195 de
1934 5141 2060 5196 cado

443 5241 654 5310 lucifer,
686 5240 776 5310 qui
802 5254 950 5290 tuane
979 5235 1232 5289 oriebatur
1254 5234 1278 5288 ?
1313 5234 1386 5288 De
1410 5249 1534 5302 rege
1555 5233 1787 5304 quodam
1832 5233 2059 5289 barbaro

446 5334 730 5404 loquitur;
763 5330 1044 5386 luciferum
1081 5337 1257 5381 autem
1289 5333 1444 5380 vocat
1497 5327 1643 5380 illum
1684 5325 1754 5379 ob
1803 5325 2060 5397 splendo-

442 5444 589 5493 rem,
621 5426 693 5480 ob
719 5423 992 5488 diadema,
1022 5422 1090 5474 ob
1125 5435 1434 5491 purpuram,
1461 5419 1530 5473 ob
1557 5419 1853 5475 satellitum
1880 5420 2055 5492 fulgo-

444 5535 587 5579 rem,
619 5517 690 5571 ob
717 5529 868 5569 arma
919 5516 1143 5568 nitentia
1192 5521 1247 5566 et
1297 5525 1484 5564 aurum
1534 5509 1942 5579 splendescens,
1988 5511 2058 5566 ob

444 5613 665 5669 lanceas
692 5616 878 5663 acutas
908 5615 962 5660 ct
990 5603 1252 5674 fulgorem
1298 5601 1609 5657 cmitteutes
1639 5612 1695 5657 ct
1738 5601 1808 5657 ob
1839 5618 2055 5659 omnem

443 5706 613 5760 alium
643 5703 863 5768 fastum,
895 5699 1144 5770 quodque
1170 5707 1360 5753 cuncta
1406 5696 1618 5767 diripiat
1648 5707 1703 5751 et
1744 5699 2052 5766 pepulctur.

445 5797 604 5862 Quod
657 5796 804 5848 cuitu
856 5810 960 5846 uoti
1017 5792 1086 5846 de
1129 5789 1353 5845 lucifero
1407 5789 1690 5857 loquatur,
1739 5788 1836 5846 sed
1888 5801 2060 5845 mcta-

447 5893 676 5961 pill'l'ttic
729 5888 1000 5955 loquatur,
1061 5887 1161 5939 hoc
1213 5885 1386 5955 palam
1417 5892 1520 5948 est,
1551 5897 1672 5938 cum
1703 5885 1846 5938 enim
1889 5885 2057 5939 dixis-

445 5997 564 6054 set,
603 5981 870 6051 Quomodo
899 5980 1079 6036 cecidit
1123 5979 1183 6034 de
1225 5979 1346 6035 rwio
1380 5979 1558 6050 turifer
1581 6019 1594 6045 ,
1625 5977 1710 6048 qui
1741 5994 1887 6034 mane
1925 5980 2055 6034 oric-

1018 466 1136 523 Vlll
1175 463 1484 523 HOMILIA.
1528 460 1785 517 llABiT.\
1830 455 2201 525 POSTQUAM
2245 455 2655 512 PRESBYTER
2695 455 2992 525 GOTliUS,
3038 446 3191 514 ETC.

3662 439 3767 515 3.06

2159 569 2328 638 batur,
2370 570 2449 626 sic
2486 571 2697 642 pergit:
2729 571 2805 626 Tu
2837 582 3006 626 autem
3051 572 3227 627 dixisti
3264 573 3317 627 in
3363 573 3516 628 corde
3562 583 3668 641 tuo,
3702 573 3768 630 In

2159 663 2340 719 cwlum
2385 665 2680 733 ascendam,
2722 683 2879 734 supra
2917 666 3093 720 stellas
3134 669 3248 722 acti
3306 685 3495 738 ponam
3524 669 3766 723 thronum

2160 771 2349 822 meum,
2365 766 2412 810 et
2425 757 2608 811 similis
2623 774 2708 811 ero
2732 757 3165 828 AltissimoUsai.
3193 775 3240 812 υ.
3272 759 3381 830 l3).
3413 761 3565 828 Quod
3586 771 3768 816 autem

2159 848 2313 904 stella
2345 863 2446 904 nec
2476 848 2857 919 cogitationem
2903 866 3001 905 nec
3034 863 3274 906 mentem
3327 851 3542 916 habeat,
3588 867 3764 921 neque

2161 941 2325 996 verba
2385 942 2640 1012 proferat,
2671 943 2872 998 nemini
2905 960 3013 999 tton
3042 955 3227 1000 notum
3256 954 3340 1000 est
3371 964 3386 1000 :
3419 945 3514 1000 sed
3545 946 3611 1001 de
3637 961 3766 1016 rege

2159 1036 2236 1089 ait
2260 1037 2489 1107 quodam
2505 1037 2841 1107 blasphemo,
2878 1039 3180 1107 arro;antia
3207 1052 3262 1095 et
3287 1040 3545 1110 jactantia
3579 1041 3760 1110 pleno,

2159 1130 2252 1202 qui
2297 1146 2422 1186 cum
2472 1129 2613 1187 fastu
2656 1132 2914 1203 loquitur.
2974 1133 3104 1199 Quis
3143 1143 3322 1190 autem
3383 1133 3472 1190 ille
3515 1151 3610 1190 rex
3641 1136 3766 1190 est?

2159 1224 2272 1280 Hoc
2301 1239 2587 1295 possumus
2627 1226 2844 1282 dicere:
2867 1242 3053 1281 verum
3088 1237 3148 1282 ut
3183 1244 3288 1282 non
3332 1232 3509 1285 omnia
3549 1245 3578 1283 a
3607 1230 3764 1286 nobis

2157 1315 2397 1378 discatis,
2428 1316 2520 1372 sed
2549 1333 2647 1372 vos
2675 1319 2775 1385 ipsi
2816 1318 2978 1373 etiam
3025 1318 3352 1375 meditantes
3382 1331 3435 1376 et
3475 1321 3762 1392 vigilantes

2158 1409 2355 1466 divina:
2387 1409 2681 1481 Scripturze
2710 1411 3000 1478 thesauros
3049 1413 3394 1480 scrutemini,
3425 1414 3600 1470 locum
3632 1431 3762 1485 pro-

2161 1503 2335 1574 pheta:
2364 1504 2530 1571 adite,
2563 1513 2618 1560 et
2641 1504 2822 1559 scietis
2847 1505 2966 1574 quis
3010 1506 3082 1560 sit
3125 1521 3242 1573 rex,
3266 1504 3422 1576 cujus
3451 1508 3658 1578 populi,
3710 1519 3766 1565 et

2157 1597 2502 1668 quandonam
2533 1597 2694 1653 fuerit
2721 1615 2736 1651 :
2767 1614 2891 1653 nam
2916 1601 2992 1653 ait
3020 1600 3133 1664 ille,
3167 1600 3250 1654 Da
3278 1604 3502 1674 sapienti
3540 1605 3770 1659 orcasio—‘

2159 1701 2355 1754 nem,et
2381 1691 2666 1762 sapientior
2687 1693 2782 1747 erit
2802 1691 2982 1764 (Prov.
3009 1691 3062 1748 9.
3085 1692 3162 1764 9).
3189 1693 3319 1749 Cum
3348 1696 3506 1766 igitur
3530 1699 3616 1752 hic
3646 1715 3762 1762 rex,

2158 1785 2248 1856 qui
2280 1784 2596 1854 Splendidus
2626 1784 2801 1840 fuerat
2823 1796 2876 1841 et
2904 1787 3127 1842 illustris
3154 1797 3208 1843 et
3243 1789 3524 1846 immensis
3560 1792 3764 1847 instru-

2158 1889 2277 1932 ctus
2306 1879 2511 1934 divitiis
2535 1922 2549 1946 ,
2585 1888 2639 1936 et
2668 1880 2855 1935 orbem
2910 1890 3078 1936 totum
3108 1882 3396 1948 invaserat,
3441 1894 3495 1939 et
3538 1902 3764 1956 regnum

2158 1971 2476 2026 extenderat
2501 1988 2680 2039 suum,
2715 1983 2938 2042 repente
2985 1984 3170 2045 raptus
3215 1985 3566 2048 mortuusque
3594 1989 3763 2046 esset,

2157 2065 2299 2134 quod
2324 2064 2478 2122 scivit
2530 2067 2792 2138 propheta
2838 2084 3022 2123 rerum
3058 2069 3413 2127 humanarum
3455 2074 3765 2132 volubilita-

2160 2165 2287 2223 tem,
2319 2158 2473 2226 dixit,
2505 2160 2771 2228 Quomodo
2799 2163 2978 2217 cecidit
3008 2163 3070 2218 de
3099 2166 3224 2221 cado
3245 2166 3477 2238 Lucifer,
3504 2169 3590 2241 qui
3616 2187 3764 2226 mane

2157 2249 2451 2305 oriebatur?
2472 2254 2560 2322 qui
2588 2269 2741 2324 reges
2765 2257 3024 2320 cencutit,
3053 2259 3142 2328 qui
3167 2269 3336 2315 totum
3367 2262 3553 2319 orbem
3576 2263 3764 2318 deser-

2160 2351 2268 2396 tum
2293 2343 2509 2400 reddit?
2540 2345 2795 2416 illumque
2818 2346 3100 2418 alloquens
3124 2360 3180 2404 et
3207 2351 3512 2416 traducens,
3539 2355 3613 2408 ait
3643 2371 3657 2410 :
3685 2353 3762 2408 Tu

2156 2445 2325 2490 autem
2353 2437 2552 2504 dixisti,
2589 2437 2657 2492 In
2705 2441 2888 2494 ccclum
2921 2443 3216 2509 ascendam,
3253 2460 3412 2506 supra
3442 2445 3616 2500 stellas
3649 2445 3774 2500 αιἸῖ

2158 2545 2343 2598 ponam
2396 2529 2634 2584 thronum
2677 2549 2862 2600 meum,
2883 2543 2931 2588 et
2963 2534 3144 2590 similis
3164 2552 3248 2590 ero
3295 2537 3576 2592 Altissimo.
3607 2537 3772 2594 Nunc

2155 2634 2325 2678 autem
2343 2625 2394 2678 in
2413 2625 2670 2694 infernum
2686 2627 2980 2696 descendas,
3004 2629 3095 2684 sub
3113 2640 3159 2686 te
3174 2642 3400 2688 sternent
3416 2635 3775 2706 putredinem,’

2155 2725 2202 2770 et
2217 2717 2587 2787 operimentum
2609 2729 2748 2774 tuum
2773 2723 2978 2777 vermis.
3013 2722 3199 2779 Viden’
3226 2727 3518 2796 quomodo,
3542 2740 3598 2783 ιιι
3625 2728 3760 2793 dixi,

2156 2808 2276 2864 ideo
2301 2810 2461 2865 talem
2490 2822 2693 2868 sortem
2721 2828 2917 2885 corpus
2955 2824 3202 2871 nostrum
3229 2816 3439 2875 habere
3461 2821 3762 2886 constituit,

2156 2909 2214 2955 ut
2239 2905 2561 2974 arrogantim
2591 2904 2942 2976 pharmacqu
2979 2909 3386 2966 essct'Widens
3414 2913 3574 2983 igitur
3612 2913 3763 2968 illum

2154 2998 2458 3068 arrogantia
2493 2997 2735 3068 plenum,
2767 2999 2835 3054 ab
2862 2999 2926 3055 iis
2953 3015 3074 3072 qure
3095 3012 3215 3073 post
3244 3013 3474 3061 mortem
3511 3007 3768 3065 accidunt

2159 3090 2310 3145 illum
2343 3092 2544 3158 erudit,
2575 3108 2790 3148 vermes
2830 3109 3162 3162 memorans,
3215 3096 3486 3161 faetorem,
3521 3100 3775 3167 saniem,

2157 3192 2216 3238 ut
2244 3183 2361 3239 haec
2403 3186 2648 3256 cogitans
2673 3188 3037 3258 arrogantiam
3083 3188 3350 3256 demittat,
3384 3207 3490 3246 non
3521 3207 3764 3261 prasen-

2157 3277 2225 3332 tia
2244 3278 2595 3335 considerans
2613 3290 2666 3336 et
2693 3279 2926 3347 inﬂatus,
2946 3280 3040 3338 sed
3067 3283 3405 3354 perpendens
3421 3285 3509 3356 qui
3527 3285 3626 3341 sibi
3647 3287 3776 3343 finis

2157 3370 2361 3437 instet,
2419 3387 2580 3442 quam
2621 3384 2969 3443 suscepturus
3006 3375 3078 3430 sit
3119 3377 3494 3432 mutationem.
3535 3379 3770 3452 Ideoque

2159 3465 2412 3536 possibile
2427 3481 2621 3536 corpus
2646 3468 2821 3522 sortiti
2845 3482 3053 3534 sumus,
3071 3476 3127 3523 et
3148 3478 3510 3538 postmortem
3528 3473 3597 3526 ita
3627 3472 3767 3527 tuati-

2160 3558 2308 3612 dum.
2335 3558 2390 3613 Si
2420 3559 2584 3626 enim,
2613 3574 2736 3614 cum
2765 3559 2886 3614 talis
2906 3569 2977 3617 sit
3003 3573 3216 3626 natura,
3247 3563 3504 3619 insensati
3530 3565 3681 3618 ιιιιι1ιί
3715 3566 3771 3620 in.

2164 3660 2366 3706 tantam
2396 3653 2759 3722 arrogantiam
2789 3652 3150 3719 devenerunt,
3183 3665 3240 3708 ιιι
3274 3671 3333 3710 sc
3376 3657 3487 3711 Deo
3529 3658 3769 3728 a‘qualrs

2167 3743 2606 3812 imaginarentur,
2631 3754 2684 3797 et
2714 3743 2780 3797 ad
2807 3745 2996 3799 caelum
3016 3761 3238 3816 scopum
3266 3746 3640 3815 intenderent;
3667 3751 3768 3804 lliai

2169 3834 2270 3890 hoc
2285 3835 2640 3890 retinerentur
2655 3834 2826 3901 freno,
2844 3852 3076 3907 quonam
3095 3838 3388 3909 iniquitatis
3402 3856 3507 3896 non
3522 3857 3772 3913 erumpe.

2168 3929 2322 3983 rent?
2349 3926 2534 3997 Neque
2579 3927 2667 3982 hic
2718 3937 2923 3983 tantum
2957 3945 3051 3984 rex
3073 3971 3087 3994 ,
3121 3931 3218 3986 sed
3251 3943 3298 3987 et
3330 3933 3468 3987 alius
3501 3934 3772 3989 invenitur

2169 4018 2403 4090 idipsum
2433 4017 2535 4074 sibi
2582 4020 2812 4091 ﬁngens,
2844 4037 3003 4092 quem
3059 4022 3197 4078 alius
3229 4024 3488 4094 propheta
3523 4025 3770 4081 Ezechiel

2166 4112 2246 4168 sic
2275 4111 2507 4168 traducit
2540 4131 2552 4166 :
2583 4112 2664 4168 Tu
2692 4123 2859 4167 autem
2882 4115 3079 4182 dixisti,
3125 4116 3266 4172 Deus
3305 4134 3442 4184 sunt,
3472 4136 3572 4173 non
3594 4120 3767 4184 homo,

2165 4205 2402 4261 habitans
2420 4206 2476 4260 in
2511 4206 2667 4262 corde
2695 4217 2884 4264 terra:
2903 4226 2971 4263 an
3013 4210 3065 4262 t'n
3094 4226 3253 4265 manu
3279 4221 3326 4266 te
3373 4213 3774 4286 confodicntium

2167 4301 2326 4368 dices,
2355 4299 2497 4357 Deus
2547 4319 2682 4370 sum,
2713 4320 2816 4358 non
2848 4303 3000 4363 [tanta
3033 4302 3251 4378 (Ezech.
3294 4304 3384 4362 28.
3431 4307 3490 4378 2)
3513 4309 3538 4361 ?
3585 4307 3777 4363 Viden’

2163 4393 2436 4465 quomodo
2463 4394 2550 4451 hic
2575 4397 2739 4452 etiam
2752 4397 3132 4464 suhindicavit,
3157 4411 3387 4456 mortem
3415 4400 3536 4456 ideo
3561 4401 3772 4472 ingres-

2163 4501 2278 4542 sam
2307 4501 2448 4552 essc,
2476 4489 2911 4558 utarrogautiam
2933 4490 3312 4561 comprimeret
3334 4501 3390 4547 ut
3416 4493 3610 4548 malum
3629 4495 3774 4552 illam

2164 4579 2574 4649 cogitationem,
2607 4595 2767 4652 quam
2816 4580 2884 4636 ab
2911 4581 3064 4636 initio
3105 4582 3156 4636 in
3191 4583 3364 4653 primo
3395 4597 3619 4656 part-nte
3643 4587 3776 4643 inse-

2165 4674 2274 4727 ruit
2303 4672 2570 4739 diabolus,
2593 4673 2851 4729 radicitus
2880 4675 3180 4730 evelleret?
3220 4676 3431 4731 Etenim
3474 4678 3773 4732 idololatria

2167 4781 2383 4837 quoque
2425 4765 2553 4820 hinc
2597 4775 2773 4821 ortum
2805 4765 3014 4833 habuit,
3055 4783 3176 4837 qua:
3208 4768 3568 4824 humanorum
3602 4771 3775 4824 malo-

2167 4874 2290 4913 rum
2319 4859 2588 4930 colophon
2619 4869 2725 4925 cst,
2774 4859 2916 4929 quod
2959 4860 3118 4915 multi
3153 4861 3204 4914 in
3231 4864 3594 4931 arrogantiam
3624 4863 3775 4930 elati,

2167 4950 2530 5020 aequalitatem
2571 4966 2693 5005 cum
2757 4951 2868 5005 Deo
2925 4953 3322 5022 concupierint.
3375 4951 3578 5007 Omnes
3629 4954 3772 5007 enim

2167 5044 2257 5113 qui
2308 5043 2446 5112 apud
2490 5042 2710 5099 Graecos
2762 5043 2835 5098 dii
2891 5053 3034 5106 sunt,
3085 5043 3154 5097 ab
3198 5043 3509 5099 hominibus
3558 5048 3773 5100 conficti

2169 5135 2318 5190 luere
2339 5153 2351 5188 :
2373 5135 2514 5206 quod
2548 5151 2616 5191 ne
2640 5136 2907 5200 eveniret,
2933 5144 3161 5192 mortem
3193 5136 3443 5205 opposuit
3469 5137 3628 5202 Deus,
3655 5153 3774 5207 qua:

2167 5227 2532 5280 infirmitatem
2551 5239 2752 5282 natura:
2775 5228 3144 5297 comprobant.
3159 5222 3776 5295 ldeounigenitusFilins

2170 5321 2288 5388 Dei,
2313 5313 3013 5392 arrogantiam'deprimens
3038 5322 3161 5376 talia
3206 5322 3482 5394 ingressus
3512 5329 3772 5394 prommia

2168 5418 2446 5488 apparavit
2477 5426 2534 5471 ιιι
2574 5425 2850 5486 pateretur
2881 5417 3174 5487 tugurium,
3219 5428 3614 5488 paupertatem,
3662 5433 3777 5474 nta-

2169 5519 2303 5565 trem
2336 5511 2548 5580 inopem
2584 5527 2598 5563 :
2633 5524 2729 5578 per
2765 5525 2927 5579 opera
2960 5510 3212 5565 onmibus
3252 5510 3488 5567 suadens
3519 5520 3576 5566 ut
3603 5513 3780 5568 c..lca-

2168 5613 2289 5659 rent
2328 5604 2620 5656 humanum
2670 5604 2863 5657 fastum
2899 5621 2912 5658 :
2942 5613 2996 5658 et
3055 5618 3176 5659 cum
3219 5605 3551 5673 advenisset,
3603 5608 3779 5676 primo

2168 5697 2427 5752 barbatos
2451 5704 2624 5750 vocat.
2653 5697 2763 5750 Cur
2789 5706 2843 5751 et
2869 5713 2970 5767 qua
2993 5697 3061 5752 de
3081 5698 3280 5752 causa?
3307 5697 3440 5766 Quia
3484 5700 3623 5753 male
3645 5698 3773 5755 aﬂ‘c-

2167 5800 2310 5844 cttun
2336 5800 2450 5844 erat
2474 5789 2764 5845 humamnu
2785 5795 2954 5859 genas
2983 5787 3193 5858 (rursus
3216 5791 3358 5844 enim
3384 5789 3632 5845 eumdctu
3681 5806 3769 5845 ne-

2168 5898 2378 5938 sttmam
2402 5881 2758 5952 settuouent),
2788 5894 2842 5938 et
2871 5898 3061 5938 ontucs
3089 5882 3156 5937 tle
3187 5885 3359 5937 salute
3388 5884 3772 5954 dCSlICl'allmll.

2167 5979 2347 6036 Primo
2373 5977 2572 6035 diaboli
2585 5975 2877 6045 aet‘opolttu
2902 5983 2957 6033 ct
2976 5976 3274 6031 sortissitua
3296 5974 3410 6046 ejus
3423 5992 3570 6031 arma
3601 5987 3767 6033 trans-
