  <div class='ocr_page' id='page_1' title='image "/cluster/home/n/w/nwhite01/storage/ocr_20150623/63:no.12/coo.31924054869635/401.png"; bbox 0 0 4138 6452; ppageno 0'>
   <div class='ocr_carea' id='block_1_1' title="bbox 434 412 534 470">
    <p class='ocr_par' dir='ltr' id='par_1_1' title="bbox 434 412 534 470">
     <span class='ocr_line' id='line_1_1' title="bbox 434 412 534 470; baseline -0.04 0"><span class='ocrx_word' id='word_1_1' title='bbox 434 412 534 470; x_wconf 77' lang='grc'><strong>50⁵1</strong></span> 
     </span>
    </p>
   </div>
   <div class='ocr_carea' id='block_1_2' title="bbox 432 530 2010 603">
    <p class='ocr_par' dir='ltr' id='par_1_2' title="bbox 432 530 2010 603">
     <span class='ocr_line' id='line_1_2' title="bbox 432 530 2010 603; baseline -0.004 -12"><span class='ocrx_word' id='word_1_2' title='bbox 432 535 561 602; x_wconf 76' lang='lat' dir='ltr'><strong>fert,</strong></span> <span class='ocrx_word' id='word_1_3' title='bbox 617 542 676 591; x_wconf 82' lang='lat' dir='ltr'><strong>ut</strong></span> <span class='ocrx_word' id='word_1_4' title='bbox 714 534 937 591; x_wconf 81' lang='lat' dir='ltr'><strong>aliorum</strong></span> <span class='ocrx_word' id='word_1_5' title='bbox 977 547 1136 589; x_wconf 86' lang='lat' dir='ltr'><strong>nemo</strong></span> <span class='ocrx_word' id='word_1_6' title='bbox 1178 533 1509 603; x_wconf 83' lang='lat' dir='ltr'><strong>desperaret.</strong></span> <span class='ocrx_word' id='word_1_7' title='bbox 1551 530 1805 603; x_wconf 83' lang='lat' dir='ltr'><strong>Alioquin</strong></span> <span class='ocrx_word' id='word_1_8' title='bbox 1851 531 2010 586; x_wconf 90' lang='lat' dir='ltr'><strong>etiam</strong></span> 
     </span>
    </p>
   </div>
   <div class='ocr_carea' id='block_1_3' title="bbox 428 623 2010 700">
    <p class='ocr_par' dir='ltr' id='par_1_3' title="bbox 428 623 2010 700">
     <span class='ocr_line' id='line_1_3' title="bbox 428 623 2010 700; baseline -0.003 -16"><span class='ocrx_word' id='word_1_9' title='bbox 428 640 483 684; x_wconf 89' lang='lat' dir='ltr'><strong>ut</strong></span> <span class='ocrx_word' id='word_1_10' title='bbox 509 627 679 686; x_wconf 69' lang='grc'><strong>31111101</strong></span> <span class='ocrx_word' id='word_1_11' title='bbox 709 627 912 700; x_wconf 91' lang='lat' dir='ltr'><strong>pudore</strong></span> <span class='ocrx_word' id='word_1_12' title='bbox 937 626 1259 689; x_wconf 80' lang='lat' dir='ltr'><strong>afﬁciantur,</strong></span> <span class='ocrx_word' id='word_1_13' title='bbox 1277 624 1328 682; x_wconf 93' lang='lat' dir='ltr'><strong>id</strong></span> <span class='ocrx_word' id='word_1_14' title='bbox 1356 624 1436 692; x_wconf 85' lang='lat' dir='ltr'><strong>ﬁt,</strong></span> <span class='ocrx_word' id='word_1_15' title='bbox 1453 623 1593 694; x_wconf 90' lang='lat' dir='ltr'><strong>quod</strong></span> <span class='ocrx_word' id='word_1_16' title='bbox 1623 623 1723 695; x_wconf 86' lang='lat' dir='ltr'><strong>ipsi</strong></span> <span class='ocrx_word' id='word_1_17' title='bbox 1749 623 2010 680; x_wconf 85' lang='lat' dir='ltr'><strong>accedere</strong></span> 
     </span>
    </p>
   </div>
   <div class='ocr_carea' id='block_1_4' title="bbox 426 716 2015 789">
    <p class='ocr_par' dir='ltr' id='par_1_4' title="bbox 426 716 2015 789">
     <span class='ocr_line' id='line_1_4' title="bbox 426 716 2015 789; baseline -0.001 -14"><span class='ocrx_word' id='word_1_18' title='bbox 426 721 766 783; x_wconf 71' lang='lat' dir='ltr'><strong>dubitarent;</strong></span> <span class='ocrx_word' id='word_1_19' title='bbox 793 720 843 772; x_wconf 90' lang='lat' dir='ltr'><strong>lti</strong></span> <span class='ocrx_word' id='word_1_20' title='bbox 865 733 993 772; x_wconf 84' lang='lat' dir='ltr'><strong>vero</strong></span> <span class='ocrx_word' id='word_1_21' title='bbox 1016 719 1228 786; x_wconf 72' lang='lat' dir='ltr'><strong>longam</strong></span> <span class='ocrx_word' id='word_1_22' title='bbox 1253 716 1738 789; x_wconf 84' lang='lat' dir='ltr'><strong>peregrinationem</strong></span> <span class='ocrx_word' id='word_1_23' title='bbox 1769 730 2015 788; x_wconf 85' lang='lat' dir='ltr'><strong>suscepe-</strong></span> 
     </span>
    </p>
   </div>
   <div class='ocr_carea' id='block_1_5' title="bbox 426 808 2011 880">
    <p class='ocr_par' dir='ltr' id='par_1_5' title="bbox 426 808 2011 880">
     <span class='ocr_line' id='line_1_5' title="bbox 426 808 2011 880; baseline -0.003 -12"><span class='ocrx_word' id='word_1_24' title='bbox 426 822 569 880; x_wconf 87' lang='lat' dir='ltr'><strong>rant,</strong></span> <span class='ocrx_word' id='word_1_25' title='bbox 598 822 654 866; x_wconf 91' lang='lat' dir='ltr'><strong>ttt</strong></span> <span class='ocrx_word' id='word_1_26' title='bbox 683 812 831 866; x_wconf 90' lang='lat' dir='ltr'><strong>illum</strong></span> <span class='ocrx_word' id='word_1_27' title='bbox 863 809 1106 865; x_wconf 83' lang='lat' dir='ltr'><strong>viderent</strong></span> <span class='ocrx_word' id='word_1_28' title='bbox 1142 823 1195 865; x_wconf 86' lang='lat' dir='ltr'><strong>et</strong></span> <span class='ocrx_word' id='word_1_29' title='bbox 1224 809 1516 865; x_wconf 82' lang='lat' dir='ltr'><strong>adorarent</strong></span> <span class='ocrx_word' id='word_1_30' title='bbox 1544 826 1558 863; x_wconf 87' lang='lat'><strong>:</strong></span> <span class='ocrx_word' id='word_1_31' title='bbox 1582 817 1638 865; x_wconf 89' lang='lat' dir='ltr'><strong>et</strong></span> <span class='ocrx_word' id='word_1_32' title='bbox 1664 808 2011 864; x_wconf 86' lang='lat' dir='ltr'><strong>circumeun-</strong></span> 
     </span>
    </p>
   </div>
   <div class='ocr_carea' id='block_1_6' title="bbox 423 897 2014 972">
    <p class='ocr_par' dir='ltr' id='par_1_6' title="bbox 423 897 2014 972">
     <span class='ocr_line' id='line_1_6' title="bbox 423 897 2014 972; baseline -0.002 -14"><span class='ocrx_word' id='word_1_33' title='bbox 423 913 506 958; x_wconf 86' lang='lat' dir='ltr'><strong>tes</strong></span> <span class='ocrx_word' id='word_1_34' title='bbox 550 902 775 969; x_wconf 87' lang='lat' dir='ltr'><strong>dicunt,</strong></span> <span class='ocrx_word' id='word_1_35' title='bbox 834 901 935 957; x_wconf 82' lang='lat' dir='ltr'><strong>Ubi</strong></span> <span class='ocrx_word' id='word_1_36' title='bbox 981 910 1056 957; x_wconf 75' lang='lat' dir='ltr'><strong>est</strong></span> <span class='ocrx_word' id='word_1_37' title='bbox 1094 909 1181 972; x_wconf 84' lang='lat' dir='ltr'><strong>qut</strong></span> <span class='ocrx_word' id='word_1_38' title='bbox 1217 911 1366 957; x_wconf 75' lang='lat' dir='ltr'><strong>natus</strong></span> <span class='ocrx_word' id='word_1_39' title='bbox 1423 910 1497 955; x_wconf 77' lang='lat' dir='ltr'><strong>est</strong></span> <span class='ocrx_word' id='word_1_40' title='bbox 1546 899 1660 955; x_wconf 74' lang='lat' dir='ltr'><strong>Rea:</strong></span> <span class='ocrx_word' id='word_1_41' title='bbox 1703 897 2014 957; x_wconf 78' lang='lat' dir='ltr'><strong>Judtcertttu</strong></span> 
     </span>
    </p>
   </div>
   <div class='ocr_carea' id='block_1_7' title="bbox 422 994 827 1063">
    <p class='ocr_par' dir='ltr' id='par_1_7' title="bbox 422 994 827 1063">
     <span class='ocr_line' id='line_1_7' title="bbox 422 994 827 1063; baseline -0.002 -14"><span class='ocrx_word' id='word_1_42' title='bbox 422 995 634 1063; x_wconf 83' lang='lat' dir='ltr'><strong>(.llattlt.</strong></span> <span class='ocrx_word' id='word_1_43' title='bbox 656 996 713 1048; x_wconf 77' lang='lat'><strong>9..</strong></span> <span class='ocrx_word' id='word_1_44' title='bbox 732 994 788 1062; x_wconf 74' lang='lat'><strong>2)</strong></span> <span class='ocrx_word' id='word_1_45' title='bbox 803 994 827 1034; x_wconf 74' lang='grc' dir='ltr'><strong><em>τ</em></strong></span> 
     </span>
    </p>
   </div>
   <div class='ocr_carea' id='block_1_8' title="bbox 491 1082 2008 1157">
    <p class='ocr_par' dir='ltr' id='par_1_8' title="bbox 491 1082 2008 1157">
     <span class='ocr_line' id='line_1_8' title="bbox 491 1082 2008 1157; baseline -0.002 -16"><span class='ocrx_word' id='word_1_46' title='bbox 491 1088 546 1142; x_wconf 80' lang='grc'><strong>5.</strong></span> <span class='ocrx_word' id='word_1_47' title='bbox 575 1085 680 1141; x_wconf 84' lang='lat' dir='ltr'><strong>Cur</strong></span> <span class='ocrx_word' id='word_1_48' title='bbox 718 1084 949 1140; x_wconf 73' lang='lat' dir='ltr'><strong>Christus</strong></span> <span class='ocrx_word' id='word_1_49' title='bbox 977 1085 1140 1155; x_wconf 86' lang='lat' dir='ltr'><strong>primo</strong></span> <span class='ocrx_word' id='word_1_50' title='bbox 1162 1101 1193 1138; x_wconf 86' lang='grc'><strong>11</strong></span> <span class='ocrx_word' id='word_1_51' title='bbox 1222 1084 1385 1157; x_wconf 71' lang='lat' dir='ltr'><strong>magis</strong></span> <span class='ocrx_word' id='word_1_52' title='bbox 1412 1082 1641 1139; x_wconf 87' lang='lat' dir='ltr'><strong>barbaris</strong></span> <span class='ocrx_word' id='word_1_53' title='bbox 1662 1084 2008 1140; x_wconf 77' lang='lat' dir='ltr'><strong>annuutietur.</strong></span> 
     </span>
    </p>
   </div>
   <div class='ocr_carea' id='block_1_9' title="bbox 421 1175 2009 1251">
    <p class='ocr_par' dir='ltr' id='par_1_9' title="bbox 421 1175 2009 1251">
     <span class='ocr_line' id='line_1_9' title="bbox 421 1175 2009 1251; baseline -0.004 -14"><span class='ocrx_word' id='word_1_54' title='bbox 421 1179 586 1237; x_wconf 77' lang='lat' dir='ltr'><strong>Stella</strong></span> <span class='ocrx_word' id='word_1_55' title='bbox 600 1195 713 1251; x_wconf 77' lang='lat' dir='ltr'><strong>qua:</strong></span> <span class='ocrx_word' id='word_1_56' title='bbox 735 1180 896 1251; x_wconf 84' lang='lat' dir='ltr'><strong>magis</strong></span> <span class='ocrx_word' id='word_1_57' title='bbox 920 1179 1184 1250; x_wconf 81' lang='lat' dir='ltr'><strong>apparuit,</strong></span> <span class='ocrx_word' id='word_1_58' title='bbox 1202 1179 1325 1249; x_wconf 84' lang='lat' dir='ltr'><strong>quid</strong></span> <span class='ocrx_word' id='word_1_59' title='bbox 1339 1187 1488 1234; x_wconf 81' lang='lat' dir='ltr'><strong>esset.</strong></span> <span class='ocrx_word' id='word_1_60' title='bbox 1503 1178 1606 1233; x_wconf 72' lang='lat' dir='ltr'><strong>(iur</strong></span> <span class='ocrx_word' id='word_1_61' title='bbox 1623 1176 1817 1233; x_wconf 81' lang='lat' dir='ltr'><strong>Paulus</strong></span> <span class='ocrx_word' id='word_1_62' title='bbox 1830 1175 2009 1233; x_wconf 82' lang='lat' dir='ltr'><strong>Timo-</strong></span> 
     </span>
    </p>
   </div>
   <div class='ocr_carea' id='block_1_10' title="bbox 419 1268 2006 1340">
    <p class='ocr_par' dir='ltr' id='par_1_10' title="bbox 419 1268 2006 1340">
     <span class='ocr_line' id='line_1_10' title="bbox 419 1268 2006 1340; baseline -0.001 -15"><span class='ocrx_word' id='word_1_63' title='bbox 419 1273 585 1327; x_wconf 84' lang='lat' dir='ltr'><strong>theum</strong></span> <span class='ocrx_word' id='word_1_64' title='bbox 611 1271 1001 1326; x_wconf 78' lang='lat' dir='ltr'><strong>circumciderit.</strong></span> <span class='ocrx_word' id='word_1_65' title='bbox 1029 1299 1099 1312; x_wconf 92' lang='lat'><strong>—-</strong></span> <span class='ocrx_word' id='word_1_66' title='bbox 1126 1268 1171 1325; x_wconf 88' lang='lat'>0</span> <span class='ocrx_word' id='word_1_67' title='bbox 1192 1284 1280 1325; x_wconf 91' lang='lat' dir='ltr'><strong>res</strong></span> <span class='ocrx_word' id='word_1_68' title='bbox 1301 1268 1572 1325; x_wconf 84' lang='lat' dir='ltr'><strong>mirabiles</strong></span> <span class='ocrx_word' id='word_1_69' title='bbox 1594 1277 1648 1325; x_wconf 90' lang='lat' dir='ltr'><strong>et</strong></span> <span class='ocrx_word' id='word_1_70' title='bbox 1669 1270 2006 1340; x_wconf 78' lang='lat' dir='ltr'><strong>inexspecta~</strong></span> 
     </span>
    </p>
   </div>
   <div class='ocr_carea' id='block_1_11' title="bbox 419 1358 2008 1433">
    <p class='ocr_par' dir='ltr' id='par_1_11' title="bbox 419 1358 2008 1433">
     <span class='ocr_line' id='line_1_11' title="bbox 419 1358 2008 1433; baseline -0.002 -16"><span class='ocrx_word' id='word_1_71' title='bbox 419 1374 487 1417; x_wconf 82' lang='lat' dir='ltr'><strong>tu:</strong></span> <span class='ocrx_word' id='word_1_72' title='bbox 507 1363 521 1417; x_wconf 90' lang='lat'><strong>!</strong></span> <span class='ocrx_word' id='word_1_73' title='bbox 545 1378 640 1433; x_wconf 91' lang='lat' dir='ltr'><strong>per</strong></span> <span class='ocrx_word' id='word_1_74' title='bbox 653 1361 934 1417; x_wconf 79' lang='lat' dir='ltr'><strong>barbaram</strong></span> <span class='ocrx_word' id='word_1_75' title='bbox 956 1376 1140 1417; x_wconf 89' lang='lat' dir='ltr'><strong>vocem</strong></span> <span class='ocrx_word' id='word_1_76' title='bbox 1160 1361 1387 1431; x_wconf 84' lang='lat' dir='ltr'><strong>primam</strong></span> <span class='ocrx_word' id='word_1_77' title='bbox 1415 1359 1719 1430; x_wconf 83' lang='lat' dir='ltr'><strong>unigenitus</strong></span> <span class='ocrx_word' id='word_1_78' title='bbox 1732 1358 1897 1414; x_wconf 80' lang='lat' dir='ltr'><strong>Filius</strong></span> <span class='ocrx_word' id='word_1_79' title='bbox 1917 1359 2008 1414; x_wconf 78' lang='grc'><strong>1101</strong></span> 
     </span>
    </p>
   </div>
   <div class='ocr_carea' id='block_1_12' title="bbox 418 1450 2008 1525">
    <p class='ocr_par' dir='ltr' id='par_1_12' title="bbox 418 1450 2008 1525">
     <span class='ocr_line' id='line_1_12' title="bbox 418 1450 2008 1525; baseline -0.003 -15"><span class='ocrx_word' id='word_1_80' title='bbox 418 1456 472 1511; x_wconf 87' lang='lat' dir='ltr'><strong>in</strong></span> <span class='ocrx_word' id='word_1_81' title='bbox 485 1453 670 1510; x_wconf 73' lang='lat' dir='ltr'><strong>Judtca</strong></span> <span class='ocrx_word' id='word_1_82' title='bbox 690 1452 1131 1525; x_wconf 60' lang='lat' dir='ltr'><strong>prtedieaturatbi</strong></span> <span class='ocrx_word' id='word_1_83' title='bbox 1145 1451 1445 1523; x_wconf 72' lang='lat' dir='ltr'><strong>prophetae,</strong></span> <span class='ocrx_word' id='word_1_84' title='bbox 1462 1450 1795 1523; x_wconf 75' lang='lat' dir='ltr'><strong>patriarchae,</strong></span> <span class='ocrx_word' id='word_1_85' title='bbox 1810 1462 1859 1506; x_wconf 88' lang='lat' dir='ltr'><strong>et</strong></span> <span class='ocrx_word' id='word_1_86' title='bbox 1878 1450 2008 1520; x_wconf 86' lang='lat' dir='ltr'><strong>justi</strong></span> 
     </span>
    </p>
   </div>
   <div class='ocr_carea' id='block_1_13' title="bbox 417 1543 2009 1615">
    <p class='ocr_par' dir='ltr' id='par_1_13' title="bbox 417 1543 2009 1615">
     <span class='ocr_line' id='line_1_13' title="bbox 417 1543 2009 1615; baseline -0.004 -14"><span class='ocrx_word' id='word_1_87' title='bbox 417 1555 473 1601; x_wconf 91' lang='lat' dir='ltr'><strong>et</strong></span> <span class='ocrx_word' id='word_1_88' title='bbox 493 1547 600 1614; x_wconf 76' lang='lat' dir='ltr'><strong>lex,</strong></span> <span class='ocrx_word' id='word_1_89' title='bbox 626 1561 770 1610; x_wconf 87' lang='lat' dir='ltr'><strong>arca,</strong></span> <span class='ocrx_word' id='word_1_90' title='bbox 795 1554 1198 1610; x_wconf 87' lang='lat' dir='ltr'><strong>testamentum,</strong></span> <span class='ocrx_word' id='word_1_91' title='bbox 1216 1544 1498 1615; x_wconf 88' lang='lat' dir='ltr'><strong>templum.</strong></span> <span class='ocrx_word' id='word_1_92' title='bbox 1518 1543 1863 1609; x_wconf 89' lang='lat' dir='ltr'><strong>sacriﬁcium,</strong></span> <span class='ocrx_word' id='word_1_93' title='bbox 1889 1544 2009 1598; x_wconf 83' lang='lat' dir='ltr'><strong>cul-</strong></span> 
     </span>
    </p>
   </div>
   <div class='ocr_carea' id='block_1_14' title="bbox 418 1633 2010 1707">
    <p class='ocr_par' dir='ltr' id='par_1_14' title="bbox 418 1633 2010 1707">
     <span class='ocr_line' id='line_1_14' title="bbox 418 1633 2010 1707; baseline -0.003 -16"><span class='ocrx_word' id='word_1_94' title='bbox 418 1647 529 1693; x_wconf 90' lang='lat' dir='ltr'><strong>tus:</strong></span> <span class='ocrx_word' id='word_1_95' title='bbox 558 1636 701 1691; x_wconf 86' lang='lat' dir='ltr'><strong>etilli</strong></span> <span class='ocrx_word' id='word_1_96' title='bbox 732 1634 945 1706; x_wconf 82' lang='lat' dir='ltr'><strong>quidem</strong></span> <span class='ocrx_word' id='word_1_97' title='bbox 962 1636 1050 1707; x_wconf 87' lang='lat' dir='ltr'><strong>qui</strong></span> <span class='ocrx_word' id='word_1_98' title='bbox 1080 1635 1135 1689; x_wconf 90' lang='grc'><strong>111</strong></span> <span class='ocrx_word' id='word_1_99' title='bbox 1151 1635 1237 1693; x_wconf 88' lang='lat' dir='ltr'><strong>his</strong></span> <span class='ocrx_word' id='word_1_100' title='bbox 1255 1634 1497 1692; x_wconf 89' lang='lat' dir='ltr'><strong>innutriti</strong></span> <span class='ocrx_word' id='word_1_101' title='bbox 1518 1644 1693 1702; x_wconf 87' lang='lat' dir='ltr'><strong>erant,</strong></span> <span class='ocrx_word' id='word_1_102' title='bbox 1719 1649 1748 1688; x_wconf 90' lang='lat' dir='ltr'><strong>a</strong></span> <span class='ocrx_word' id='word_1_103' title='bbox 1766 1633 2010 1688; x_wconf 87' lang='lat' dir='ltr'><strong>barbaris</strong></span> 
     </span>
    </p>
   </div>
   <div class='ocr_carea' id='block_1_15' title="bbox 418 1724 2007 1798">
    <p class='ocr_par' dir='ltr' id='par_1_15' title="bbox 418 1724 2007 1798">
     <span class='ocr_line' id='line_1_15' title="bbox 418 1724 2007 1798; baseline -0.004 -16"><span class='ocrx_word' id='word_1_104' title='bbox 418 1728 593 1782; x_wconf 85' lang='lat' dir='ltr'><strong>edocti</strong></span> <span class='ocrx_word' id='word_1_105' title='bbox 622 1727 938 1784; x_wconf 89' lang='lat' dir='ltr'><strong>erudiuntur</strong></span> <span class='ocrx_word' id='word_1_106' title='bbox 965 1744 979 1781; x_wconf 91' lang='lat'><strong>:</strong></span> <span class='ocrx_word' id='word_1_107' title='bbox 1011 1727 1100 1798; x_wconf 89' lang='lat' dir='ltr'><strong>qui</strong></span> <span class='ocrx_word' id='word_1_108' title='bbox 1131 1740 1261 1783; x_wconf 78' lang='lat' dir='ltr'><strong>vero</strong></span> <span class='ocrx_word' id='word_1_109' title='bbox 1286 1726 1488 1780; x_wconf 89' lang='lat' dir='ltr'><strong>nullum</strong></span> <span class='ocrx_word' id='word_1_110' title='bbox 1516 1739 1703 1781; x_wconf 88' lang='lat' dir='ltr'><strong>eorum</strong></span> <span class='ocrx_word' id='word_1_111' title='bbox 1737 1724 1821 1780; x_wconf 85' lang='lat' dir='ltr'><strong>vel</strong></span> <span class='ocrx_word' id='word_1_112' title='bbox 1856 1724 2007 1794; x_wconf 83' lang='lat' dir='ltr'><strong>cogi-</strong></span> 
     </span>
    </p>
   </div>
   <div class='ocr_carea' id='block_1_16' title="bbox 417 1820 2004 1893">
    <p class='ocr_par' dir='ltr' id='par_1_16' title="bbox 417 1820 2004 1893">
     <span class='ocr_line' id='line_1_16' title="bbox 417 1820 2004 1893; baseline -0.001 -19"><span class='ocrx_word' id='word_1_113' title='bbox 417 1829 597 1877; x_wconf 88' lang='lat' dir='ltr'><strong>tarunt</strong></span> <span class='ocrx_word' id='word_1_114' title='bbox 619 1821 858 1893; x_wconf 89' lang='lat' dir='ltr'><strong>quidem,</strong></span> <span class='ocrx_word' id='word_1_115' title='bbox 881 1822 1132 1879; x_wconf 81' lang='lat' dir='ltr'><strong>doctores</strong></span> <span class='ocrx_word' id='word_1_116' title='bbox 1144 1821 1263 1879; x_wconf 83' lang='grc'><strong>11100</strong></span> <span class='ocrx_word' id='word_1_117' title='bbox 1280 1821 1648 1879; x_wconf 90' lang='lat' dir='ltr'><strong>meditantium</strong></span> <span class='ocrx_word' id='word_1_118' title='bbox 1673 1820 2004 1877; x_wconf 87' lang='lat' dir='ltr'><strong>efﬁciuntur.</strong></span> 
     </span>
    </p>
   </div>
   <div class='ocr_carea' id='block_1_17' title="bbox 416 1910 2008 1985">
    <p class='ocr_par' dir='ltr' id='par_1_17' title="bbox 416 1910 2008 1985">
     <span class='ocr_line' id='line_1_17' title="bbox 416 1910 2008 1985; baseline 0.001 -20"><span class='ocrx_word' id='word_1_119' title='bbox 416 1910 543 1968; x_wconf 87' lang='lat' dir='ltr'><strong>Ideo</strong></span> <span class='ocrx_word' id='word_1_120' title='bbox 569 1913 852 1969; x_wconf 83' lang='lat' dir='ltr'><strong>traducens</strong></span> <span class='ocrx_word' id='word_1_121' title='bbox 894 1913 1016 1969; x_wconf 87' lang='lat' dir='ltr'><strong>illos</strong></span> <span class='ocrx_word' id='word_1_122' title='bbox 1048 1914 1308 1985; x_wconf 82' lang='lat' dir='ltr'><strong>propheta</strong></span> <span class='ocrx_word' id='word_1_123' title='bbox 1337 1912 1505 1973; x_wconf 89' lang='lat' dir='ltr'><strong>David</strong></span> <span class='ocrx_word' id='word_1_124' title='bbox 1533 1913 1748 1969; x_wconf 90' lang='lat' dir='ltr'><strong>dicebat</strong></span> <span class='ocrx_word' id='word_1_125' title='bbox 1780 1930 1794 1967; x_wconf 87' lang='lat'><strong>:</strong></span> <span class='ocrx_word' id='word_1_126' title='bbox 1830 1911 2008 1978; x_wconf 81' lang='lat' dir='ltr'><strong>Quare</strong></span> 
     </span>
    </p>
   </div>
   <div class='ocr_carea' id='block_1_18' title="bbox 414 1993 2003 2077">
    <p class='ocr_par' dir='ltr' id='par_1_18' title="bbox 414 1993 2003 2077">
     <span class='ocr_line' id='line_1_18' title="bbox 414 1993 2003 2077; baseline 0.004 -23"><span class='ocrx_word' id='word_1_127' title='bbox 414 1993 725 2074; x_wconf 70' lang='lat' dir='ltr'><strong>fremuerunt</strong></span> <span class='ocrx_word' id='word_1_128' title='bbox 744 2013 935 2075; x_wconf 79' lang='lat' dir='ltr'><strong>gentes,</strong></span> <span class='ocrx_word' id='word_1_129' title='bbox 961 2012 1007 2059; x_wconf 85' lang='lat' dir='ltr'><strong>et</strong></span> <span class='ocrx_word' id='word_1_130' title='bbox 1024 2003 1205 2076; x_wconf 83' lang='lat' dir='ltr'><strong>populi</strong></span> <span class='ocrx_word' id='word_1_131' title='bbox 1234 2005 1462 2061; x_wconf 82' lang='lat' dir='ltr'><strong>meditati</strong></span> <span class='ocrx_word' id='word_1_132' title='bbox 1487 2013 1602 2065; x_wconf 80' lang='lat' dir='ltr'><strong>sunt</strong></span> <span class='ocrx_word' id='word_1_133' title='bbox 1630 2004 1803 2061; x_wconf 73' lang='lat' dir='ltr'><strong>inania</strong></span> <span class='ocrx_word' id='word_1_134' title='bbox 1826 2002 2003 2077; x_wconf 81' lang='lat' dir='ltr'><strong>(Psal.</strong></span> 
     </span>
    </p>
   </div>
   <div class='ocr_carea' id='block_1_19' title="bbox 411 2094 2003 2168">
    <p class='ocr_par' dir='ltr' id='par_1_19' title="bbox 411 2094 2003 2168">
     <span class='ocr_line' id='line_1_19' title="bbox 411 2094 2003 2168; baseline 0.001 -18"><span class='ocrx_word' id='word_1_135' title='bbox 411 2097 468 2150; x_wconf 76' lang='lat'><strong>9..</strong></span> <span class='ocrx_word' id='word_1_136' title='bbox 497 2094 593 2168; x_wconf 85' lang='lat' dir='ltr'><strong>l)?</strong></span> <span class='ocrx_word' id='word_1_137' title='bbox 619 2096 902 2165; x_wconf 83' lang='lat' dir='ltr'><strong>Quomodo</strong></span> <span class='ocrx_word' id='word_1_138' title='bbox 929 2098 1073 2155; x_wconf 88' lang='lat' dir='ltr'><strong>enim</strong></span> <span class='ocrx_word' id='word_1_139' title='bbox 1105 2113 1239 2154; x_wconf 88' lang='lat' dir='ltr'><strong>vana</strong></span> <span class='ocrx_word' id='word_1_140' title='bbox 1271 2108 1449 2155; x_wconf 88' lang='lat' dir='ltr'><strong>mente</strong></span> <span class='ocrx_word' id='word_1_141' title='bbox 1472 2100 1586 2156; x_wconf 80' lang='grc'><strong>11100</strong></span> <span class='ocrx_word' id='word_1_142' title='bbox 1612 2107 2003 2166; x_wconf 85' lang='lat' dir='ltr'><strong>tractaverunt,</strong></span> 
     </span>
    </p>
   </div>
   <div class='ocr_carea' id='block_1_20' title="bbox 410 2189 2007 2267">
    <p class='ocr_par' dir='ltr' id='par_1_20' title="bbox 410 2189 2007 2267">
     <span class='ocr_line' id='line_1_20' title="bbox 410 2189 2007 2267; baseline 0.004 -24"><span class='ocrx_word' id='word_1_143' title='bbox 410 2189 501 2267; x_wconf 84' lang='lat' dir='ltr'><strong>qui</strong></span> <span class='ocrx_word' id='word_1_144' title='bbox 533 2205 678 2257; x_wconf 89' lang='lat' dir='ltr'><strong>eum,</strong></span> <span class='ocrx_word' id='word_1_145' title='bbox 706 2189 797 2261; x_wconf 90' lang='lat' dir='ltr'><strong>qui</strong></span> <span class='ocrx_word' id='word_1_146' title='bbox 822 2205 853 2244; x_wconf 89' lang='lat' dir='ltr'><strong>a</strong></span> <span class='ocrx_word' id='word_1_147' title='bbox 883 2190 1158 2263; x_wconf 84' lang='lat' dir='ltr'><strong>prepbctis</strong></span> <span class='ocrx_word' id='word_1_148' title='bbox 1183 2190 1530 2247; x_wconf 88' lang='lat' dir='ltr'><strong>annuntiatus</strong></span> <span class='ocrx_word' id='word_1_149' title='bbox 1575 2201 1687 2248; x_wconf 90' lang='lat' dir='ltr'><strong>erat</strong></span> <span class='ocrx_word' id='word_1_150' title='bbox 1715 2233 1732 2261; x_wconf 92' lang='lat'><strong>,</strong></span> <span class='ocrx_word' id='word_1_151' title='bbox 1763 2206 1870 2248; x_wconf 91' lang='lat' dir='ltr'><strong>non</strong></span> <span class='ocrx_word' id='word_1_152' title='bbox 1920 2208 2007 2249; x_wconf 84' lang='lat' dir='ltr'><strong>re-</strong></span> 
     </span>
    </p>
   </div>
   <div class='ocr_carea' id='block_1_21' title="bbox 411 2283 2008 2355">
    <p class='ocr_par' dir='ltr' id='par_1_21' title="bbox 411 2283 2008 2355">
     <span class='ocr_line' id='line_1_21' title="bbox 411 2283 2008 2355; baseline 0.003 -18"><span class='ocrx_word' id='word_1_153' title='bbox 411 2284 717 2353; x_wconf 73' lang='lat' dir='ltr'><strong>ceperunt?</strong></span> <span class='ocrx_word' id='word_1_154' title='bbox 745 2284 815 2338; x_wconf 77' lang='lat' dir='ltr'><strong>At</strong></span> <span class='ocrx_word' id='word_1_155' title='bbox 841 2284 910 2340; x_wconf 83' lang='lat' dir='ltr'><strong>ita</strong></span> <span class='ocrx_word' id='word_1_156' title='bbox 938 2300 1047 2344; x_wconf 78' lang='lat' dir='ltr'><strong>non</strong></span> <span class='ocrx_word' id='word_1_157' title='bbox 1069 2284 1246 2355; x_wconf 86' lang='lat' dir='ltr'><strong>magi;</strong></span> <span class='ocrx_word' id='word_1_158' title='bbox 1277 2283 1371 2340; x_wconf 91' lang='lat' dir='ltr'><strong>scd</strong></span> <span class='ocrx_word' id='word_1_159' title='bbox 1403 2285 1498 2350; x_wconf 89' lang='lat' dir='ltr'><strong>illi,</strong></span> <span class='ocrx_word' id='word_1_160' title='bbox 1529 2285 1716 2341; x_wconf 88' lang='lat' dir='ltr'><strong>relicta</strong></span> <span class='ocrx_word' id='word_1_161' title='bbox 1752 2284 1923 2355; x_wconf 88' lang='lat' dir='ltr'><strong>patria</strong></span> <span class='ocrx_word' id='word_1_162' title='bbox 1950 2294 2008 2342; x_wconf 92' lang='lat' dir='ltr'><strong>et</strong></span> 
     </span>
    </p>
   </div>
   <div class='ocr_carea' id='block_1_22' title="bbox 410 2377 2006 2450">
    <p class='ocr_par' dir='ltr' id='par_1_22' title="bbox 410 2377 2006 2450">
     <span class='ocr_line' id='line_1_22' title="bbox 410 2377 2006 2450; baseline -0.002 -15"><span class='ocrx_word' id='word_1_163' title='bbox 410 2377 573 2435; x_wconf 85' lang='lat' dir='ltr'><strong>domo</strong></span> <span class='ocrx_word' id='word_1_164' title='bbox 592 2386 649 2434; x_wconf 90' lang='lat' dir='ltr'><strong>et</strong></span> <span class='ocrx_word' id='word_1_165' title='bbox 686 2378 874 2434; x_wconf 86' lang='lat' dir='ltr'><strong>amicis</strong></span> <span class='ocrx_word' id='word_1_166' title='bbox 904 2386 958 2435; x_wconf 86' lang='lat' dir='ltr'><strong>et</strong></span> <span class='ocrx_word' id='word_1_167' title='bbox 986 2378 1247 2450; x_wconf 88' lang='lat' dir='ltr'><strong>cognatis,</strong></span> <span class='ocrx_word' id='word_1_168' title='bbox 1281 2393 1344 2433; x_wconf 92' lang='lat' dir='ltr'><strong>ac</strong></span> <span class='ocrx_word' id='word_1_169' title='bbox 1383 2379 1541 2448; x_wconf 84' lang='lat' dir='ltr'><strong>longa</strong></span> <span class='ocrx_word' id='word_1_170' title='bbox 1571 2388 1820 2449; x_wconf 85' lang='lat' dir='ltr'><strong>suscepta</strong></span> <span class='ocrx_word' id='word_1_171' title='bbox 1852 2393 2006 2450; x_wconf 79' lang='lat' dir='ltr'><strong>pere-</strong></span> 
     </span>
    </p>
   </div>
   <div class='ocr_carea' id='block_1_23' title="bbox 409 2469 2002 2542">
    <p class='ocr_par' dir='ltr' id='par_1_23' title="bbox 409 2469 2002 2542">
     <span class='ocr_line' id='line_1_23' title="bbox 409 2469 2002 2542; baseline 0.003 -19"><span class='ocrx_word' id='word_1_172' title='bbox 409 2469 731 2539; x_wconf 75' lang='lat' dir='ltr'><strong>grinatione,</strong></span> <span class='ocrx_word' id='word_1_173' title='bbox 760 2469 812 2525; x_wconf 93' lang='lat' dir='ltr'><strong>in</strong></span> <span class='ocrx_word' id='word_1_174' title='bbox 834 2469 1070 2541; x_wconf 85' lang='lat' dir='ltr'><strong>pericula</strong></span> <span class='ocrx_word' id='word_1_175' title='bbox 1094 2485 1154 2525; x_wconf 90' lang='lat' dir='ltr'><strong>se</strong></span> <span class='ocrx_word' id='word_1_176' title='bbox 1178 2469 1552 2540; x_wconf 67' lang='lat' dir='ltr'><strong>coniecerunt.</strong></span> <span class='ocrx_word' id='word_1_177' title='bbox 1568 2469 1701 2526; x_wconf 85' lang='lat' dir='ltr'><strong>Nam</strong></span> <span class='ocrx_word' id='word_1_178' title='bbox 1730 2471 1781 2526; x_wconf 90' lang='lat' dir='ltr'><strong>in</strong></span> <span class='ocrx_word' id='word_1_179' title='bbox 1803 2472 2002 2542; x_wconf 80' lang='lat' dir='ltr'><strong>regiam</strong></span> 
     </span>
    </p>
   </div>
   <div class='ocr_carea' id='block_1_24' title="bbox 412 2562 2001 2634">
    <p class='ocr_par' dir='ltr' id='par_1_24' title="bbox 412 2562 2001 2634">
     <span class='ocr_line' id='line_1_24' title="bbox 412 2562 2001 2634; baseline 0.004 -20"><span class='ocrx_word' id='word_1_180' title='bbox 412 2562 602 2618; x_wconf 84' lang='lat' dir='ltr'><strong>urbem</strong></span> <span class='ocrx_word' id='word_1_181' title='bbox 634 2563 921 2621; x_wconf 79' lang='lat' dir='ltr'><strong>venientes</strong></span> <span class='ocrx_word' id='word_1_182' title='bbox 946 2562 1347 2634; x_wconf 76' lang='lat' dir='ltr'><strong>interrogabant</strong></span> <span class='ocrx_word' id='word_1_183' title='bbox 1379 2563 1467 2619; x_wconf 91' lang='lat' dir='ltr'><strong>ubi</strong></span> <span class='ocrx_word' id='word_1_184' title='bbox 1511 2579 1607 2620; x_wconf 79' lang='lat' dir='ltr'><strong>rex</strong></span> <span class='ocrx_word' id='word_1_185' title='bbox 1638 2572 1796 2622; x_wconf 87' lang='lat' dir='ltr'><strong>natus</strong></span> <span class='ocrx_word' id='word_1_186' title='bbox 1823 2576 2001 2632; x_wconf 88' lang='lat' dir='ltr'><strong>esset;</strong></span> 
     </span>
    </p>
   </div>
   <div class='ocr_carea' id='block_1_25' title="bbox 410 2646 2001 2726">
    <p class='ocr_par' dir='ltr' id='par_1_25' title="bbox 410 2646 2001 2726">
     <span class='ocr_line' id='line_1_25' title="bbox 410 2646 2001 2726; baseline 0.001 -17"><span class='ocrx_word' id='word_1_187' title='bbox 410 2646 520 2709; x_wconf 79' lang='grc'><strong>11011</strong></span> <span class='ocrx_word' id='word_1_188' title='bbox 546 2652 687 2724; x_wconf 87' lang='lat' dir='ltr'><strong>regis</strong></span> <span class='ocrx_word' id='word_1_189' title='bbox 714 2663 844 2709; x_wconf 88' lang='lat' dir='ltr'><strong>tune</strong></span> <span class='ocrx_word' id='word_1_190' title='bbox 870 2654 1144 2725; x_wconf 86' lang='lat' dir='ltr'><strong>regnantis</strong></span> <span class='ocrx_word' id='word_1_191' title='bbox 1171 2653 1302 2709; x_wconf 89' lang='lat' dir='ltr'><strong>iram</strong></span> <span class='ocrx_word' id='word_1_192' title='bbox 1326 2695 1341 2721; x_wconf 94' lang='lat'><strong>,</strong></span> <span class='ocrx_word' id='word_1_193' title='bbox 1371 2668 1478 2709; x_wconf 90' lang='lat' dir='ltr'><strong>non</strong></span> <span class='ocrx_word' id='word_1_194' title='bbox 1532 2654 1703 2726; x_wconf 89' lang='lat' dir='ltr'><strong>plebis</strong></span> <span class='ocrx_word' id='word_1_195' title='bbox 1747 2655 2001 2710; x_wconf 90' lang='lat' dir='ltr'><strong>insttltum</strong></span> 
     </span>
    </p>
   </div>
   <div class='ocr_carea' id='block_1_26' title="bbox 409 2747 2004 2819">
    <p class='ocr_par' dir='ltr' id='par_1_26' title="bbox 409 2747 2004 2819">
     <span class='ocr_line' id='line_1_26' title="bbox 409 2747 2004 2819; baseline 0.001 -16"><span class='ocrx_word' id='word_1_196' title='bbox 409 2747 770 2819; x_wconf 82' lang='lat' dir='ltr'><strong>suspicantes,</strong></span> <span class='ocrx_word' id='word_1_197' title='bbox 801 2764 907 2803; x_wconf 86' lang='lat' dir='ltr'><strong>non</strong></span> <span class='ocrx_word' id='word_1_198' title='bbox 934 2748 1084 2804; x_wconf 79' lang='lat' dir='ltr'><strong>urbis</strong></span> <span class='ocrx_word' id='word_1_199' title='bbox 1112 2747 1352 2803; x_wconf 88' lang='lat' dir='ltr'><strong>insidias.</strong></span> <span class='ocrx_word' id='word_1_200' title='bbox 1399 2747 1532 2817; x_wconf 83' lang='lat' dir='ltr'><strong>Quia</strong></span> <span class='ocrx_word' id='word_1_201' title='bbox 1566 2748 1709 2804; x_wconf 88' lang='lat' dir='ltr'><strong>enim</strong></span> <span class='ocrx_word' id='word_1_202' title='bbox 1744 2748 2004 2819; x_wconf 74' lang='lat' dir='ltr'><strong>prtedica-</strong></span> 
     </span>
    </p>
   </div>
   <div class='ocr_carea' id='block_1_27' title="bbox 413 2837 2004 2911">
    <p class='ocr_par' dir='ltr' id='par_1_27' title="bbox 413 2837 2004 2911">
     <span class='ocr_line' id='line_1_27' title="bbox 413 2837 2004 2911; baseline 0.001 -18"><span class='ocrx_word' id='word_1_203' title='bbox 413 2839 613 2894; x_wconf 90' lang='lat' dir='ltr'><strong>tionem</strong></span> <span class='ocrx_word' id='word_1_204' title='bbox 640 2848 1014 2910; x_wconf 83' lang='lat' dir='ltr'><strong>susceperant,</strong></span> <span class='ocrx_word' id='word_1_205' title='bbox 1041 2847 1095 2894; x_wconf 88' lang='lat' dir='ltr'><strong>et</strong></span> <span class='ocrx_word' id='word_1_206' title='bbox 1113 2837 1418 2909; x_wconf 75' lang='lat' dir='ltr'><strong>philosOpbi</strong></span> <span class='ocrx_word' id='word_1_207' title='bbox 1449 2847 1505 2897; x_wconf 89' lang='lat' dir='ltr'><strong>et</strong></span> <span class='ocrx_word' id='word_1_208' title='bbox 1530 2849 1795 2911; x_wconf 78' lang='lat' dir='ltr'><strong>martyres</strong></span> <span class='ocrx_word' id='word_1_209' title='bbox 1817 2839 2004 2895; x_wconf 86' lang='lat' dir='ltr'><strong>viven-</strong></span> 
     </span>
    </p>
   </div>
   <div class='ocr_carea' id='block_1_28' title="bbox 411 2930 2001 3001">
    <p class='ocr_par' dir='ltr' id='par_1_28' title="bbox 411 2930 2001 3001">
     <span class='ocr_line' id='line_1_28' title="bbox 411 2930 2001 3001; baseline 0.001 -17"><span class='ocrx_word' id='word_1_210' title='bbox 411 2938 494 2985; x_wconf 89' lang='lat' dir='ltr'><strong>tes</strong></span> <span class='ocrx_word' id='word_1_211' title='bbox 541 2930 720 2986; x_wconf 87' lang='lat' dir='ltr'><strong>statim</strong></span> <span class='ocrx_word' id='word_1_212' title='bbox 775 2931 937 2997; x_wconf 89' lang='lat' dir='ltr'><strong>ﬁunt,</strong></span> <span class='ocrx_word' id='word_1_213' title='bbox 990 2939 1218 2994; x_wconf 79' lang='lat' dir='ltr'><strong>mortem</strong></span> <span class='ocrx_word' id='word_1_214' title='bbox 1267 2946 1372 2989; x_wconf 90' lang='lat' dir='ltr'><strong>non</strong></span> <span class='ocrx_word' id='word_1_215' title='bbox 1427 2930 1714 2998; x_wconf 89' lang='lat' dir='ltr'><strong>timentes,</strong></span> <span class='ocrx_word' id='word_1_216' title='bbox 1768 2931 2001 3001; x_wconf 89' lang='lat' dir='ltr'><strong>pericula</strong></span> 
     </span>
    </p>
   </div>
   <div class='ocr_carea' id='block_1_29' title="bbox 412 3002 2004 3094">
    <p class='ocr_par' dir='ltr' id='par_1_29' title="bbox 412 3002 2004 3094">
     <span class='ocr_line' id='line_1_29' title="bbox 412 3002 2004 3094; baseline 0.001 -18"><span class='ocrx_word' id='word_1_217' title='bbox 412 3020 803 3092; x_wconf 72' lang='lat' dir='ltr'><strong>despicientes,</strong></span> <span class='ocrx_word' id='word_1_218' title='bbox 834 3032 1154 3093; x_wconf 65' lang='lat' dir='ltr'><strong>praesentem</strong></span> <span class='ocrx_word' id='word_1_219' title='bbox 1179 3023 1339 3077; x_wconf 89' lang='lat' dir='ltr'><strong>vitam</strong></span> <span class='ocrx_word' id='word_1_220' title='bbox 1361 3030 1699 3094; x_wconf 84' lang='lat' dir='ltr'><strong>spernentes.</strong></span> <span class='ocrx_word' id='word_1_221' title='bbox 1730 3038 1849 3077; x_wconf 91' lang='lat' dir='ltr'><strong>cum</strong></span> <span class='ocrx_word' id='word_1_222' title='bbox 1872 3002 2004 3078; x_wconf 76' lang='lat' dir='ltr'><strong>lide-</strong></span> 
     </span>
    </p>
   </div>
   <div class='ocr_carea' id='block_1_30' title="bbox 409 3108 2003 3189">
    <p class='ocr_par' dir='ltr' id='par_1_30' title="bbox 409 3108 2003 3189">
     <span class='ocr_line' id='line_1_30' title="bbox 409 3108 2003 3189; baseline 0.001 -22"><span class='ocrx_word' id='word_1_223' title='bbox 409 3108 493 3189; x_wconf 70' lang='lat' dir='ltr'><strong>cia</strong></span> <span class='ocrx_word' id='word_1_224' title='bbox 525 3111 881 3182; x_wconf 77' lang='lat' dir='ltr'><strong>prtedicautcs</strong></span> <span class='ocrx_word' id='word_1_225' title='bbox 905 3128 969 3170; x_wconf 89' lang='lat' dir='ltr'><strong>ea</strong></span> <span class='ocrx_word' id='word_1_226' title='bbox 983 3108 1102 3185; x_wconf 71' lang='lat' dir='ltr'><strong>quae</strong></span> <span class='ocrx_word' id='word_1_227' title='bbox 1131 3113 1447 3181; x_wconf 84' lang='lat' dir='ltr'><strong>didicerant,</strong></span> <span class='ocrx_word' id='word_1_228' title='bbox 1479 3114 1530 3169; x_wconf 91' lang='lat' dir='ltr'><strong>iu</strong></span> <span class='ocrx_word' id='word_1_229' title='bbox 1555 3113 1733 3170; x_wconf 88' lang='lat' dir='ltr'><strong>media</strong></span> <span class='ocrx_word' id='word_1_230' title='bbox 1766 3113 1919 3181; x_wconf 87' lang='lat' dir='ltr'><strong>urbe,</strong></span> <span class='ocrx_word' id='word_1_231' title='bbox 1949 3114 2003 3169; x_wconf 92' lang='lat' dir='ltr'><strong>in</strong></span> 
     </span>
    </p>
   </div>
   <div class='ocr_carea' id='block_1_31' title="bbox 412 3206 2003 3281">
    <p class='ocr_par' dir='ltr' id='par_1_31' title="bbox 412 3206 2003 3281">
     <span class='ocr_line' id='line_1_31' title="bbox 412 3206 2003 3281; baseline 0 -19"><span class='ocrx_word' id='word_1_232' title='bbox 412 3208 591 3265; x_wconf 90' lang='lat' dir='ltr'><strong>medio</strong></span> <span class='ocrx_word' id='word_1_233' title='bbox 606 3210 801 3281; x_wconf 87' lang='lat' dir='ltr'><strong>populo</strong></span> <span class='ocrx_word' id='word_1_234' title='bbox 825 3220 1009 3271; x_wconf 85' lang='lat' dir='ltr'><strong>natum</strong></span> <span class='ocrx_word' id='word_1_235' title='bbox 1030 3208 1429 3273; x_wconf 77' lang='lat' dir='ltr'><strong>amttttttiantes.</strong></span> <span class='ocrx_word' id='word_1_236' title='bbox 1452 3206 1576 3264; x_wconf 89' lang='lat' dir='ltr'><strong>Ideo</strong></span> <span class='ocrx_word' id='word_1_237' title='bbox 1600 3223 1829 3276; x_wconf 85' lang='lat' dir='ltr'><strong>namque</strong></span> <span class='ocrx_word' id='word_1_238' title='bbox 1850 3207 2003 3262; x_wconf 87' lang='lat' dir='ltr'><strong>stella</strong></span> 
     </span>
    </p>
   </div>
   <div class='ocr_carea' id='block_1_32' title="bbox 410 3297 2002 3370">
    <p class='ocr_par' dir='ltr' id='par_1_32' title="bbox 410 3297 2002 3370">
     <span class='ocr_line' id='line_1_32' title="bbox 410 3297 2002 3370; baseline -0.008 -6"><span class='ocrx_word' id='word_1_239' title='bbox 410 3304 728 3370; x_wconf 81' lang='lat' dir='ltr'><strong>oceultatur,</strong></span> <span class='ocrx_word' id='word_1_240' title='bbox 755 3312 812 3358; x_wconf 92' lang='lat' dir='ltr'><strong>ut</strong></span> <span class='ocrx_word' id='word_1_241' title='bbox 832 3301 1056 3358; x_wconf 86' lang='lat' dir='ltr'><strong>ductore</strong></span> <span class='ocrx_word' id='word_1_242' title='bbox 1080 3317 1185 3354; x_wconf 92' lang='lat' dir='ltr'><strong>non</strong></span> <span class='ocrx_word' id='word_1_243' title='bbox 1214 3309 1582 3370; x_wconf 85' lang='lat' dir='ltr'><strong>comparente,</strong></span> <span class='ocrx_word' id='word_1_244' title='bbox 1609 3314 1639 3353; x_wconf 92' lang='lat' dir='ltr'><strong>a</strong></span> <span class='ocrx_word' id='word_1_245' title='bbox 1661 3297 1863 3353; x_wconf 69' lang='lat' dir='ltr'><strong>Iudaeis</strong></span> <span class='ocrx_word' id='word_1_246' title='bbox 1884 3297 2002 3353; x_wconf 84' lang='lat' dir='ltr'><strong>edi-</strong></span> 
     </span>
    </p>
   </div>
   <div class='ocr_carea' id='block_1_33' title="bbox 412 3390 1998 3470">
    <p class='ocr_par' dir='ltr' id='par_1_33' title="bbox 412 3390 1998 3470">
     <span class='ocr_line' id='line_1_33' title="bbox 412 3390 1998 3470; baseline -0.006 -15"><span class='ocrx_word' id='word_1_247' title='bbox 412 3413 565 3470; x_wconf 80' lang='lat' dir='ltr'><strong>scere</strong></span> <span class='ocrx_word' id='word_1_248' title='bbox 592 3406 933 3468; x_wconf 81' lang='lat' dir='ltr'><strong>cogerentur;</strong></span> <span class='ocrx_word' id='word_1_249' title='bbox 956 3395 1069 3451; x_wconf 88' lang='lat' dir='ltr'><strong>imo</strong></span> <span class='ocrx_word' id='word_1_250' title='bbox 1087 3394 1263 3466; x_wconf 87' lang='lat' dir='ltr'><strong>potius</strong></span> <span class='ocrx_word' id='word_1_251' title='bbox 1287 3390 1547 3449; x_wconf 81' lang='lat' dir='ltr'><strong>discendo</strong></span> <span class='ocrx_word' id='word_1_252' title='bbox 1567 3390 1826 3447; x_wconf 89' lang='lat' dir='ltr'><strong>docerent</strong></span> <span class='ocrx_word' id='word_1_253' title='bbox 1847 3390 1998 3446; x_wconf 89' lang='lat' dir='ltr'><strong>illos:</strong></span> 
     </span>
    </p>
   </div>
   <div class='ocr_carea' id='block_1_34' title="bbox 412 3484 2001 3565">
    <p class='ocr_par' dir='ltr' id='par_1_34' title="bbox 412 3484 2001 3565">
     <span class='ocr_line' id='line_1_34' title="bbox 412 3484 2001 3565; baseline -0.005 -18"><span class='ocrx_word' id='word_1_254' title='bbox 412 3493 588 3547; x_wconf 85' lang='lat' dir='ltr'><strong>locum</strong></span> <span class='ocrx_word' id='word_1_255' title='bbox 614 3490 758 3547; x_wconf 90' lang='lat' dir='ltr'><strong>enim</strong></span> <span class='ocrx_word' id='word_1_256' title='bbox 780 3489 959 3545; x_wconf 85' lang='lat' dir='ltr'><strong>solum</strong></span> <span class='ocrx_word' id='word_1_257' title='bbox 977 3498 1260 3565; x_wconf 57' lang='lat' dir='ltr'><strong>quaerunt;</strong></span> <span class='ocrx_word' id='word_1_258' title='bbox 1287 3484 1432 3558; x_wconf 89' lang='lat' dir='ltr'><strong>quod</strong></span> <span class='ocrx_word' id='word_1_259' title='bbox 1456 3492 1634 3541; x_wconf 89' lang='lat' dir='ltr'><strong>autent</strong></span> <span class='ocrx_word' id='word_1_260' title='bbox 1659 3493 1814 3538; x_wconf 89' lang='lat' dir='ltr'><strong>natus</strong></span> <span class='ocrx_word' id='word_1_261' title='bbox 1836 3491 2001 3550; x_wconf 87' lang='lat' dir='ltr'><strong>esset,</strong></span> 
     </span>
    </p>
   </div>
   <div class='ocr_carea' id='block_1_35' title="bbox 413 3575 2003 3654">
    <p class='ocr_par' dir='ltr' id='par_1_35' title="bbox 413 3575 2003 3654">
     <span class='ocr_line' id='line_1_35' title="bbox 413 3575 2003 3654; baseline -0.004 -18"><span class='ocrx_word' id='word_1_262' title='bbox 413 3584 565 3654; x_wconf 88' lang='lat' dir='ltr'><strong>prius</strong></span> <span class='ocrx_word' id='word_1_263' title='bbox 587 3582 910 3638; x_wconf 89' lang='lat' dir='ltr'><strong>didicerant.</strong></span> <span class='ocrx_word' id='word_1_264' title='bbox 938 3580 1042 3637; x_wconf 87' lang='lat' dir='ltr'><strong>Sed</strong></span> <span class='ocrx_word' id='word_1_265' title='bbox 1073 3579 1197 3645; x_wconf 76' lang='lat' dir='ltr'><strong>vide</strong></span> <span class='ocrx_word' id='word_1_266' title='bbox 1230 3579 1324 3634; x_wconf 92' lang='lat' dir='ltr'><strong>Dei</strong></span> <span class='ocrx_word' id='word_1_267' title='bbox 1352 3577 1690 3647; x_wconf 88' lang='lat' dir='ltr'><strong>sapientiam,</strong></span> <span class='ocrx_word' id='word_1_268' title='bbox 1730 3575 2003 3647; x_wconf 89' lang='lat' dir='ltr'><strong>quomodo</strong></span> 
     </span>
    </p>
   </div>
   <div class='ocr_carea' id='block_1_36' title="bbox 421 3667 2001 3742">
    <p class='ocr_par' dir='ltr' id='par_1_36' title="bbox 421 3667 2001 3742">
     <span class='ocr_line' id='line_1_36' title="bbox 421 3667 2001 3742; baseline -0.004 -14"><span class='ocrx_word' id='word_1_269' title='bbox 421 3676 544 3731; x_wconf 91' lang='lat' dir='ltr'><strong>illos</strong></span> <span class='ocrx_word' id='word_1_270' title='bbox 571 3675 863 3731; x_wconf 75' lang='lat' dir='ltr'><strong>vocaverit.</strong></span> <span class='ocrx_word' id='word_1_271' title='bbox 891 3672 1007 3730; x_wconf 84' lang='lat' dir='ltr'><strong>Non</strong></span> <span class='ocrx_word' id='word_1_272' title='bbox 1040 3671 1354 3742; x_wconf 57' lang='lat' dir='ltr'><strong>prottbgctam</strong></span> <span class='ocrx_word' id='word_1_273' title='bbox 1388 3670 1566 3734; x_wconf 84' lang='lat' dir='ltr'><strong>misit,</strong></span> <span class='ocrx_word' id='word_1_274' title='bbox 1596 3683 1701 3724; x_wconf 87' lang='lat' dir='ltr'><strong>non</strong></span> <span class='ocrx_word' id='word_1_275' title='bbox 1729 3667 1874 3723; x_wconf 91' lang='lat' dir='ltr'><strong>enim</strong></span> <span class='ocrx_word' id='word_1_276' title='bbox 1904 3668 2001 3722; x_wconf 84' lang='lat' dir='ltr'><strong>ad-</strong></span> 
     </span>
    </p>
   </div>
   <div class='ocr_carea' id='block_1_37' title="bbox 413 3759 2002 3835">
    <p class='ocr_par' dir='ltr' id='par_1_37' title="bbox 413 3759 2002 3835">
     <span class='ocr_line' id='line_1_37' title="bbox 413 3759 2002 3835; baseline -0.004 -15"><span class='ocrx_word' id='word_1_277' title='bbox 413 3766 719 3832; x_wconf 82' lang='lat' dir='ltr'><strong>misissent;</strong></span> <span class='ocrx_word' id='word_1_278' title='bbox 763 3781 871 3823; x_wconf 92' lang='lat' dir='ltr'><strong>non</strong></span> <span class='ocrx_word' id='word_1_279' title='bbox 901 3765 1200 3835; x_wconf 85' lang='lat' dir='ltr'><strong>apostolum</strong></span> <span class='ocrx_word' id='word_1_280' title='bbox 1224 3805 1239 3826; x_wconf 87' lang='lat'><strong>,</strong></span> <span class='ocrx_word' id='word_1_281' title='bbox 1269 3778 1373 3816; x_wconf 91' lang='lat' dir='ltr'><strong>non</strong></span> <span class='ocrx_word' id='word_1_282' title='bbox 1413 3761 1557 3816; x_wconf 89' lang='lat' dir='ltr'><strong>enim</strong></span> <span class='ocrx_word' id='word_1_283' title='bbox 1603 3759 2002 3826; x_wconf 89' lang='lat' dir='ltr'><strong>attettdissent;</strong></span> 
     </span>
    </p>
   </div>
   <div class='ocr_carea' id='block_1_38' title="bbox 412 3845 2000 3925">
    <p class='ocr_par' dir='ltr' id='par_1_38' title="bbox 412 3845 2000 3925">
     <span class='ocr_line' id='line_1_38' title="bbox 412 3845 2000 3925; baseline -0.007 -13"><span class='ocrx_word' id='word_1_284' title='bbox 412 3871 521 3912; x_wconf 86' lang='lat' dir='ltr'><strong>non</strong></span> <span class='ocrx_word' id='word_1_285' title='bbox 547 3859 863 3925; x_wconf 86' lang='lat' dir='ltr'><strong>scripturas,</strong></span> <span class='ocrx_word' id='word_1_286' title='bbox 893 3868 998 3908; x_wconf 88' lang='grc'><strong>11011</strong></span> <span class='ocrx_word' id='word_1_287' title='bbox 1022 3852 1166 3912; x_wconf 77' lang='lat' dir='ltr'><strong>enim</strong></span> <span class='ocrx_word' id='word_1_288' title='bbox 1193 3849 1470 3905; x_wconf 85' lang='lat' dir='ltr'><strong>sciebant:</strong></span> <span class='ocrx_word' id='word_1_289' title='bbox 1500 3845 1597 3907; x_wconf 86' lang='lat' dir='ltr'><strong>sed</strong></span> <span class='ocrx_word' id='word_1_290' title='bbox 1624 3862 1655 3901; x_wconf 90' lang='lat' dir='ltr'><strong>a</strong></span> <span class='ocrx_word' id='word_1_291' title='bbox 1684 3845 1845 3910; x_wconf 82' lang='lat' dir='ltr'><strong>rebus</strong></span> <span class='ocrx_word' id='word_1_292' title='bbox 1868 3845 2000 3917; x_wconf 87' lang='lat' dir='ltr'><strong>ipsis</strong></span> 
     </span>
    </p>
   </div>
   <div class='ocr_carea' id='block_1_39' title="bbox 411 3938 2002 4015">
    <p class='ocr_par' dir='ltr' id='par_1_39' title="bbox 411 3938 2002 4015">
     <span class='ocr_line' id='line_1_39' title="bbox 411 3938 2002 4015; baseline -0.006 -11"><span class='ocrx_word' id='word_1_293' title='bbox 411 3948 789 4011; x_wconf 77' lang='lat' dir='ltr'><strong>familiaribus,</strong></span> <span class='ocrx_word' id='word_1_294' title='bbox 826 3948 878 4001; x_wconf 92' lang='lat' dir='ltr'><strong>in</strong></span> <span class='ocrx_word' id='word_1_295' title='bbox 910 3945 1064 4015; x_wconf 83' lang='lat' dir='ltr'><strong>queis</strong></span> <span class='ocrx_word' id='word_1_296' title='bbox 1094 3942 1336 3999; x_wconf 88' lang='lat' dir='ltr'><strong>inuutriti</strong></span> <span class='ocrx_word' id='word_1_297' title='bbox 1366 3952 1542 4004; x_wconf 89' lang='lat' dir='ltr'><strong>erant,</strong></span> <span class='ocrx_word' id='word_1_298' title='bbox 1578 3940 1697 3995; x_wconf 88' lang='lat' dir='ltr'><strong>illos</strong></span> <span class='ocrx_word' id='word_1_299' title='bbox 1722 3938 1790 3995; x_wconf 89' lang='lat' dir='ltr'><strong>ab</strong></span> <span class='ocrx_word' id='word_1_300' title='bbox 1816 3954 2002 3994; x_wconf 87' lang='lat' dir='ltr'><strong>errore</strong></span> 
     </span>
    </p>
   </div>
   <div class='ocr_carea' id='block_1_40' title="bbox 410 4030 2004 4107">
    <p class='ocr_par' dir='ltr' id='par_1_40' title="bbox 410 4030 2004 4107">
     <span class='ocr_line' id='line_1_40' title="bbox 410 4030 2004 4107; baseline -0.009 -8"><span class='ocrx_word' id='word_1_301' title='bbox 410 4041 649 4099; x_wconf 79' lang='lat' dir='ltr'><strong>abducit.</strong></span> <span class='ocrx_word' id='word_1_302' title='bbox 688 4040 821 4107; x_wconf 80' lang='lat' dir='ltr'><strong>Quia</strong></span> <span class='ocrx_word' id='word_1_303' title='bbox 849 4038 994 4094; x_wconf 91' lang='lat' dir='ltr'><strong>enim</strong></span> <span class='ocrx_word' id='word_1_304' title='bbox 1043 4034 1182 4107; x_wconf 87' lang='lat' dir='ltr'><strong>magi</strong></span> <span class='ocrx_word' id='word_1_305' title='bbox 1227 4043 1412 4101; x_wconf 87' lang='lat' dir='ltr'><strong>erant,</strong></span> <span class='ocrx_word' id='word_1_306' title='bbox 1444 4040 1500 4089; x_wconf 92' lang='lat' dir='ltr'><strong>et</strong></span> <span class='ocrx_word' id='word_1_307' title='bbox 1528 4034 1669 4088; x_wconf 90' lang='lat' dir='ltr'><strong>circa</strong></span> <span class='ocrx_word' id='word_1_308' title='bbox 1711 4030 1892 4086; x_wconf 89' lang='lat' dir='ltr'><strong>stellas</strong></span> <span class='ocrx_word' id='word_1_309' title='bbox 1912 4040 2004 4085; x_wconf 85' lang='lat' dir='ltr'><strong>ars</strong></span> 
     </span>
    </p>
   </div>
   <div class='ocr_carea' id='block_1_41' title="bbox 410 4121 2007 4205">
    <p class='ocr_par' dir='ltr' id='par_1_41' title="bbox 410 4121 2007 4205">
     <span class='ocr_line' id='line_1_41' title="bbox 410 4121 2007 4205; baseline -0.008 -16"><span class='ocrx_word' id='word_1_310' title='bbox 410 4122 647 4202; x_wconf 76' lang='lat' dir='ltr'><strong>ipsorum</strong></span> <span class='ocrx_word' id='word_1_311' title='bbox 693 4130 1025 4193; x_wconf 77' lang='lat' dir='ltr'><strong>versabatur,</strong></span> <span class='ocrx_word' id='word_1_312' title='bbox 1059 4127 1214 4191; x_wconf 84' lang='lat' dir='ltr'><strong>stella</strong></span> <span class='ocrx_word' id='word_1_313' title='bbox 1257 4133 1516 4197; x_wconf 78' lang='lat' dir='ltr'><strong>apparet,</strong></span> <span class='ocrx_word' id='word_1_314' title='bbox 1559 4125 1705 4205; x_wconf 82' lang='lat' dir='ltr'><strong>ipsos</strong></span> <span class='ocrx_word' id='word_1_315' title='bbox 1749 4138 1778 4177; x_wconf 91' lang='lat' dir='ltr'><strong>a</strong></span> <span class='ocrx_word' id='word_1_316' title='bbox 1809 4121 2007 4178; x_wconf 84' lang='lat' dir='ltr'><strong>ﬁnibus</strong></span> 
     </span>
    </p>
   </div>
   <div class='ocr_carea' id='block_1_42' title="bbox 407 4213 1999 4286">
    <p class='ocr_par' dir='ltr' id='par_1_42' title="bbox 407 4213 1999 4286">
     <span class='ocr_line' id='line_1_42' title="bbox 407 4213 1999 4286; baseline -0.008 -7"><span class='ocrx_word' id='word_1_317' title='bbox 407 4225 523 4279; x_wconf 79' lang='lat' dir='ltr'><strong>suis</strong></span> <span class='ocrx_word' id='word_1_318' title='bbox 551 4222 904 4285; x_wconf 88' lang='lat' dir='ltr'><strong>abstrahens;</strong></span> <span class='ocrx_word' id='word_1_319' title='bbox 934 4220 1085 4274; x_wconf 85' lang='lat' dir='ltr'><strong>stella</strong></span> <span class='ocrx_word' id='word_1_320' title='bbox 1111 4234 1217 4273; x_wconf 88' lang='lat' dir='ltr'><strong>non</strong></span> <span class='ocrx_word' id='word_1_321' title='bbox 1240 4232 1345 4272; x_wconf 91' lang='lat' dir='ltr'><strong>una</strong></span> <span class='ocrx_word' id='word_1_322' title='bbox 1375 4232 1443 4273; x_wconf 78' lang='lat' dir='ltr'><strong>ex</strong></span> <span class='ocrx_word' id='word_1_323' title='bbox 1480 4216 1542 4270; x_wconf 91' lang='lat' dir='ltr'><strong>iis</strong></span> <span class='ocrx_word' id='word_1_324' title='bbox 1571 4230 1705 4286; x_wconf 90' lang='lat' dir='ltr'><strong>quas</strong></span> <span class='ocrx_word' id='word_1_325' title='bbox 1734 4213 1999 4281; x_wconf 82' lang='lat' dir='ltr'><strong>videmus,</strong></span> 
     </span>
    </p>
   </div>
   <div class='ocr_carea' id='block_1_43' title="bbox 410 4304 2008 4385">
    <p class='ocr_par' dir='ltr' id='par_1_43' title="bbox 410 4304 2008 4385">
     <span class='ocr_line' id='line_1_43' title="bbox 410 4304 2008 4385; baseline -0.009 -12"><span class='ocrx_word' id='word_1_326' title='bbox 410 4319 504 4373; x_wconf 86' lang='lat' dir='ltr'><strong>sed</strong></span> <span class='ocrx_word' id='word_1_327' title='bbox 535 4318 716 4372; x_wconf 88' lang='lat' dir='ltr'><strong>divina</strong></span> <span class='ocrx_word' id='word_1_328' title='bbox 753 4314 996 4385; x_wconf 70' lang='lat' dir='ltr'><strong>quatdam</strong></span> <span class='ocrx_word' id='word_1_329' title='bbox 1029 4322 1083 4368; x_wconf 92' lang='lat' dir='ltr'><strong>et</strong></span> <span class='ocrx_word' id='word_1_330' title='bbox 1110 4310 1392 4366; x_wconf 87' lang='lat' dir='ltr'><strong>invisibilis</strong></span> <span class='ocrx_word' id='word_1_331' title='bbox 1418 4304 1590 4363; x_wconf 71' lang='lat' dir='ltr'><strong>virtus</strong></span> <span class='ocrx_word' id='word_1_332' title='bbox 1617 4308 1669 4363; x_wconf 92' lang='lat' dir='ltr'><strong>in</strong></span> <span class='ocrx_word' id='word_1_333' title='bbox 1694 4304 1862 4362; x_wconf 76' lang='lat' dir='ltr'><strong>stellae</strong></span> <span class='ocrx_word' id='word_1_334' title='bbox 1882 4321 2008 4378; x_wconf 85' lang='lat' dir='ltr'><strong>spe-</strong></span> 
     </span>
    </p>
   </div>
   <div class='ocr_carea' id='block_1_44' title="bbox 409 4397 2001 4465">
    <p class='ocr_par' dir='ltr' id='par_1_44' title="bbox 409 4397 2001 4465">
     <span class='ocr_line' id='line_1_44' title="bbox 409 4397 2001 4465; baseline -0.011 0"><span class='ocrx_word' id='word_1_335' title='bbox 409 4410 548 4465; x_wconf 90' lang='lat' dir='ltr'><strong>ciem</strong></span> <span class='ocrx_word' id='word_1_336' title='bbox 580 4405 954 4461; x_wconf 78' lang='lat' dir='ltr'><strong>transformata</strong></span> <span class='ocrx_word' id='word_1_337' title='bbox 984 4421 996 4457; x_wconf 90' lang='lat'><strong>:</strong></span> <span class='ocrx_word' id='word_1_338' title='bbox 1033 4402 1196 4459; x_wconf 74' lang='lat' dir='ltr'><strong>trahit</strong></span> <span class='ocrx_word' id='word_1_339' title='bbox 1226 4411 1404 4457; x_wconf 88' lang='lat' dir='ltr'><strong>autem</strong></span> <span class='ocrx_word' id='word_1_340' title='bbox 1436 4400 1554 4455; x_wconf 85' lang='grc' dir='ltr'><strong>111ος</strong></span> <span class='ocrx_word' id='word_1_341' title='bbox 1584 4398 1735 4453; x_wconf 89' lang='lat' dir='ltr'><strong>stella</strong></span> <span class='ocrx_word' id='word_1_342' title='bbox 1770 4438 1786 4465; x_wconf 90' lang='lat'><strong>,</strong></span> <span class='ocrx_word' id='word_1_343' title='bbox 1820 4407 1875 4450; x_wconf 92' lang='grc'><strong>111</strong></span> <span class='ocrx_word' id='word_1_344' title='bbox 1905 4397 2001 4450; x_wconf 52' lang='lat' dir='ltr'><strong>alt.</strong></span> 
     </span>
    </p>
   </div>
   <div class='ocr_carea' id='block_1_45' title="bbox 409 4486 2005 4564">
    <p class='ocr_par' dir='ltr' id='par_1_45' title="bbox 409 4486 2005 4564">
     <span class='ocr_line' id='line_1_45' title="bbox 409 4486 2005 4564; baseline -0.008 -10"><span class='ocrx_word' id='word_1_345' title='bbox 409 4500 572 4554; x_wconf 80' lang='lat' dir='ltr'><strong>tincat</strong></span> <span class='ocrx_word' id='word_1_346' title='bbox 619 4492 739 4552; x_wconf 81' lang='lat' dir='ltr'><strong>illos</strong></span> <span class='ocrx_word' id='word_1_347' title='bbox 791 4486 1051 4564; x_wconf 83' lang='lat' dir='ltr'><strong>deinceps</strong></span> <span class='ocrx_word' id='word_1_348' title='bbox 1088 4506 1120 4550; x_wconf 87' lang='lat' dir='ltr'><strong>a</strong></span> <span class='ocrx_word' id='word_1_349' title='bbox 1166 4493 1444 4551; x_wconf 82' lang='lat' dir='ltr'><strong>stellarum</strong></span> <span class='ocrx_word' id='word_1_350' title='bbox 1491 4488 1898 4562; x_wconf 78' lang='lat' dir='ltr'><strong>Specttlatione,</strong></span> <span class='ocrx_word' id='word_1_351' title='bbox 1950 4490 2005 4542; x_wconf 65' lang='lat' dir='ltr'><strong>ei</strong></span> 
     </span>
    </p>
   </div>
   <div class='ocr_carea' id='block_1_46' title="bbox 409 4577 2002 4661">
    <p class='ocr_par' dir='ltr' id='par_1_46' title="bbox 409 4577 2002 4661">
     <span class='ocr_line' id='line_1_46' title="bbox 409 4577 2002 4661; baseline -0.007 -18"><span class='ocrx_word' id='word_1_352' title='bbox 409 4590 716 4658; x_wconf 77' lang='lat' dir='ltr'><strong>astrologite</strong></span> <span class='ocrx_word' id='word_1_353' title='bbox 749 4586 1086 4661; x_wconf 80' lang='lat' dir='ltr'><strong>tyrannidem</strong></span> <span class='ocrx_word' id='word_1_354' title='bbox 1115 4585 1309 4641; x_wconf 87' lang='lat' dir='ltr'><strong>solvat.</strong></span> <span class='ocrx_word' id='word_1_355' title='bbox 1355 4584 1444 4639; x_wconf 89' lang='lat' dir='ltr'><strong>Sic</strong></span> <span class='ocrx_word' id='word_1_356' title='bbox 1487 4590 1542 4638; x_wconf 86' lang='lat' dir='ltr'><strong>et</strong></span> <span class='ocrx_word' id='word_1_357' title='bbox 1597 4581 1792 4636; x_wconf 78' lang='lat' dir='ltr'><strong>Paulus</strong></span> <span class='ocrx_word' id='word_1_358' title='bbox 1839 4577 2002 4642; x_wconf 74' lang='lat' dir='ltr'><strong>fecit,</strong></span> 
     </span>
    </p>
   </div>
   <div class='ocr_carea' id='block_1_47' title="bbox 410 4672 2004 4744">
    <p class='ocr_par' dir='ltr' id='par_1_47' title="bbox 410 4672 2004 4744">
     <span class='ocr_line' id='line_1_47' title="bbox 410 4672 2004 4744; baseline -0.009 -7"><span class='ocrx_word' id='word_1_359' title='bbox 410 4681 697 4737; x_wconf 87' lang='lat' dir='ltr'><strong>Dominum</strong></span> <span class='ocrx_word' id='word_1_360' title='bbox 745 4695 901 4733; x_wconf 89' lang='lat' dir='ltr'><strong>suum</strong></span> <span class='ocrx_word' id='word_1_361' title='bbox 950 4679 1198 4744; x_wconf 89' lang='lat' dir='ltr'><strong>imitans;</strong></span> <span class='ocrx_word' id='word_1_362' title='bbox 1244 4692 1366 4733; x_wconf 88' lang='lat' dir='ltr'><strong>nam</strong></span> <span class='ocrx_word' id='word_1_363' title='bbox 1405 4675 1515 4735; x_wconf 88' lang='lat' dir='ltr'><strong>ait.</strong></span> <span class='ocrx_word' id='word_1_364' title='bbox 1564 4673 1859 4727; x_wconf 81' lang='lat' dir='ltr'><strong>Imitutores</strong></span> <span class='ocrx_word' id='word_1_365' title='bbox 1906 4672 2004 4724; x_wconf 80' lang='lat' dir='ltr'><strong>mei</strong></span> 
     </span>
    </p>
   </div>
   <div class='ocr_carea' id='block_1_48' title="bbox 410 4762 2000 4843">
    <p class='ocr_par' dir='ltr' id='par_1_48' title="bbox 410 4762 2000 4843">
     <span class='ocr_line' id='line_1_48' title="bbox 410 4762 2000 4843; baseline -0.008 -15"><span class='ocrx_word' id='word_1_366' title='bbox 410 4784 587 4837; x_wconf 79' lang='lat' dir='ltr'><strong>estote,</strong></span> <span class='ocrx_word' id='word_1_367' title='bbox 615 4774 744 4826; x_wconf 81' lang='lat' dir='ltr'><strong>sicut</strong></span> <span class='ocrx_word' id='word_1_368' title='bbox 769 4782 815 4826; x_wconf 85' lang='lat' dir='ltr'><strong>et</strong></span> <span class='ocrx_word' id='word_1_369' title='bbox 841 4789 934 4843; x_wconf 82' lang='lat' dir='ltr'><strong>ego</strong></span> <span class='ocrx_word' id='word_1_370' title='bbox 960 4769 1154 4831; x_wconf 80' lang='lat' dir='ltr'><strong>Christi</strong></span> <span class='ocrx_word' id='word_1_371' title='bbox 1182 4770 1274 4842; x_wconf 83' lang='grc'><strong>(1.</strong></span> <span class='ocrx_word' id='word_1_372' title='bbox 1307 4766 1429 4823; x_wconf 84' lang='lat' dir='ltr'><strong>Cor.</strong></span> <span class='ocrx_word' id='word_1_373' title='bbox 1460 4767 1511 4823; x_wconf 70' lang='grc'><strong>1.</strong></span> <span class='ocrx_word' id='word_1_374' title='bbox 1549 4765 1582 4820; x_wconf 81' lang='lat'><strong>6</strong></span> <span class='ocrx_word' id='word_1_375' title='bbox 1605 4769 1644 4835; x_wconf 92' lang='lat'><strong>).</strong></span> <span class='ocrx_word' id='word_1_376' title='bbox 1675 4765 1825 4819; x_wconf 90' lang='lat' dir='ltr'><strong>Sicut</strong></span> <span class='ocrx_word' id='word_1_377' title='bbox 1854 4762 2000 4818; x_wconf 87' lang='lat' dir='ltr'><strong>enim</strong></span> 
     </span>
    </p>
   </div>
   <div class='ocr_carea' id='block_1_49' title="bbox 411 4856 2002 4934">
    <p class='ocr_par' dir='ltr' id='par_1_49' title="bbox 411 4856 2002 4934">
     <span class='ocr_line' id='line_1_49' title="bbox 411 4856 2002 4934; baseline -0.009 -12"><span class='ocrx_word' id='word_1_378' title='bbox 411 4865 672 4922; x_wconf 84' lang='lat' dir='ltr'><strong>Dominus</strong></span> <span class='ocrx_word' id='word_1_379' title='bbox 692 4865 810 4934; x_wconf 89' lang='lat' dir='ltr'><strong>ejus</strong></span> <span class='ocrx_word' id='word_1_380' title='bbox 832 4879 1017 4934; x_wconf 83' lang='lat' dir='ltr'><strong>magos</strong></span> <span class='ocrx_word' id='word_1_381' title='bbox 1037 4877 1258 4925; x_wconf 87' lang='lat' dir='ltr'><strong>vocans,</strong></span> <span class='ocrx_word' id='word_1_382' title='bbox 1285 4860 1458 4915; x_wconf 72' lang='grc'><strong>0101110</strong></span> <span class='ocrx_word' id='word_1_383' title='bbox 1484 4856 1718 4927; x_wconf 81' lang='lat' dir='ltr'><strong>speciem</strong></span> <span class='ocrx_word' id='word_1_384' title='bbox 1753 4856 1915 4918; x_wconf 87' lang='lat' dir='ltr'><strong>misit,</strong></span> <span class='ocrx_word' id='word_1_385' title='bbox 1945 4864 2002 4908; x_wconf 91' lang='lat' dir='ltr'><strong>ut</strong></span> 
     </span>
    </p>
   </div>
   <div class='ocr_carea' id='block_1_50' title="bbox 410 4948 2007 5028">
    <p class='ocr_par' dir='ltr' id='par_1_50' title="bbox 410 4948 2007 5028">
     <span class='ocr_line' id='line_1_50' title="bbox 410 4948 2007 5028; baseline -0.009 -13"><span class='ocrx_word' id='word_1_386' title='bbox 410 4975 524 5015; x_wconf 83' lang='lat' dir='ltr'><strong>rem</strong></span> <span class='ocrx_word' id='word_1_387' title='bbox 554 4968 863 5016; x_wconf 83' lang='lat' dir='ltr'><strong>consuetam</strong></span> <span class='ocrx_word' id='word_1_388' title='bbox 891 4965 1266 5028; x_wconf 87' lang='lat' dir='ltr'><strong>agnoscentes,</strong></span> <span class='ocrx_word' id='word_1_389' title='bbox 1293 4948 1449 5007; x_wconf 82' lang='lat' dir='ltr'><strong>facile</strong></span> <span class='ocrx_word' id='word_1_390' title='bbox 1477 4951 1923 5020; x_wconf 82' lang='lat' dir='ltr'><strong>obsequerentur,</strong></span> <span class='ocrx_word' id='word_1_391' title='bbox 1952 4957 2007 5003; x_wconf 89' lang='lat' dir='ltr'><strong>et</strong></span> 
     </span>
    </p>
   </div>
   <div class='ocr_carea' id='block_1_51' title="bbox 410 5040 2005 5109">
    <p class='ocr_par' dir='ltr' id='par_1_51' title="bbox 410 5040 2005 5109">
     <span class='ocr_line' id='line_1_51' title="bbox 410 5040 2005 5109; baseline -0.008 -3"><span class='ocrx_word' id='word_1_392' title='bbox 410 5052 695 5109; x_wconf 85' lang='lat' dir='ltr'><strong>venientes</strong></span> <span class='ocrx_word' id='word_1_393' title='bbox 737 5050 1013 5108; x_wconf 87' lang='lat' dir='ltr'><strong>stellarum</strong></span> <span class='ocrx_word' id='word_1_394' title='bbox 1061 5047 1347 5103; x_wconf 89' lang='lat' dir='ltr'><strong>Dominum</strong></span> <span class='ocrx_word' id='word_1_395' title='bbox 1394 5042 1663 5104; x_wconf 79' lang='lat' dir='ltr'><strong>viderent,</strong></span> <span class='ocrx_word' id='word_1_396' title='bbox 1713 5051 1768 5095; x_wconf 87' lang='lat' dir='ltr'><strong>et</strong></span> <span class='ocrx_word' id='word_1_397' title='bbox 1818 5040 2005 5095; x_wconf 87' lang='lat' dir='ltr'><strong>relicta</strong></span> 
     </span>
    </p>
   </div>
   <div class='ocr_carea' id='block_1_52' title="bbox 411 5129 2008 5208">
    <p class='ocr_par' dir='ltr' id='par_1_52' title="bbox 411 5129 2008 5208">
     <span class='ocr_line' id='line_1_52' title="bbox 411 5129 2008 5208; baseline -0.009 -10"><span class='ocrx_word' id='word_1_398' title='bbox 411 5144 502 5200; x_wconf 85' lang='lat' dir='ltr'><strong>illa</strong></span> <span class='ocrx_word' id='word_1_399' title='bbox 532 5144 790 5199; x_wconf 83' lang='lat' dir='ltr'><strong>servitute</strong></span> <span class='ocrx_word' id='word_1_400' title='bbox 814 5183 831 5208; x_wconf 87' lang='lat'><strong>,</strong></span> <span class='ocrx_word' id='word_1_401' title='bbox 857 5156 919 5196; x_wconf 90' lang='lat' dir='ltr'><strong>se</strong></span> <span class='ocrx_word' id='word_1_402' title='bbox 948 5138 1072 5193; x_wconf 88' lang='lat' dir='ltr'><strong>huic</strong></span> <span class='ocrx_word' id='word_1_403' title='bbox 1098 5135 1338 5192; x_wconf 90' lang='lat' dir='ltr'><strong>dominio</strong></span> <span class='ocrx_word' id='word_1_404' title='bbox 1363 5134 1658 5193; x_wconf 77' lang='lat' dir='ltr'><strong>subderent</strong></span> <span class='ocrx_word' id='word_1_405' title='bbox 1685 5149 1697 5184; x_wconf 90' lang='lat'><strong><em>:</em></strong></span> <span class='ocrx_word' id='word_1_406' title='bbox 1725 5129 1802 5195; x_wconf 78' lang='lat' dir='ltr'><strong>sic</strong></span> <span class='ocrx_word' id='word_1_407' title='bbox 1833 5140 1886 5184; x_wconf 87' lang='lat' dir='ltr'><strong>ct</strong></span> <span class='ocrx_word' id='word_1_408' title='bbox 1918 5129 2008 5184; x_wconf 87' lang='lat' dir='ltr'><strong>ille</strong></span> 
     </span>
    </p>
   </div>
   <div class='ocr_carea' id='block_1_53' title="bbox 413 5222 2005 5297">
    <p class='ocr_par' dir='ltr' id='par_1_53' title="bbox 413 5222 2005 5297">
     <span class='ocr_line' id='line_1_53' title="bbox 413 5222 2005 5297; baseline -0.009 -6"><span class='ocrx_word' id='word_1_409' title='bbox 413 5237 883 5293; x_wconf 81' lang='lat' dir='ltr'><strong>circumcisionem</strong></span> <span class='ocrx_word' id='word_1_410' title='bbox 929 5232 1268 5297; x_wconf 87' lang='lat' dir='ltr'><strong>sublaturus,</strong></span> <span class='ocrx_word' id='word_1_411' title='bbox 1296 5243 1417 5284; x_wconf 91' lang='lat' dir='ltr'><strong>cum</strong></span> <span class='ocrx_word' id='word_1_412' title='bbox 1467 5225 1878 5280; x_wconf 71' lang='lat' dir='ltr'><strong>circumcisione</strong></span> <span class='ocrx_word' id='word_1_413' title='bbox 1909 5222 2005 5277; x_wconf 84' lang='lat' dir='ltr'><strong>Ti-</strong></span> 
     </span>
    </p>
   </div>
   <div class='ocr_carea' id='block_1_54' title="bbox 416 5317 2001 5393">
    <p class='ocr_par' dir='ltr' id='par_1_54' title="bbox 416 5317 2001 5393">
     <span class='ocr_line' id='line_1_54' title="bbox 416 5317 2001 5393; baseline -0.007 -11"><span class='ocrx_word' id='word_1_414' title='bbox 416 5328 692 5383; x_wconf 86' lang='lat' dir='ltr'><strong>motheum</strong></span> <span class='ocrx_word' id='word_1_415' title='bbox 743 5325 909 5380; x_wconf 85' lang='lat' dir='ltr'><strong>misit.</strong></span> <span class='ocrx_word' id='word_1_416' title='bbox 953 5325 1087 5393; x_wconf 84' lang='lat' dir='ltr'><strong>Quia</strong></span> <span class='ocrx_word' id='word_1_417' title='bbox 1129 5322 1273 5378; x_wconf 89' lang='lat' dir='ltr'><strong>enim</strong></span> <span class='ocrx_word' id='word_1_418' title='bbox 1315 5320 1483 5376; x_wconf 69' lang='lat' dir='ltr'><strong>Judaei</strong></span> <span class='ocrx_word' id='word_1_419' title='bbox 1532 5317 1679 5372; x_wconf 88' lang='lat' dir='ltr'><strong>illum</strong></span> <span class='ocrx_word' id='word_1_420' title='bbox 1728 5317 2001 5386; x_wconf 78' lang='lat' dir='ltr'><strong>excepturi</strong></span> 
     </span>
    </p>
   </div>
   <div class='ocr_carea' id='block_1_55' title="bbox 426 5409 2007 5487">
    <p class='ocr_par' dir='ltr' id='par_1_55' title="bbox 426 5409 2007 5487">
     <span class='ocr_line' id='line_1_55' title="bbox 426 5409 2007 5487; baseline -0.008 -13"><span class='ocrx_word' id='word_1_421' title='bbox 426 5428 613 5483; x_wconf 84' lang='lat' dir='ltr'><strong>erant,</strong></span> <span class='ocrx_word' id='word_1_422' title='bbox 642 5417 754 5487; x_wconf 88' lang='lat' dir='ltr'><strong>ipse</strong></span> <span class='ocrx_word' id='word_1_423' title='bbox 782 5430 910 5471; x_wconf 85' lang='lat' dir='ltr'><strong>vero</strong></span> <span class='ocrx_word' id='word_1_424' title='bbox 938 5414 1077 5469; x_wconf 86' lang='lat' dir='ltr'><strong>filius</strong></span> <span class='ocrx_word' id='word_1_425' title='bbox 1102 5423 1218 5469; x_wconf 88' lang='lat' dir='ltr'><strong>erat</strong></span> <span class='ocrx_word' id='word_1_426' title='bbox 1241 5410 1440 5469; x_wconf 69' lang='lat' dir='ltr'><strong>Judtcte</strong></span> <span class='ocrx_word' id='word_1_427' title='bbox 1469 5409 1638 5465; x_wconf 80' lang='lat' dir='ltr'><strong>ﬁdelis</strong></span> <span class='ocrx_word' id='word_1_428' title='bbox 1660 5451 1674 5473; x_wconf 96' lang='lat'><strong>,</strong></span> <span class='ocrx_word' id='word_1_429' title='bbox 1711 5409 1877 5477; x_wconf 87' lang='lat' dir='ltr'><strong>patris</strong></span> <span class='ocrx_word' id='word_1_430' title='bbox 1908 5422 2007 5463; x_wconf 86' lang='lat' dir='ltr'><strong>att-</strong></span> 
     </span>
    </p>
   </div>
   <div class='ocr_carea' id='block_1_56' title="bbox 428 5499 2004 5579">
    <p class='ocr_par' dir='ltr' id='par_1_56' title="bbox 428 5499 2004 5579">
     <span class='ocr_line' id='line_1_56' title="bbox 428 5499 2004 5579; baseline -0.008 -16"><span class='ocrx_word' id='word_1_431' title='bbox 428 5520 539 5565; x_wconf 86' lang='lat' dir='ltr'><strong>tem</strong></span> <span class='ocrx_word' id='word_1_432' title='bbox 568 5508 803 5579; x_wconf 79' lang='lat' dir='ltr'><strong>gentilis,</strong></span> <span class='ocrx_word' id='word_1_433' title='bbox 836 5505 1061 5576; x_wconf 86' lang='lat' dir='ltr'><strong>ideoque</strong></span> <span class='ocrx_word' id='word_1_434' title='bbox 1092 5503 1464 5575; x_wconf 66' lang='lat' dir='ltr'><strong>praeputiatus,</strong></span> <span class='ocrx_word' id='word_1_435' title='bbox 1500 5499 1834 5556; x_wconf 85' lang='lat' dir='ltr'><strong>circumcidit</strong></span> <span class='ocrx_word' id='word_1_436' title='bbox 1862 5515 2004 5564; x_wconf 91' lang='lat' dir='ltr'><strong>cum,</strong></span> 
     </span>
    </p>
   </div>
   <div class='ocr_carea' id='block_1_57' title="bbox 418 5593 2014 5676">
    <p class='ocr_par' dir='ltr' id='par_1_57' title="bbox 418 5593 2014 5676">
     <span class='ocr_line' id='line_1_57' title="bbox 418 5593 2014 5676; baseline -0.004 -23"><span class='ocrx_word' id='word_1_437' title='bbox 418 5601 747 5669; x_wconf 80' lang='lat' dir='ltr'><strong>piscatmum</strong></span> <span class='ocrx_word' id='word_1_438' title='bbox 775 5612 927 5652; x_wconf 88' lang='lat' dir='ltr'><strong>more</strong></span> <span class='ocrx_word' id='word_1_439' title='bbox 951 5611 1114 5666; x_wconf 84' lang='lat' dir='ltr'><strong>agens</strong></span> <span class='ocrx_word' id='word_1_440' title='bbox 1137 5613 1152 5652; x_wconf 89' lang='lat'><strong>:</strong></span> <span class='ocrx_word' id='word_1_441' title='bbox 1178 5594 1231 5652; x_wconf 92' lang='grc'><strong>111</strong></span> <span class='ocrx_word' id='word_1_442' title='bbox 1259 5596 1401 5651; x_wconf 85' lang='grc'><strong>0111111</strong></span> <span class='ocrx_word' id='word_1_443' title='bbox 1429 5609 1641 5665; x_wconf 85' lang='lat' dir='ltr'><strong>quoque</strong></span> <span class='ocrx_word' id='word_1_444' title='bbox 1663 5593 1880 5676; x_wconf 66' lang='grc'><strong>111111111111</strong></span> <span class='ocrx_word' id='word_1_445' title='bbox 1914 5608 2014 5647; x_wconf 69' lang='lat' dir='ltr'><strong>nuo</strong></span> 
     </span>
    </p>
   </div>
   <div class='ocr_carea' id='block_1_58' title="bbox 424 5683 2014 5762">
    <p class='ocr_par' dir='ltr' id='par_1_58' title="bbox 424 5683 2014 5762">
     <span class='ocr_line' id='line_1_58' title="bbox 424 5683 2014 5762; baseline -0.007 -16"><span class='ocrx_word' id='word_1_446' title='bbox 424 5694 550 5746; x_wconf 86' lang='lat' dir='ltr'><strong>dum</strong></span> <span class='ocrx_word' id='word_1_447' title='bbox 580 5705 684 5745; x_wconf 92' lang='grc'><strong>11011</strong></span> <span class='ocrx_word' id='word_1_448' title='bbox 719 5689 962 5762; x_wconf 79' lang='lat' dir='ltr'><strong>injiciunt</strong></span> <span class='ocrx_word' id='word_1_449' title='bbox 986 5690 1038 5744; x_wconf 91' lang='lat' dir='ltr'><strong>in</strong></span> <span class='ocrx_word' id='word_1_450' title='bbox 1071 5703 1217 5744; x_wconf 62' lang='lat' dir='ltr'><strong>mare</strong></span> <span class='ocrx_word' id='word_1_451' title='bbox 1247 5685 1343 5743; x_wconf 88' lang='lat' dir='ltr'><strong>sed</strong></span> <span class='ocrx_word' id='word_1_452' title='bbox 1390 5702 1551 5742; x_wconf 89' lang='lat' dir='ltr'><strong>carne</strong></span> <span class='ocrx_word' id='word_1_453' title='bbox 1581 5686 1756 5754; x_wconf 89' lang='lat' dir='ltr'><strong>ipsum</strong></span> <span class='ocrx_word' id='word_1_454' title='bbox 1784 5683 2014 5737; x_wconf 88' lang='lat' dir='ltr'><strong>circum-</strong></span> 
     </span>
    </p>
   </div>
   <div class='ocr_carea' id='block_1_59' title="bbox 420 5775 2010 5854">
    <p class='ocr_par' dir='ltr' id='par_1_59' title="bbox 420 5775 2010 5854">
     <span class='ocr_line' id='line_1_59' title="bbox 420 5775 2010 5854; baseline -0.004 -19"><span class='ocrx_word' id='word_1_455' title='bbox 420 5783 571 5838; x_wconf 85' lang='lat' dir='ltr'><strong>dant.</strong></span> <span class='ocrx_word' id='word_1_456' title='bbox 604 5783 683 5839; x_wconf 87' lang='lat' dir='ltr'><strong>Sit</strong></span> <span class='ocrx_word' id='word_1_457' title='bbox 708 5799 835 5854; x_wconf 78' lang='lat' dir='ltr'><strong>ergo</strong></span> <span class='ocrx_word' id='word_1_458' title='bbox 876 5799 1022 5837; x_wconf 87' lang='lat' dir='ltr'><strong>mare</strong></span> <span class='ocrx_word' id='word_1_459' title='bbox 1053 5786 1329 5853; x_wconf 76' lang='lat' dir='ltr'><strong>Synagnga</strong></span> <span class='ocrx_word' id='word_1_460' title='bbox 1353 5821 1367 5848; x_wconf 93' lang='lat'><strong>,</strong></span> <span class='ocrx_word' id='word_1_461' title='bbox 1395 5777 1564 5836; x_wconf 71' lang='grc'><strong>11111101</strong></span> <span class='ocrx_word' id='word_1_462' title='bbox 1610 5791 1742 5832; x_wconf 86' lang='lat' dir='ltr'><strong>vero</strong></span> <span class='ocrx_word' id='word_1_463' title='bbox 1788 5775 1964 5846; x_wconf 87' lang='lat' dir='ltr'><strong>pisces</strong></span> <span class='ocrx_word' id='word_1_464' title='bbox 1995 5816 2010 5842; x_wconf 91' lang='lat'><strong>,</strong></span> 
     </span>
    </p>
   </div>
   <div class='ocr_carea' id='block_1_60' title="bbox 426 5867 2007 5944">
    <p class='ocr_par' dir='ltr' id='par_1_60' title="bbox 426 5867 2007 5944">
     <span class='ocr_line' id='line_1_60' title="bbox 426 5867 2007 5944; baseline -0.002 -18"><span class='ocrx_word' id='word_1_465' title='bbox 426 5873 613 5930; x_wconf 84' lang='lat' dir='ltr'><strong>hamus</strong></span> <span class='ocrx_word' id='word_1_466' title='bbox 641 5876 974 5944; x_wconf 77' lang='lat' dir='ltr'><strong>Timotheus,</strong></span> <span class='ocrx_word' id='word_1_467' title='bbox 1008 5873 1347 5930; x_wconf 81' lang='lat' dir='ltr'><strong>circumcisio</strong></span> <span class='ocrx_word' id='word_1_468' title='bbox 1374 5888 1500 5927; x_wconf 86' lang='lat' dir='ltr'><strong>caro</strong></span> <span class='ocrx_word' id='word_1_469' title='bbox 1533 5870 1752 5923; x_wconf 86' lang='lat' dir='ltr'><strong>hamum</strong></span> <span class='ocrx_word' id='word_1_470' title='bbox 1780 5867 2007 5923; x_wconf 48' lang='lat' dir='ltr'><strong>circum.</strong></span> 
     </span>
    </p>
   </div>
   <div class='ocr_carea' id='block_1_61' title="bbox 1136 410 2959 484">
    <p class='ocr_par' dir='ltr' id='par_1_61' title="bbox 1136 410 2959 484">
     <span class='ocr_line' id='line_1_61' title="bbox 1136 410 2959 484; baseline 0.002 -8"><span class='ocrx_word' id='word_1_471' title='bbox 1136 417 1193 476; x_wconf 84' lang='lat'><strong>8.</strong></span> <span class='ocrx_word' id='word_1_472' title='bbox 1232 415 1514 475; x_wconf 75' lang='lat' dir='ltr'><strong>JOANNIS</strong></span> <span class='ocrx_word' id='word_1_473' title='bbox 1548 410 2027 472; x_wconf 67' lang='lat' dir='ltr'><strong>CllRYSOSTOSlI</strong></span> <span class='ocrx_word' id='word_1_474' title='bbox 2065 411 2387 478; x_wconf 75' lang='lat' dir='ltr'><strong>ARCHIEP.</strong></span> <span class='ocrx_word' id='word_1_475' title='bbox 2426 418 2959 484; x_wconf 70' lang='lat' dir='ltr'><strong>CONSTAXTINOP.</strong></span> 
     </span>
    </p>
   </div>
   <div class='ocr_carea' id='block_1_62' title="bbox 2124 530 3709 618">
    <p class='ocr_par' dir='ltr' id='par_1_62' title="bbox 2124 530 3709 618">
     <span class='ocr_line' id='line_1_62' title="bbox 2124 530 3709 618; baseline 0.013 -32"><span class='ocrx_word' id='word_1_476' title='bbox 2124 530 2284 602; x_wconf 85' lang='lat' dir='ltr'><strong>dans,</strong></span> <span class='ocrx_word' id='word_1_477' title='bbox 2318 535 2554 607; x_wconf 86' lang='lat' dir='ltr'><strong>piscator</strong></span> <span class='ocrx_word' id='word_1_478' title='bbox 2596 548 2773 597; x_wconf 87' lang='lat' dir='ltr'><strong>autem</strong></span> <span class='ocrx_word' id='word_1_479' title='bbox 2820 540 3016 597; x_wconf 79' lang='lat' dir='ltr'><strong>Paulus</strong></span> <span class='ocrx_word' id='word_1_480' title='bbox 3044 561 3058 599; x_wconf 91' lang='lat'><strong>:</strong></span> <span class='ocrx_word' id='word_1_481' title='bbox 3088 541 3310 601; x_wconf 86' lang='lat' dir='ltr'><strong>hamum</strong></span> <span class='ocrx_word' id='word_1_482' title='bbox 3339 558 3469 618; x_wconf 87' lang='lat' dir='ltr'><strong>ergo</strong></span> <span class='ocrx_word' id='word_1_483' title='bbox 3494 544 3626 617; x_wconf 81' lang='lat' dir='ltr'><strong>jacit</strong></span> <span class='ocrx_word' id='word_1_484' title='bbox 3656 551 3709 606; x_wconf 90' lang='lat' dir='ltr'><strong>in</strong></span> 
     </span>
    </p>
   </div>
   <div class='ocr_carea' id='block_1_63' title="bbox 2120 627 3712 709">
    <p class='ocr_par' dir='ltr' id='par_1_63' title="bbox 2120 627 3712 709">
     <span class='ocr_line' id='line_1_63' title="bbox 2120 627 3712 709; baseline 0.01 -30"><span class='ocrx_word' id='word_1_485' title='bbox 2120 637 2271 682; x_wconf 89' lang='lat' dir='ltr'><strong>mare</strong></span> <span class='ocrx_word' id='word_1_486' title='bbox 2294 668 2310 693; x_wconf 92' lang='lat'><strong>,</strong></span> <span class='ocrx_word' id='word_1_487' title='bbox 2342 627 2440 684; x_wconf 77' lang='lat' dir='ltr'><strong>sed</strong></span> <span class='ocrx_word' id='word_1_488' title='bbox 2467 644 2578 685; x_wconf 90' lang='lat' dir='ltr'><strong>non</strong></span> <span class='ocrx_word' id='word_1_489' title='bbox 2606 631 2841 698; x_wconf 86' lang='lat' dir='ltr'><strong>nudum;</strong></span> <span class='ocrx_word' id='word_1_490' title='bbox 2874 632 3239 709; x_wconf 75' lang='lat' dir='ltr'><strong>Timotheum,</strong></span> <span class='ocrx_word' id='word_1_491' title='bbox 3273 652 3396 694; x_wconf 90' lang='lat' dir='ltr'><strong>cum</strong></span> <span class='ocrx_word' id='word_1_492' title='bbox 3425 639 3712 695; x_wconf 86' lang='lat' dir='ltr'><strong>circumci-</strong></span> 
     </span>
    </p>
   </div>
   <div class='ocr_carea' id='block_1_64' title="bbox 2119 715 3708 800">
    <p class='ocr_par' dir='ltr' id='par_1_64' title="bbox 2119 715 3708 800">
     <span class='ocr_line' id='line_1_64' title="bbox 2119 715 3708 800; baseline 0.011 -31"><span class='ocrx_word' id='word_1_493' title='bbox 2119 715 2297 784; x_wconf 85' lang='lat' dir='ltr'><strong>sione,</strong></span> <span class='ocrx_word' id='word_1_494' title='bbox 2329 726 2385 774; x_wconf 88' lang='lat' dir='ltr'><strong>et</strong></span> <span class='ocrx_word' id='word_1_495' title='bbox 2432 734 2538 775; x_wconf 87' lang='lat' dir='ltr'><strong>non</strong></span> <span class='ocrx_word' id='word_1_496' title='bbox 2591 723 2988 795; x_wconf 66' lang='lat' dir='ltr'><strong>prmputiatum.</strong></span> <span class='ocrx_word' id='word_1_497' title='bbox 3034 725 3089 781; x_wconf 93' lang='lat' dir='ltr'><strong>Si</strong></span> <span class='ocrx_word' id='word_1_498' title='bbox 3135 724 3278 783; x_wconf 88' lang='lat' dir='ltr'><strong>enim</strong></span> <span class='ocrx_word' id='word_1_499' title='bbox 3330 731 3708 800; x_wconf 67' lang='lat' dir='ltr'><strong>prmputiatum</strong></span> 
     </span>
    </p>
   </div>
   <div class='ocr_carea' id='block_1_65' title="bbox 2118 807 3706 886">
    <p class='ocr_par' dir='ltr' id='par_1_65' title="bbox 2118 807 3706 886">
     <span class='ocr_line' id='line_1_65' title="bbox 2118 807 3706 886; baseline 0.009 -23"><span class='ocrx_word' id='word_1_500' title='bbox 2118 807 2372 871; x_wconf 87' lang='lat' dir='ltr'><strong>misisset,</strong></span> <span class='ocrx_word' id='word_1_501' title='bbox 2397 812 2572 881; x_wconf 85' lang='lat' dir='ltr'><strong>pisces</strong></span> <span class='ocrx_word' id='word_1_502' title='bbox 2592 814 2942 886; x_wconf 85' lang='lat' dir='ltr'><strong>aufugissent,</strong></span> <span class='ocrx_word' id='word_1_503' title='bbox 2966 815 3180 872; x_wconf 86' lang='lat' dir='ltr'><strong>ltamutn</strong></span> <span class='ocrx_word' id='word_1_504' title='bbox 3204 819 3448 878; x_wconf 79' lang='lat' dir='ltr'><strong>videntes</strong></span> <span class='ocrx_word' id='word_1_505' title='bbox 3469 821 3706 878; x_wconf 88' lang='lat' dir='ltr'><strong>nudum:</strong></span> 
     </span>
    </p>
   </div>
   <div class='ocr_carea' id='block_1_66' title="bbox 2118 897 3708 975">
    <p class='ocr_par' dir='ltr' id='par_1_66' title="bbox 2118 897 3708 975">
     <span class='ocr_line' id='line_1_66' title="bbox 2118 897 3708 975; baseline 0.011 -22"><span class='ocrx_word' id='word_1_506' title='bbox 2118 897 2240 954; x_wconf 88' lang='lat' dir='ltr'><strong>ideo</strong></span> <span class='ocrx_word' id='word_1_507' title='bbox 2280 900 2429 957; x_wconf 91' lang='lat' dir='ltr'><strong>illum</strong></span> <span class='ocrx_word' id='word_1_508' title='bbox 2474 905 2644 960; x_wconf 91' lang='lat' dir='ltr'><strong>mttnit</strong></span> <span class='ocrx_word' id='word_1_509' title='bbox 2689 906 3121 975; x_wconf 83' lang='lat' dir='ltr'><strong>circumcisione,</strong></span> <span class='ocrx_word' id='word_1_510' title='bbox 3154 919 3348 967; x_wconf 90' lang='lat' dir='ltr'><strong>utrem</strong></span> <span class='ocrx_word' id='word_1_511' title='bbox 3392 924 3708 970; x_wconf 84' lang='lat' dir='ltr'><strong>consuetam</strong></span> 
     </span>
    </p>
   </div>
   <div class='ocr_carea' id='block_1_67' title="bbox 2117 992 3708 1073">
    <p class='ocr_par' dir='ltr' id='par_1_67' title="bbox 2117 992 3708 1073">
     <span class='ocr_line' id='line_1_67' title="bbox 2117 992 3708 1073; baseline 0.011 -28"><span class='ocrx_word' id='word_1_512' title='bbox 2117 992 2383 1061; x_wconf 77' lang='lat' dir='ltr'><strong>videntes,</strong></span> <span class='ocrx_word' id='word_1_513' title='bbox 2420 1008 2770 1057; x_wconf 88' lang='lat' dir='ltr'><strong>aceurrercttt</strong></span> <span class='ocrx_word' id='word_1_514' title='bbox 2820 1000 2887 1057; x_wconf 89' lang='lat' dir='ltr'><strong>ad</strong></span> <span class='ocrx_word' id='word_1_515' title='bbox 2936 1002 3172 1073; x_wconf 71' lang='lat' dir='ltr'><strong>prmdam</strong></span> <span class='ocrx_word' id='word_1_516' title='bbox 3193 1045 3210 1069; x_wconf 90' lang='lat'><strong>,</strong></span> <span class='ocrx_word' id='word_1_517' title='bbox 3238 1012 3293 1059; x_wconf 90' lang='lat' dir='ltr'><strong>et</strong></span> <span class='ocrx_word' id='word_1_518' title='bbox 3322 1020 3391 1060; x_wconf 90' lang='lat' dir='ltr'><strong>ne</strong></span> <span class='ocrx_word' id='word_1_519' title='bbox 3422 1006 3510 1061; x_wconf 90' lang='lat' dir='ltr'><strong>ille</strong></span> <span class='ocrx_word' id='word_1_520' title='bbox 3552 1021 3708 1063; x_wconf 84' lang='lat' dir='ltr'><strong>acce-</strong></span> 
     </span>
    </p>
   </div>
   <div class='ocr_carea' id='block_1_68' title="bbox 2115 1086 3704 1166">
    <p class='ocr_par' dir='ltr' id='par_1_68' title="bbox 2115 1086 3704 1166">
     <span class='ocr_line' id='line_1_68' title="bbox 2115 1086 3704 1166; baseline 0.007 -23"><span class='ocrx_word' id='word_1_521' title='bbox 2115 1086 2307 1144; x_wconf 86' lang='lat' dir='ltr'><strong>dentes</strong></span> <span class='ocrx_word' id='word_1_522' title='bbox 2331 1104 2440 1160; x_wconf 72' lang='grc'><strong>11110</strong></span> <span class='ocrx_word' id='word_1_523' title='bbox 2461 1099 2607 1146; x_wconf 85' lang='grc'><strong>1110111</strong></span> <span class='ocrx_word' id='word_1_524' title='bbox 2631 1091 2868 1164; x_wconf 82' lang='lat' dir='ltr'><strong>fugaret;</strong></span> <span class='ocrx_word' id='word_1_525' title='bbox 2897 1094 2992 1150; x_wconf 90' lang='lat' dir='ltr'><strong>sed</strong></span> <span class='ocrx_word' id='word_1_526' title='bbox 3015 1110 3114 1166; x_wconf 89' lang='lat' dir='ltr'><strong>per</strong></span> <span class='ocrx_word' id='word_1_527' title='bbox 3136 1095 3602 1154; x_wconf 89' lang='lat' dir='ltr'><strong>circumcisionem</strong></span> <span class='ocrx_word' id='word_1_528' title='bbox 3627 1099 3704 1155; x_wconf 91' lang='lat' dir='ltr'><strong>illi</strong></span> 
     </span>
    </p>
   </div>
   <div class='ocr_carea' id='block_1_69' title="bbox 2115 1178 3708 1250">
    <p class='ocr_par' dir='ltr' id='par_1_69' title="bbox 2115 1178 3708 1250">
     <span class='ocr_line' id='line_1_69' title="bbox 2115 1178 3708 1250; baseline 0.009 -17"><span class='ocrx_word' id='word_1_529' title='bbox 2115 1178 2529 1250; x_wconf 89' lang='lat' dir='ltr'><strong>attraltercntur,</strong></span> <span class='ocrx_word' id='word_1_530' title='bbox 2579 1194 2635 1239; x_wconf 90' lang='lat' dir='ltr'><strong>et</strong></span> <span class='ocrx_word' id='word_1_531' title='bbox 2685 1183 2950 1243; x_wconf 63' lang='lat' dir='ltr'><strong>doctrinae</strong></span> <span class='ocrx_word' id='word_1_532' title='bbox 2995 1187 3161 1243; x_wconf 83' lang='lat' dir='ltr'><strong>verbo</strong></span> <span class='ocrx_word' id='word_1_533' title='bbox 3206 1189 3614 1247; x_wconf 88' lang='lat' dir='ltr'><strong>retinerentur:</strong></span> <span class='ocrx_word' id='word_1_534' title='bbox 3649 1201 3708 1249; x_wconf 90' lang='lat' dir='ltr'><strong>ut</strong></span> 
     </span>
    </p>
   </div>
   <div class='ocr_carea' id='block_1_70' title="bbox 2116 1271 3702 1353">
    <p class='ocr_par' dir='ltr' id='par_1_70' title="bbox 2116 1271 3702 1353">
     <span class='ocr_line' id='line_1_70' title="bbox 2116 1271 3702 1353; baseline 0.009 -29"><span class='ocrx_word' id='word_1_535' title='bbox 2116 1272 2278 1333; x_wconf 86' lang='lat' dir='ltr'><strong>etiam</strong></span> <span class='ocrx_word' id='word_1_536' title='bbox 2326 1271 2527 1330; x_wconf 87' lang='lat' dir='ltr'><strong>factum</strong></span> <span class='ocrx_word' id='word_1_537' title='bbox 2559 1284 2662 1332; x_wconf 87' lang='lat' dir='ltr'><strong>est.</strong></span> <span class='ocrx_word' id='word_1_538' title='bbox 2719 1276 2996 1348; x_wconf 78' lang='lat' dir='ltr'><strong>Ingressus</strong></span> <span class='ocrx_word' id='word_1_539' title='bbox 3042 1280 3185 1335; x_wconf 91' lang='lat' dir='ltr'><strong>enim</strong></span> <span class='ocrx_word' id='word_1_540' title='bbox 3232 1291 3290 1337; x_wconf 89' lang='lat' dir='ltr'><strong>et</strong></span> <span class='ocrx_word' id='word_1_541' title='bbox 3330 1282 3702 1353; x_wconf 86' lang='lat' dir='ltr'><strong>circumcisus,</strong></span> 
     </span>
    </p>
   </div>
   <div class='ocr_carea' id='block_1_71' title="bbox 2113 1364 3706 1431">
    <p class='ocr_par' dir='ltr' id='par_1_71' title="bbox 2113 1364 3706 1431">
     <span class='ocr_line' id='line_1_71' title="bbox 2113 1364 3706 1431; baseline 0.008 -13"><span class='ocrx_word' id='word_1_542' title='bbox 2113 1364 2580 1422; x_wconf 83' lang='lat' dir='ltr'><strong>circumcisionem</strong></span> <span class='ocrx_word' id='word_1_543' title='bbox 2613 1369 2797 1425; x_wconf 79' lang='lat' dir='ltr'><strong>solvit.</strong></span> <span class='ocrx_word' id='word_1_544' title='bbox 2830 1370 2894 1426; x_wconf 83' lang='lat' dir='ltr'><strong>lli</strong></span> <span class='ocrx_word' id='word_1_545' title='bbox 2923 1380 3050 1427; x_wconf 90' lang='lat' dir='ltr'><strong>sunt</strong></span> <span class='ocrx_word' id='word_1_546' title='bbox 3071 1372 3216 1428; x_wconf 87' lang='lat' dir='ltr'><strong>enim</strong></span> <span class='ocrx_word' id='word_1_547' title='bbox 3242 1374 3558 1430; x_wconf 69' lang='lat' dir='ltr'><strong>teconomite</strong></span> <span class='ocrx_word' id='word_1_548' title='bbox 3589 1391 3706 1431; x_wconf 89' lang='lat' dir='ltr'><strong>mo-</strong></span> 
     </span>
    </p>
   </div>
   <div class='ocr_carea' id='block_1_72' title="bbox 2113 1459 3707 1533">
    <p class='ocr_par' dir='ltr' id='par_1_72' title="bbox 2113 1459 3707 1533">
     <span class='ocr_line' id='line_1_72' title="bbox 2113 1459 3707 1533; baseline 0.008 -23"><span class='ocrx_word' id='word_1_549' title='bbox 2113 1459 2164 1511; x_wconf 88' lang='lat' dir='ltr'><strong>di</strong></span> <span class='ocrx_word' id='word_1_550' title='bbox 2191 1476 2204 1512; x_wconf 90' lang='lat'><strong>:</strong></span> <span class='ocrx_word' id='word_1_551' title='bbox 2235 1459 2407 1530; x_wconf 88' lang='lat' dir='ltr'><strong>primo</strong></span> <span class='ocrx_word' id='word_1_552' title='bbox 2430 1460 2517 1515; x_wconf 88' lang='lat' dir='ltr'><strong>illa</strong></span> <span class='ocrx_word' id='word_1_553' title='bbox 2542 1475 2665 1519; x_wconf 90' lang='lat' dir='ltr'><strong>sese</strong></span> <span class='ocrx_word' id='word_1_554' title='bbox 2685 1472 3028 1533; x_wconf 87' lang='lat' dir='ltr'><strong>attemperat,</strong></span> <span class='ocrx_word' id='word_1_555' title='bbox 3072 1474 3128 1522; x_wconf 90' lang='lat' dir='ltr'><strong>et</strong></span> <span class='ocrx_word' id='word_1_556' title='bbox 3154 1474 3279 1522; x_wconf 90' lang='lat' dir='ltr'><strong>tunc</strong></span> <span class='ocrx_word' id='word_1_557' title='bbox 3306 1465 3491 1522; x_wconf 89' lang='lat' dir='ltr'><strong>trahit.</strong></span> <span class='ocrx_word' id='word_1_558' title='bbox 3540 1466 3630 1524; x_wconf 90' lang='lat' dir='ltr'><strong>Sic</strong></span> <span class='ocrx_word' id='word_1_559' title='bbox 3649 1475 3707 1523; x_wconf 89' lang='lat' dir='ltr'><strong>et</strong></span> 
     </span>
    </p>
   </div>
   <div class='ocr_carea' id='block_1_73' title="bbox 2111 1550 3705 1617">
    <p class='ocr_par' dir='ltr' id='par_1_73' title="bbox 2111 1550 3705 1617">
     <span class='ocr_line' id='line_1_73' title="bbox 2111 1550 3705 1617; baseline 0.006 -10"><span class='ocrx_word' id='word_1_560' title='bbox 2111 1550 2360 1607; x_wconf 85' lang='lat' dir='ltr'><strong>Christus</strong></span> <span class='ocrx_word' id='word_1_561' title='bbox 2403 1552 2529 1609; x_wconf 88' lang='lat' dir='ltr'><strong>fecit</strong></span> <span class='ocrx_word' id='word_1_562' title='bbox 2575 1555 2837 1610; x_wconf 87' lang='lat' dir='ltr'><strong>barbaros</strong></span> <span class='ocrx_word' id='word_1_563' title='bbox 2881 1571 3102 1612; x_wconf 89' lang='lat' dir='ltr'><strong>vocans.</strong></span> <span class='ocrx_word' id='word_1_564' title='bbox 3152 1557 3287 1614; x_wconf 81' lang='lat' dir='ltr'><strong>Nam</strong></span> <span class='ocrx_word' id='word_1_565' title='bbox 3338 1569 3399 1615; x_wconf 89' lang='lat' dir='ltr'><strong>ut</strong></span> <span class='ocrx_word' id='word_1_566' title='bbox 3455 1559 3705 1617; x_wconf 80' lang='lat' dir='ltr'><strong>homines</strong></span> 
     </span>
    </p>
   </div>
   <div class='ocr_carea' id='block_1_74' title="bbox 2114 1642 3700 1720">
    <p class='ocr_par' dir='ltr' id='par_1_74' title="bbox 2114 1642 3700 1720">
     <span class='ocr_line' id='line_1_74' title="bbox 2114 1642 3700 1720; baseline 0.009 -27"><span class='ocrx_word' id='word_1_567' title='bbox 2114 1656 2313 1697; x_wconf 79' lang='lat' dir='ltr'><strong>vocans</strong></span> <span class='ocrx_word' id='word_1_568' title='bbox 2348 1642 2621 1700; x_wconf 86' lang='lat' dir='ltr'><strong>hominem</strong></span> <span class='ocrx_word' id='word_1_569' title='bbox 2653 1645 2827 1702; x_wconf 89' lang='lat' dir='ltr'><strong>induit</strong></span> <span class='ocrx_word' id='word_1_570' title='bbox 2851 1658 2904 1702; x_wconf 87' lang='lat' dir='ltr'><strong>et</strong></span> <span class='ocrx_word' id='word_1_571' title='bbox 2930 1648 3233 1705; x_wconf 87' lang='lat' dir='ltr'><strong>secundum</strong></span> <span class='ocrx_word' id='word_1_572' title='bbox 3262 1649 3497 1720; x_wconf 88' lang='lat' dir='ltr'><strong>speciem</strong></span> <span class='ocrx_word' id='word_1_573' title='bbox 3528 1659 3584 1706; x_wconf 91' lang='lat' dir='ltr'><strong>et</strong></span> <span class='ocrx_word' id='word_1_574' title='bbox 3608 1666 3700 1708; x_wconf 86' lang='lat' dir='ltr'><strong>se-</strong></span> 
     </span>
    </p>
   </div>
   <div class='ocr_carea' id='block_1_75' title="bbox 2112 1734 3703 1810">
    <p class='ocr_par' dir='ltr' id='par_1_75' title="bbox 2112 1734 3703 1810">
     <span class='ocr_line' id='line_1_75' title="bbox 2112 1734 3703 1810; baseline 0.004 -21"><span class='ocrx_word' id='word_1_575' title='bbox 2112 1734 2347 1789; x_wconf 85' lang='lat' dir='ltr'><strong>cundum</strong></span> <span class='ocrx_word' id='word_1_576' title='bbox 2372 1745 2619 1792; x_wconf 88' lang='lat' dir='ltr'><strong>naturam</strong></span> <span class='ocrx_word' id='word_1_577' title='bbox 2642 1755 2656 1792; x_wconf 91' lang='lat'><strong>:</strong></span> <span class='ocrx_word' id='word_1_578' title='bbox 2681 1737 2759 1793; x_wconf 92' lang='lat' dir='ltr'><strong>sic</strong></span> <span class='ocrx_word' id='word_1_579' title='bbox 2789 1753 2976 1810; x_wconf 89' lang='lat' dir='ltr'><strong>magos</strong></span> <span class='ocrx_word' id='word_1_580' title='bbox 3000 1754 3219 1807; x_wconf 81' lang='lat' dir='ltr'><strong>vocans,</strong></span> <span class='ocrx_word' id='word_1_581' title='bbox 3249 1739 3570 1796; x_wconf 89' lang='lat' dir='ltr'><strong>invisibilem</strong></span> <span class='ocrx_word' id='word_1_582' title='bbox 3596 1742 3703 1796; x_wconf 85' lang='lat' dir='ltr'><strong>vir-</strong></span> 
     </span>
    </p>
   </div>
   <div class='ocr_carea' id='block_1_76' title="bbox 2114 1827 3700 1899">
    <p class='ocr_par' dir='ltr' id='par_1_76' title="bbox 2114 1827 3700 1899">
     <span class='ocr_line' id='line_1_76' title="bbox 2114 1827 3700 1899; baseline 0.006 -20"><span class='ocrx_word' id='word_1_583' title='bbox 2114 1834 2280 1882; x_wconf 89' lang='lat' dir='ltr'><strong>tutem</strong></span> <span class='ocrx_word' id='word_1_584' title='bbox 2306 1827 2357 1881; x_wconf 91' lang='lat' dir='ltr'><strong>itt</strong></span> <span class='ocrx_word' id='word_1_585' title='bbox 2374 1827 2545 1882; x_wconf 70' lang='lat' dir='ltr'><strong>stellae</strong></span> <span class='ocrx_word' id='word_1_586' title='bbox 2564 1829 2800 1898; x_wconf 91' lang='lat' dir='ltr'><strong>speciem</strong></span> <span class='ocrx_word' id='word_1_587' title='bbox 2821 1832 3065 1886; x_wconf 82' lang='lat' dir='ltr'><strong>mutavit.</strong></span> <span class='ocrx_word' id='word_1_588' title='bbox 3082 1830 3236 1899; x_wconf 84' lang='lat' dir='ltr'><strong>Quod</strong></span> <span class='ocrx_word' id='word_1_589' title='bbox 3254 1831 3398 1887; x_wconf 90' lang='lat' dir='ltr'><strong>enim</strong></span> <span class='ocrx_word' id='word_1_590' title='bbox 3420 1848 3526 1886; x_wconf 85' lang='lat' dir='ltr'><strong>non</strong></span> <span class='ocrx_word' id='word_1_591' title='bbox 3542 1832 3700 1889; x_wconf 84' lang='lat' dir='ltr'><strong>stella</strong></span> 
     </span>
    </p>
   </div>
   <div class='ocr_carea' id='block_1_77' title="bbox 2112 1917 3697 1989">
    <p class='ocr_par' dir='ltr' id='par_1_77' title="bbox 2112 1917 3697 1989">
     <span class='ocr_line' id='line_1_77' title="bbox 2112 1917 3697 1989; baseline 0.004 -18"><span class='ocrx_word' id='word_1_592' title='bbox 2112 1917 2575 1973; x_wconf 79' lang='lat' dir='ltr'><strong>essetexaliarum</strong></span> <span class='ocrx_word' id='word_1_593' title='bbox 2602 1920 2877 1975; x_wconf 87' lang='lat' dir='ltr'><strong>stellarum</strong></span> <span class='ocrx_word' id='word_1_594' title='bbox 2922 1937 3151 1978; x_wconf 86' lang='lat' dir='ltr'><strong>numero</strong></span> <span class='ocrx_word' id='word_1_595' title='bbox 3173 1963 3189 1989; x_wconf 92' lang='lat'><strong>,</strong></span> <span class='ocrx_word' id='word_1_596' title='bbox 3233 1937 3299 1979; x_wconf 81' lang='lat' dir='ltr'><strong>ex</strong></span> <span class='ocrx_word' id='word_1_597' title='bbox 3344 1937 3503 1978; x_wconf 89' lang='lat' dir='ltr'><strong>cursu</strong></span> <span class='ocrx_word' id='word_1_598' title='bbox 3530 1923 3697 1979; x_wconf 89' lang='lat' dir='ltr'><strong>disce.</strong></span> 
     </span>
    </p>
   </div>
   <div class='ocr_carea' id='block_1_78' title="bbox 2110 2005 3701 2081">
    <p class='ocr_par' dir='ltr' id='par_1_78' title="bbox 2110 2005 3701 2081">
     <span class='ocr_line' id='line_1_78' title="bbox 2110 2005 3701 2081; baseline 0.004 -19"><span class='ocrx_word' id='word_1_599' title='bbox 2110 2005 2228 2062; x_wconf 85' lang='lat' dir='ltr'><strong>Non</strong></span> <span class='ocrx_word' id='word_1_600' title='bbox 2249 2008 2392 2063; x_wconf 91' lang='lat' dir='ltr'><strong>enim</strong></span> <span class='ocrx_word' id='word_1_601' title='bbox 2420 2009 2491 2064; x_wconf 90' lang='lat' dir='ltr'><strong>ab</strong></span> <span class='ocrx_word' id='word_1_602' title='bbox 2508 2009 2719 2067; x_wconf 89' lang='lat' dir='ltr'><strong>oriente</strong></span> <span class='ocrx_word' id='word_1_603' title='bbox 2742 2010 2808 2065; x_wconf 89' lang='lat' dir='ltr'><strong>ad</strong></span> <span class='ocrx_word' id='word_1_604' title='bbox 2837 2011 3174 2068; x_wconf 89' lang='lat' dir='ltr'><strong>occidentem</strong></span> <span class='ocrx_word' id='word_1_605' title='bbox 3202 2014 3474 2081; x_wconf 86' lang='lat' dir='ltr'><strong>currebat,</strong></span> <span class='ocrx_word' id='word_1_606' title='bbox 3508 2014 3603 2069; x_wconf 88' lang='lat' dir='ltr'><strong>sed</strong></span> <span class='ocrx_word' id='word_1_607' title='bbox 3630 2015 3701 2069; x_wconf 87' lang='lat' dir='ltr'><strong>ab</strong></span> 
     </span>
    </p>
   </div>
   <div class='ocr_carea' id='block_1_79' title="bbox 2111 2101 3698 2177">
    <p class='ocr_par' dir='ltr' id='par_1_79' title="bbox 2111 2101 3698 2177">
     <span class='ocr_line' id='line_1_79' title="bbox 2111 2101 3698 2177; baseline 0.004 -20"><span class='ocrx_word' id='word_1_608' title='bbox 2111 2101 2477 2171; x_wconf 78' lang='lat' dir='ltr'><strong>septentrione</strong></span> <span class='ocrx_word' id='word_1_609' title='bbox 2520 2102 2588 2157; x_wconf 91' lang='lat' dir='ltr'><strong>ad</strong></span> <span class='ocrx_word' id='word_1_610' title='bbox 2631 2103 2947 2170; x_wconf 87' lang='lat' dir='ltr'><strong>meridiem;</strong></span> <span class='ocrx_word' id='word_1_611' title='bbox 2982 2105 3052 2159; x_wconf 90' lang='lat' dir='ltr'><strong>ita</strong></span> <span class='ocrx_word' id='word_1_612' title='bbox 3083 2104 3227 2160; x_wconf 89' lang='lat' dir='ltr'><strong>enim</strong></span> <span class='ocrx_word' id='word_1_613' title='bbox 3259 2105 3539 2163; x_wconf 68' lang='lat' dir='ltr'><strong>Palaestina</strong></span> <span class='ocrx_word' id='word_1_614' title='bbox 3570 2122 3698 2177; x_wconf 85' lang='lat' dir='ltr'><strong>erga</strong></span> 
     </span>
    </p>
   </div>
   <div class='ocr_carea' id='block_1_80' title="bbox 2110 2190 3699 2270">
    <p class='ocr_par' dir='ltr' id='par_1_80' title="bbox 2110 2190 3699 2270">
     <span class='ocr_line' id='line_1_80' title="bbox 2110 2190 3699 2270; baseline 0.004 -22"><span class='ocrx_word' id='word_1_615' title='bbox 2110 2190 2387 2270; x_wconf 86' lang='lat' dir='ltr'><strong>Persidem</strong></span> <span class='ocrx_word' id='word_1_616' title='bbox 2411 2192 2514 2248; x_wconf 89' lang='lat' dir='ltr'><strong>sita</strong></span> <span class='ocrx_word' id='word_1_617' title='bbox 2541 2200 2627 2250; x_wconf 91' lang='lat' dir='ltr'><strong>est</strong></span> <span class='ocrx_word' id='word_1_618' title='bbox 2650 2212 2665 2251; x_wconf 90' lang='lat'><strong>:</strong></span> <span class='ocrx_word' id='word_1_619' title='bbox 2694 2205 2752 2251; x_wconf 93' lang='lat' dir='ltr'><strong>et</strong></span> <span class='ocrx_word' id='word_1_620' title='bbox 2778 2204 3004 2266; x_wconf 86' lang='lat' dir='ltr'><strong>apparet</strong></span> <span class='ocrx_word' id='word_1_621' title='bbox 3031 2196 3119 2252; x_wconf 89' lang='lat' dir='ltr'><strong>illa</strong></span> <span class='ocrx_word' id='word_1_622' title='bbox 3148 2211 3255 2254; x_wconf 92' lang='lat' dir='ltr'><strong>non</strong></span> <span class='ocrx_word' id='word_1_623' title='bbox 3283 2207 3464 2262; x_wconf 87' lang='lat' dir='ltr'><strong>noctu,</strong></span> <span class='ocrx_word' id='word_1_624' title='bbox 3492 2198 3588 2255; x_wconf 90' lang='lat' dir='ltr'><strong>sed</strong></span> <span class='ocrx_word' id='word_1_625' title='bbox 3616 2199 3699 2256; x_wconf 87' lang='lat' dir='ltr'><strong>itt-</strong></span> 
     </span>
    </p>
   </div>
   <div class='ocr_carea' id='block_1_81' title="bbox 2112 2285 3701 2361">
    <p class='ocr_par' dir='ltr' id='par_1_81' title="bbox 2112 2285 3701 2361">
     <span class='ocr_line' id='line_1_81' title="bbox 2112 2285 3701 2361; baseline 0.004 -21"><span class='ocrx_word' id='word_1_626' title='bbox 2112 2285 2287 2342; x_wconf 90' lang='lat' dir='ltr'><strong>terdiu</strong></span> <span class='ocrx_word' id='word_1_627' title='bbox 2307 2326 2323 2351; x_wconf 89' lang='lat'><strong>,</strong></span> <span class='ocrx_word' id='word_1_628' title='bbox 2351 2285 2495 2356; x_wconf 91' lang='lat' dir='ltr'><strong>quod</strong></span> <span class='ocrx_word' id='word_1_629' title='bbox 2524 2287 2678 2343; x_wconf 88' lang='lat' dir='ltr'><strong>stella</strong></span> <span class='ocrx_word' id='word_1_630' title='bbox 2710 2303 2816 2344; x_wconf 92' lang='lat' dir='ltr'><strong>non</strong></span> <span class='ocrx_word' id='word_1_631' title='bbox 2843 2288 2971 2344; x_wconf 85' lang='lat' dir='ltr'><strong>facit</strong></span> <span class='ocrx_word' id='word_1_632' title='bbox 2999 2305 3015 2345; x_wconf 91' lang='lat'><strong>:</strong></span> <span class='ocrx_word' id='word_1_633' title='bbox 3046 2290 3275 2361; x_wconf 87' lang='lat' dir='ltr'><strong>ideoque</strong></span> <span class='ocrx_word' id='word_1_634' title='bbox 3304 2300 3356 2347; x_wconf 91' lang='lat' dir='ltr'><strong>ct</strong></span> <span class='ocrx_word' id='word_1_635' title='bbox 3392 2301 3618 2361; x_wconf 85' lang='lat' dir='ltr'><strong>apparet</strong></span> <span class='ocrx_word' id='word_1_636' title='bbox 3644 2302 3701 2347; x_wconf 87' lang='lat' dir='ltr'><strong>et.</strong></span> 
     </span>
    </p>
   </div>
   <div class='ocr_carea' id='block_1_82' title="bbox 2109 2378 3699 2449">
    <p class='ocr_par' dir='ltr' id='par_1_82' title="bbox 2109 2378 3699 2449">
     <span class='ocr_line' id='line_1_82' title="bbox 2109 2378 3699 2449; baseline 0.005 -17"><span class='ocrx_word' id='word_1_637' title='bbox 2109 2378 2428 2444; x_wconf 83' lang='lat' dir='ltr'><strong>occultatur,</strong></span> <span class='ocrx_word' id='word_1_638' title='bbox 2452 2378 2592 2449; x_wconf 87' lang='lat' dir='ltr'><strong>quod</strong></span> <span class='ocrx_word' id='word_1_639' title='bbox 2609 2379 2769 2434; x_wconf 89' lang='lat' dir='ltr'><strong>etiam</strong></span> <span class='ocrx_word' id='word_1_640' title='bbox 2792 2380 2964 2436; x_wconf 69' lang='lat' dir='ltr'><strong>stella:</strong></span> <span class='ocrx_word' id='word_1_641' title='bbox 2991 2397 3095 2436; x_wconf 90' lang='lat' dir='ltr'><strong>non</strong></span> <span class='ocrx_word' id='word_1_642' title='bbox 3121 2380 3284 2438; x_wconf 88' lang='lat' dir='ltr'><strong>fuerit</strong></span> <span class='ocrx_word' id='word_1_643' title='bbox 3310 2402 3323 2439; x_wconf 93' lang='lat'><strong>:</strong></span> <span class='ocrx_word' id='word_1_644' title='bbox 3350 2384 3699 2440; x_wconf 89' lang='lat' dir='ltr'><strong>absconditur</strong></span> 
     </span>
    </p>
   </div>
   <div class='ocr_carea' id='block_1_83' title="bbox 2108 2464 3692 2544">
    <p class='ocr_par' dir='ltr' id='par_1_83' title="bbox 2108 2464 3692 2544">
     <span class='ocr_line' id='line_1_83' title="bbox 2108 2464 3692 2544; baseline 0.004 -21"><span class='ocrx_word' id='word_1_645' title='bbox 2108 2481 2229 2523; x_wconf 91' lang='lat' dir='ltr'><strong>cum</strong></span> <span class='ocrx_word' id='word_1_646' title='bbox 2258 2466 2650 2540; x_wconf 74' lang='lat' dir='ltr'><strong>Jerosolymatn</strong></span> <span class='ocrx_word' id='word_1_647' title='bbox 2676 2485 2735 2524; x_wconf 93' lang='lat' dir='ltr'><strong>se</strong></span> <span class='ocrx_word' id='word_1_648' title='bbox 2762 2470 3106 2525; x_wconf 89' lang='lat' dir='ltr'><strong>contulerunt</strong></span> <span class='ocrx_word' id='word_1_649' title='bbox 3126 2513 3141 2535; x_wconf 90' lang='lat'><strong>,</strong></span> <span class='ocrx_word' id='word_1_650' title='bbox 3173 2464 3229 2526; x_wconf 81' lang='lat' dir='ltr'><strong>et</strong></span> <span class='ocrx_word' id='word_1_651' title='bbox 3273 2482 3497 2543; x_wconf 89' lang='lat' dir='ltr'><strong>apparet</strong></span> <span class='ocrx_word' id='word_1_652' title='bbox 3540 2483 3692 2544; x_wconf 84' lang='lat' dir='ltr'><strong>post-</strong></span> 
     </span>
    </p>
   </div>
   <div class='ocr_carea' id='block_1_84' title="bbox 2109 2558 3698 2635">
    <p class='ocr_par' dir='ltr' id='par_1_84' title="bbox 2109 2558 3698 2635">
     <span class='ocr_line' id='line_1_84' title="bbox 2109 2558 3698 2635; baseline 0.007 -24"><span class='ocrx_word' id='word_1_653' title='bbox 2109 2574 2268 2630; x_wconf 90' lang='lat' dir='ltr'><strong>quam</strong></span> <span class='ocrx_word' id='word_1_654' title='bbox 2295 2574 2323 2612; x_wconf 91' lang='lat' dir='ltr'><strong>a</strong></span> <span class='ocrx_word' id='word_1_655' title='bbox 2355 2574 2483 2630; x_wconf 86' lang='lat' dir='ltr'><strong>rege</strong></span> <span class='ocrx_word' id='word_1_656' title='bbox 2507 2558 2889 2615; x_wconf 88' lang='lat' dir='ltr'><strong>discesserant.</strong></span> <span class='ocrx_word' id='word_1_657' title='bbox 2910 2560 3062 2617; x_wconf 91' lang='lat' dir='ltr'><strong>Unde</strong></span> <span class='ocrx_word' id='word_1_658' title='bbox 3091 2561 3263 2632; x_wconf 87' lang='lat' dir='ltr'><strong>palam</strong></span> <span class='ocrx_word' id='word_1_659' title='bbox 3286 2572 3370 2617; x_wconf 87' lang='lat' dir='ltr'><strong>est</strong></span> <span class='ocrx_word' id='word_1_660' title='bbox 3397 2564 3698 2635; x_wconf 87' lang='lat' dir='ltr'><strong>intelligen-</strong></span> 
     </span>
    </p>
   </div>
   <div class='ocr_carea' id='block_1_85' title="bbox 2110 2644 3694 2725">
    <p class='ocr_par' dir='ltr' id='par_1_85' title="bbox 2110 2644 3694 2725">
     <span class='ocr_line' id='line_1_85' title="bbox 2110 2644 3694 2725; baseline 0.004 -21"><span class='ocrx_word' id='word_1_661' title='bbox 2110 2659 2218 2705; x_wconf 90' lang='grc'><strong>10111</strong></span> <span class='ocrx_word' id='word_1_662' title='bbox 2249 2648 2412 2705; x_wconf 77' lang='lat' dir='ltr'><strong>fuisse</strong></span> <span class='ocrx_word' id='word_1_663' title='bbox 2442 2644 2718 2717; x_wconf 80' lang='lat' dir='ltr'><strong>virtutem,</strong></span> <span class='ocrx_word' id='word_1_664' title='bbox 2750 2668 2870 2721; x_wconf 77' lang='lat' dir='ltr'><strong>qua:</strong></span> <span class='ocrx_word' id='word_1_665' title='bbox 2897 2650 2962 2707; x_wconf 89' lang='lat' dir='ltr'><strong>ad</strong></span> <span class='ocrx_word' id='word_1_666' title='bbox 2989 2652 3140 2723; x_wconf 89' lang='lat' dir='ltr'><strong>jussa</strong></span> <span class='ocrx_word' id='word_1_667' title='bbox 3172 2654 3488 2725; x_wconf 85' lang='lat' dir='ltr'><strong>complenda</strong></span> <span class='ocrx_word' id='word_1_668' title='bbox 3515 2657 3694 2711; x_wconf 88' lang='lat' dir='ltr'><strong>omnia</strong></span> 
     </span>
    </p>
   </div>
   <div class='ocr_carea' id='block_1_86' title="bbox 2108 2738 3693 2817">
    <p class='ocr_par' dir='ltr' id='par_1_86' title="bbox 2108 2738 3693 2817">
     <span class='ocr_line' id='line_1_86' title="bbox 2108 2738 3693 2817; baseline 0.004 -20"><span class='ocrx_word' id='word_1_669' title='bbox 2108 2740 2445 2798; x_wconf 88' lang='lat' dir='ltr'><strong>observaret.</strong></span> <span class='ocrx_word' id='word_1_670' title='bbox 2475 2738 2658 2811; x_wconf 77' lang='lat' dir='ltr'><strong>Neque</strong></span> <span class='ocrx_word' id='word_1_671' title='bbox 2683 2759 2812 2798; x_wconf 88' lang='lat' dir='ltr'><strong>vero</strong></span> <span class='ocrx_word' id='word_1_672' title='bbox 2835 2742 2960 2800; x_wconf 89' lang='lat' dir='ltr'><strong>inde</strong></span> <span class='ocrx_word' id='word_1_673' title='bbox 2984 2746 3157 2799; x_wconf 88' lang='lat' dir='ltr'><strong>solum</strong></span> <span class='ocrx_word' id='word_1_674' title='bbox 3185 2745 3234 2802; x_wconf 90' lang='lat' dir='ltr'><strong>id</strong></span> <span class='ocrx_word' id='word_1_675' title='bbox 3264 2746 3437 2817; x_wconf 89' lang='lat' dir='ltr'><strong>palam</strong></span> <span class='ocrx_word' id='word_1_676' title='bbox 3466 2760 3578 2816; x_wconf 89' lang='lat' dir='ltr'><strong>est;</strong></span> <span class='ocrx_word' id='word_1_677' title='bbox 3601 2750 3693 2804; x_wconf 90' lang='lat' dir='ltr'><strong>sed</strong></span> 
     </span>
    </p>
   </div>
   <div class='ocr_carea' id='block_1_87' title="bbox 2108 2835 3697 2910">
    <p class='ocr_par' dir='ltr' id='par_1_87' title="bbox 2108 2835 3697 2910">
     <span class='ocr_line' id='line_1_87' title="bbox 2108 2835 3697 2910; baseline 0.004 -18"><span class='ocrx_word' id='word_1_678' title='bbox 2108 2836 2271 2892; x_wconf 89' lang='lat' dir='ltr'><strong>etiam</strong></span> <span class='ocrx_word' id='word_1_679' title='bbox 2296 2835 2436 2906; x_wconf 89' lang='lat' dir='ltr'><strong>quod</strong></span> <span class='ocrx_word' id='word_1_680' title='bbox 2459 2876 2475 2902; x_wconf 91' lang='lat'><strong>,</strong></span> <span class='ocrx_word' id='word_1_681' title='bbox 2514 2852 2634 2891; x_wconf 91' lang='lat' dir='ltr'><strong>cum</strong></span> <span class='ocrx_word' id='word_1_682' title='bbox 2667 2836 2909 2893; x_wconf 70' lang='lat' dir='ltr'><strong>duxisset</strong></span> <span class='ocrx_word' id='word_1_683' title='bbox 2937 2837 3003 2893; x_wconf 86' lang='lat' dir='ltr'><strong>ad</strong></span> <span class='ocrx_word' id='word_1_684' title='bbox 3037 2855 3279 2910; x_wconf 68' lang='grc' dir='ltr'><strong>ιιι-1030110</strong></span> <span class='ocrx_word' id='word_1_685' title='bbox 3298 2883 3312 2906; x_wconf 87' lang='grc'><strong>,</strong></span> <span class='ocrx_word' id='word_1_686' title='bbox 3334 2857 3459 2896; x_wconf 81' lang='lat' dir='ltr'><strong>non</strong></span> <span class='ocrx_word' id='word_1_687' title='bbox 3487 2857 3553 2898; x_wconf 82' lang='lat' dir='ltr'><strong>ex</strong></span> <span class='ocrx_word' id='word_1_688' title='bbox 3584 2843 3697 2899; x_wconf 91' lang='lat' dir='ltr'><strong>alto</strong></span> 
     </span>
    </p>
   </div>
   <div class='ocr_carea' id='block_1_88' title="bbox 2098 2922 3698 2998">
    <p class='ocr_par' dir='ltr' id='par_1_88' title="bbox 2098 2922 3698 2998">
     <span class='ocr_line' id='line_1_88' title="bbox 2098 2922 3698 2998; baseline 0.004 -16"><span class='ocrx_word' id='word_1_689' title='bbox 2098 2922 2411 2982; x_wconf 80' lang='lat' dir='ltr'><strong>ostenditur</strong></span> <span class='ocrx_word' id='word_1_690' title='bbox 2430 2927 2526 2993; x_wconf 91' lang='lat' dir='ltr'><strong>eis,</strong></span> <span class='ocrx_word' id='word_1_691' title='bbox 2553 2926 2647 2983; x_wconf 90' lang='lat' dir='ltr'><strong>scd</strong></span> <span class='ocrx_word' id='word_1_692' title='bbox 2675 2925 2810 2982; x_wconf 85' lang='lat' dir='ltr'><strong>infra</strong></span> <span class='ocrx_word' id='word_1_693' title='bbox 2836 2926 3172 2985; x_wconf 90' lang='lat' dir='ltr'><strong>descendens</strong></span> <span class='ocrx_word' id='word_1_694' title='bbox 3197 2931 3429 2998; x_wconf 89' lang='lat' dir='ltr'><strong>steterit,</strong></span> <span class='ocrx_word' id='word_1_695' title='bbox 3455 2932 3543 2989; x_wconf 92' lang='lat' dir='ltr'><strong>ubi</strong></span> <span class='ocrx_word' id='word_1_696' title='bbox 3580 2944 3698 2989; x_wconf 87' lang='lat' dir='ltr'><strong>erat</strong></span> 
     </span>
    </p>
   </div>
   <div class='ocr_carea' id='block_1_89' title="bbox 2108 3018 3695 3093">
    <p class='ocr_par' dir='ltr' id='par_1_89' title="bbox 2108 3018 3695 3093">
     <span class='ocr_line' id='line_1_89' title="bbox 2108 3018 3695 3093; baseline 0.004 -20"><span class='ocrx_word' id='word_1_697' title='bbox 2108 3033 2263 3093; x_wconf 87' lang='lat' dir='ltr'><strong>puer,</strong></span> <span class='ocrx_word' id='word_1_698' title='bbox 2303 3032 2463 3089; x_wconf 90' lang='lat' dir='ltr'><strong>supra</strong></span> <span class='ocrx_word' id='word_1_699' title='bbox 2492 3018 2608 3089; x_wconf 84' lang='lat' dir='ltr'><strong>ejus</strong></span> <span class='ocrx_word' id='word_1_700' title='bbox 2629 3030 2811 3090; x_wconf 86' lang='lat' dir='ltr'><strong>caput,</strong></span> <span class='ocrx_word' id='word_1_701' title='bbox 2855 3031 2912 3074; x_wconf 92' lang='lat' dir='ltr'><strong>ut</strong></span> <span class='ocrx_word' id='word_1_702' title='bbox 2945 3020 3015 3075; x_wconf 91' lang='lat' dir='ltr'><strong>ita</strong></span> <span class='ocrx_word' id='word_1_703' title='bbox 3043 3020 3221 3076; x_wconf 89' lang='lat' dir='ltr'><strong>dicam</strong></span> <span class='ocrx_word' id='word_1_704' title='bbox 3246 3041 3260 3077; x_wconf 92' lang='lat'>:</span> <span class='ocrx_word' id='word_1_705' title='bbox 3282 3023 3327 3077; x_wconf 87' lang='lat' dir='ltr'><strong>si</strong></span> <span class='ocrx_word' id='word_1_706' title='bbox 3368 3023 3513 3079; x_wconf 90' lang='lat' dir='ltr'><strong>enim</strong></span> <span class='ocrx_word' id='word_1_707' title='bbox 3539 3025 3695 3080; x_wconf 87' lang='lat' dir='ltr'><strong>stella</strong></span> 
     </span>
    </p>
   </div>
   <div class='ocr_carea' id='block_1_90' title="bbox 2107 3107 3695 3185">
    <p class='ocr_par' dir='ltr' id='par_1_90' title="bbox 2107 3107 3695 3185">
     <span class='ocr_line' id='line_1_90' title="bbox 2107 3107 3695 3185; baseline 0.003 -21"><span class='ocrx_word' id='word_1_708' title='bbox 2107 3107 2321 3175; x_wconf 89' lang='lat' dir='ltr'><strong>fuisset,</strong></span> <span class='ocrx_word' id='word_1_709' title='bbox 2348 3124 2457 3164; x_wconf 87' lang='lat' dir='ltr'><strong>non</strong></span> <span class='ocrx_word' id='word_1_710' title='bbox 2484 3108 2660 3165; x_wconf 90' lang='lat' dir='ltr'><strong>locum</strong></span> <span class='ocrx_word' id='word_1_711' title='bbox 2694 3119 2799 3165; x_wconf 89' lang='lat' dir='ltr'><strong>tam</strong></span> <span class='ocrx_word' id='word_1_712' title='bbox 2827 3119 3113 3182; x_wconf 87' lang='lat' dir='ltr'><strong>angustum</strong></span> <span class='ocrx_word' id='word_1_713' title='bbox 3141 3118 3199 3167; x_wconf 82' lang='lat' dir='ltr'><strong>et</strong></span> <span class='ocrx_word' id='word_1_714' title='bbox 3235 3110 3695 3185; x_wconf 88' lang='lat' dir='ltr'><strong>circumscriptum</strong></span> 
     </span>
    </p>
   </div>
   <div class='ocr_carea' id='block_1_91' title="bbox 2106 3200 3696 3274">
    <p class='ocr_par' dir='ltr' id='par_1_91' title="bbox 2106 3200 3696 3274">
     <span class='ocr_line' id='line_1_91' title="bbox 2106 3200 3696 3274; baseline 0.003 -18"><span class='ocrx_word' id='word_1_715' title='bbox 2106 3201 2452 3258; x_wconf 87' lang='lat' dir='ltr'><strong>ostendisset.</strong></span> <span class='ocrx_word' id='word_1_716' title='bbox 2477 3200 2639 3258; x_wconf 87' lang='lat' dir='ltr'><strong>Scitis</strong></span> <span class='ocrx_word' id='word_1_717' title='bbox 2667 3203 2810 3258; x_wconf 92' lang='lat' dir='ltr'><strong>enim</strong></span> <span class='ocrx_word' id='word_1_718' title='bbox 2843 3204 3007 3274; x_wconf 90' lang='lat' dir='ltr'><strong>probe</strong></span> <span class='ocrx_word' id='word_1_719' title='bbox 3035 3203 3176 3274; x_wconf 90' lang='lat' dir='ltr'><strong>quod</strong></span> <span class='ocrx_word' id='word_1_720' title='bbox 3217 3203 3289 3258; x_wconf 87' lang='lat' dir='ltr'><strong>ob</strong></span> <span class='ocrx_word' id='word_1_721' title='bbox 3319 3204 3541 3261; x_wconf 89' lang='lat' dir='ltr'><strong>nimiam</strong></span> <span class='ocrx_word' id='word_1_722' title='bbox 3570 3206 3696 3261; x_wconf 57' lang='lat' dir='ltr'><strong>alti-</strong></span> 
     </span>
    </p>
   </div>
   <div class='ocr_carea' id='block_1_92' title="bbox 2110 3294 3697 3368">
    <p class='ocr_par' dir='ltr' id='par_1_92' title="bbox 2110 3294 3697 3368">
     <span class='ocr_line' id='line_1_92' title="bbox 2110 3294 3697 3368; baseline 0.001 -19"><span class='ocrx_word' id='word_1_723' title='bbox 2110 3294 2348 3351; x_wconf 89' lang='lat' dir='ltr'><strong>tudinem</strong></span> <span class='ocrx_word' id='word_1_724' title='bbox 2366 3312 2433 3351; x_wconf 91' lang='lat' dir='ltr'><strong>ne</strong></span> <span class='ocrx_word' id='word_1_725' title='bbox 2455 3294 2602 3350; x_wconf 81' lang='lat' dir='ltr'><strong>urbis</strong></span> <span class='ocrx_word' id='word_1_726' title='bbox 2619 3295 2830 3365; x_wconf 90' lang='lat' dir='ltr'><strong>quidem</strong></span> <span class='ocrx_word' id='word_1_727' title='bbox 2850 3296 3024 3351; x_wconf 90' lang='lat' dir='ltr'><strong>locum</strong></span> <span class='ocrx_word' id='word_1_728' title='bbox 3043 3297 3319 3368; x_wconf 86' lang='lat' dir='ltr'><strong>assignare</strong></span> <span class='ocrx_word' id='word_1_729' title='bbox 3330 3297 3482 3353; x_wconf 79' lang='lat' dir='ltr'><strong>stella</strong></span> <span class='ocrx_word' id='word_1_730' title='bbox 3506 3298 3697 3368; x_wconf 80' lang='lat' dir='ltr'><strong>possit,</strong></span> 
     </span>
    </p>
   </div>
   <div class='ocr_carea' id='block_1_93' title="bbox 2108 3384 3697 3459">
    <p class='ocr_par' dir='ltr' id='par_1_93' title="bbox 2108 3384 3697 3459">
     <span class='ocr_line' id='line_1_93' title="bbox 2108 3384 3697 3459; baseline 0.002 -17"><span class='ocrx_word' id='word_1_731' title='bbox 2108 3402 2284 3459; x_wconf 89' lang='lat' dir='ltr'><strong>neque</strong></span> <span class='ocrx_word' id='word_1_732' title='bbox 2304 3387 2449 3444; x_wconf 88' lang='lat' dir='ltr'><strong>clare</strong></span> <span class='ocrx_word' id='word_1_733' title='bbox 2477 3394 2656 3457; x_wconf 81' lang='lat' dir='ltr'><strong>potest</strong></span> <span class='ocrx_word' id='word_1_734' title='bbox 2673 3384 2739 3441; x_wconf 82' lang='lat' dir='ltr'><strong>ad</strong></span> <span class='ocrx_word' id='word_1_735' title='bbox 2769 3386 3213 3456; x_wconf 90' lang='lat' dir='ltr'><strong>perpendiculum</strong></span> <span class='ocrx_word' id='word_1_736' title='bbox 3243 3386 3421 3458; x_wconf 81' lang='lat' dir='ltr'><strong>dirigi,</strong></span> <span class='ocrx_word' id='word_1_737' title='bbox 3452 3397 3558 3442; x_wconf 88' lang='lat' dir='ltr'><strong>tam</strong></span> <span class='ocrx_word' id='word_1_738' title='bbox 3586 3388 3697 3445; x_wconf 85' lang='lat' dir='ltr'><strong>alte</strong></span> 
     </span>
    </p>
   </div>
   <div class='ocr_carea' id='block_1_94' title="bbox 2109 3476 3696 3549">
    <p class='ocr_par' dir='ltr' id='par_1_94' title="bbox 2109 3476 3696 3549">
     <span class='ocr_line' id='line_1_94' title="bbox 2109 3476 3696 3549; baseline 0.001 -17"><span class='ocrx_word' id='word_1_739' title='bbox 2109 3476 2302 3548; x_wconf 84' lang='lat' dir='ltr'><strong>posita.</strong></span> <span class='ocrx_word' id='word_1_740' title='bbox 2333 3476 2429 3532; x_wconf 89' lang='lat' dir='ltr'><strong>llla</strong></span> <span class='ocrx_word' id='word_1_741' title='bbox 2459 3493 2587 3532; x_wconf 88' lang='lat' dir='ltr'><strong>vero</strong></span> <span class='ocrx_word' id='word_1_742' title='bbox 2618 3492 2843 3546; x_wconf 89' lang='lat' dir='ltr'><strong>parvum</strong></span> <span class='ocrx_word' id='word_1_743' title='bbox 2870 3477 3049 3532; x_wconf 92' lang='lat' dir='ltr'><strong>locum</strong></span> <span class='ocrx_word' id='word_1_744' title='bbox 3078 3486 3133 3532; x_wconf 91' lang='lat' dir='ltr'><strong>et</strong></span> <span class='ocrx_word' id='word_1_745' title='bbox 3160 3492 3403 3549; x_wconf 72' lang='lat' dir='ltr'><strong>prmscpe</strong></span> <span class='ocrx_word' id='word_1_746' title='bbox 3426 3489 3696 3534; x_wconf 84' lang='lat' dir='ltr'><strong>monstra-</strong></span> 
     </span>
    </p>
   </div>
   <div class='ocr_carea' id='block_1_95' title="bbox 2107 3568 3687 3638">
    <p class='ocr_par' dir='ltr' id='par_1_95' title="bbox 2107 3568 3687 3638">
     <span class='ocr_line' id='line_1_95' title="bbox 2107 3568 3687 3638; baseline 0.001 -15"><span class='ocrx_word' id='word_1_747' title='bbox 2107 3568 2217 3632; x_wconf 90' lang='lat' dir='ltr'><strong>vit,</strong></span> <span class='ocrx_word' id='word_1_748' title='bbox 2248 3583 2414 3638; x_wconf 86' lang='lat' dir='ltr'><strong>prope</strong></span> <span class='ocrx_word' id='word_1_749' title='bbox 2439 3568 2600 3638; x_wconf 89' lang='lat' dir='ltr'><strong>caput</strong></span> <span class='ocrx_word' id='word_1_750' title='bbox 2623 3569 2832 3638; x_wconf 91' lang='lat' dir='ltr'><strong>posita;</strong></span> <span class='ocrx_word' id='word_1_751' title='bbox 2863 3577 2918 3622; x_wconf 92' lang='lat' dir='ltr'><strong>et</strong></span> <span class='ocrx_word' id='word_1_752' title='bbox 2947 3583 3071 3622; x_wconf 91' lang='lat' dir='ltr'><strong>cum</strong></span> <span class='ocrx_word' id='word_1_753' title='bbox 3095 3568 3459 3634; x_wconf 85' lang='lat' dir='ltr'><strong>ostendisset,</strong></span> <span class='ocrx_word' id='word_1_754' title='bbox 3505 3569 3687 3624; x_wconf 79' lang='lat' dir='ltr'><strong>statim</strong></span> 
     </span>
    </p>
   </div>
   <div class='ocr_carea' id='block_1_96' title="bbox 2108 3659 3166 3730">
    <p class='ocr_par' dir='ltr' id='par_1_96' title="bbox 2108 3659 3166 3730">
     <span class='ocr_line' id='line_1_96' title="bbox 2108 3659 3166 3730; baseline -0.003 -15"><span class='ocrx_word' id='word_1_755' title='bbox 2108 3660 2370 3716; x_wconf 86' lang='lat' dir='ltr'><strong>abscessit</strong></span> <span class='ocrx_word' id='word_1_756' title='bbox 2397 3677 2412 3714; x_wconf 88' lang='lat'><strong>:</strong></span> <span class='ocrx_word' id='word_1_757' title='bbox 2447 3659 2499 3715; x_wconf 89' lang='lat' dir='ltr'><strong>id</strong></span> <span class='ocrx_word' id='word_1_758' title='bbox 2530 3659 2673 3730; x_wconf 90' lang='lat' dir='ltr'><strong>quod</strong></span> <span class='ocrx_word' id='word_1_759' title='bbox 2703 3659 2874 3714; x_wconf 73' lang='lat' dir='ltr'><strong>stella:</strong></span> <span class='ocrx_word' id='word_1_760' title='bbox 2901 3673 3006 3714; x_wconf 93' lang='lat' dir='ltr'><strong>non</strong></span> <span class='ocrx_word' id='word_1_761' title='bbox 3032 3667 3166 3714; x_wconf 88' lang='lat' dir='ltr'><strong>erat.</strong></span> 
     </span>
    </p>
   </div>
   <div class='ocr_carea' id='block_1_97' title="bbox 2180 3748 3692 3821">
    <p class='ocr_par' dir='ltr' id='par_1_97' title="bbox 2180 3748 3692 3821">
     <span class='ocr_line' id='line_1_97' title="bbox 2180 3748 3692 3821; baseline -0.001 -15"><span class='ocrx_word' id='word_1_762' title='bbox 2180 3750 2233 3806; x_wconf 89' lang='lat'><strong>6.</strong></span> <span class='ocrx_word' id='word_1_763' title='bbox 2253 3750 2406 3818; x_wconf 89' lang='lat' dir='ltr'><strong>Quod</strong></span> <span class='ocrx_word' id='word_1_764' title='bbox 2428 3750 2473 3805; x_wconf 71' lang='lat' dir='ltr'><strong>si</strong></span> <span class='ocrx_word' id='word_1_765' title='bbox 2495 3749 2632 3821; x_wconf 82' lang='lat' dir='ltr'><strong>magi</strong></span> <span class='ocrx_word' id='word_1_766' title='bbox 2650 3750 2852 3817; x_wconf 87' lang='lat' dir='ltr'><strong>dicant,</strong></span> <span class='ocrx_word' id='word_1_767' title='bbox 2879 3748 3110 3805; x_wconf 80' lang='lat' dir='ltr'><strong>Vidimus</strong></span> <span class='ocrx_word' id='word_1_768' title='bbox 3124 3750 3324 3804; x_wconf 81' lang='lat' dir='ltr'><strong>stellam</strong></span> <span class='ocrx_word' id='word_1_769' title='bbox 3341 3751 3450 3817; x_wconf 80' lang='lat' dir='ltr'><strong>eius</strong></span> <span class='ocrx_word' id='word_1_770' title='bbox 3477 3748 3692 3821; x_wconf 72' lang='lat' dir='ltr'><strong>(Matth.</strong></span> 
     </span>
    </p>
   </div>
   <div class='ocr_carea' id='block_1_98' title="bbox 2106 3837 3695 3913">
    <p class='ocr_par' dir='ltr' id='par_1_98' title="bbox 2106 3837 3695 3913">
     <span class='ocr_line' id='line_1_98' title="bbox 2106 3837 3695 3913; baseline -0.001 -15"><span class='ocrx_word' id='word_1_771' title='bbox 2106 3837 2162 3898; x_wconf 69' lang='lat'><strong>2.</strong></span> <span class='ocrx_word' id='word_1_772' title='bbox 2190 3842 2287 3912; x_wconf 75' lang='lat'><strong>2),</strong></span> <span class='ocrx_word' id='word_1_773' title='bbox 2316 3858 2381 3897; x_wconf 83' lang='lat' dir='ltr'><strong>ex</strong></span> <span class='ocrx_word' id='word_1_774' title='bbox 2411 3849 2526 3899; x_wconf 90' lang='lat' dir='ltr'><strong>arte</strong></span> <span class='ocrx_word' id='word_1_775' title='bbox 2548 3858 2643 3897; x_wconf 90' lang='lat' dir='ltr'><strong>sua</strong></span> <span class='ocrx_word' id='word_1_776' title='bbox 2677 3843 2960 3913; x_wconf 87' lang='lat' dir='ltr'><strong>loquentes</strong></span> <span class='ocrx_word' id='word_1_777' title='bbox 2983 3841 3035 3895; x_wconf 90' lang='lat' dir='ltr'><strong>id</strong></span> <span class='ocrx_word' id='word_1_778' title='bbox 3062 3841 3267 3906; x_wconf 90' lang='lat' dir='ltr'><strong>dicunt,</strong></span> <span class='ocrx_word' id='word_1_779' title='bbox 3300 3850 3484 3911; x_wconf 88' lang='lat' dir='ltr'><strong>postea</strong></span> <span class='ocrx_word' id='word_1_780' title='bbox 3519 3851 3695 3896; x_wconf 88' lang='lat' dir='ltr'><strong>tamen</strong></span> 
     </span>
    </p>
   </div>
   <div class='ocr_carea' id='block_1_99' title="bbox 2109 3930 3696 4003">
    <p class='ocr_par' dir='ltr' id='par_1_99' title="bbox 2109 3930 3696 4003">
     <span class='ocr_line' id='line_1_99' title="bbox 2109 3930 3696 4003; baseline -0.003 -12"><span class='ocrx_word' id='word_1_781' title='bbox 2109 3934 2234 3991; x_wconf 90' lang='lat' dir='ltr'><strong>illuc</strong></span> <span class='ocrx_word' id='word_1_782' title='bbox 2258 3935 2493 4003; x_wconf 90' lang='lat' dir='ltr'><strong>deducti,</strong></span> <span class='ocrx_word' id='word_1_783' title='bbox 2522 3936 2589 3991; x_wconf 87' lang='lat' dir='ltr'><strong>ab</strong></span> <span class='ocrx_word' id='word_1_784' title='bbox 2615 3950 2802 3991; x_wconf 91' lang='lat' dir='ltr'><strong>errore</strong></span> <span class='ocrx_word' id='word_1_785' title='bbox 2823 3933 3036 3991; x_wconf 87' lang='lat' dir='ltr'><strong>liberati</strong></span> <span class='ocrx_word' id='word_1_786' title='bbox 3063 3943 3206 3989; x_wconf 90' lang='lat' dir='ltr'><strong>sunt.</strong></span> <span class='ocrx_word' id='word_1_787' title='bbox 3239 3930 3392 4002; x_wconf 88' lang='lat' dir='ltr'><strong>Quod</strong></span> <span class='ocrx_word' id='word_1_788' title='bbox 3416 3934 3562 3989; x_wconf 87' lang='lat' dir='ltr'><strong>enim</strong></span> <span class='ocrx_word' id='word_1_789' title='bbox 3584 3941 3696 3987; x_wconf 86' lang='lat' dir='ltr'><strong>sta-</strong></span> 
     </span>
    </p>
   </div>
   <div class='ocr_carea' id='block_1_100' title="bbox 2110 4023 3696 4098">
    <p class='ocr_par' dir='ltr' id='par_1_100' title="bbox 2110 4023 3696 4098">
     <span class='ocr_line' id='line_1_100' title="bbox 2110 4023 3696 4098; baseline -0.004 -16"><span class='ocrx_word' id='word_1_790' title='bbox 2110 4028 2204 4087; x_wconf 90' lang='lat' dir='ltr'><strong>tim</strong></span> <span class='ocrx_word' id='word_1_791' title='bbox 2234 4038 2395 4098; x_wconf 89' lang='lat' dir='ltr'><strong>atque</strong></span> <span class='ocrx_word' id='word_1_792' title='bbox 2421 4027 2631 4083; x_wconf 89' lang='lat' dir='ltr'><strong>stellam</strong></span> <span class='ocrx_word' id='word_1_793' title='bbox 2660 4026 2913 4082; x_wconf 88' lang='lat' dir='ltr'><strong>viderunt</strong></span> <span class='ocrx_word' id='word_1_794' title='bbox 2953 4024 3023 4080; x_wconf 83' lang='lat' dir='ltr'><strong>ab</strong></span> <span class='ocrx_word' id='word_1_795' title='bbox 3066 4038 3252 4079; x_wconf 89' lang='lat' dir='ltr'><strong>crrore</strong></span> <span class='ocrx_word' id='word_1_796' title='bbox 3295 4023 3501 4079; x_wconf 88' lang='lat' dir='ltr'><strong>liberati</strong></span> <span class='ocrx_word' id='word_1_797' title='bbox 3545 4023 3696 4089; x_wconf 85' lang='lat' dir='ltr'><strong>sint,</strong></span> 
     </span>
    </p>
   </div>
   <div class='ocr_carea' id='block_1_101' title="bbox 2110 4114 3695 4197">
    <p class='ocr_par' dir='ltr' id='par_1_101' title="bbox 2110 4114 3695 4197">
     <span class='ocr_line' id='line_1_101' title="bbox 2110 4114 3695 4197; baseline -0.01 -14"><span class='ocrx_word' id='word_1_798' title='bbox 2110 4124 2285 4197; x_wconf 76' lang='lat' dir='ltr'><strong>palam</strong></span> <span class='ocrx_word' id='word_1_799' title='bbox 2314 4130 2399 4179; x_wconf 88' lang='lat' dir='ltr'><strong>est</strong></span> <span class='ocrx_word' id='word_1_800' title='bbox 2426 4135 2493 4179; x_wconf 77' lang='lat' dir='ltr'><strong>ex</strong></span> <span class='ocrx_word' id='word_1_801' title='bbox 2524 4135 2592 4176; x_wconf 92' lang='lat' dir='ltr'><strong>eo</strong></span> <span class='ocrx_word' id='word_1_802' title='bbox 2621 4118 2763 4190; x_wconf 91' lang='lat' dir='ltr'><strong>quod</strong></span> <span class='ocrx_word' id='word_1_803' title='bbox 2790 4117 3138 4173; x_wconf 87' lang='lat' dir='ltr'><strong>adoraveriut</strong></span> <span class='ocrx_word' id='word_1_804' title='bbox 3170 4126 3393 4187; x_wconf 86' lang='lat' dir='ltr'><strong>puerum</strong></span> <span class='ocrx_word' id='word_1_805' title='bbox 3428 4131 3444 4170; x_wconf 93' lang='lat'><strong>:</strong></span> <span class='ocrx_word' id='word_1_806' title='bbox 3476 4114 3520 4170; x_wconf 89' lang='lat' dir='ltr'><strong>sl</strong></span> <span class='ocrx_word' id='word_1_807' title='bbox 3552 4115 3695 4171; x_wconf 88' lang='lat' dir='ltr'><strong>enim</strong></span> 
     </span>
    </p>
   </div>
   <div class='ocr_carea' id='block_1_102' title="bbox 2109 4206 3694 4285">
    <p class='ocr_par' dir='ltr' id='par_1_102' title="bbox 2109 4206 3694 4285">
     <span class='ocr_line' id='line_1_102' title="bbox 2109 4206 3694 4285; baseline -0.007 -15"><span class='ocrx_word' id='word_1_808' title='bbox 2109 4216 2386 4285; x_wconf 81' lang='lat' dir='ltr'><strong>vulgarem</strong></span> <span class='ocrx_word' id='word_1_809' title='bbox 2417 4212 2650 4283; x_wconf 89' lang='lat' dir='ltr'><strong>aliquam</strong></span> <span class='ocrx_word' id='word_1_810' title='bbox 2681 4211 2890 4267; x_wconf 87' lang='lat' dir='ltr'><strong>stellam</strong></span> <span class='ocrx_word' id='word_1_811' title='bbox 2920 4225 3040 4264; x_wconf 90' lang='lat' dir='ltr'><strong>esse</strong></span> <span class='ocrx_word' id='word_1_812' title='bbox 3068 4209 3432 4280; x_wconf 78' lang='lat' dir='ltr'><strong>putavissent,</strong></span> <span class='ocrx_word' id='word_1_813' title='bbox 3460 4218 3566 4262; x_wconf 86' lang='lat' dir='ltr'><strong>non</strong></span> <span class='ocrx_word' id='word_1_814' title='bbox 3595 4206 3694 4260; x_wconf 85' lang='lat' dir='ltr'><strong>ad-</strong></span> 
     </span>
    </p>
   </div>
   <div class='ocr_carea' id='block_1_103' title="bbox 2108 4298 3694 4373">
    <p class='ocr_par' dir='ltr' id='par_1_103' title="bbox 2108 4298 3694 4373">
     <span class='ocr_line' id='line_1_103' title="bbox 2108 4298 3694 4373; baseline -0.01 -7"><span class='ocrx_word' id='word_1_815' title='bbox 2108 4312 2374 4366; x_wconf 85' lang='lat' dir='ltr'><strong>orasseut.</strong></span> <span class='ocrx_word' id='word_1_816' title='bbox 2424 4304 2561 4372; x_wconf 86' lang='lat' dir='ltr'><strong>Quid</strong></span> <span class='ocrx_word' id='word_1_817' title='bbox 2603 4304 2746 4359; x_wconf 90' lang='lat' dir='ltr'><strong>enim</strong></span> <span class='ocrx_word' id='word_1_818' title='bbox 2787 4302 3076 4373; x_wconf 85' lang='lat' dir='ltr'><strong>sperabant</strong></span> <span class='ocrx_word' id='word_1_819' title='bbox 3105 4316 3134 4355; x_wconf 90' lang='lat' dir='ltr'><strong>a</strong></span> <span class='ocrx_word' id='word_1_820' title='bbox 3168 4299 3391 4370; x_wconf 88' lang='lat' dir='ltr'><strong>puerulo</strong></span> <span class='ocrx_word' id='word_1_821' title='bbox 3432 4298 3694 4362; x_wconf 78' lang='lat' dir='ltr'><strong>extranei,</strong></span> 
     </span>
    </p>
   </div>
   <div class='ocr_carea' id='block_1_104' title="bbox 2108 4392 3698 4463">
    <p class='ocr_par' dir='ltr' id='par_1_104' title="bbox 2108 4392 3698 4463">
     <span class='ocr_line' id='line_1_104' title="bbox 2108 4392 3698 4463; baseline -0.008 -8"><span class='ocrx_word' id='word_1_822' title='bbox 2108 4401 2329 4455; x_wconf 78' lang='lat' dir='ltr'><strong>advena:</strong></span> <span class='ocrx_word' id='word_1_823' title='bbox 2374 4408 2428 4454; x_wconf 90' lang='lat' dir='ltr'><strong>et</strong></span> <span class='ocrx_word' id='word_1_824' title='bbox 2455 4396 2706 4453; x_wconf 84' lang='lat' dir='ltr'><strong>barbari?</strong></span> <span class='ocrx_word' id='word_1_825' title='bbox 2735 4392 2877 4450; x_wconf 83' lang='lat' dir='ltr'><strong>unde</strong></span> <span class='ocrx_word' id='word_1_826' title='bbox 2919 4394 3060 4449; x_wconf 75' lang='lat' dir='ltr'><strong>scire</strong></span> <span class='ocrx_word' id='word_1_827' title='bbox 3089 4401 3338 4462; x_wconf 82' lang='lat' dir='ltr'><strong>poterant</strong></span> <span class='ocrx_word' id='word_1_828' title='bbox 3367 4393 3541 4463; x_wconf 89' lang='lat' dir='ltr'><strong>ipsum</strong></span> <span class='ocrx_word' id='word_1_829' title='bbox 3575 4402 3698 4444; x_wconf 84' lang='lat' dir='ltr'><strong>esse</strong></span> 
     </span>
    </p>
   </div>
   <div class='ocr_carea' id='block_1_105' title="bbox 2108 4484 3699 4558">
    <p class='ocr_par' dir='ltr' id='par_1_105' title="bbox 2108 4484 3699 4558">
     <span class='ocr_line' id='line_1_105' title="bbox 2108 4484 3699 4558; baseline -0.008 -11"><span class='ocrx_word' id='word_1_830' title='bbox 2108 4493 2396 4558; x_wconf 85' lang='lat' dir='ltr'><strong>victurum,</strong></span> <span class='ocrx_word' id='word_1_831' title='bbox 2423 4497 2478 4545; x_wconf 91' lang='lat' dir='ltr'><strong>et</strong></span> <span class='ocrx_word' id='word_1_832' title='bbox 2503 4488 2765 4544; x_wconf 85' lang='lat' dir='ltr'><strong>donorum</strong></span> <span class='ocrx_word' id='word_1_833' title='bbox 2800 4486 2970 4541; x_wconf 89' lang='lat' dir='ltr'><strong>vicem</strong></span> <span class='ocrx_word' id='word_1_834' title='bbox 3008 4484 3302 4539; x_wconf 84' lang='lat' dir='ltr'><strong>relaturum</strong></span> <span class='ocrx_word' id='word_1_835' title='bbox 3325 4524 3340 4548; x_wconf 92' lang='lat'><strong>,</strong></span> <span class='ocrx_word' id='word_1_836' title='bbox 3386 4496 3509 4538; x_wconf 90' lang='lat' dir='ltr'><strong>eum</strong></span> <span class='ocrx_word' id='word_1_837' title='bbox 3549 4492 3699 4537; x_wconf 89' lang='lat' dir='ltr'><strong>tanto</strong></span> 
     </span>
    </p>
   </div>
   <div class='ocr_carea' id='block_1_106' title="bbox 2108 4577 3696 4655">
    <p class='ocr_par' dir='ltr' id='par_1_106' title="bbox 2108 4577 3696 4655">
     <span class='ocr_line' id='line_1_106' title="bbox 2108 4577 3696 4655; baseline -0.008 -16"><span class='ocrx_word' id='word_1_838' title='bbox 2108 4584 2282 4655; x_wconf 86' lang='lat' dir='ltr'><strong>spatio</strong></span> <span class='ocrx_word' id='word_1_839' title='bbox 2325 4581 2622 4638; x_wconf 80' lang='lat' dir='ltr'><strong>distarent?</strong></span> <span class='ocrx_word' id='word_1_840' title='bbox 2666 4577 2937 4650; x_wconf 87' lang='lat' dir='ltr'><strong>quomodo</strong></span> <span class='ocrx_word' id='word_1_841' title='bbox 2982 4577 3277 4649; x_wconf 77' lang='lat' dir='ltr'><strong>periculum</strong></span> <span class='ocrx_word' id='word_1_842' title='bbox 3325 4589 3563 4645; x_wconf 71' lang='lat' dir='ltr'><strong>prmsens</strong></span> <span class='ocrx_word' id='word_1_843' title='bbox 3588 4587 3696 4629; x_wconf 89' lang='lat' dir='ltr'><strong>non</strong></span> 
     </span>
    </p>
   </div>
   <div class='ocr_carea' id='block_1_107' title="bbox 2111 4666 3694 4748">
    <p class='ocr_par' dir='ltr' id='par_1_107' title="bbox 2111 4666 3694 4748">
     <span class='ocr_line' id='line_1_107' title="bbox 2111 4666 3694 4748; baseline -0.007 -18"><span class='ocrx_word' id='word_1_844' title='bbox 2111 4672 2504 4748; x_wconf 60' lang='lat' dir='ltr'><strong>pratcaverint?</strong></span> <span class='ocrx_word' id='word_1_845' title='bbox 2534 4671 2804 4742; x_wconf 77' lang='lat' dir='ltr'><strong>quot‘nodo</strong></span> <span class='ocrx_word' id='word_1_846' title='bbox 2855 4682 2960 4723; x_wconf 84' lang='grc'><strong>11011</strong></span> <span class='ocrx_word' id='word_1_847' title='bbox 3009 4667 3361 4737; x_wconf 82' lang='lat' dir='ltr'><strong>cogitaverim</strong></span> <span class='ocrx_word' id='word_1_848' title='bbox 3399 4666 3694 4737; x_wconf 88' lang='lat' dir='ltr'><strong>periculum</strong></span> 
     </span>
    </p>
   </div>
   <div class='ocr_carea' id='block_1_108' title="bbox 2110 4752 3699 4835">
    <p class='ocr_par' dir='ltr' id='par_1_108' title="bbox 2110 4752 3699 4835">
     <span class='ocr_line' id='line_1_108' title="bbox 2110 4752 3699 4835; baseline -0.006 -13"><span class='ocrx_word' id='word_1_849' title='bbox 2110 4783 2233 4823; x_wconf 87' lang='lat' dir='ltr'><strong>esse</strong></span> <span class='ocrx_word' id='word_1_850' title='bbox 2282 4782 2347 4824; x_wconf 83' lang='grc'><strong>110</strong></span> <span class='ocrx_word' id='word_1_851' title='bbox 2396 4766 2511 4835; x_wconf 84' lang='lat' dir='ltr'><strong>ipse</strong></span> <span class='ocrx_word' id='word_1_852' title='bbox 2550 4780 2617 4820; x_wconf 77' lang='lat' dir='ltr'><strong>ex</strong></span> <span class='ocrx_word' id='word_1_853' title='bbox 2664 4764 2762 4816; x_wconf 87' lang='lat' dir='ltr'><strong>hac</strong></span> <span class='ocrx_word' id='word_1_854' title='bbox 2792 4762 2895 4814; x_wconf 86' lang='lat' dir='ltr'><strong>vita</strong></span> <span class='ocrx_word' id='word_1_855' title='bbox 2936 4752 3295 4830; x_wconf 80' lang='lat' dir='ltr'><strong>abriperetttr,</strong></span> <span class='ocrx_word' id='word_1_856' title='bbox 3348 4774 3484 4813; x_wconf 84' lang='lat' dir='ltr'><strong>neve</strong></span> <span class='ocrx_word' id='word_1_857' title='bbox 3522 4758 3568 4812; x_wconf 88' lang='lat' dir='ltr'><strong>is</strong></span> <span class='ocrx_word' id='word_1_858' title='bbox 3607 4756 3699 4827; x_wconf 84' lang='lat' dir='ltr'><strong>qui</strong></span> 
     </span>
    </p>
   </div>
   <div class='ocr_carea' id='block_1_109' title="bbox 2110 4850 3702 4932">
    <p class='ocr_par' dir='ltr' id='par_1_109' title="bbox 2110 4850 3702 4932">
     <span class='ocr_line' id='line_1_109' title="bbox 2110 4850 3702 4932; baseline -0.009 -16"><span class='ocrx_word' id='word_1_859' title='bbox 2110 4862 2366 4932; x_wconf 80' lang='lat' dir='ltr'><strong>regnabat</strong></span> <span class='ocrx_word' id='word_1_860' title='bbox 2415 4859 2562 4912; x_wconf 89' lang='lat' dir='ltr'><strong>illum</strong></span> <span class='ocrx_word' id='word_1_861' title='bbox 2617 4854 2930 4910; x_wconf 85' lang='lat' dir='ltr'><strong>occideret?</strong></span> <span class='ocrx_word' id='word_1_862' title='bbox 2973 4853 3115 4921; x_wconf 79' lang='lat' dir='ltr'><strong>quod</strong></span> <span class='ocrx_word' id='word_1_863' title='bbox 3168 4850 3379 4905; x_wconf 86' lang='lat' dir='ltr'><strong>tandem</strong></span> <span class='ocrx_word' id='word_1_864' title='bbox 3437 4851 3577 4921; x_wconf 79' lang='lat' dir='ltr'><strong>regis</strong></span> <span class='ocrx_word' id='word_1_865' title='bbox 3625 4850 3702 4902; x_wconf 79' lang='lat' dir='ltr'><strong>si-</strong></span> 
     </span>
    </p>
   </div>
   <div class='ocr_carea' id='block_1_110' title="bbox 2112 4942 3801 5024">
    <p class='ocr_par' dir='ltr' id='par_1_110' title="bbox 2112 4942 3801 5024">
     <span class='ocr_line' id='line_1_110' title="bbox 2112 4942 3801 5024; baseline -0.009 -17"><span class='ocrx_word' id='word_1_866' title='bbox 2112 4969 2274 5024; x_wconf 89' lang='lat' dir='ltr'><strong>gnum</strong></span> <span class='ocrx_word' id='word_1_867' title='bbox 2334 4948 2617 5005; x_wconf 84' lang='lat' dir='ltr'><strong>videbant?</strong></span> <span class='ocrx_word' id='word_1_868' title='bbox 2671 4962 2790 5017; x_wconf 77' lang='lat' dir='ltr'><strong>qttte</strong></span> <span class='ocrx_word' id='word_1_869' title='bbox 2830 4946 2996 4997; x_wconf 86' lang='lat' dir='ltr'><strong>atria?</strong></span> <span class='ocrx_word' id='word_1_870' title='bbox 3037 4957 3170 5014; x_wconf 84' lang='lat' dir='ltr'><strong>quos</strong></span> <span class='ocrx_word' id='word_1_871' title='bbox 3213 4942 3508 4998; x_wconf 75' lang='lat' dir='ltr'><strong>satellites?</strong></span> <span class='ocrx_word' id='word_1_872' title='bbox 3563 4956 3700 5010; x_wconf 86' lang='lat' dir='ltr'><strong>quos</strong></span> <span class='ocrx_word' id='word_1_873' title='bbox 3798 4964 3801 4967; x_wconf 86' lang='lat'><strong><em>-</em></strong></span> 
     </span>
    </p>
   </div>
   <div class='ocr_carea' id='block_1_111' title="bbox 2112 5032 3700 5110">
    <p class='ocr_par' dir='ltr' id='par_1_111' title="bbox 2112 5032 3700 5110">
     <span class='ocr_line' id='line_1_111' title="bbox 2112 5032 3700 5110; baseline -0.01 -10"><span class='ocrx_word' id='word_1_874' title='bbox 2112 5043 2392 5100; x_wconf 70' lang='lat' dir='ltr'><strong>scutatos?</strong></span> <span class='ocrx_word' id='word_1_875' title='bbox 2434 5054 2594 5110; x_wconf 83' lang='lat' dir='ltr'><strong>quem</strong></span> <span class='ocrx_word' id='word_1_876' title='bbox 2644 5034 2994 5091; x_wconf 79' lang='lat' dir='ltr'><strong>famulatum?</strong></span> <span class='ocrx_word' id='word_1_877' title='bbox 3020 5051 3158 5105; x_wconf 88' lang='lat' dir='ltr'><strong>qttos</strong></span> <span class='ocrx_word' id='word_1_878' title='bbox 3203 5034 3423 5104; x_wconf 76' lang='lat' dir='ltr'><strong>clypeos</strong></span> <span class='ocrx_word' id='word_1_879' title='bbox 3464 5032 3700 5087; x_wconf 68' lang='lat' dir='ltr'><strong>aureos!</strong></span> 
     </span>
    </p>
   </div>
   <div class='ocr_carea' id='block_1_112' title="bbox 2112 5123 3695 5207">
    <p class='ocr_par' dir='ltr' id='par_1_112' title="bbox 2112 5123 3695 5207">
     <span class='ocr_line' id='line_1_112' title="bbox 2112 5123 3695 5207; baseline -0.007 -18"><span class='ocrx_word' id='word_1_880' title='bbox 2112 5150 2246 5207; x_wconf 84' lang='lat' dir='ltr'><strong>quas</strong></span> <span class='ocrx_word' id='word_1_881' title='bbox 2264 5134 2441 5189; x_wconf 88' lang='lat' dir='ltr'><strong>aulas?</strong></span> <span class='ocrx_word' id='word_1_882' title='bbox 2455 5147 2613 5201; x_wconf 88' lang='lat' dir='ltr'><strong>quem</strong></span> <span class='ocrx_word' id='word_1_883' title='bbox 2638 5130 3010 5183; x_wconf 77' lang='lat' dir='ltr'><strong>cuttucltm-um</strong></span> <span class='ocrx_word' id='word_1_884' title='bbox 3035 5142 3248 5197; x_wconf 87' lang='lat' dir='ltr'><strong>gregem</strong></span> <span class='ocrx_word' id='word_1_885' title='bbox 3266 5130 3290 5178; x_wconf 88' lang='lat'><strong>&#39;!</strong></span> <span class='ocrx_word' id='word_1_886' title='bbox 3315 5123 3457 5179; x_wconf 82' lang='lat' dir='ltr'><strong>Nihil</strong></span> <span class='ocrx_word' id='word_1_887' title='bbox 3482 5124 3695 5189; x_wconf 87' lang='lat' dir='ltr'><strong>ltorunt,</strong></span> 
     </span>
    </p>
   </div>
   <div class='ocr_carea' id='block_1_113' title="bbox 2112 5216 3695 5289">
    <p class='ocr_par' dir='ltr' id='par_1_113' title="bbox 2112 5216 3695 5289">
     <span class='ocr_line' id='line_1_113' title="bbox 2112 5216 3695 5289; baseline -0.009 -5"><span class='ocrx_word' id='word_1_888' title='bbox 2112 5227 2207 5284; x_wconf 90' lang='lat' dir='ltr'><strong>sed</strong></span> <span class='ocrx_word' id='word_1_889' title='bbox 2252 5223 2523 5281; x_wconf 86' lang='lat' dir='ltr'><strong>contraria</strong></span> <span class='ocrx_word' id='word_1_890' title='bbox 2569 5220 2786 5283; x_wconf 89' lang='lat' dir='ltr'><strong>omnia,</strong></span> <span class='ocrx_word' id='word_1_891' title='bbox 2819 5232 3085 5289; x_wconf 60' lang='lat' dir='ltr'><strong>praesepe,</strong></span> <span class='ocrx_word' id='word_1_892' title='bbox 3109 5216 3377 5288; x_wconf 82' lang='lat' dir='ltr'><strong>tugurium</strong></span> <span class='ocrx_word' id='word_1_893' title='bbox 3404 5258 3420 5283; x_wconf 89' lang='lat'><strong>,</strong></span> <span class='ocrx_word' id='word_1_894' title='bbox 3449 5216 3695 5272; x_wconf 87' lang='lat' dir='ltr'><strong>diverso-</strong></span> 
     </span>
    </p>
   </div>
   <div class='ocr_carea' id='block_1_114' title="bbox 2115 5315 3697 5384">
    <p class='ocr_par' dir='ltr' id='par_1_114' title="bbox 2115 5315 3697 5384">
     <span class='ocr_line' id='line_1_114' title="bbox 2115 5315 3697 5384; baseline -0.011 -6"><span class='ocrx_word' id='word_1_895' title='bbox 2115 5322 2276 5384; x_wconf 81' lang='lat' dir='ltr'><strong>rium,</strong></span> <span class='ocrx_word' id='word_1_896' title='bbox 2296 5326 2519 5372; x_wconf 83' lang='lat' dir='ltr'><strong>matrem</strong></span> <span class='ocrx_word' id='word_1_897' title='bbox 2542 5315 2777 5384; x_wconf 77' lang='lat' dir='ltr'><strong>inopem,</strong></span> <span class='ocrx_word' id='word_1_898' title='bbox 2800 5321 3161 5381; x_wconf 88' lang='lat' dir='ltr'><strong>paupertatem</strong></span> <span class='ocrx_word' id='word_1_899' title='bbox 3186 5326 3454 5379; x_wconf 88' lang='lat' dir='ltr'><strong>magnam,</strong></span> <span class='ocrx_word' id='word_1_900' title='bbox 3471 5321 3697 5377; x_wconf 87' lang='lat' dir='ltr'><strong>pannos.</strong></span> 
     </span>
    </p>
   </div>
   <div class='ocr_carea' id='block_1_115' title="bbox 2113 5398 3703 5478">
    <p class='ocr_par' dir='ltr' id='par_1_115' title="bbox 2113 5398 3703 5478">
     <span class='ocr_line' id='line_1_115' title="bbox 2113 5398 3703 5478; baseline -0.008 -13"><span class='ocrx_word' id='word_1_901' title='bbox 2113 5412 2341 5469; x_wconf 85' lang='lat' dir='ltr'><strong>Cuinatn</strong></span> <span class='ocrx_word' id='word_1_902' title='bbox 2384 5408 2542 5478; x_wconf 80' lang='lat' dir='ltr'><strong>igitur</strong></span> <span class='ocrx_word' id='word_1_903' title='bbox 2571 5405 2866 5461; x_wconf 67' lang='grc' dir='ltr'><strong>θαι-10110111</strong></span> <span class='ocrx_word' id='word_1_904' title='bbox 2899 5419 3123 5468; x_wconf 88' lang='lat' dir='ltr'><strong>aurum,</strong></span> <span class='ocrx_word' id='word_1_905' title='bbox 3157 5402 3277 5456; x_wconf 91' lang='lat' dir='ltr'><strong>thus</strong></span> <span class='ocrx_word' id='word_1_906' title='bbox 3302 5411 3356 5455; x_wconf 93' lang='lat' dir='ltr'><strong>et</strong></span> <span class='ocrx_word' id='word_1_907' title='bbox 3384 5398 3703 5471; x_wconf 77' lang='lat' dir='ltr'><strong>myrrham!</strong></span> 
     </span>
    </p>
   </div>
   <div class='ocr_carea' id='block_1_116' title="bbox 2116 5491 3704 5564">
    <p class='ocr_par' dir='ltr' id='par_1_116' title="bbox 2116 5491 3704 5564">
     <span class='ocr_line' id='line_1_116' title="bbox 2116 5491 3704 5564; baseline -0.009 -7"><span class='ocrx_word' id='word_1_908' title='bbox 2116 5516 2295 5559; x_wconf 87' lang='lat' dir='ltr'><strong>annon</strong></span> <span class='ocrx_word' id='word_1_909' title='bbox 2328 5498 2667 5557; x_wconf 89' lang='lat' dir='ltr'><strong>manifestum</strong></span> <span class='ocrx_word' id='word_1_910' title='bbox 2689 5506 2770 5551; x_wconf 90' lang='lat' dir='ltr'><strong>est</strong></span> <span class='ocrx_word' id='word_1_911' title='bbox 2798 5496 2943 5564; x_wconf 89' lang='lat' dir='ltr'><strong>ipsos</strong></span> <span class='ocrx_word' id='word_1_912' title='bbox 2979 5494 3087 5563; x_wconf 88' lang='lat' dir='ltr'><strong>jam</strong></span> <span class='ocrx_word' id='word_1_913' title='bbox 3122 5492 3243 5547; x_wconf 86' lang='lat' dir='ltr'><strong>ﬁdei</strong></span> <span class='ocrx_word' id='word_1_914' title='bbox 3285 5493 3386 5547; x_wconf 87' lang='lat' dir='ltr'><strong>alis</strong></span> <span class='ocrx_word' id='word_1_915' title='bbox 3412 5491 3704 5545; x_wconf 86' lang='lat' dir='ltr'><strong>instructos</strong></span> 
     </span>
    </p>
   </div>
   <div class='ocr_carea' id='block_1_117' title="bbox 2119 5585 3705 5653">
    <p class='ocr_par' dir='ltr' id='par_1_117' title="bbox 2119 5585 3705 5653">
     <span class='ocr_line' id='line_1_117' title="bbox 2119 5585 3705 5653; baseline -0.011 -1"><span class='ocrx_word' id='word_1_916' title='bbox 2119 5594 2321 5652; x_wconf 84' lang='lat' dir='ltr'><strong>fuisse?</strong></span> <span class='ocrx_word' id='word_1_917' title='bbox 2349 5592 2415 5649; x_wconf 86' lang='lat' dir='ltr'><strong>Et</strong></span> <span class='ocrx_word' id='word_1_918' title='bbox 2444 5592 2610 5647; x_wconf 88' lang='lat' dir='ltr'><strong>multa</strong></span> <span class='ocrx_word' id='word_1_919' title='bbox 2638 5598 2721 5645; x_wconf 90' lang='lat' dir='ltr'><strong>est</strong></span> <span class='ocrx_word' id='word_1_920' title='bbox 2751 5589 3014 5647; x_wconf 86' lang='lat' dir='ltr'><strong>donorum</strong></span> <span class='ocrx_word' id='word_1_921' title='bbox 3047 5585 3386 5646; x_wconf 79' lang='lat' dir='ltr'><strong>excellentia,</strong></span> <span class='ocrx_word' id='word_1_922' title='bbox 3415 5599 3536 5653; x_wconf 70' lang='lat' dir='ltr'><strong>qua:</strong></span> <span class='ocrx_word' id='word_1_923' title='bbox 3564 5597 3705 5650; x_wconf 79' lang='lat' dir='ltr'><strong>pra:-</strong></span> 
     </span>
    </p>
   </div>
   <div class='ocr_carea' id='block_1_118' title="bbox 2122 5670 3706 5750">
    <p class='ocr_par' dir='ltr' id='par_1_118' title="bbox 2122 5670 3706 5750">
     <span class='ocr_line' id='line_1_118' title="bbox 2122 5670 3706 5750; baseline -0.015 -6"><span class='ocrx_word' id='word_1_924' title='bbox 2122 5685 2409 5744; x_wconf 90' lang='lat' dir='ltr'><strong>dicatiouis</strong></span> <span class='ocrx_word' id='word_1_925' title='bbox 2429 5684 2589 5739; x_wconf 90' lang='lat' dir='ltr'><strong>etiam</strong></span> <span class='ocrx_word' id='word_1_926' title='bbox 2612 5680 2847 5750; x_wconf 71' lang='lat' dir='ltr'><strong>Speciem</strong></span> <span class='ocrx_word' id='word_1_927' title='bbox 2876 5677 3092 5732; x_wconf 85' lang='lat' dir='ltr'><strong>referat.</strong></span> <span class='ocrx_word' id='word_1_928' title='bbox 3118 5675 3230 5731; x_wconf 84' lang='lat' dir='ltr'><strong>Non</strong></span> <span class='ocrx_word' id='word_1_929' title='bbox 3251 5676 3392 5730; x_wconf 88' lang='lat' dir='ltr'><strong>enim</strong></span> <span class='ocrx_word' id='word_1_930' title='bbox 3416 5670 3706 5747; x_wconf 71' lang='lat' dir='ltr'><strong>reiicieuda</strong></span> 
     </span>
    </p>
   </div>
   <div class='ocr_carea' id='block_1_119' title="bbox 2118 5763 3708 5847">
    <p class='ocr_par' dir='ltr' id='par_1_119' title="bbox 2118 5763 3708 5847">
     <span class='ocr_line' id='line_1_119' title="bbox 2118 5763 3708 5847; baseline -0.011 -11"><span class='ocrx_word' id='word_1_931' title='bbox 2118 5779 2208 5836; x_wconf 88' lang='lat' dir='ltr'><strong>illa</strong></span> <span class='ocrx_word' id='word_1_932' title='bbox 2225 5776 2406 5847; x_wconf 85' lang='lat' dir='ltr'><strong>opinio</strong></span> <span class='ocrx_word' id='word_1_933' title='bbox 2424 5782 2525 5839; x_wconf 73' lang='lat' dir='ltr'><strong>eSt,</strong></span> <span class='ocrx_word' id='word_1_934' title='bbox 2546 5790 2664 5844; x_wconf 80' lang='lat' dir='ltr'><strong>qua:</strong></span> <span class='ocrx_word' id='word_1_935' title='bbox 2684 5786 2777 5842; x_wconf 85' lang='lat' dir='ltr'><strong>per</strong></span> <span class='ocrx_word' id='word_1_936' title='bbox 2790 5770 3006 5840; x_wconf 85' lang='lat' dir='ltr'><strong>vulgum</strong></span> <span class='ocrx_word' id='word_1_937' title='bbox 3025 5766 3459 5839; x_wconf 81' lang='lat' dir='ltr'><strong>spargitur,quod</strong></span> <span class='ocrx_word' id='word_1_938' title='bbox 3480 5780 3574 5835; x_wconf 84' lang='lat' dir='ltr'><strong>per</strong></span> <span class='ocrx_word' id='word_1_939' title='bbox 3587 5763 3708 5819; x_wconf 75' lang='lat' dir='ltr'><strong>llius</strong></span> 
     </span>
    </p>
   </div>
   <div class='ocr_carea' id='block_1_120' title="bbox 2129 5859 3710 5932">
    <p class='ocr_par' dir='ltr' id='par_1_120' title="bbox 2129 5859 3710 5932">
     <span class='ocr_line' id='line_1_120' title="bbox 2129 5859 3710 5932; baseline -0.011 -4"><span class='ocrx_word' id='word_1_940' title='bbox 2129 5873 2293 5928; x_wconf 87' lang='lat' dir='ltr'><strong>Deum</strong></span> <span class='ocrx_word' id='word_1_941' title='bbox 2321 5868 2735 5932; x_wconf 82' lang='lat' dir='ltr'><strong>conﬁterentur,</strong></span> <span class='ocrx_word' id='word_1_942' title='bbox 2764 5877 2863 5932; x_wconf 88' lang='lat' dir='ltr'><strong>per</strong></span> <span class='ocrx_word' id='word_1_943' title='bbox 2890 5876 3077 5918; x_wconf 88' lang='lat' dir='ltr'><strong>aurum</strong></span> <span class='ocrx_word' id='word_1_944' title='bbox 3111 5876 3310 5928; x_wconf 79' lang='lat' dir='ltr'><strong>regem,</strong></span> <span class='ocrx_word' id='word_1_945' title='bbox 3344 5868 3397 5915; x_wconf 87' lang='lat' dir='ltr'><strong>ct</strong></span> <span class='ocrx_word' id='word_1_946' title='bbox 3415 5859 3710 5926; x_wconf 79' lang='lat' dir='ltr'><strong>patientem</strong></span> 
     </span>
    </p>
   </div>
  </div>
