4138 6446
242 374 359 434 507

237 496 434 552 ιλλων
467 497 660 568 μηδεὶς
695 498 1076 574 ἀπογινώσκῃ.
1110 503 1320 568 ’Ἄλλως
1358 505 1414 559 δὲ
1447 507 1543 562 καὶ
1579 510 1660 574 εἰς
1689 511 1954 584 αἰσχύνην

251 588 544 640 Ἰουδαίων
595 588 755 643 τοῦτο
809 589 1041 658 γίνεται,
1094 594 1178 647 611
1223 595 1420 649 ἐκεῖνοι
1479 596 1577 668 μὲν
1637 601 1957 666 ἐστασίαζον

235 673 586 747 ςέδίσταζον]
617 677 959 748 προσελθεῖν,
993 674 1138 733 οὗτοι
1171 680 1228 734 δὲ
1262 683 1354 735 καὶ
1397 685 1616 754 μακράν
1646 687 1956 758 ἀποδημίαν

235 763 590 828 ἐστείλαντο,
614 763 756 816 ὥστε
787 764 950 818 αὑτὸν
983 766 1110 819 ίδεῖν
1141 769 1232 820 καὶ
1256 770 1658 841 προσκυνῆσαι,
1688 773 1954 847 1111\[378]

237 852 565 924 περιιόντες
612 852 853 922 λέγουσι’
904 855 1032 910 Ποῦ
1079 856 1252 910 ἐστιν
1295 860 1330 912 d
1375 861 1606 929 τεχθεὶς
1652 862 1956 930 βασιλεὺς

236 943 369 998 τῶν
400 943 622 998 Ἰουδαί
631 959 741 1008 ων;

313 1040 383 1087 ε’.
427 1034 490 1085 Ὢ
524 1031 858 1103 θαυμαστῶν
889 1033 988 1088 καὶ
1018 1034 1342 1107 παραδόξων
1377 1037 1721 1110 πραγμάτων
1741 1054 1754 1067 ·
1802 1039 1956 1111 παρὰ

242 1119 607 1194 βαρϐαρικῆς
640 1119 870 1191 πρώτης
913 1121 1100 1191 φωνῆς
1145 1124 1174 1177 6
1205 1123 1500 1194 μονογενὴς
1531 1125 1660 1188 Υίὸς
1691 1123 1786 1178 τοῦ
1817 1126 1954 1180 θεοῦ

241 1212 304 1263 ἐν
352 1207 594 1279 Ἰουδαίᾳ
623 1207 990 1280 κηρύττεται,
1022 1209 1150 1264 ἔνθα
1183 1211 1462 1284 προφῆται
1491 1213 1586 1266 καὶ
1615 1215 1954 1287 πατριάρχαι

243 1298 344 1352 καὶ
375 1297 581 1350 δίκαιοι
609 1299 706 1350 καὶ
730 1297 896 1369 νόμος
925 1303 1020 1352 καὶ
1049 1298 1282 1364 κιϐωτὸς
1309 1299 1404 1353 καὶ
1433 1299 1667 1373 διαθήκη
1703 1302 1798 1356 καὶ
1829 1304 1956 1368 ναὸς

245 1389 344 1440 καὶ
378 1385 568 1440 θυσίαι
593 1387 689 1442 καὶ
716 1385 964 1457 λατρείαι
984 1405 998 1419 ο
1035 1388 1129 1441 καὶ
1154 1389 1204 1441 οί
1234 1387 1333 1459 μὲν
1358 1387 1568 1452 τούτοις
1597 1390 1956 1461 ἐντραφέντες

243 1477 374 1530 οὐδὲ
405 1475 560 1547 παρά
603 1476 900 1548 βαρϐάρων
950 1477 1215 1548 μαθόντες
1262 1478 1606 1534 παιδεύονται
1629 1497 1643 1511 ο
1677 1481 1728 1534 οἱ
1756 1481 1813 1532 δὲ
1843 1498 1952 1552 μη-

248 1563 405 1628 δενὸς
463 1563 744 1635 μηδέποτε
799 1566 1044 1619 τοιούτου
1097 1565 1433 1631 ἀκούσαντες
1489 1567 1800 1622 διδάσκαλοι
1845 1569 1954 1622 τῶν

248 1654 428 1708 ταῦτα
473 1652 894 1724 μελετησάντων
933 1654 1193 1724 γίνονται.
1229 1655 1330 1709 Διά
1373 1654 1438 1728 δὴ
1471 1655 1628 1710 τοῦτο
1675 1657 1954 1729 κωμῳδῶν

253 1742 460 1806 αὐτοὺς
495 1743 526 1795 6
557 1741 849 1812 προφήτης
900 1740 1069 1795 Δαυῒδ
1117 1742 1337 1811 ἔλεγεν·
1403 1743 1590 1799 ἰνατί
1643 1744 1956 1813 ἐφρύαξαν

249 1831 424 1898 ἔθνη,
456 1829 560 1883 καὶ
596 1829 736 1883 λαοὶ
780 1827 1159 1898 ἐμελέτησαν
1198 1829 1384 1895 md;
1417 1830 1540 1895 Πῶς
1572 1831 1679 1903 γὰρ
1727 1833 1786 1886 οὑ
1822 1835 1955 1888 κενά

253 1917 597 1989 ἐμελέτησαν
645 1917 724 1989 μὴ
776 1916 1064 1989 δεξάμενοι
1109 1917 1200 1972 τὸν
1266 1918 1744 1990 προφητευθέντας
1815 1921 1954 1974 Ἀλλ’

254 2007 358 2078 ούχ
387 2008 436 2060 οί
471 2005 661 2076 μάγοι,
692 2005 829 2060 ἀλλά
852 2006 1084 2079 πατρίδα
1113 2006 1506 2070 καταλιπόντες
1531 2008 1626 2062 καὶ
1646 2009 1827 2063 οίκίαν
1858 2025 1954 2061 και

261 2095 447 2163 φίλους
495 2097 591 2148 καὶ
630 2097 948 2163 συγγενεῖς,
1001 2095 1096 2149 καὶ¹
1145 2096 1366 2167 μακράν
1415 2095 1725 2167 ἀποδημίαν
1782 2098 1952 2150 ἐστεί-

266 2181 448 2249 λαντο,
475 2187 568 2239 καὶ
595 2187 673 2248 είς
713 2184 960 2239 κίνδυνον
987 2186 1214 2248 ἑαυτοὺς
1245 2185 1495 2256 ἔρριψαν.
1529 2183 1624 2248 Εἰς
1654 2187 1764 2256 7519
1799 2185 1954 2256 βασι-

277 2270 573 2343 λευομένην
617 2273 768 2327 πόλιν
818 2272 1068 2337 ἐλθόντες
1129 2272 1393 2345 ἠρώτων,
1452 2271 1556 2326 ποῦ
1614 2275 1643 2327 6
1700 2272 1956 2344 βασιλεὺς

281 2360 506 2432 ἐτέχθη;
538 2363 596 2415 ού
636 2362 721 2416 τοῦ
765 2361 1144 2432 βασιλεύοντος
1179 2361 1302 2415 τότε
1335 2363 1426 2415 16v
1461 2361 1631 2431 θυμὸν
1657 2363 1952 2433 ὑπειδόμε-

277 2466 384 2513 νοι,
417 2450 477 2502 ού
499 2448 590 2503 τοῦ
630 2449 806 2521 δήμου
841 2449 940 2522 τὴν
972 2450 1372 2514 ἐπανάστασιν,
1396 2450 1456 2503 ού
1487 2449 1586 2520 τῆς
1617 2450 1823 2516 πόλεως
1855 2450 1954 2516 τὰς

268 2535 576 2600 ἐπιϐουλάς.
621 2536 846 2609 Ἐπειδὴ
886 2537 998 2608 γάρ
1034 2537 1281 2604 ἐδέξαντο
1322 2537 1383 2592 16
1428 2539 1711 2610 κήρυγμα,
1743 2539 1837 2592 καὶ
1866 2556 1955 2609 φιο

263 2624 475 2695 λόσοφοι
511 2627 607 2680 καὶ
639 2627 921 2699 μάρτυρες
940 2627 1144 2692 ζῶντες
1176 2627 1374 2698 ἀθρόον
1397 2629 1659 2696 γίνονται,
1693 2629 1954 2683 κατατολ-

260 2716 471 2786 μῶντες
493 2715 755 2779 θανάτου,
773 2715 1244 2788 καταφρονοῦντες
1267 2715 1548 2782 κινδύνων,
1573 2716 1953 2789 ὑπερορῶντες

251 2804 355 2875 τῆς
393 2804 682 2876 παρούσης
717 2804 889 2876 ζωῆς,
920 2807 979 2857 ἐν
1007 2803 1292 2876 παρρησία
1321 2805 1790 2876 ἀνακηρύττοντες
1813 2807 1952 2878 ὅπερ

251 2893 494 2960 ἔμαθον,
542 2897 603 2948 ἐν
659 2895 812 2966 μέσῳ
844 2893 1003 2965 δήμῳ
1054 2894 1149 2946 καὶ
1195 2893 1338 2966 μέσῃ
1383 2893 1534 2946 πόλει
1572 2892 1664 2946 τὸν
1691 2893 1952 2964 τεχθέντα

249 2981 710 3054 ἀναγορεύοντες.
758 2982 859 3036 Διά
890 2981 998 3052 γὰρ
1029 2980 1191 3036 τοῦτο
1223 2981 1316 3034 καὶ
1343 2982 1372 3032 6
1398 2981 1576 3052 ἀστὴρ
1611 2981 1916 3052 κρύπτεται
1935 3024 1950 3048 ,

249 3073 343 3130 ἵνα
375 3071 754 3134 ἀπολέσαντες
781 3070 872 3123 τὸν
907 3067 1353 3141 χειραγωγοῦντα
1384 3069 1772 3138 ἀναγκασθῶσι
1801 3071 1952 3143 παρά

263 3161 543 3216 Ἰουδαίων
592 3160 920 3232 μανθάνειν,
971 3158 1169 3230 μᾶλλον
1208 3158 1264 3211 δὲ
1314 3161 1375 3210 ἐν
1413 3158 1490 3228 τῷ
1539 3158 1831 3230 μανθάνειν
1874 3162 1952 3214 διο

243 3250 479 3305 δάσκειν
508 3250 750 3313 ἐκείνους
773 3268 785 3280 ·
827 3249 923 3306 τὸν
943 3247 1053 3319 γάρ
1081 3247 1246 3300 τόπον
1291 3246 1515 3318 ζητοῦσι
1551 3249 1732 3318 μόνον,
1768 3251 1851 3303 ὅτι
1897 3249 1952 3303 δὲ

243 3339 495 3410 ἐτέχθη,
546 3337 917 3411 προλαϐόντες
961 3336 1180 3408 ᾔδεσαν.
1231 3335 1369 3388 Ἀλλ’
1418 3336 1521 3406 ὃρα
1553 3336 1688 3390 Θεοῦ
1735 3338 1950 3408 σοφίαν,

246 3429 378 3492 στῶς
416 3427 617 3490 αὐτοὺς
661 3425 945 3479 ἐκάλεσεν.
992 3424 1068 3477 (ὶύ
1115 3425 1403 3496 προφήτην
1452 3423 1719 3496 ἔπεμψεν,
1753 3427 1811 3479 ού
1844 3426 1954 3500 γάρ

243 3517 328 3572 ἂν.
363 3517 696 3588 ἠνέσχοντοο
740 3515 843 3569 οὐκ
881 3512 1180 3568 ἀπόστολον
1206 3551 1222 3576 ,
1256 3513 1319 3566 οὐ
1364 3511 1472 3583 γάρ
1519 3517 1807 3587 προσεῖχον
1828 3532 1840 3545 ·
1890 3517 1952 3570 ού

247 3605 520 3680 γραφάς,
579 3604 641 3660 06
683 3604 794 3676 γάρ
854 3603 1088 3674 ᾔδεσανο
1139 3601 1255 3656 ἀλλ’
1295 3601 1405 3657 ἀπὸ
1449 3601 1558 3656 τῶν
1599 3603 1814 3658 οἰκείων
1860 3607 1956 3660 καὶ

251 3694 585 3766 συντρόφων
636 3694 982 3765 πραγμάτων
1023 3692 1290 3762 ἀνιμᾶται
1335 3691 1436 3762 τῆς
1489 3691 1698 3764 πλάνης
1734 3693 1951 3757 αὐτούς.

265 3784 496 3853 Ἐπειδὴ
543 3781 654 3855 γὰρ
700 3783 864 3852 μάγοι
912 3775 1075 3852 ἦσαν,
1114 3779 1210 3834 καὶ
1261 3781 1390 3851 περὶ
1436 3780 1673 3854 ἀστέρας
1703 3782 1954 3856 αύτοϊςὴ

249 3875 421 3947 τέχνη
433 3917 445 3936 ,
468 3874 648 3945 ἀστὴρ
661 3874 848 3936 αὐτοῖς
865 3872 1135 3942 φαίνεται,
1151 3870 1324 3926 ἕλκων
1341 3873 1538 3936 αὐτοὺς
1557 3873 1666 3927 ἀπὺ
1678 3874 1777 3945 τῆς
1795 3875 1958 3945 ὑπερ.

247 3965 434 4034 ορίας,
466 3963 647 4034 ἀστὴρ
675 3963 774 4032 ούχ
797 3956 877 4024 εἷς
909 3961 1020 4014 τῶν
1055 3961 1372 4033 ὁρωμένων,
1407 3962 1544 4015 ἀλλά
1577 3960 1697 4016 θεία
1730 3981 1814 4024 τις
1862 3963 1956 4017 καὶ

251 4055 494 4125 ἀόρατος
525 4050 755 4121 δύναμις
782 4050 862 4112 είς
889 4049 1012 4119 ὄψιν
1041 4049 1274 4120 ἀστέρος
1303 4049 1740 4121 σχηματισθεῖσα
1763 4068 1776 4081 ο
1806 4051 1956 4105 ἕλκει

249 4143 311 4196 δὲ
343 4141 550 4205 αὐτοὺς
580 4139 778 4210 ἀστὴρ,
813 4139 898 4192 ἵνα
922 4137 1206 4209 ἀπαλλάξῃ
1236 4137 1328 4190 τοῦ
1358 4139 1486 4210 περί⁵
1514 4139 1752 4209 ἀστέρας
1771 4139 1956 4194 λοιπὸν

253 4229 636 4301 ἠσχολῆσθαι,
680 4229 777 4281 καὶ
823 4227 922 4298 τὴν
971 4227 1072 4298 τῆς
1121 4227 1491 4297 ἀστρονομίας
1523 4227 1804 4300 καταλύσῃ
1858 4247 1956 4282 τυ-

254 4319 504 4392 ραννίδα.
555 4315 713 4369 Οῦτω
756 4315 853 4368 καὶ
905 4317 934 4369 6
976 4313 1190 4379 Παῦλος
1233 4315 1489 4386 ἐποίησε,
1538 4316 1631 4370 τὸν
1677 4319 1956 4390 Δεσπότην

250 4409 348 4462 τὸν
394 4403 594 4460 ἐαυτοῦ
641 4403 978 4475 μιμούμενος
1002 4421 1016 4433 ·
1064 4403 1321 4472 Mummi
1377 4404 1486 4473 γάρ
1525 4422 1646 4474 μου
1679 4407 1954 4475 γίνεσθε,

231 4495 419 4569 φησὶ,
453 4493 652 4560 καθὼς
679 4492 843 4561 κάγὼ
874 4491 1154 4560 Χριστοῦ.
1187 4490 1454 4564 Καθάπερ
1486 4493 1594 4563 γὰρ
1623 4494 1652 4548 6
1679 4495 1955 4564 Δεσπότης

255 4585 429 4639 αὑτοῦ
462 4584 675 4654 μάγους
700 4580 884 4635 καλῶν
917 4580 1145 4651 ἀστέρος
1175 4579 1420 4650 ἐπεμψεν
1449 4579 1593 4650 ὄψιν,
1623 4582 1709 4634 ἵνα
1745 4584 1805 4636 τὸ
1829 4585 1956 4637 σύν-

255 4673 390 4744 ηθες
421 4670 742 4738 ἐπιγνόντες
769 4666 1007 4729 εὐκόλως
1057 4666 1432 4730 ὑπακούσωσι,
1462 4667 1557 4719 καὶ
1593 4666 1835 4734 ἐλθόιτες
1867 4670 1958 4723 τὸν

252 4761 368 4813 τῶν
402 4759 655 4829 ἀστέρων
687 4756 839 4809 ἴδωσι
861 4756 1160 4827 Δεσπότην,
1188 4755 1284 4808 καὶ
1316 4755 1415 4825 τῆς
1436 4754 1678 4819 δουλείας
1711 4757 1955 4811 ἀπαλλα-

253 4849 452 4918 γέντες
489 4847 708 4918 ἐκείνης
729 4884 746 4903 .
772 4843 950 4919 ταύτῃ
989 4843 1330 4915 προσέλθωσι
1354 4847 1420 4915 τῇ
1460 4844 1782 4915 δεσποτεία’
1815 4847 1958 4900 οὕτω

252 4938 318 5008 δὴ
352 4936 449 4989 καὶ
485 4934 649 4998 αὐτὸς
687 4933 898 5006 μέλλων
939 4932 1243 5004 περιτομὴν
1287 4932 1593 5007 καθαιρεῖν,
1632 4935 1769 5003 μετὰ
1803 4953 1958 5005 περι.

252 5026 433 5096 τομῆς
461 5023 678 5094 ἔπεμψε
699 5021 792 5076 τὸν
817 5021 1100 5092 Τιμόθεον.
1156 5020 1370 5092 Ἐπειδὴ
1397 5021 1506 5093 γὰρ
1551 5022 1792 5076 Ἰουδαῖοι
1815 5019 1958 5094 ἦσαν

253 5117 306 5169 οἱ
336 5113 629 5186 μέλλοντες
654 5111 818 5167 αὐτὸν
849 5109 1131 5181 δέχεσθαι,
1165 5110 1324 5173 αὐτὸς
1349 5111 1406 5165 δέ
1434 5107 1501 5181 ἧν
1530 5113 1790 5181 γυναικὸς
1829 5114 1957 5168 Ἰου-

254 5204 417 5267 δαίας
449 5202 652 5271 πιστῆς
688 5200 827 5264 υίὸς,
857 5199 1064 5270 πατρδς
1102 5197 1158 5252 δὲ
1198 5199 1492 5269 Ἕλληνος,
1527 5201 1621 5254 καὶ
1666 5201 1756 5253 6:51
1799 5201 1960 5250 τοῦτο

254 5293 600 5363 ἀκρόδυστος
621 5333 639 5357 ,
682 5288 983 5360 περιέθηκε
1017 5287 1114 5358 τὴν
1149 5287 1472 5361 περιτομὴν,
1511 5288 1578 5342 τά
1613 5288 1721 5342 τῶν
1761 5290 1957 5347 ἁλιέων

255 5379 668 5452 ἐργαζόμενοςο
702 5377 799 5431 καὶ
831 5374 940 5448 γάρ
972 5376 1170 5432 ἐκεῖνοι
1199 5373 1260 5426 τὸ
1293 5373 1589 5446 ἄγκιστρον
1616 5377 1822 5446 γυμνὸν
1857 5379 1958 5432 οὐκ

254 5470 490 5538 ἀφιᾶσιν
523 5467 604 5530 είς
635 5465 695 5518 16
722 5464 981 5532 πέλαγος,
1015 5462 1151 5516 ἀλλά
1179 5461 1348 5534 κρέας
1381 5461 1532 5533 αύτῷ
1565 5463 1954 5535 περιτιθέντες.

259 5558 452 5619 Ἔστω
504 5554 686 5610 τοίνυν
738 5555 772 5624 ἡ
826 5552 1120 5621 συναγωγὴ
1172 5550 1437 5619 πέλαγος,
1492 5551 1541 5603 οἱ
1587 5551 1645 5603 δὲ
1713 5553 1960 5610 Ἰουδαῖοι

260 5645 470 5717 ἰχθύες,
498 5642 560 5695 16
608 5641 665 5694 δὲ
701 5641 998 5712 ἄγκιστρον
1039 5641 1068 5692 6
1101 5637 1396 5709 Τιμόθεος,
1439 5640 1471 5709 ἡ
1511 5637 1567 5692 δὲ
1600 5643 1871 5712 περιτομὴ
1897 5644 1958 5698 16

254 5731 435 5804 κρέας
479 5729 541 5784 16
589 5727 668 5799 τῷ
705 5729 989 5798 ἀγκίστρῳ
1036 5727 1480 5797 περιτιθέμενον,
1535 5727 1564 5780 6
1609 5727 1667 5780 δὲ
1711 5728 1892 5795 ἁλιεὺς
1931 5735 1958 5787 ὁ

256 5820 511 5883 Παῦλος·
564 5817 746 5888 ῥίπτει
785 5818 964 5871 τοίνυν
1003 5816 1064 5869 τὸ
1091 5816 1386 5886 ἄγκιστρον
1415 5817 1493 5880 εἰς
1521 5811 1620 5883 τὴν
1646 5817 1919 5872 θάλατταν
1941 5861 1957 5884 ,

260 5909 551 5993 [5⁵1916ὰλ
575 5909 636 5962 ού
661 5907 884 5980 γυμνὸν,
907 5905 997 5961 τὸν
1019 5907 1302 5979 Τιμόθεον,
1326 5907 1463 5979 μετά
1488 5907 1808 5981 περιτομῆς,
1839 5906 1953 5964 ἀλλ’

977 378 1091 436 νιιι
1130 379 1434 450 HOMILIA,
1475 380 1731 442 HABITA
1770 388 2148 459 POSTQUAM
2189 393 2600 454 PRESBYTER
2634 397 2937 466 GOTIIUS,
2979 400 3134 456 ETC.
3649 405 3750 458 ειη

2061 503 2160 569 οῦκ
2191 517 2396 589 ἀκρόϐυ
2407 537 2528 573 στον
2553 539 2566 551 ι
2601 522 2649 573 εί
2681 521 2749 590 γά
2758 539 2789 593 ρ
2809 523 3148 593 ἀκρόὸυστον
3173 521 3439 594 ἔπεμψεν,
3467 523 3667 597 ἔφυγον
3688 528 3754 582 ἀν

2057 606 2106 657 οἱ
2139 605 2348 675 ἰχθύες,
2376 609 2582 678 γυμνὸν
2625 610 2686 662 16
2724 611 3022 682 ἄγκιστρον
3069 609 3396 682 θεασάμενοι
3419 629 3435 646 ο
3470 614 3558 667 διὰ
3599 615 3754 669 τοῦτο

2057 693 2190 746 r1616
2214 697 2554 764 περιστέλλει
2575 700 2640 770 τῇ
2664 701 2954 770 περιτομῇ,
2977 697 3064 751 ἵνα
3078 698 3138 752 16
3156 699 3386 771 σύνηθες
3413 703 3748 771 ἐπιγνόντες,

2057 779 2340 853 δράμωσιν
2367 786 2461 838 ἐπὶ
2489 785 2589 857 τὴν
2622 787 2827 858 θήραν,
2857 788 2951 840 καὶ
2981 787 3054 860 μὴ
3080 788 3288 862 σοϐήσῃ
3311 791 3407 861 τὴν
3423 792 3600 863 ἄγραν
3625 793 3755 864 δρα-

2060 867 2268 936 μόντων
2309 871 2402 924 ἐπὶ
2442 873 2543 942 τὴν
2586 872 2794 945 θήραν·
2821 875 2967 940 ὅπως
3001 875 3305 929 ἐλκυσθῶσι
3342 879 3440 948 μὲν
3474 880 3561 934 6151
3597 898 3754 953 περι-

2055 960 2256 1028 τομῆς,
2302 960 2684 1030 κατασχεθῶσι
2741 962 2799 1016 ἃ
2837 962 2914 1034 τῷ
2965 963 3109 1035 λόγῳ
3159 965 3257 1035 τῆς
3303 964 3684 1031 διδασκαλίας·
3723 968 3754 1022 6

2056 1044 2122 1117 δὴ
2153 1046 2248 1099 καὶ
2293 1047 2540 1115 γέγονεν.
2586 1049 2856 1105 Εἰσελθὼν
2903 1051 3014 1122 γάρ
3071 1053 3166 1106 καὶ
3212 1055 3520 1125 περιτομὴν
3575 1055 3750 1127 ἔχων,

2056 1134 2321 1190 κατέλυσε
2358 1137 2458 1210 τὴν
2505 1142 2828 1210 περιτομήν.
2876 1141 3114 1194 Τοιαῦτα
3157 1146 3266 1214 γὰρ
3301 1143 3369 1196 τά
3397 1145 3495 1214 τῆς
3538 1146 3752 1197 οἰκονο-

2059 1221 2188 1292 μίας
2209 1239 2223 1251 ·
2253 1225 2676 1294 συγκαταδαίνει
2702 1227 2986 1298 πρότερον,
3029 1230 3122 1284 καὶ
3153 1231 3275 1284 τότε
3309 1231 3550 1304 ἀνασπᾷ.
3593 1233 3750 1285 Οὕτω

2057 1311 2151 1364 καὶ
2190 1314 2221 1364 6
2254 1314 2489 1384 Χριστὸς
2528 1317 2754 1387 ἐποίησε
2797 1315 3108 1388 βαρϐάρους
3158 1318 3362 1375 καλῶν.
3397 1319 3612 1391 Ὥσπερ
3642 1320 3750 1390 γάρ
3798 1371 3801 1376 .

2054 1398 2377 1470 ἀνθρώπους
2415 1402 2629 1466 καλῶν,
2669 1404 2955 1479 ἄνθρωπον
2986 1404 3383 1478 [ἀνθρώπουί]
3420 1407 3751 1478 περιέθηκεν

2056 1487 2236 1559 ἐαυτῷ
2265 1491 2360 1543 καὶ
2385 1489 2511 1560 ὄψιν
2539 1492 2634 1545 καὶ
2658 1493 2820 1562 φύσιν
2839 1508 2855 1522 ⁸
2885 1492 3028 1547 οὕτω
3060 1496 3150 1548 καὶ
3187 1495 3394 1565 μάγους
3419 1495 3619 1558 καλῶν,
3651 1496 3752 1567 τὴν

2057 1575 2288 1646 ἀόρατον
2331 1577 2562 1649 δύναμιν
2609 1582 2689 1644 εἰς
2741 1581 2974 1653 ἀστέρος
3022 1581 3146 1652 δψιν
3193 1583 3582 1654 ἐσχημάτισεν.
3628 1585 3752 1636 Ὅτι

2055 1663 2162 1736 γάρ
2191 1664 2292 1717 οὐκ
2321 1666 2495 1738 ἀστὴρ
2524 1663 2592 1738 ἧν
2623 1663 2704 1732 εἷς
2726 1667 2836 1721 τῶν
2866 1667 3078 1722 πολλῶν
3106 1671 3135 1722 ό
3165 1670 3342 1740 ἀστὴρ
3376 1672 3605 1734 ἐκεῖνος,
3643 1671 3752 1724 ἀπὸ

2055 1749 2150 1805 τοῦ
2185 1752 2387 1824 δρόμου
2433 1754 2695 1825 μάνθανε.
2752 1755 2828 1810 Οῦ
2873 1756 2984 1828 γάρ
3025 1757 3136 1810 ἀπὸ
3167 1757 3434 1828 ἀνατολῆς
3479 1760 3560 1822 είς
3598 1759 3752 1812 δύσιν

2056 1839 2277 1910 ἔτρεχεν
2300 1883 2313 1908 ,
2349 1842 2462 1895 ἀλλ’
2500 1844 2610 1896 ἀπὸ
2638 1845 2841 1914 ἄρκτου
2888 1848 2968 1908 εὶς
3017 1846 3203 1899 νότον’
3233 1845 3377 1900 οὕτω
3411 1848 3520 1919 γάρ
3562 1850 3594 1918 ἠ
3636 1848 3749 1900 Πα-

2055 1925 2303 1998 λαιστίνη
2343 1928 2480 2000 πρὸς
2515 1931 2615 2001 τὴν
2646 1931 2883 2002 Περσίδα
2909 1934 3088 1986 κεῖται
3111 1947 3126 1963 °
3155 1935 3248 1987 καὶ
3281 1934 3532 2003 φαίνεται
3566 1935 3666 1988 ούκ
3693 1937 3752 1988 ἐν

2056 2015 2234 2079 νυκτὶ,
2267 2015 2382 2068 ἀλλ’
2405 2018 2463 2070 ἐν
2488 2017 2697 2088 ἡμέρα,
2723 2019 2860 2091 ὅπερ
2889 2020 2990 2073 ούκ
3023 2021 3169 2074 ἐστιν
3193 2022 3452 2092 ἀστέρος·
3484 2021 3571 2075 διὰ
3591 2022 3752 2077 τοῦτο

2057 2103 2150 2154 καὶ
2190 2104 2440 2171 φαίνεται
2480 2107 2574 2158 καὶ
2610 2106 2942 2177 κρύπτεται,
2983 2110 3122 2182 ὅπερ
3154 2110 3274 2164 οὐδὲ
3307 2110 3440 2164 αὐτὸ
3479 2112 3707 2180 ἀστέρος
3730 2126 3751 2146 ⁸

2056 2192 2148 2244 καὶ
2173 2192 2495 2263 κρύπτεται,
2517 2195 2604 2248 ὅτε
2627 2196 2904 2266 ἐπέϐησαν
2938 2197 3350 2269 Ἰεροσολύμων,
3382 2199 3476 2251 καὶ
3498 2200 3750 2268 φαίνεται

2055 2279 2146 2333 ὅτε
2173 2281 2572 2354 ἀπηλλάγησαν
2603 2282 2696 2338 τοῦ
2729 2284 3009 2354 βασιλέως.
3044 2286 3206 2340 Ὅθεν
3237 2286 3396 2357 δῆλον
3443 2287 3520 2340 ὅτι
3550 2287 3747 2360 λογική

2053 2385 2137 2432 τις
2163 2365 2232 2442 ἦν
2270 2369 2500 2442 δύναμις
2547 2372 2685 2445 πρὸς
2713 2373 2774 2427 τὸ
2818 2373 3112 2446 ἐπιταχθὲν
3153 2376 3330 2429 πάντα
3363 2375 3747 2448 οίκονομοῦσα.

2055 2457 2170 2511 Ούκ
2207 2458 2456 2514 ἐντεῦθεν
2485 2460 2542 2513 δὲ
2587 2460 2747 2532 μόνον
2778 2460 2937 2515 τοῦτο
2977 2462 3156 2532 δῆλον,
3194 2462 3308 2516 ἀλλ’
3352 2464 3433 2517 ὅτι
3479 2463 3573 2516 καὶ
3598 2480 3749 2534 χειρ-

2054 2547 2354 2616 αγωγήσας
2392 2549 2528 2620 πρὸς
2561 2549 2658 2621 τὴν
2693 2550 2924 2622 φάτνην,
2954 2551 3054 2603 οὐκ
3076 2550 3282 2604 ἄνωθεν
3316 2551 3499 2616 αὐτοῖς
3537 2550 3748 2604 δείκνυε

2053 2651 2186 2697 ται,
2250 2635 2387 2688 άλλά
2425 2636 2578 2690 κάτω
2628 2637 2903 2691 κατελθὼν
2961 2637 3125 2710 ἔστη,
3170 2634 3229 2693 075
3283 2634 3351 2710 ῆν
3389 2639 3450 2693 16
3500 2639 3788 2710 110.16t0v,_

2055 2722 2242 2776 ἐπάνω
2271 2723 2412 2796 ὑπὲρ
2441 2724 2611 2796 αὐτῆς
2633 2726 2708 2784 ὡς
2730 2728 2904 2779 εἰπεῖν
2938 2726 3035 2797 τῆς
3059 2727 3329 2797 κεφαλῆς·
3366 2729 3414 2780 εἰ
3442 2727 3550 2797 γάρ
3573 2727 3750 2800 ἀστὴρ

2052 2803 2142 2880 ἦν,
2168 2811 2268 2864 οὐκ
2300 2810 2366 2865 ἂν
2404 2812 2646 2867 τοιοῦτον
2693 2813 2861 2879 ἔδειξε
2907 2815 3094 2876 τόπον,
3133 2815 3318 2868 στενζιν
3358 2815 3750 2886 11011113910191-

2057 2897 2274 2968 σμένον.
2311 2902 2455 2953 Ἴστε
2492 2901 2601 2972 γὰρ
2631 2902 2802 2972 δήπου
2833 2903 3020 2972 σαφῶς
3040 2945 3054 2968 ,
3091 2903 3173 2956 ὅτι
3203 2903 3290 2956 διΞι
3325 2903 3423 2976 τὴν
3447 2900 3750 2976 ὑπερϐολὴν

2035 2983 2148 3038 ’τοῦ
2192 2985 2358 3056 ὕψους
2388 2987 2512 3040 οὐδὲ
2555 2989 2764 3054 πόλεως
2795 2990 2957 3043 τόπον
2989 2990 3394 3061 χαρακτηρίσαι
3439 2989 3644 3043 δύναιτ’
3684 2991 3750 3044 ἂν

2056 3071 2267 3145 ἀστὴρ,
2327 3076 2450 3128 οὐδὲ
2501 3075 2743 3148 εὔσημος
2803 3080 2950 3133 ἐστιν
3007 3079 3172 3133 αὐτοῦ
3225 3081 3257 3150 ἡ
3307 3079 3490 3132 εὐθεῖα
3538 3078 3752 3150 ἠκατά

2056 3161 2288 3216 κάθετον
2318 3164 2588 3237 ἀφιεμένη
2633 3165 2720 3220 διά
2763 3166 2863 3238 τὴν
2907 3167 3215 3239 ὑπερδολὴν
3259 3167 3370 3220 τῶν
3410 3167 3746 3238 ὑψωμάτων.

2070 3254 2310 3317 Ἐκεῖνος
2358 3253 2414 3308 δὲ
2463 3253 2561 3306 καὶ
2612 3255 2808 3326 μικρὸν
2858 3256 3059 3328 χωρίον
3113 3257 3208 3309 καὶ
3253 3255 3462 3328 φάτνην
3502 3247 3748 3322 ¹ἐδείκνυ,

2059 3341 2287 3412 πλησίον
2320 3341 2418 3412 τῆς
2447 3341 2690 3413 κεφαλῆς
2716 3343 3006 3413 γενόμενος
3027 3384 3042 3405 .
3083 3344 3179 3397 καὶ
3211 3344 3391 3409 δείξας
3415 3343 3618 3407 εὐθέως
3644 3343 3754 3400 ἀπ-

2057 3431 2327 3503 επήδησεν
2349 3449 2361 3462 ·
2399 3431 2534 3501 ὅπερ
2565 3431 2665 3484 οὐκ
2693 3426 2760 3502 ἦν
2785 3432 3032 3506 ἀστέρος.
3710 3413 3716 3427 ⁸

2128 3516 2194 3582 ζ’.
2232 3519 2292 3570 El
2347 3518 2402 3572 δέ
2451 3519 2499 3571 οἱ
2556 3520 2723 3589 μάγοι
2774 3519 3030 3589 λέγουσι,
3084 3519 3344 3591 Εἵδομεν
3401 3520 3593 3577 αὑτοῦ
3643 3521 3751 3574 τὸν

2056 3607 2313 3676 ἀστέρα,
2370 3607 2478 3660 ἀπὸ
2525 3609 2622 3678 τῆς
2671 3610 2878 3672 οἰκείας
2925 3611 3124 3680 τέχνης
3169 3611 3308 3674 τέως
3351 3610 3748 3681 φθεγγόμενοι,

2059 3695 2283 3768 ὕστερον
2316 3695 2498 3764 μέντοι
2526 3697 3032 3767 χειραγωγηθέντες
3052 3697 3470 3768 ἀπηλλάγησαν.
3497 3698 3619 3752 Ὅτι
3640 3698 3750 3768 γάρ

2057 3783 2191 3854 όμοῦ
2220 3800 2276 3837 τε
2312 3779 2454 3836 εἶδον
2483 3784 2573 3838 16v
2603 3785 2810 3854 ἀστέρα
2835 3784 2929 3836 καὶ
2956 3786 3055 3856 τῆς
3086 3785 3294 3857 πλάνης
3327 3785 3747 3857 ἀπηλλάγησαν,

2058 3872 2150 3940 ἀφ’
2193 3863 2255 3924 οὗ
2299 3870 2666 3941 προσκυνοῦσι
2694 3871 2880 3942 δῆλον·
2915 3875 2962 3925 εί
2990 3873 3098 3944 γὰρ
3121 3873 3218 3926 ἕνα
3256 3872 3364 3925 τῶν
3391 3873 3600 3926 πολλῶν
3636 3874 3752 3927 ἐνὸ-

2061 3957 2239 4032 μιζον,
2264 3960 2366 4013 οὐκ
2397 3960 2462 4013 ἂν
2495 3960 2933 4031 προσεκύνησαν.
2972 3961 3038 4014 Τί
3067 3961 3176 4033 γάρ
3217 3962 3563 4033 προσεδόκων
3599 3965 3757 4033 παρὰ·

2059 4047 2270 4100 παιδίου
2301 4047 2396 4100 καὶ
2431 4046 2572 4112 ξένοι
2603 4048 2699 4100 καὶ
2732 4047 2997 4118 ἐπήλυδες
3032 4050 3126 4103 καὶ
3158 4049 3458 4122 βάρδαροι;
3491 4049 3655 4102 πόθεν
3693 4049 3750 4101 δὲ

2059 4137 2255 4210 ᾔδεσαν
2288 4137 2372 4190 ὅτι
2412 4135 2597 4209 βιώσει
2628 4137 2722 4192 καὶ¹
2765 4137 3036 4190 ἀποδώσει
3070 4137 3170 4202 τὰς
3197 4135 3434 4209 ἀμοιϐάς
3459 4137 3642 4200 αὐτοῖς
3684 4139 3750 4190 ἐκ

2057 4224 2312 4278 τοσούτου
2349 4224 2715 4295 διαστήματος
2769 4221 2926 4292 ούσι;
2962 4225 3081 4290 πῶς
3127 4227 3182 4279 δὲ
3220 4227 3311 4280 τὸν
3352 4227 3599 4297 παρόντα
3626 4225 3746 4278 κίν-

2057 4313 2211 4366 δυνον
2256 4312 2317 4365 ού
2377 4313 2691 4383 προείλοντο
2742 4311 3213 4387 [προείδοντοῖ];
3257 4313 3375 4378 πῶς
3409 4314 3466 4367 δὲ
3524 4313 3625 4366 οὐκ
3662 4314 3750 4365 ἐν.-

2059 4403 2289 4475 ενόησαν
2317 4403 2398 4457 ὅτι
2425 4402 2520 4455 καὶ
2563 4401 3085 4477 προεξαρπασθῆναι
3139 4404 3286 4468 εἰκὸς
3328 4403 3426 4473 τῆς
3461 4401 3752 4474 παρούσης

2060 4489 2223 4561 ζωῆς,
2256 4489 2348 4543 τοῦ
2383 4491 2502 4543 τότε
2534 4489 2911 4560 βασιλεύοντος
2951 4491 3149 4554 αὐτοὺς
3187 4491 3578 4562 ἀναιροῦντοςς
3615 4489 3666 4544 τί
3694 4489 3753 4542 δέ

2060 4579 2153 4633 καὶ
2184 4577 2460 4648 βασιλείας
2493 4577 2759 4649 σύμϐολον
2802 4572 2976 4643 εἷδονς
3015 4581 3141 4634 ποῖα
3184 4578 3535 4650 προπύλαια;
3566 4578 3752 4640 ποίους

2058 4665 2432 4738 δορυφόρουςς
2501 4666 2686 4729 ποίους
2743 4666 3124 4733 ύπασπιστάςς
3196 4667 3356 4723 ποίαν
3415 4666 3750 4739 θεραπείαν;

2061 4757 2222 4820 ποίας
2269 4756 2502 4820 ἀσπίδας
2535 4758 2777 4828 χρυσᾶς;
2821 4760 2950 4812 ποῖα
2982 4757 3272 4830 ὀχήματας
3312 4760 3464 4811 ποῖον
3516 4758 3763 4829 ὄροφον;,

2061 4845 2220 4908 ποίας
2259 4846 2463 4910 αύλάς;
2507 4845 2673 4899 ποίων
2703 4845 2974 4916 εὐνούχων
3013 4847 3252 4916 ἀγέληνς
3301 4847 3470 4902 Οὐδὲν
3502 4847 3748 4909 τούτων,

2059 4933 2194 4986 ἁλλά
2218 4932 2478 4988 τάναντία
2501 4934 2744 4998 ἅπαντα,
2787 4936 2996 5004 φάτνην
3017 4934 3111 4988 καὶ
3153 4933 3396 5005 καλύϐην
3449 4934 3541 4986 καὶ
3585 4934 3753 4986 κατά-

2059 5021 2206 5092 λυμα
2244 5022 2337 5074 καὶ
2384 5020 2600 5092 μητέρα
2628 5021 2851 5093 πτωχὴν
2881 5023 2975 5076 καὶ
3009 5022 3198 5076 πενίαν
3225 5021 3626 5092 ἐπιτεταμένην
3653 5022 3750 5073 καὶ

2061 5112 2371 5183 σπάργανα.
2402 5109 2519 5164 Τίνι
2555 5110 2736 5164 τοίνυν
2783 5111 3121 5184 προσέφερον
3162 5113 3252 5162 τὸν
3283 5109 3484 5181 χρυσον
3524 5113 3620 5162 καὶ
3654 5109 3754 5161 τὸν»

2057 5199 2277 5252 λίϐανον
2322 5199 2416 5253 καὶ
2460 5197 2561 5269 τὴν
2613 5197 2894 5269 σμύρνανς
2945 5199 3044 5251 ούκ
3091 5196 3313 5269 εὔδηλον
3343 5198 3425 5250 ὅτι
3466 5199 3530 5268 τῇ
3565 5196 3748 5250 πίστε.

2059 5288 2159 5358 ἤδη
2216 5284 2356 5359 ἦσαν
2415 5287 2822 5360 ἐπτερωμένοι;
2881 5288 2992 5340 Καὶ
3040 5286 3213 5360 πολλὴ
3264 5288 3300 5358 ἡ
3345 5285 3580 5358 διαφορά
3636 5285 3748 5338 τῶν

2057 5375 2278 5448 δώρων,
2327 5373 2486 5448 [καὶ]
2535 5373 2887 5446 κηρύγματος
2939 5374 3213 5444 ἐπέχουσα
3267 5373 3442 5440 τάξιν.
3509 5374 3586 5427 Οὐ
3636 5372 3746 5444 7519

2057 5466 2364 5536 ἀπόϐλητος
2387 5467 2420 5520 6.
2443 5464 2628 5534 λόγος,
2657 5468 2706 5519 εἰ
2738 5465 2829 5518 καὶ
2865 5465 3018 5537 παρὰ
3052 5464 3264 5519 πολλῶν
3288 5465 3542 5538 εἴρηται,
3579 5466 3660 5518 ὅτι
3681 5464 3747 5536 δὴ

2057 5555 2153 5608 καὶ
2175 5553 2306 5607 Θεὸν
2333 5553 2648 5625 ὡμολόγουν
2671 5554 2758 5609 διά
2794 5553 2944 5628 [58υ]
2982 5553 3075 5608 τοῦ
3105 5553 3354 5619 λιϐάνου,
3393 5557 3485 5610 καὶ
3520 5553 3756 5625 βασιλέα·

2057 5643 2145 5698 6151
2170 5641 2265 5696 τοῦ
2288 5642 2514 5714 χρυσοῦ,
2540 5644 2637 5699 καὶ
2670 5643 2763 5697 τὸν
2786 5645 3066 5718 πάσχοντα
3113 5643 3202 5697 6151
3238 5644 3336 5714 τῆς
3379 5643 3628 5714 σμύρνης
3651 5643 3749 5696 τὸν

2058 5733 2228 5802 τάφον
2260 5733 2662 5804 ἐνδεικνύμενοι
2683 5750 2695 5763 ·
2736 5734 2877 5788 οὕτω
2915 5733 3044 5802 γοῦν
3083 5735 3176 5786 καὶ
3202 5734 3378 5804 ἐτάφη
3400 5749 3414 5763 ⁶
3447 5734 3541 5786 καὶ
3575 5730 3746 5785 ταῦτα

2059 5821 2125 5875 δι’
2146 5815 2222 5874 ὧν
2241 5821 2457 5875 ἐποίουν
2478 5817 2625 5876 οὗτοι
2643 5822 3080 5894 προανεφώνουν.
3097 5823 3170 5875 Ού
3190 5821 3367 5875 τοίνυν
3385 5823 3750 5892 ἀστρονομίας

2067 5911 2218 5982 ἰσχῦς
2247 5905 2312 5982 ἦν
2349 5911 2407 5965 16
2437 5912 2741 5984 γινόμενον,
2773 5911 2887 5966 ἀλλ’
2911 5911 3224 5983 οἰκονομίας
3271 5909 3440 5963 Θεοῦο
3475 5909 3537 5964 ού
3579 5911 3689 5982 γάρ
3709 5911 3736 5961 6
