4138 6446
379 387 490 443 ⁵ης)

378 542 483 594 [.cr
529 524 803 595 myrrham
827 564 839 583 ,
872 537 992 590 qua:
1035 521 1366 591 sepulturam
1400 520 1711 576 ostenderet
1746 520 1857 593 (a);
1913 522 1984 575 ita

373 618 535 671 enim
558 614 800 683 sepultus
842 624 924 667 est
954 631 966 667 :
998 622 1053 665 et
1082 612 1197 666 lucc
1231 628 1327 681 per
1355 627 1417 665 ea
1448 629 1567 682 qua:
1600 612 1863 667 faciebant
1892 613 1987 680 illi,

375 707 844 779 prmtmutiabant.
894 706 1009 760 Non
1061 722 1191 777 ergo
1222 706 1568 760 astronomia:
1603 706 1772 761 virtus
1801 716 1917 760 erat
1944 706 1994 760 id

374 802 530 873 quod
562 801 758 863 ﬁebat,
787 800 879 854 sed
912 800 1001 854 Dei
1031 799 1348 856 mconomix
1378 817 1390 851 :
1424 815 1596 870 neque
1618 799 1761 855 enim
1795 800 1838 853 is
1858 841 1871 865 ,
1905 798 1996 869 q‘ui

376 896 642 949 virtutem
686 893 944 949 docturus
990 901 1211 947 venerat
1242 900 1299 946 ut
1340 890 1667 948 astronomia
1710 890 1997 946 inducere-

378 998 475 1042 tur
506 988 777 1043 effecisset
806 1003 820 1052 ;
851 986 945 1041 sed
980 986 1127 1041 illam
1154 984 1444 1041 admodunt
1475 986 1734 1049 eliminat.
1758 1001 1879 1040 cum
1902 985 1998 1040 de-

380 1080 641 1135 terntiuat
672 1079 809 1133 intra
854 1078 1005 1143 illud,
1037 1077 1173 1132 velle
1197 1088 1249 1132 et
1282 1093 1387 1132 non
1418 1078 1576 1144 velle,
1607 1078 1745 1132 bona
1776 1087 1830 1133 et
1858 1079 1995 1133 mala

380 1173 678 1231 contineri.
710 1172 944 1243 Ideoque
972 1171 1270 1243 gehennam
1303 1172 1535 1226 minatus
1561 1181 1664 1238 est,
1693 1182 1747 1228 et
1772 1188 1996 1243 regnum

383 1264 716 1337 przeparavit
745 1283 758 1319 :
793 1279 899 1319 non
947 1265 1011 1319 iis
1045 1264 1133 1335 qni
1164 1279 1228 1321 ex
1275 1264 1592 1319 necessitate
1617 1276 1858 1335 agerent,
1914 1265 1998 1320 vel

384 1372 621 1413 coronas
674 1358 1023 1427 praeparavit,
1065 1357 1151 1411 vel
1224 1357 1541 1427 supplicium
1601 1355 1834 1412 minatus
1878 1366 1997 1423 est;

383 1462 681 1519 utrumque
709 1449 854 1505 enim
883 1449 948 1503 ad
973 1464 1032 1505 ea
1057 1464 1175 1519 qua:
1199 1449 1251 1503 in
1279 1450 1552 1505 voluntate
1577 1458 1701 1503 sunt
1723 1449 1954 1520 pertinet
1982 1466 1995 1503 :

384 1558 494 1597 non
552 1542 704 1612 leges
751 1540 1037 1610 posuisset,
1097 1557 1203 1594 non
1258 1542 1458 1596 monita
1508 1540 1774 1605 dedisset,
1827 1557 2000 1612 neque

385 1644 534 1689 tanta
565 1633 807 1697 fecisset,
840 1634 883 1689 si
915 1635 1237 1689 necessitate
1263 1649 1432 1703 genus
1462 1635 1753 1689 humanum
1779 1634 1996 1703 ligatum

383 1737 573 1783 esset:
626 1726 723 1782 sed
756 1728 880 1796 quia
910 1726 1063 1781 liberi
1092 1741 1277 1780 sumus
1297 1736 1350 1780 et
1376 1723 1999 1793 liberiarbitriidomini,

384 1820 455 1873 ab
477 1818 692 1890 ignavia
740 1817 970 1887 improbi
1016 1816 1308 1881 el‘licimnr,
1335 1829 1387 1873 et
1410 1833 1439 1871 a
1466 1833 1592 1873 cura
1618 1818 2001 1890 diligentiaque

387 1910 515 1966 boni
538 1920 592 1965 et
624 1909 851 1965 modesti
877 1952 891 1975 ,
921 1909 1174 1964 salutaria
1206 1909 1491 1979 pharmaca
1518 1909 1585 1963 ad
1614 1910 1715 1964 hoc
1745 1909 1996 1971 (lucentia

386 2015 753 2078 apparaturns
798 2002 887 2058 ille
916 2004 1079 2069 venit,
1112 2014 1255 2057 metu
1302 2002 1561 2072 gehenna:
1608 2013 1659 2056 et
1690 2003 1836 2073 regni
1878 2017 1999 2072 pro~

391 2096 651 2153 missione
677 2094 875 2149 multos
904 2094 1202 2164 corrigens,
1230 2102 1283 2149 et
1310 2110 1407 2165 per
1438 2093 1582 2164 leges
1606 2092 2000 2164 philoSOphiam

398 2191 616 2245 docens.

478 2282 661 2335 Contra
701 2281 1171 2353 genethlialogiam.
1220 2312 1291 2321 -
1330 2280 1461 2349 Quia
1512 2281 1654 2337 enim
1696 2296 1867 2351 neque
1908 2296 2002 2350 ge-

410 2371 740 2443 nethlialogia
772 2383 877 2439 est,
916 2389 1088 2446 neque
1118 2382 1386 2429 astrorum
1419 2388 1608 2429 cursus
1656 2373 1889 2430 humana
1920 2373 2009 2448 ιιιῖ

404 2465 601 2535 rigens,
637 2466 720 2519 vel
757 2468 876 2521 sine
906 2466 1304 2537 Scripturarmn
1336 2482 1437 2535 ope
1464 2467 1532 2520 ab
1562 2465 1691 2536 ipsis
1721 2467 1879 2525 rebus
1906 2453 2002 2537 pa.-

399 2557 504 2612 lam
526 2568 629 2613 est.
647 2557 702 2614 Si
721 2558 867 2613 enim
892 2557 993 2613 sub
1018 2558 1312 2614 uativnatis
1337 2559 1444 2613 lato
1467 2568 1593 2614 sunt
1616 2574 1702 2613 res
1727 2559 1997 2626 humanm,

398 2668 498 2708 cur
523 2653 849 2709 verberibus
870 2653 1037 2709 cmdis
1064 2669 1279 2708 servum
1302 2653 1391 2722 qui
1419 2655 1622 2708 iuratus
1648 2654 1763 2709 est?
1792 2669 1888 2709 cur
1913 2654 2010 2707 ad-

395 2747 628 2805 ulteram
660 2762 890 2803 uxorem
923 2746 989 2801 ad
1028 2749 1313 2803 tribunalia
1344 2747 1561 2803 trahis?
1607 2764 1706 2803 cur
1749 2758 1800 2803 te
1846 2747 2009 2817 pudet

393 2854 526 2895 cum
558 2839 700 2897 mala
735 2841 1098 2913 perpetrasti?
1121 2840 1174 2895 Si
1198 2841 1342 2895 enim
1365 2856 1431 2896 ex
1463 2842 1788 2897 necessitate
1820 2855 2008 2909 pecea-

394 2937 509 2993 tum
537 2938 645 2997 est,
674 2931 1128 2987 euri-ontumelia:
1155 2931 1315 2985 verba
1345 2946 1449 2986 n0n
1469 2932 1733 2995 sustines;
1764 2932 1857 2986 sed
1886 2948 2007 2989 cum

392 3022 520 3093 quis
548 3031 602 3077 te
634 3031 790 3077 vocat
816 3021 1140 3085 adulterum,
1170 3031 1261 3076 aut
1284 3019 1682 3087 fornicatorem,
1714 3034 1804 3077 aut
1835 3022 2010 3080 homi.

392 3112 575 3167 cidatn
600 3154 613 3179 ,
670 3113 721 3166 id
751 3114 1131 3173 contumeliam
1160 3128 1281 3167 esse
1307 3112 1482 3171 dicis?
1521 3114 1573 3169 Si
1622 3118 1767 3169 enim
1811 3130 1917 3170 non
1944 3132 2012 3171 ex

395 3206 585 3265 animo
616 3214 710 3261 tuo
741 3214 1022 3280 peccatum
1055 3206 1253 3275 prodit,
1286 3223 1461 3277 neque
1488 3208 1643 3278 culpa
1674 3218 1755 3261 est
1786 3209 1835 3262 id
1865 3209 2011 3280 quod

398 3299 606 3354 factum
641 3309 745 3365 est,
786 3314 961 3369 neque
990 3299 1307 3354 contumelia
1337 3301 1387 3353 id
1432 3301 1575 3375 quod
1615 3301 1831 3356 dicitur.
1864 3301 2015 3358 Nunc

397 3400 583 3446 autem
617 3401 672 3446 et
701 3407 823 3446 cmn
855 3390 925 3446 de
954 3391 1416 3463 cmterisjndicas,
1451 3401 1647 3451 etcum
1670 3395 2016 3462 peccantibus

401 3502 514 3541 non
559 3486 831 3557 ignoscis,
855 3493 911 3539 et
943 3501 1065 3539 etnn
1120 3485 1336 3555 quando
1366 3486 1506 3541 male
1552 3486 1745 3543 fecisse
1776 3497 1824 3542 te
1856 3489 2019 3558 pudet

398 3590 460 3636 et
487 3580 658 3635 latere
700 3578 905 3646 studes,
934 3588 988 3633 et
1014 3594 1109 3634 eos
1135 3580 1223 3649 qui
1254 3576 1304 3635 id
1333 3580 1424 3635 tibi
1456 3580 1713 3649 objiciunt
1734 3588 2019 3637 contunie-

402 3674 575 3731 liosos
596 3688 720 3729 esse
742 3679 920 3742 putas,
953 3682 1007 3726 et
1030 3688 1123 3741 per
1150 3673 1327 3726 omnia
1352 3674 1468 3727 haec
1488 3672 1783 3738 conﬁteris,
1838 3688 2019 3729 nostra

403 3781 517 3819 non
567 3765 894 3819 necessitate
924 3764 1160 3834 alligari,
1206 3764 1299 3818 sed
1348 3763 1594 3818 libertate
1639 3766 1929 3819 honorari:
1959 3769 2021 3822 iis

403 3857 555 3913 enim
597 3856 687 3924 qui
736 3856 1059 3910 necessitate
1102 3854 1412 3909 detinentur
1457 3856 1740 3926 ignoscere
1795 3859 2020 3915 scimus.

404 3951 463 4005 Si
519 3950 666 4005 enim
711 3950 866 4019 quis,
919 3964 949 4003 a
1001 3948 1247 4004 (Ιιηιιιοιιρ
1294 3964 1609 4020 possessus,
1664 3966 1761 4005 n0s
1803 3967 2025 4020 percus-

406 4044 583 4109 serit,
638 4053 732 4098 aut
789 4052 996 4099 vestem
1048 4043 1301 4108 seiderit,
1365 4053 1456 4098 aut
1504 4045 1687 4115 plagas
1744 4046 2022 4112 intulerit;

408 4152 523 4190 non
556 4135 719 4190 modo
764 4136 939 4205 ipsum
996 4151 1103 4189 non
1151 4135 1402 4206 punimus
1426 4178 1440 4199 ,
1472 4152 1646 4206 neque
1672 4137 1737 4191 ad
1763 4137 2023 4207 judicium

410 4227 705 4294 trahimus,
730 4228 825 4283 sed
856 4229 1019 4283 etiam
1045 4226 1164 4298 ejus
1191 4228 1513 4284 miseremur
1545 4229 1757 4300 ipsique
1791 4233 2027 4302 ignosci-

411 4335 556 4375 mus.
572 4318 789 4387 Quare?
805 4319 938 4386 Quia
964 4335 1071 4375 non
1093 4319 1312 4375 libertas
1331 4321 1562 4387 arbitrii,
1581 4322 1675 4377 sed
1697 4323 2028 4380 daamoniaea

413 4412 777 4468 necessitasid
790 4412 986 4469 ell'ecit.
1001 4414 1371 4485 Quapropter,
1386 4412 1432 4467 si
1446 4413 1549 4468 alia
1562 4429 1782 4485 quoque
1810 4426 2028 4485 peccata

411 4519 481 4559 ex
512 4505 603 4557 lati
633 4503 963 4559 necessitate
990 4512 1190 4568 essent,
1247 4504 1376 4574 ipsis
1421 4505 1582 4559 etiam
1637 4521 1980 4574 parceremus
2013 4527 2029 4564 :

412 4596 545 4669 quia
588 4611 717 4650 vero
763 4596 969 4651 scimus
996 4611 1095 4651 nos
1143 4611 1249 4649 non
1283 4597 1334 4650 iu
1363 4597 1683 4653 necessitate
1727 4615 1868 4666 esse,
1911 4600 2031 4656 ideo

414 4703 528 4743 non
553 4687 849 4757 parcimus,
878 4703 985 4741 non
1013 4688 1218 4742 domini
1248 4688 1441 4753 servis,
1478 4704 1583 4743 non
1616 4690 1714 4744 viri
1742 4694 2029 4759 uxoribus,

415 4795 529 4834 non
554 4793 755 4834 uxores
776 4779 930 4845 viris,
951 4794 1058 4834 non
1086 4790 1267 4849 patres
1292 4780 1436 4846 liliis,
1463 4797 1570 4835 non
1597 4780 1851 4837 doctores
1873 4785 2032 4840 disci-

416 4871 590 4942 pulis,
622 4886 729 4926 non
762 4872 1037 4942 principes
1062 4872 1317 4941 subditis,
1344 4888 1450 4928 non
1483 4873 1819 4944 legislatores
1843 4875 1905 4929 iis
1933 4877 2023 4947 qui

481 5005 557 5067 (ιι)
596 5004 958 5070 (Σοωιιιθηιεὶιι
997 5005 1300 5069 Μειιιιιωιιηι,
1328 5016 1364 5059 ι.
1390 5009 1450 5068 6,
1476 5007 1571 5058 col.
1596 5009 1707 5069 διε,
1736 5009 1821 5070 lin,
1852 5010 1924 5059 ιι.
1954 5009 2031 5061 le-

413 5068 555 5129 gitur
579 5082 591 5115 :
616 5075 796 5135 _Regem
818 5068 951 5118 enim
972 5068 1308 5135 cognoscentes
1331 5085 1468 5135 eunt,
1498 5068 1779 5135 primum
1796 5068 2033 5123 nmmlum

412 5127 482 5195 ét_
500 5127 763 5195 pretiosum
796 5127 1075 5195 sanctorm'n
1094 5167 1107 5189 ,
1135 5131 1228 5195 sibi
1248 5146 1426 5195 aurum
1450 5127 1710 5195 repositum
1734 5134 2028 5185 obtulerunt.

416 5189 651 5259 phinum
672 5199 833 5259 autem
855 5201 899 5243 et
924 5192 1115 5259 cwleste
1136 5192 1456 5259 intelligente:
1483 5189 1780 5258 principium
1804 5198 1909 5258 ejus
1925 5236 1937 5253 ,
1969 5198 2029 5247 li-

417 5251 534 5320 berti
567 5253 839 5320 oblatorwu
869 5255 1132 5320 odorem...
1158 5251 1433 5307 Hunu'nmm
1461 5251 1622 5307 (intem
1645 5251 1691 5309 et
1714 5251 2030 5320 temporalem

414 5317 525 5378 ejus
548 5316 869 5381 mteltigentes
892 5318 1213 5382 scpulturmn,
1248 5320 1523 5371 obtulerunt
1546 5321 1817 5385 myrrham.

936 381 1042 436 \'lll
1095 380 1398 449 llOMll.l.\,
1442 380 1692 437 llABlTA
1742 380 2105 447 POSTQUAM
2149 384 2554 442 PRESBYTER
2595 389 2893 459 GOTHUS,
2940 394 3092 452 ETC.

3594 405 3690 461 510

2106 499 2251 571 leges
2270 504 2555 572 accipiunt;
2577 506 2671 560 sed
2693 522 2804 564 acet
2820 510 2870 564 bi
2894 512 3212 569 delictorum
3238 522 3700 582 examinatorcset

2103 593 2342 649 vindices
2365 611 2581 652 sumus:
2609 601 2892 656 tribunalia
2921 603 3148 670 adimus,
3180 608 3361 680 plagas
3385 613 3694 684 inﬂigimus,

2103 684 2542 754 castigationibus
2572 692 2791 758 utimur,
2832 695 3071 768 nihilque
3103 715 3210 755 non
3243 704 3454 773 agimus
3484 718 3540 762 ut
3569 724 3693 765 ser-

2103 791 2226 830 vum
2255 794 2283 831 a
2315 782 2547 850 nequitia
2579 794 2630 838 et
2664 785 2832 840 lilium
2868 803 2898 842 a
2943 791 3142 847 malitia
3183 795 3505 855 eximamus.
3557 802 3701 868 Qua-

2106 880 2325 939 propter
2350 873 2477 940 ipsis
2506 885 2558 929 et
2591 877 2911 949 paedagogos
2942 881 3270 941 instituimus
3293 930 3309 955 ,
3338 899 3392 943 et
3418 892 3485 946 ad
3533 897 3700 964 magi-

2104 970 2247 1017 stros
2275 964 2552 1022 mittentes
2584 970 2755 1024 minas
2783 972 3111 1031 intentamns
3138 1020 3153 1043 ,
3182 990 3235 1034 et
3281 983 3463 1054 plagas
3505 985 3703 1059 inﬂigi-

2106 1069 2242 1108 tnns.
2276 1054 2405 1123 Cur,
2434 1070 2488 1114 et
2513 1077 2615 1131 qua
2643 1063 2708 1118 de
2736 1080 2921 1132 causa,
2952 1068 3036 1124 die
3067 1071 3235 1128 mihi?
3268 1076 3311 1129 si
3341 1080 3482 1132 enim
3508 1054 3701 1149 ipsiet

2105 1145 2216 1200 fato
2244 1152 2595 1209 constitutum
2625 1156 2693 1210 sit
2723 1168 2782 1212 ut
2811 1162 2880 1213 sit
2916 1162 3213 1233 improbus.
3247 1169 3313 1224 ad
3344 1172 3471 1241 quid
3501 1145 3698 1233 auxilia

2105 1239 2206 1308 ipsi
2237 1249 2597 1311 prmstentur?
2630 1249 2816 1305 Palam
2845 1270 2973 1324 ergo
2996 1268 3080 1311 est
3101 1274 3223 1313 cum
3250 1239 3702 1326 nonluccessitatc

2107 1333 2276 1403 ligari,
2313 1337 2407 1392 sed
2439 1341 2618 1395 omnia
2654 1344 2704 1397 in
2734 1346 2959 1402 arbitrio
2985 1351 3102 1419 ejus
3134 1354 3235 1407 sita
3263 1372 3402 1411 esse.
3452 1360 3700 1433 Quapro-

2106 1436 2225 1495 pter
2244 1430 2439 1483 auxilia
2487 1431 2697 1502 damus,
2742 1447 2797 1492 et
2835 1439 2905 1494 ab
2955 1440 3162 1512 ignavia
3196 1448 3317 1504 illos
3364 1430 3701 1526 aliducinaus,

2103 1528 2265 1590 atque
2292 1523 2356 1578 ad
2388 1529 2634 1583 virtutem
2663 1533 3096 1602 amplectendam
3124 1540 3444 1600 indui-imus.
3474 1548 3586 1602 Cur
3607 1523 3707 1605 au;

2107 1622 2216 1669 tem
2248 1617 2297 1671 in
2320 1620 2451 1674 mari
2482 1624 2815 1694 navigamus,
2848 1637 3046 1685 terram
3070 1635 3319 1703 enlimus,
3350 1640 3510 1695 urbes
3536 1644 3707 1697 aedili-

2105 1722 2309 1771 camus,
2356 1713 2577 1767 nntltam
2607 1716 2927 1777 adhibemus
2970 1740 3156 1779 curam
3198 1743 3318 1783 cum
3350 1732 3708 1795 inﬁrmatuttr.

2109 1802 2363 1868 pecunias
2403 1803 2767 1875 impendimus
2787 1853 2800 1874 ,
2831 1815 3067 1871 medicos
3099 1835 3353 1879 vocamus
3374 1867 3387 1887 ,
3419 1827 3707 1896 pbarmaca

2110 1907 2379 1960 paramus,
2393 1910 2635 1953 ventrem
2653 1903 3016 1969 moderantur.
3034 1921 3087 1963 et
3105 1916 3600 1984 concupiscentiam
3620 1939 3708 1979 ea-

2107 1986 2456 2052 stigamus?Si
2475 1992 2641 2059 enim,
2662 2006 2716 2048 ut
2738 2005 2791 2048 ιιι
2807 1995 2961 2065 dicis,
2984 2001 3034 2054 in
3056 2003 3339 2061 fatositnut
3354 2021 3439 2064 est
3455 2020 3509 2066 et
3528 2016 3710 2071 vivere

2107 2085 2161 2130 et
2193 2080 2348 2143 tnori,
2378 2084 2666 2152 superﬂua:
2691 2099 2816 2145 sunt
2845 2096 3196 2163 pecuniarum
3236 2116 3511 2172 expenszt,
3544 2123 3729 2178 super-

2110 2170 2198 2224 lltti
2223 2172 2555 2231 medicorum
2588 2178 2883 2251 ingressus,
2913 2188 3182 2257 superﬂua
3203 2203 3287 2246 est
3308 2170 3564 2252 accurata
3590 2170 3708 2270 plli-

2109 2262 2350 2334 losophia
2368 2283 2528 2338 quam
2551 2271 2748 2328 inﬁrmi
2766 2287 3000 2334 servant.
3022 2280 3174 2337 Nunc
3189 2297 3366 2341 autem
3392 2305 3487 2357 per
3508 2308 3570 2346 ea
3589 2262 3710 2364 quc

2108 2372 2297 2414 onmes
2314 2360 2535 2429 faciunt,
2555 2367 2841 2425 ostendunt
2857 2370 2990 2427 nihil
3010 2374 3198 2430 horum
3218 2395 3338 2435 esse
3355 2360 3707 2453 superﬂuum;

2112 2453 2206 2516 sed
2236 2456 2515 2514 lacessunt
2548 2478 2612 2516 ea
2644 2479 2767 2533 qua:
2796 2465 2863 2519 ad
2895 2466 3066 2521 latum
3090 2480 3361 2539 spectant,
3388 2490 3568 2545 neque
3600 2479 3708 2533 ulla

2110 2551 2441 2607 necessitate
2474 2564 2663 2611 nostra
2694 2567 2981 2629 reguntur,
3017 2563 3202 2618 omnia
3233 2574 3419 2620 autem
3453 2568 3711 2626 libertate

2108 2636 2326 2695 arbitrii
2352 2640 2716 2700 honorantur.
2732 2648 2864 2713 Quae.
2884 2660 3067 2706 autem
3089 2653 3339 2709 laborum
3365 2667 3420 2711 et
3441 2659 3709 2715 sudorum

2107 2746 2209 2801 pro
2243 2733 2451 2789 virtute
2476 2738 2812 2794 necessitas?
2838 2741 2882 2795 si
2918 2743 3064 2797 enim
3096 2760 3164 2799 ex
3201 2746 3312 2801 fato
3345 2751 3711 2806 eonstitutmu

2106 2830 2192 2876 est
2219 2832 2280 2878 ut
2308 2825 2433 2895 quis
2460 2827 2531 2882 sit
2566 2829 2763 2895 bonus,
2803 2831 2916 2889 sive
2944 2834 3185 2892 dormiat
3218 2839 3334 2895 sive
3366 2852 3561 2897 stertat
3596 2844 3709 2907 ille,

2107 2912 2289 2973 bonus
2309 2916 2419 2973 erit
2446 2936 2460 2972 :
2490 2919 2600 2975 imo
2622 2938 2754 2977 vero
2785 2927 2948 2980 talem
2974 2927 3252 2984 hominem
3280 2931 3489 2986 bonum
3513 2949 3712 2987 vorare

2113 3013 2405 3078 convenit,
2433 3013 2524 3083 qui
2549 3030 2616 3069 ex
2651 3019 2979 3076 necessitate
3011 3023 3135 3078 talis
3163 3025 3253 3079 sit.
3287 3027 3423 3095 Quae
3456 3038 3535 3085 tot
3566 3033 3720 3087 labo-

2117 3121 2238 3160 rum
2270 3118 2321 3162 et
2349 3107 2608 3165 sudorum
2640 3114 2981 3171 necessitas?
3011 3117 3057 3171 si
3100 3120 3245 3173 enim
3292 3122 3382 3175 fati
3427 3127 3722 3181 necessitas

2118 3208 2223 3265 est,
2251 3208 2309 3253 ut
2334 3203 2454 3271 quis
2480 3204 2655 3260 malus
2680 3204 2785 3269 sit,
2817 3207 3027 3264 etiamsi
3061 3210 3262 3266 millies
3291 3228 3412 3268 sese
3444 3216 3722 3273 laboribus

2120 3292 2397 3347 excruciet
2418 3336 2432 3360 ,
2469 3295 2641 3350 malus
2682 3298 2787 3353 erit
2813 3316 2825 3351 :
2852 3300 2962 3356 imo
2985 3318 3115 3357 vero
3150 3320 3325 3374 neque
3354 3305 3497 3361 hunc
3525 3311 3722 3364 malum

2122 3383 2305 3441 dicere
2329 3388 2602 3455 convenit,
2633 3391 2723 3459 qui
2752 3407 2780 3443 a
2815 3396 3140 3449 necessitate
3168 3398 3420 3465 pellatur.
3451 3400 3719 3467 Quemado

2123 3477 2342 3533 modum
2362 3479 2505 3533 enim
2526 3481 2613 3549 qui
2633 3481 2960 3539 dauuonium
2977 3484 3159 3551 habet,
3180 3490 3223 3542 si
3244 3493 3566 3547 contmnelia
3590 3493 3727 3549 infc-

2125 3576 2209 3622 rat
2231 3570 2445 3639 (eodem
2465 3573 2607 3626 enim
2630 3588 2819 3629 rursus
2837 3585 2958 3631 utor
2972 3580 3266 3651 exemplo),
3287 3598 3393 3637 nou
3418 3585 3569 3641 illum
3586 3586 3732 3642 dice-

2125 3676 2246 3717 mus
2277 3665 2730 3720 contumeliosum
2755 3708 2770 3732 ,
2795 3682 2970 3737 neque
3014 3671 3321 3738 putabimus
3346 3678 3727 3732 contumeliam

2127 3752 2275 3807 illam
2298 3768 2419 3809 esse
2437 3756 2763 3824 convicium,
2782 3759 2877 3813 sed
2897 3760 2946 3812 id
2971 3775 3036 3815 ex
3054 3765 3375 3819 necessitate
3395 3764 3726 3820 daumouim-a

2128 3848 2326 3901 factum
2361 3866 2374 3903 :
2406 3850 2487 3903 sic
2515 3864 2615 3904 nec
2650 3850 2996 3921 improbum,
3030 3855 3075 3909 si
3105 3872 3133 3907 a
3183 3855 3296 3910 l'ato
3326 3867 3382 3912 et
3408 3860 3732 3915 necessitate

2132 3940 2384 4008 pellatur,
2404 3941 2705 4010 improbum
2738 3959 3010 4012 vocemus,
3037 3958 3093 4000 ut
3118 3963 3219 4003 nec
3245 3949 3442 4003 bonmu
3462 3952 3732 4018 similiter,

2133 4034 2352 4087 bonum.
2390 4034 2499 4088 Nisi
2552 4037 2697 4090 enim
2746 4038 2924 4091 omnia
2971 4040 3051 4093 sic
3098 4042 3514 4111 constituamus,
3574 4055 3733 4099 erunt

2134 4127 2313 4181 omnia
2339 4126 2609 4193 Confusio,
2629 4130 2984 4199 perturbatio,
3015 4128 3194 4187 rerum
3221 4136 3467 4199 eversio;
3504 4152 3605 4192 nec
3625 4138 3731 4191 vir-

2138 4231 2242 4286 tus,
2266 4237 2365 4275 uec
2380 4222 2582 4276 malitia
2603 4224 2848 4288 eril;non
2875 4233 3040 4288 artes.
3072 4241 3180 4280 non
3205 4226 3371 4297 leges,
3392 4230 3524 4282 nihil
3554 4228 3737 4299 hujus-

2134 4315 2564 4371 cemodiNiden‘
2588 4332 2697 4387 quo
2720 4319 2900 4372 tendat
2929 4334 3052 4373 esca
3081 4319 3301 4385 diaboli,
3325 4330 3380 4377 et
3397 4323 3523 4392 quid
3549 4324 3734 4379 orbem

2138 4414 2296 4461 terra:
2313 4407 2523 4464 eﬂicere
2534 4411 2684 4476 velit,
2700 4420 2755 4465 et
2769 4410 2835 4465 ad
2854 4426 3015 4481 quem
3048 4412 3207 4466 linetn
3231 4415 3408 4467 omnia
3436 4414 3738 4470 adducere?

2140 4498 2263 4552 lla~e
2290 4509 2469 4554 atttcm
2499 4502 2678 4556 omnia
2700 4508 2937 4560 scientes
2958 4514 3016 4559 et
3044 4504 3125 4560 his
3153 4505 3301 4575 plura
3327 4508 3564 4577 (possem
3593 4509 3736 4563 enim

2138 4591 2303 4645 multa
2327 4592 2550 4658 addere,
2578 4595 2670 4649 sed
2693 4596 3127 4664 prudentioribus
3155 4601 3270 4653 haec
3295 4602 3607 4669 sulliciant),
3633 4617 3733 4655 ne-

2139 4687 2365 4755 quitiam
2420 4686 2705 4757 fugiamus,
2760 4694 3009 4744 virtutem
3059 4691 3347 4761 eligamus,
3396 4706 3452 4748 ut
3481 4695 3743 4764 imprimis

2143 4781 2307 4834 Deum
2338 4782 2631 4851 propitittm
2664 4784 2978 4849 habeamus,
3013 4784 3316 4854 deindeque
3346 4802 3374 4838 a
3398 4789 3645 4857 gelicnua
3674 4789 3737 4839 li-

2143 4875 2428 4942 beremur,
2465 4888 2626 4948 atque
2651 4879 2868 4933 teteruis
2897 4880 3138 4933 fruamur
3164 4880 3317 4934 bonis
3343 4899 3355 4933 :
3381 4897 3501 4951 qua:
3536 4882 3735 4935 utinam

2143 4985 2243 5021 nos
2259 4985 2447 5023 omnes
2476 4985 2891 5039 consequamur,
2921 4972 3089 5041 gratia
3111 4982 3163 5025 et
3184 4970 3509 5041 ben‘gnitate
3532 4971 3741 5025 Domini

2143 5061 2313 5116 nostri
2339 5060 2464 5115 Jesu
2486 5061 2707 5126 Christi,
2731 5080 2824 5132 per
2847 5080 3005 5133 quem
3034 5074 3087 5117 et
3108 5080 3349 5132 cumque
3368 5063 3507 5116 Patri
3532 5062 3697 5131 gloria
3726 5104 3739 5127 ,

2142 5172 2243 5208 una
2266 5173 2386 5209 cum
2409 5158 2833 5227 Spirilnsancto,
2868 5173 3007 5212 nunc
3033 5166 3086 5212 ct
3114 5173 3348 5227 semper,
3377 5166 3431 5211 ct
3458 5157 3510 5211 in
3538 5157 3737 5212 sa‘cula

2141 5251 2482 5304 saeculorum.
2510 5254 2701 5306 Amen.
