4138 6450
515 344 620 401 513

508 468 640 535 τῶν,
671 466 1068 543 διαϐαστάζων.
1094 477 1169 531 Ού
1194 476 1304 549 γάρ
1332 478 1397 548 δή
1424 476 1585 550 μόνον
1609 479 1675 533 ἐκ
1696 480 1791 534 τοῦ
1821 482 1896 554 μὴ
1919 482 2074 547 δντος
2104 486 2184 549 εἰς

506 556 569 608 τὸ
605 554 741 612 εἶναι
776 562 993 617 ἅπαντα
1027 566 1368 636 παρήγαγεν,
1411 565 1548 619 ἀλλά
1577 568 1672 620 καί
1708 571 2015 638 γενομένων
2050 589 2184 643 προ-

507 645 617 695 νοεῖ
637 644 884 718 καθάπερ
911 650 939 701 0
968 650 1308 719 γεγεννηκὼς
1338 652 1501 707 αὐτὸν
1544 654 1751 726 Πατήρ.
1782 657 1875 709 Διὸ
1906 657 2183 711 καὶτοῦτο

502 726 677 798 δηλῶν
705 731 888 802 ἔλεγεν
903 751 914 766 ·
947 736 1009 789 Ὀ
1030 740 1232 808 Πατήρ
1251 757 1372 808 μου
1392 739 1504 806 ἕως
1526 740 1655 809 ἄρτι
1674 739 1990 810 ἐργάζεται,
2021 744 2181 813 κάγὼ

502 813 830 886 ἐργάζομαι.
872 821 963 875 Διὸ
1006 823 1100 877 καὶ
1132 825 1331 895 μᾶλλον
1361 826 1588 897 ἐζήτουν
1632 828 1795 882 αὐτὸν
1835 831 1884 882 οί
1928 830 2172 885 Ἰουδαῖοι

500 901 835 968 ἀποκτεῖναι,
869 909 930 962 οὐ
963 910 1123 981 μόνον
1160 915 1243 966 ὅτι
1272 913 1396 967 ἔλυε
1427 914 1487 968 τὸ
1510 915 1800 981 σάϐϐατον,
1836 918 1950 971 ἀλλ’
1979 920 2059 973 ὅτι
2082 921 2176 975 καὶ

500 988 718 1063 Πατέρα
737 993 904 1049 αὐτοῦ
931 996 1083 1067 ἔλεγε
1107 999 1198 1053 τὸν
1213 1000 1366 1066 Θεὸν,
1390 1002 1504 1056 ἴσον
1526 1001 1719 1057 ἐαυτὸν
1742 1005 1913 1060 ποιῶν
1935 1007 2012 1078 τῷ
2031 1007 2174 1080 Θεῷ.

570 1076 680 1129 Ποῦ
708 1078 859 1154 [584]
888 1083 983 1137 νῦν
1011 1085 1062 1137 οἰ
1088 1085 1199 1139 τῶν
1240 1089 1534 1158 αἱρετικῶν
1563 1091 1752 1155 παῖδες
1770 1131 1785 1157 ,
1821 1094 1871 1147 οἰ
1902 1076 2043 1148 κατὰ
2074 1076 2175 1166 τῆς

497 1163 705 1254 ἐαυτῶν
735 1170 1051 1241 μαινόμενοι
1091 1175 1385 1246 σωτηρίας,
1419 1178 1514 1231 καὶ
1544 1177 1646 1249 τῆς
1678 1180 1920 1252 ἰσότητος
1945 1163 2171 1254 ἀποσχί-

496 1248 685 1316 ζοντες
726 1255 890 1308 αὐτὸν
937 1258 1036 1328 τῆς
1083 1259 1219 1331 πρὸς
1261 1262 1353 1315 τὸν
1406 1248 1664 1336 Πατέρα;
1699 1248 2046 1324 ἀκουέτωσαν
2073 1248 2170 1326 τοῦ

494 1338 880 1410 εὐαγγελιστοῦ
902 1345 1002 1417 τὴν
1022 1349 1206 1419 φωνήν
1228 1350 1377 1418 (ὅταν
1404 1351 1461 1405 δὲ
1477 1354 1568 1407 τὸν
1592 1356 1983 1429 εύαγγελιστὴν
2006 1361 2165 1426 εἴπω,

492 1425 586 1479 τὸν
632 1428 1052 1503 Χριστὸνλέγω
1103 1437 1195 1491 τὸν
1250 1439 1501 1495 κινοῦντα
1548 1444 1714 1498 αὑτοῦ
1765 1446 1866 1517 τὴν
1911 1425 2167 1520 ψυχήνγ

493 1514 847 1572 ἀκουέτωσαν
872 1561 887 1585 ,
940 1524 1034 1577 καὶ
1088 1526 1549 1599 ἐντραπήτωσαν,
1612 1533 1708 1586 καὶ
1765 1535 2168 1592 παυσάσθωσαν

491 1600 716 1655 τοιαῦτα
740 1607 1076 1678 μαινόμενοι.
1110 1611 1218 1664 Καὶ
1244 1613 1352 1685 γὰρ
1376 1616 1426 1668 οἰ
1465 1616 1704 1672 Ἰουδαῖοι
1726 1620 1814 1673 διὰ
1830 1621 1988 1677 τοῦτο
2005 1624 2166 1677 αὐτὸν

491 1686 732 1754 ἐδίωκον,
788 1693 870 1747 ὅτι
919 1694 1030 1748 ἴσον
1067 1699 1261 1753 ἐαυτὸν
1313 1701 1505 1771 ἔλεγεο
1536 1706 1631 1758 καὶ
1669 1701 1815 1761 οὗτοι
1864 1709 1953 1763 διὰ
2003 1711 2162 1765 τοῦτο

490 1772 947 1846 ἀπαγχονίζονται
974 1823 989 1849 ,
1033 1785 1114 1838 ὅτι
1145 1785 1350 1857 ταύτην
1391 1791 1735 1864 ἀναφέρομεν
1772 1796 1923 1868 αύτῷ
1950 1798 2047 1870 τὴν
2075 1802 2165 1854 εύ-

489 1863 703 1933 φημίαν
732 1868 862 1939 παρ’
894 1869 1061 1923 αὐτοῦ
1098 1874 1495 1941 παιδευθέντες.
1544 1860 1680 1935 ’Ᾱλλ’
1705 1883 1805 1936 οὐκ
1838 1860 2024 1951 αύτοῦΙ,
2060 1905 2165 1959 φη·
2194 1860 2226 1905 ε

489 1948 755 2041 σὶνηούδέ
789 1954 883 2007 τοῦ
920 1958 1307 2028 εὐαγγελιστοῦ
1329 1960 1466 2035 αῦτη
1492 1968 1523 2037 ή
1550 1967 1730 2037 ψῆφος
1758 1964 1851 2041 ἦν,
1885 1948 2023 2027 ἀλλά

499 2035 787 2094 Ἰουδαίων.
825 2041 1080 2098 Μάλιστα
1114 2045 1248 2116 μὲν,
1279 2050 1328 2101 εἰ
1364 2051 1457 2104 καὶ
1495 2035 1907 2111 τῶνἸουδαίων
1941 2054 2030 2131 ἦν,
2066 2062 2161 2116 καὶ

482 2124 639 2220 τοῦτό
670 2146 761 2180 σου
792 2130 1050 2200 μέγιστον
1075 2134 1327 2208 ἔγκλημα
1356 2141 1451 2195 καὶ
1475 2143 1679 2215 ἐσχάτη
1710 2124 2045 2220 κατηγορία,
2075 2151 2159 2205 ὅτι

482 2211 629 2284 ἅπερ
668 2217 717 2269 οἰ
751 2217 1069 2290 ἀγνώμονες
1129 2224 1377 2280 Ἰουδαῖοι
1425 2211 1678 2284 συνεῖδον⁷
1700 2233 1808 2286 ἀπὸ
1981 2211 2159 2309 ῥημά-

479 2317 589 2355 των
641 2307 1195 2381 κατασκευαζόμενα,
1227 2312 1403 2369 ταῦτα
1445 2316 1608 2380 αὐτὸς
1658 2307 2012 2391 ἐθελοκωφῶν
2061 2328 2158 2397 οὐχ

479 2384 629 2456 ὁρᾷς.
674 2387 750 2440 υύ
802 2389 910 2463 γὰρ
950 2391 1014 2464 δὴ
1048 2395 1258 2451 οἴκοθεν
1296 2397 1436 2452 αὐτὰ
1469 2400 1708 2470 εἰσῆγον,
1739 2402 1854 2456 ἀλλ’
1892 2384 1985 2475 ἀφ’
2025 2384 2156 2463 (In/0

478 2470 715 2568 Χριστὸς⁸
757 2475 913 2544 ἔλεγε
962 2479 1410 2553 συλλογιζόμενος
1456 2487 1676 2551 αύτούς.
1708 2490 1819 2544 Καὶ
1847 2470 1954 2547 ἵνα-
1976 2494 2155 2568 μάθῃς

475 2557 559 2610 ὅτι
587 2558 708 2612 οὐδὲ
749 2560 1019 2618 Ἰουδαίων
1049 2568 1198 2621 ἐστὶν
1231 2572 1264 2639 ἡ
1296 2568 1440 2637 λέξις
1483 2572 1622 2645 αῦτη
1647 2617 1661 2639 ,
1691 2576 1829 2631 ἀλλά
1861 2578 1953 2633 τοῦ
1976 2557 2153 2652 ἐύαγλ

475 2645 726 2713 γελιστοῦ
758 2650 854 2702 καὶ
881 2651 1062 2721 ψῆφος
1095 2655 1189 2708 καὶ
1213 2657 1371 2727 ῥῆσις
1405 2663 1424 2729 (
1453 2660 1581 2715 ὅταν
1610 2661 1667 2715 δὲ
1695 2664 1835 2718 εἴπω
1859 2667 1954 2721 τοῦ
1987 2645 2152 2739 εὐαγ-

475 2732 748 2800 γελιστοῦ,
793 2736 888 2791 τοῦ
937 2741 1175 2811 Χριστοῦ
1226 2743 1370 2814 λέγω
1398 2747 1490 2800 τοῦ
1532 2748 1805 2815 κινοῦντος
1842 2754 2008 2809 αὐτοῦ
2050 2760 2152 2829 τήν

472 2818 791 2893 διάνοιαν),
838 2826 978 2880 αὐτά
1018 2832 1087 2882 τά
1121 2832 1343 2903 ῥήματα
1390 2834 1633 2900 ἐξέταξε.
1679 2840 1741 2892 '0
1779 2842 1982 2912 Πατήρ
2004 2818 2146 2914 μου.

472 2909 550 2996 05
579 2912 739 2963 παντί
767 2929 866 2965 που
889 2914 1044 2985 δῆλον
1065 2918 1253 2989 καὶτῷ
1274 2921 1476 2992 σφόδρα
1504 2926 1735 2996 ἀνοήτῳ,
1763 2927 1849 2981 ὃτι
1866 2909 1955 2983 διά
1988 2909 2145 2988 τοῦτο

473 2992 648 3063 εἶπεν,
701 3000 764 3053 '0
794 3002 997 3072 Πατήρ
1020 3021 1163 3073 μου,
1191 3007 1279 3060 ἵνα
1305 3008 1434 3063 ἴδιον
1470 2992 1635 3067 αὐτοῦ
1664 2992 1954 3092 ἀποφήνῃς
1990 3020 2064 3073 Τὸ
2090 3021 2149 3075 δὲ

471 3087 774 3155 ἐπαγαγεῖν
821 3088 1003 3155 πάλιν,
1053 3090 1421 3164 Ἐργάζεται,
1465 3098 1628 3168 κάγὼ
1668 3087 2003 3171 ἐργάζομαι,
2037 3101 2149 3176 ἆρα

470 3170 572 3227 οὐκ
624 3172 848 3244 ἰσότητά
895 3177 1013 3229 ἐστι
1047 3181 1587 3252 κατασκευάζοντος;
1627 3187 1764 3240 Οὐδὲ
1812 3170 1920 3261 γάρ
1968 3170 2144 3257 εἶπεν,

475 3256 1023 3336 Ἐργάζεταιέκεῖ-ιος,
1046 3267 1156 3339 ἐγὼ
1179 3267 1236 3321 δέ
1264 3269 1522 3342 ὑπουργῶ
1544 3256 1900 3346 ’Ἐργάζετοιι⁷
1917 3256 2142 3346 ἐκεῖνος,

468 3346 580 3414 ἐγὼ
617 3347 676 3438 δὲ
711 3349 1094 3424 ὑπηρετοῦμαι
1118 3372 1131 3386 ·
1164 3357 1566 3425 ἀλλ’,Ἐκεῖνος
1608 3362 1943 3434 ἐργάζεται,
1987 3368 2145 3438 κάγὼ

467 3433 792 3507 ἐργάζομαι.
838 3438 998 3513 Ὁρᾷς
1024 3442 1142 3507 πῶς
1167 3444 1267 3499 οὐκ
1299 3446 1566 3501 Ἰουδαίων
1585 3433 1653 3520 ἦν
1689 3451 1979 3518 ἀπόφασις,
2009 3433 2145 3512 ἀλλά

465 3522 577 3576 τῶν
609 3524 819 3582 ἐκείνου
857 3529 1117 3598 ῥημάτων
1151 3533 1466 3608 κατασκευὴ
1492 3533 1552 3588 τὸ
1583 3534 1875 3607 λεγόμενον
1899 3555 1914 3605 ;
1942 3541 2009 3595 Εἰ
2033 3545 2141 3615 γὰρ

480 3609 747 3669 Ἰουδαίων
791 3609 860 3689 ἦν
904 3616 1296 3692 πεπλανημένη
1344 3637 1429 3684 τις
1463 3622 1689 3677 ὑπόνοια
1734 3626 1826 3678 καὶ
1856 3609 2054 3697 ψῆφος
2081 3609 2143 3684 τὸ

466 3693 581 3749 ῐσον
601 3699 765 3753 αὑτὸν
799 3705 970 3758 ποιεῖν
1012 3704 1089 3779 τῷ
1115 3704 1255 3775 Θεῷ,
1291 3707 1384 3761 καὶ
1424 3707 1587 3771 αὐτὸς
1629 3710 1731 3779 μὲν
1763 3713 1864 3765 οὐκ
1892 3714 2141 3771 ἐϐούλετο

461 3782 621 3836 τοῦτο
644 3784 1061 3855 ὑποπτεύεσθαι,
1091 3791 1139 3844 οἰ
1161 3790 1219 3843 δὲ
1260 3793 1502 3847 Ἰουδαῖοι
1529 3795 1603 3867 μή
1632 3796 1955 3870 βουλομένου
1985 3802 2139 3857 τοῦτο

461 3870 630 3924 αὑτοῦ
658 3872 1000 3942 ὑπώπτευον,
1032 3876 1194 3951 ἕτερα
1222 3877 1577 3945 ὑπονοοῦντες
1617 3887 1747 3956 παρ’
1788 3886 1817 3939 δ
1844 3887 2006 3952 αὐτὸς
2041 3906 2139 3945 κα-

460 3960 804 4014 τασκευάσαι
832 3961 1120 4019 ἐϐούλετοο
1160 3966 1261 4019 ούκ
1296 3966 1361 4020 ἂν
1385 3968 1517 4023 αύτὸ
1548 3971 1730 4025 εἴασεν
1753 3972 1926 4040 οῦτως
1957 3976 2139 4047 ἀδιόρ-

461 4043 631 4098 θωτον
662 4047 690 4099 0
721 4047 1135 4123 εύαγγελιστὴς,
1164 4052 1279 4105 ἀλλ’
1313 4054 1697 4129 ἐπεσημήνατο
1743 4058 1811 4113 ἀν
1853 4060 1946 4114 καί
1983 4043 2135 4116 εἶπεν

459 4131 595 4186 αὐτὸ
632 4135 839 4205 σαφῶς.
875 4138 987 4192 Καὶ
1014 4140 1123 4213 γὰρ
1156 4142 1276 4206 ἔθος
1304 4143 1487 4209 αὐτοῖς
1516 4147 1675 4201 τοῦτο
1698 4153 1890 4217 ποιεῖν,
1919 4152 2012 4206 καὶ
2033 4154 2133 4209 αὐ-

459 4224 574 4285 τοῖς
599 4222 694 4276 καὶ
725 4223 804 4295 τῷ
837 4225 1042 4296 Ἰησοῦο
1070 4230 1163 4281 καὶ
1186 4229 1346 4284 τοῦτο
1376 4229 1436 4297 ἐξ
1471 4235 1591 4299 ἐνὸς
1625 4237 1720 4289 καὶ
1747 4236 2002 4305 δευτέρου
2032 4257 2136 4295 πα-

460 4308 827 4381 ραδείγματος
868 4314 1203 4386 πειράσομαι
1242 4318 1369 4389 ὑμῖν
1404 4321 1626 4387 ποιῆσαι
1672 4323 1851 4398 δῆλον,
1893 4327 1972 4381 ὃτι
2007 4329 2134 4383 ὅταν

454 4397 587 4470 εἴπῃ
609 4417 661 4452 τι
689 4403 718 4454 0
739 4401 990 4472 Χριστὸς,
1022 4406 1117 4459 καὶ
1145 4407 1346 4480 ἐτέρως
1372 4409 1470 4481 μὲν
1492 4411 1623 4465 αὐτὸ
1652 4397 1781 4487 εἴπῃ
1808 4415 1989 4480 αὐτὸς,
2020 4418 2136 4472 ἐτέ-

460 4502 568 4556 ρως
599 4486 655 4540 δὲ
687 4488 1103 4545 ὐποπτεύσωσιν
1151 4495 1203 4548 οί
1242 4496 1504 4560 Ἰουδαῖοι,
1537 4486 1843 4570 διορθοῦται
1865 4503 1892 4555 0
1913 4505 2132 4575 εὐαγγε-

455 4573 664 4646 λιστής.
703 4578 812 4631 Καὶ
842 4577 927 4633 ἵνα
956 4580 1135 4654 μάθῃς
1164 4582 1321 4638 τοῦτο
1351 4586 1559 4655 σαφῶς,
1593 4588 1822 4642 ἄκουσον
1850 4591 2012 4646 αὐτοῦ
2037 4573 2130 4648 τοῦ

467 4660 713 4717 Ἰωάννου
754 4665 886 4721 αὐτὸ
914 4671 1075 4726 τοῦτο
1098 4670 1256 4740 δῆλον
1281 4671 1578 4738 ποιοῦντος.
1633 4675 1848 4748 Ἐπειδὴ
1874 4679 1980 4750 γὰρ
2017 4682 2130 4734 εἰσ-

454 4748 617 4818 ῆλθεν
664 4753 744 4815 εἰς
770 4755 862 4809 τὸν
892 4755 1019 4809 ναὸν
1067 4758 1163 4811 τοῦ
1189 4758 1346 4823 Θεοῦ,
1377 4760 1473 4813 καὶ
1499 4762 1624 4825 τοὺς
1651 4748 2003 4830 κολλυϐιστάς
2043 4768 2130 4835 ἐξ.

452 4837 614 4921 έϐαλε
647 4843 973 4912 φραγέλλιον
1003 4847 1258 4917 ποιήσας,
1284 4850 1375 4901 καὶ
1398 4847 1580 4918 έλεγεν
1603 4866 1618 4880 '
1641 4854 1738 4921 Μὴ
1776 4855 1995 4911 ποιεῖτε
2025 4858 2130 4911 τὸν

447 4916 621 4977 οἶκον
645 4925 749 4979 τοῦ
780 4928 1007 4995 Πατρός
1023 4916 1144 4999 μου
1173 4929 1343 4983 οἰκον
1375 4916 1664 5001 ἐμπορίου
1692 4951 1706 4966 ·
1724 4916 2126 5007 προσελθόντες

457 5005 507 5057 οἱ
547 5005 899 5079 Γραμματεῖς
931 5012 1024 5064 καὶ
1067 5013 1115 5064 οἰ
1162 5013 1447 5081 Φαρισαῖοι
1493 5014 1713 5084 ἔλεγονο
1766 5005 1827 5073 Τί
1875 5023 2130 5091 σημεῖον

451 5086 750 5158 δεικνύεις
786 5092 949 5161 ἡμῖν,
982 5094 1070 5146 ὅτι
1117 5095 1305 5150 ταῦτα
1324 5097 1548 5165 ποιεῖς;
1576 5100 1642 5153 Τί
1663 5094 1756 5154 οῦν
1787 5103 1983 5171 αύτός;
2010 5107 2129 5161 Λύ-

449 5188 599 5229 σατε
639 5178 747 5231 τὸν
779 5179 932 5235 ναὸν
961 5179 1212 5249 τοῦτον,
1258 5184 1357 5237 καὶ
1387 5183 1502 5256 ἐγὼ
1545 5187 1616 5240 ἐν
1643 5188 1843 5256 τρισὶν
1881 5191 2129 5260 ἡμέραις

448 5272 633 5344 ἐγερῶ
677 5280 866 5332 αὐτόν
893 5296 907 5311 ·
950 5283 1078 5354 περὶ
1120 5282 1214 5337 τοῦ
1270 5284 1521 5356 σώματος
1556 5285 1649 5340 τοῦ
1695 5289 1887 5343 ἑαυτοῦ
1931 5291 2123 5360 λέγων.

464 5361 605 5414 Ἀλλ’
635 5364 833 5417 ἐκεῖνοι
865 5368 996 5421 αὐτὸ
1035 5371 1096 5422 οὐ
1148 5374 1407 5436 συνεῖδον,
1438 5373 1575 5428 ἀλλά
1600 5375 1653 5427 τί
1680 5392 1849 5444 φασι;
1899 5382 2124 5433 Τεσσα-

443 5447 710 5516 ρὼιοντα
732 5452 831 5505 καὶ
855 5451 925 5517 ἐξ
962 5454 1166 5510 ἐτεσιν
1180 5456 1531 5530 ᾠκοδομήθη
1563 5466 1595 5516 ὀ
1627 5465 1773 5530 ναὸς
1803 5461 2002 5533 οὗτος,
2027 5467 2127 5521 καὶ

448 5537 533 5590 σὺ
562 5535 840 5607 ἐντρισίν
859 5540 1099 5610 ἡμέραις
1116 5544 1336 5615 ἐγερεῖς
1365 5550 1583 5615 αὐτόν;
1616 5554 1743 5622 περὶ
1769 5554 1863 5606 τοῦ
1878 5554 2005 5607 ναοῦ
2032 5555 2125 5609 τοῦ

464 5629 756 5684 Ἰουδαϊκοῦ
802 5631 896 5685 τοῦ
940 5633 1029 5687 διὰ
1080 5634 1242 5692 λίθων
1285 5643 1793 5713 κατεσκευασμένου
1836 5645 2121 5713 λέγοντες*

456 5716 663 5782 ἐκεῖνος
708 5718 814 5791 γάρ
867 5725 1271 5795 τεσσαράκοντα
1324 5727 1415 5781 καὶ
1454 5727 1514 5795 ἓξ
1573 5729 1750 5783 ἔτεσιν
1797 5733 2120 5805 ᾠκοδομήθη

456 5806 597 5877 μειά
627 5804 721 5877 τὴν
748 5807 1002 5865 ἐπάνοδον
1032 5810 1136 5866 ἀπὸ
1164 5811 1501 5880 Βαϐυλῶνος,
1538 5814 1988 5890 διακωλυομένων
2012 5804 2119 5875 τῶν

1309 359 1370 415 S.
1408 358 1698 417 JOANNIS
1731 360 2231 423 CHRYSOSTOMI
2273 366 2597 426 ARCHIEP.
2634 368 3191 428 CONSTANTINOP.

3864 371 3964 429 5H

2295 483 2720 555 οῖκοδομούντων
2747 486 2851 539 ύπὸ
2879 487 2979 557 τῆς
3014 487 3356 559 βαρϐαρικῆς
3383 487 3697 560 ἐπιϐουλῆς,
3731 495 3826 546 καὶ
3850 498 3973 566 χρό-

2290 587 2379 622 νου
2407 570 2724 643 τριϐομένου
2753 574 2946 627 πολλοῦ
2978 570 3132 639 οὗτος
3175 577 3204 629 0
3240 575 3368 637 ναὸς
3402 575 3757 648 ἀπηρτίζετο.
3814 582 3969 638 Ἐπεὶ

2288 652 2381 710 οῦν
2427 662 2456 711 0
2509 661 2715 731 Ἰησοῦς
2757 663 2882 735 περὶ
2931 664 3025 717 τοῦ
3078 663 3331 735 σώματος
3380 664 3475 718 τοῦ
3513 666 3708 720 ἐαυτοῦ
3759 667 3967 739 ἔλεγεν,

2286 744 2380 797 τὸν
2423 748 2654 818 σταυρὸν
2706 749 2883 819 δηλῶν
2932 752 3026 804 καὶ
3085 751 3183 823 τὴν
3233 753 3577 807 ἀνάστασιν
3648 755 3808 809 τοῦτο
3847 760 3963 830 γάρ

2285 833 2400 886 ἐστι
2432 835 2511 899 τὸ,
2542 838 2778 892 Λύσατε
2800 839 2905 893 τὸν
2925 839 3075 893 ναὸν
3104 840 3338 904 τοῦτον,
3372 841 3562 895 καὶέν
3593 843 3793 911 τρισίν
3818 846 3962 914 ἠμέ-

2274 937 2413 989 ραις
2440 922 2624 992 ἐγερῶ
2668 927 2853 979 αὐτόν
2873 942 2887 957 ’
2919 927 3117 980 ἐκεῖνοι
3146 925 3203 980 δέ
3228 929 3359 997 περὶ
3390 927 3485 981 τοῦ
3515 931 3645 984 ναοῦ
3683 931 3778 985 τοῦ
3833 934 3966 987 Ἰου-

2281 1006 2467 1063 δσὶίκοῦ
2507 1010 2832 1066 ὑπώπτευον
2855 1030 2869 1044 ο
2915 1014 3037 1067 ὅθεν
3077 1016 3171 1069 καὶ
3220 1015 3404 1085 ἔλεγον
3427 1035 3440 1048 ο
3498 1019 3964 1087 Τεσσαράκοντα

2280 1096 2379 1149 καὶ
2418 1096 2486 1162 ἐξ
2532 1097 2739 1155 ἐτεσιν
2776 1100 3128 1173 ᾠκοδομήθη
3166 1106 3199 1158 ό
3224 1103 3373 1169 ναὸς
3404 1100 3606 1172 οὗτος,
3642 1106 3741 1160 καὶ
3773 1108 3856 1162 σὺ
3890 1110 3963 1163 ἐν

2279 1183 2474 1250 τρισίν
2499 1185 2745 1255 ἡμέραις
2772 1189 2993 1259 ἐγερεῖς
3020 1191 3246 1257 αὐτόν;
3275 1190 3422 1263 [385]
3446 1193 3548 1264 ὅρα
3574 1194 3693 1257 πῶς
3721 1196 3781 1248 ού
3816 1214 3961 1267 παρ-

2279 1271 2515 1342 έδραμεν
2546 1274 2680 1329 αὐτὸ
2706 1278 2735 1329 0
2758 1277 3169 1349 εὐαγγελιστής,
3192 1279 3309 1332 ἀλλ’
3325 1281 3572 1352 ἐπήγαγε
3595 1283 3696 1353 τὴν
3727 1283 3965 1355 διόρθω-;

2279 1375 2384 1421 σιν,
2431 1360 2636 1430 λέγων·
2680 1364 2948 1431 Ἐκεῖνος
2992 1365 3060 1419 δέ
3103 1366 3275 1438 ἔλεγε
3308 1369 3440 1437 περὶ
3491 1369 3600 1423 τοῦ
3651 1372 3802 1425 ναοῦ
3844 1373 3955 1427 τοῦ

2275 1446 2547 1515 σώματος
2567 1450 2772 1505 αὐτοῦ.
2799 1452 2934 1507 Οὐδὲ
2963 1453 3072 1524 γὰρ
3097 1450 3249 1514 εἶπε,
3267 1454 3478 1510 Λύσατε
3498 1455 3560 1510 τὸ
3586 1457 3745 1529 σῶμα
3769 1458 3949 1522 τοῦτο,

2274 1533 2428 1595 ἀλλά,
2463 1536 2575 1589 Τὸν
2598 1538 2768 1603 ναὸν,
2798 1539 2884 1593 ἵνα
2902 1540 3051 1614 δείξῃ
3074 1542 3163 1596 τὸν
3182 1543 3314 1597 Θεὸν
3330 1544 3419 1598 τὸν
3439 1545 3693 1600 οἰκοῦντα
3709 1544 3950 1620 [ἐνοικλ]

2273 1620 2471 1675 λύσατε
2504 1622 2595 1677 τὸν
2631 1625 2760 1678 ναὸν
2795 1626 2888 1681 τὸν
2926 1629 3107 1700 πολλῷ
3135 1631 3380 1700 βελτίονα
3401 1631 3494 1686 τοῦ
3538 1631 3850 1688 Ἰουδαϊκοῦ.
3890 1635 3949 1687 ’0

2275 1708 2373 1778 μὲν
2405 1707 2513 1781 γὰρ
2544 1705 2656 1782 εἶχε
2685 1713 2781 1767 τὸν
2822 1714 3003 1786 νόμον,
3053 1719 3082 1771 0
3111 1718 3167 1771 δὲ
3199 1718 3291 1772 τὸν
3326 1719 3625 1790 νομοθέτην
3647 1737 3661 1751 σ
3689 1722 3718 1773 0
3752 1721 3852 1790 μὲν
3884 1722 3947 1775 τὸ

2216 1843 2233 1867 __
2270 1797 2507 1868 γράμμα
2539 1798 2601 1851 τὸ
2627 1800 2968 1868 ἀποκτεῖνον,
3004 1804 3032 1856 0
3072 1804 3129 1858 δέ
3159 1805 3222 1859 τὸ
3263 1805 3482 1877 πνεῦμα
3516 1807 3576 1860 τὸ
3608 1807 3908 1872 ζωοποιοῦν
3928 1825 3943 1840 ο

2269 1877 2298 1929 0
2333 1879 2432 1949 μὲν
2461 1881 2561 1939 τὴν
2593 1883 2788 1954 ῥάϐδον
2823 1886 2924 1950 τὴν
2959 1887 3190 1960 Ἀαρὼν,
3216 1891 3245 1943 0
3271 1889 3329 1943 δὲ
3354 1891 3454 1960 τὴν
3484 1890 3680 1960 ῥάϐδον
3722 1892 3941 1946 Ἰεσσαί,

2346 1964 2591 2032 γ’.Πάλιν
2605 1966 2906 2042 ἀλλαχοῦτὸ
2923 1975 3016 2027 ἐπὶ
3048 1975 3156 2029 τῶν
3204 1978 3386 2048 ἄρτων
3424 1977 3609 2049 θαῦμα
3655 1980 3947 2048 ποιήσαντι

2266 2052 2484 2126 ἀπάρας
2526 2057 2623 2111 σὺν
2658 2058 2840 2125 αὐτοῖς
2866 2101 2881 2125 ,
2912 2061 3179 2117 διέϐαινεν
3216 2066 3295 2128 εἰς
3322 2065 3384 2118 τὺ
3425 2065 3621 2137 πέραν,
3663 2067 3759 2119 καὶ
3785 2066 3946 2135 ἔλεγε

2266 2143 2379 2206 τοῖς
2415 2145 2685 2217 μαθηταῖς
2710 2165 2725 2178 ’
2760 2149 3096 2219 Προσέχετε
3127 2152 3248 2207 ἀπὸ
3278 2152 3389 2221 τῆς
3433 2152 3619 2223 ζύμης
3669 2153 3789 2207 τῶν
3820 2157 3940 2207 Φα-

2257 2229 2514 2297 ρισαίων
2538 2234 2637 2287 καί
2668 2234 3104 2293 Σαδδουκαίων.
3149 2242 3210 2294 Οἰ
3244 2240 3299 2293 δὲ
3342 2240 3520 2312 ζύμην
3556 2241 3894 2307 ἀκούσαντες
3921 2280 3939 2306 ,

2264 2317 2391 2386 περὶ
2416 2318 2595 2389 ἀρτων
2615 2320 2934 2378 ὑπώπτευον
2953 2343 2966 2356 ·
2990 2326 3155 2391 αὐτὸς
3182 2327 3238 2381 δὲ
3262 2327 3324 2381 ού
3355 2329 3484 2399 περὶ
3511 2327 3691 2398 ἀρτων
3720 2328 3931 2397 ἔλεγεν,

2261 2402 2397 2459 ἀλλά
2428 2407 2556 2478 περὶ
2573 2408 2678 2479 τῆς
2703 2410 3050 2477 διδασκαλίας
3074 2414 3185 2468 τῶν
3216 2416 3544 2487 Φαρισαίων.
3591 2416 3745 2469 Ἐπεὶ
3775 2416 3887 2486 γὰρ
3906 2427 3937 2458 ι

2261 2489 2435 2555 ἄλλως
2476 2494 2573 2564 μὲν
2607 2496 2768 2560 αὐτὸς
2792 2494 2963 2563 εἶπεν,
2991 2500 3165 2564 ἄλλως
3200 2502 3258 2555 δὲ
3297 2502 3664 2557 ύπιῖιπτευσαν
3695 2506 3895 2557 ἐκεῖνοι
3916 2539 3935 2570 ,

2258 2578 2360 2649 δρα
2396 2579 2514 2644 πῶς
2540 2580 2846 2653 διορθοῦται
2888 2587 3019 2641 αὐτὸ
3041 2626 3056 2650 ,
3099 2587 3306 2657 λέγων’
3358 2589 3556 2655 Οὕτως
3597 2590 3803 2659 ἀκμὴν
3834 2592 3937 2644 καὶ

2258 2665 2426 2735 ὑμεῖς
2459 2667 2745 2724 ἀσύνετοί
2784 2671 2969 2737 ἐστε;
3004 2675 3077 2728 οὐ
3100 2674 3414 2744 μέμνησθε
3442 2675 3585 2741 τοὺς
3617 2675 3798 2730 πέντε
3824 2675 3935 2743 ἆρ-

2256 2766 2403 2818 τους
2434 2753 2532 2807 καὶ
2562 2758 2800 2823 πόσους
2839 2760 3130 2828 κοφίνους
3171 2756 3447 2829 ἐλάϐετε,
3489 2761 3589 2817 καί
3616 2762 3760 2829 τοὺς
3781 2763 3937 2818 ἑπτὰ

2256 2836 2476 2906 ἄρτους
2497 2842 2594 2895 καί
2629 2845 2819 2912 πόσας
2851 2846 3152 2916 σπυρίδας
3171 2847 3456 2914 ἑλάϐετε;
3482 2848 3609 2915 πῶς
3639 2852 3713 2903 οὺ
3738 2849 3937 2904 νοεῖτε

2255 2921 2347 2977 ὅτι
2395 2927 2467 2979 οὐ
2521 2928 2657 2997 περὶ
2707 2928 2902 3000 ἄρτων
2944 2928 3118 2986 εἷπον
3149 2932 3311 3002 ὑμῖν,
3339 2934 3501 2989 ἀλλὰ
3528 2935 3661 3002 περὶ
3698 2933 3809 3001 τῆς
3844 2936 3903 2988 δι
3922 2964 3936 2975 -

2253 3008 2590 3082 δασκαλίας
2625 3016 2745 3070 τῶν
2788 3020 3144 3087 Φαρισαίων,
3171 3019 3329 3074 ὥστε
3360 3022 3714 3089 προσέχεινς
3763 3024 3932 3093 Ὁρᾷς

2255 3096 2373 3162 πῶς
2397 3100 2491 3153 καὶ
2529 3101 2622 3154 ἐπὶ
2650 3102 2745 3156 τοῦ
2775 3104 2905 3158 ναοῦ
2943 3106 2972 3158 0
3006 3106 3396 3177 εύαγγελιστὴς
3432 3109 3527 3161 καὶ
3565 3108 3799 3162 ἐνταῦθα
3831 3110 3932 3162 αύ-

2250 3182 2342 3247 τὸς
2372 3185 2481 3237 τῶν
2508 3187 2938 3262 πεπλανημένων
2966 3192 3272 3264 διορθοῦται
3306 3194 3404 3265 τὴν
3435 3194 3689 3248 ὑπόνοιαν
3714 3211 3729 3260 ;
3770 3195 3932 3250 Οῦτω

2250 3273 2431 3328 τοίνυν
2468 3276 2563 3330 καὶ
2590 3277 2684 3330 ἐπὶ
2710 3277 2803 3331 τοῦ
2843 3280 2958 3334 ἴσον
2989 3282 3178 3335 ἑαυτὸν
3212 3285 3384 3335 ποιεῖν
3400 3282 3480 3353 τῷ
3509 3281 3628 3353 Θεῷ
3648 3322 3663 3346 ,
3691 3285 3740 3335 εἱ
3762 3285 3928 3349 αὐτὸς

2255 3363 2352 3430 μὲν
2374 3361 2473 3415 οὐκ
2495 3364 2666 3417 ἐποίει
2692 3366 2884 3421 ἑαυτὸν
2912 3368 3024 3421 τσον
3047 3370 3123 3439 τῷ
3153 3368 3292 3439 Θεῷ,
3320 3371 3369 3422 οἱ
3394 3369 3451 3423 δὲ
3498 3370 3745 3424 Ἰουδαῖοι
3766 3372 3930 3425 τοῦτο

2252 3447 2572 3503 ὑπώπτευον
2597 3452 2706 3505 ἀπὸ
2734 3454 2842 3507 τῶν
2878 3454 3214 3526 εἰρημένων,
3244 3455 3555 3526 διώρθωσεν
3574 3456 3640 3510 ἂν
3659 3457 3758 3527 τὴν
3789 3458 3925 3512 ὑπό-

2249 3550 2396 3588 νοιαν
2419 3535 2622 3608 ταύτην
2646 3540 2674 3591 0
2698 3540 3108 3612 εὐαγγελιστὴς,
3139 3542 3235 3595 καὶ
3262 3537 3413 3595 εἶπεν
3435 3543 3518 3596 ὅτι
3557 3543 3797 3597 Ἰουδαῖοι
3825 3546 3929 3615 μὲν

2250 3616 2363 3671 ἴσον
2394 3619 2588 3673 ἐαυτὸν
2617 3621 2866 3692 ἐνόμιζον
2890 3624 3051 3678 αὐτὸν
3082 3626 3252 3677 ποιεῖν
3274 3623 3352 3694 τῷ
3382 3622 3520 3695 Θεῷ,
3548 3626 3709 3688 αὐτὸς
3741 3624 3801 3678 δὲ
3825 3626 3926 3678 ούκ

2248 3706 2422 3760 ἐποίει
2458 3705 2619 3759 τοῦτο
2656 3708 2778 3762 οὐδὲ
2816 3710 3241 3774 κατεσκεύαζεν.
3268 3713 3384 3765 Ἵνα
3408 3712 3464 3765 δὲ
3487 3713 3581 3765 ἀπ’
3605 3712 3787 3765 αὐτῶν
3815 3711 3926 3766 τῶν

2250 3789 2514 3859 ῥημάτων
2549 3790 2753 3863 μάθῃς,
2778 3791 2862 3845 δτι
2898 3792 3056 3846 τοῦτο
3095 3793 3329 3863 μάλιστα
3360 3792 3612 3847 ἐϐούλετο
3646 3793 3924 3864 πηγνύναι

2246 3876 2306 3926 ἐν
2344 3880 2467 3940 ταῖς
2510 3878 2619 3932 τῶν
2659 3877 2962 3949 ἀνθρώπων
3006 3880 3298 3945 διανοίαις,
3337 3881 3597 3951 ἀνωτέρω
3639 3880 3730 3934 τὸν
3762 3881 3925 3949 λόγον

2246 3963 2538 4034 ἀγάγωμεν
2560 3966 2652 4019 καὶ
2676 3965 2935 4036 μάθωμεν
2968 3967 3020 4018 τί
3041 3984 3172 4021 ποτε
3209 3968 3606 4039 ἐγκαλούμενος
3626 3968 3801 4021 ταῦτα
3823 3970 3928 4023 ἀπ-

2243 4049 2504 4119 ελογεῖτο.
2542 4052 2608 4105 Τί
2637 4052 2755 4106 ποτ’
2791 4051 2885 4108 οὖν
2917 4050 2985 4125 ἦν
3011 4055 3149 4126 ὅπερ
3175 4055 3478 4110 ἐνεκαλεῖτο
3501 4073 3517 4122 ;
3542 4057 3664 4111 Ὀτι
3702 4060 3760 4111 ἐν
3788 4057 3923 4110 026-

2242 4137 2392 4209 ϐάτῳ
2427 4138 2564 4210 ἔργα
2591 4142 2799 4195 ἐποίεν
2836 4142 2940 4196 Διὰ
2986 4143 3185 4206 τοῦτο,
3214 4145 3379 4212 φησὶν
3400 4185 3415 4208 ,
3442 4145 3693 4199 ἐδίωκον
3730 4145 3923 4199 αὑτὸν

2241 4230 2295 4281 οἰ
2340 4226 2605 4282 Ἰουδαῖοι
2627 4269 2644 4297 ,
2674 4229 2765 4284 ὅτι
2800 4230 2988 4285 ταῦτα
3019 4231 3207 4286 ἐποίει
3245 4232 3316 4286 ἐν
3354 4232 3648 4297 σαϐϐάτῳ.
3693 4235 3831 4286 Ποῖα
3852 4232 3919 4303 δὴ

2241 4312 2460 4380 ταῦτα;
2506 4315 2628 4370 Ὅτι
2674 4317 2769 4371 τὸν
2806 4318 3174 4389 παραλυτικὸν
3217 4319 3438 4389 ἔσφιγξε
3463 4359 3480 4384 ,
3521 4321 3616 4374 καὶ
3664 4318 3920 4374 ἐκέλευσε

2240 4401 2388 4472 αὐτῷ
2423 4402 2521 4474 τὴν
2551 4403 2738 4476 κλίνην
2767 4404 2953 4459 λαϐεῖν
2987 4406 3082 4459 καὶ
3107 4407 3362 4461 ἀπελθεῖν
3386 4410 3468 4471 εἰς
3497 4407 3589 4463 τὸν
3623 4404 3791 4462 οἷκον.
3825 4408 3922 4461 Διὸ

2241 4489 2336 4542 καὶ
2364 4488 2677 4560 ἐρωτῶντες
2715 4493 2879 4547 αὐτὸν
2912 4493 3120 4561 ἔλεγον,
3163 4495 3249 4559 τίς
3282 4498 3369 4566 εἴη
3401 4497 3431 4550 0
3470 4495 3733 4561 ἐπιτάξας
3765 4495 3922 4566 αὐτῷ

2238 4575 2411 4630 ταῦτα
2430 4580 2601 4631 ποιεῖν
2623 4578 2681 4630 ἐν
2703 4578 2956 4649 σαϐϐάτῳ
2971 4595 2986 4608 ·
3006 4581 3035 4632 0
3055 4579 3114 4633 δὲ
3133 4580 3259 4649 ἔφη,
3299 4581 3350 4633 Ὁ
3372 4581 3637 4652 ποιήσας
3654 4598 3730 4649 με
3750 4581 3916 4652 ὑγιῆ,

2237 4661 2463 4727 ἐκεῖνός
2487 4680 2589 4731 μοι
2619 4660 2821 4718 εἶπεν*
2841 4659 3018 4733 Ἆρον
3044 4664 3160 4733 τὴν
3197 4668 3417 4735 κλίνην
3441 4684 3558 4722 σου
3589 4667 3688 4721 καί
3722 4667 3918 4738 ὕπαγε

2237 4752 2325 4816 εὶς
2346 4750 2452 4803 τὸν
2471 4746 2637 4804 οἶκόν
2658 4768 2797 4805 σου.
2828 4752 2972 4825 Πρὸς
2999 4752 3170 4806 ταῦτα
3195 4754 3658 4826 δυσχεραίνοντες,
3686 4755 3916 4810 ἐδίωκον

2235 4838 2417 4904 αὑτὸν,
2449 4839 2531 4892 ὅτι
2561 4839 2734 4892 ταῦτα
2759 4838 3019 4904 ἐπέταξεν
3047 4842 3105 4894 ἐν
3138 4842 3412 4913 σαϐϐάτῳ,
3445 4843 3583 4915 ὅπερ
3612 4842 3790 4897 ἐδόκει
3828 4843 3916 4898 νό-

2239 4943 2343 4997 μου
2383 4924 2693 4995 παράϐασις
2714 4927 2807 4979 καὶ
2837 4925 3005 4990 λύσις.
3041 4928 3105 4980 Τί
3132 4924 3225 4982 οὖν
3256 4930 3686 5001 ἀπολογούμενος
3713 4933 3743 4983 ὁ
3780 4932 3916 5000 Χρι-

2239 5006 2362 5069 στὸς
2382 5004 2565 5073 λέγεις
2617 5006 2672 5060 ’0
2720 5007 2920 5076 Πατήρ
2955 5027 3075 5078 μου
3103 5010 3214 5077 ἕως
3241 5011 3371 5079 ἄρτι
3399 5010 3717 5082 ἐργάζεται,
3751 5013 3915 5083 κάγὼ

2236 5086 2563 5158 ἐργάζομαι.
2608 5089 2799 5143 Καίτοι
2833 5107 2896 5159 γε
2930 5092 3100 5146 πολλὰ
3145 5095 3310 5165 ἕτερα
3346 5095 3473 5165 ὲνῆν
3516 5098 3710 5161 εἰπεῖν,
3757 5097 3813 5149 εἴ
3847 5113 3913 5164 γε

2235 5174 2676 5246 ἀπολογήσασθαι
2707 5177 2959 5231 ἐϐούλετο
2996 5181 3174 5251 μόνον,
3204 5182 3340 5236 ἀλλά
3367 5184 3441 5253 μὴ
3474 5183 3644 5249 δεῖξαι
3675 5186 3774 5255 τὴν
3802 5186 3914 5238 ἰσό-

2237 5278 2392 5331 τητα.
2427 5263 2691 5328 Πολλάκις
2714 5265 2821 5337 γὰρ
2844 5265 3007 5338 ἐλύθη
3035 5268 3096 5321 τὸ
3122 5269 3410 5335 σάϐϐατον,
3442 5271 3537 5324 καὶ
3565 5270 3783 5340 πρῶτον
3810 5271 3911 5342 μὲν

2235 5350 2328 5401 ἐπὶ
2357 5350 2454 5420 τῆς
2479 5352 2684 5415 πόλεως
2709 5353 2806 5423 τῆς
2849 5353 3254 5424 Ἱεριχουντίων.
3281 5357 3411 5410 Ὅτε
3435 5358 3543 5427 γὰρ
3571 5358 3910 5427 προσέϐαλον

2234 5439 2346 5500 τοῖς
2379 5437 2608 5508 τείχεσιν
2628 5482 2642 5504 ,
2665 5440 2805 5493 ἑπτά
2838 5443 3044 5513 ἡμέρας
3065 5443 3377 5497 ἐκελεύοντο
3403 5446 3708 5513 σάλπιγγας
3740 5462 3910 5516 μετα-

2237 5523 2597 5597 χειριζόμενοι
2629 5528 2897 5598 περιιέναι
2926 5533 2994 5584 τᾶ
3020 5532 3194 5603 τείχη,
3227 5534 3313 5586 καὶ
3340 5532 3511 5597 οῦτως
3532 5533 3841 5606 κατηνέχθη
3871 5536 3904 5604 ἡ

2295 5827 2320 5857 ⁸
2359 5825 2489 5876 Fort.
2515 5826 2614 5875 ἐπεὶ
2635 5824 2763 5889 γοῦν.
