4138 6452
259 360 372 417 5'15
433 344 443 357 ’

258 488 344 539 det
374 484 427 536 in
462 482 676 534 (latera
712 476 1081 548 magnitudinis
1124 477 1176 527 in
1208 474 1419 528 excelsis
1449 472 1467 544 (
1496 470 1655 524 IIebr.
1686 471 1736 524 1.
1769 469 1803 523 5
1830 472 1868 534 ).

256 575 403 642 Quid
436 582 525 629 est
556 571 686 625 illud
714 612 730 639 ,
762 569 1025 623 Portans?
1048 569 1296 637 chens,
1322 566 1638 636 gubernans
1658 604 1673 628 ,
1704 560 1874 615 admi-

258 671 534 729 nistrans,
581 666 877 734 imperans,
920 663 1238 726 continens,
1284 669 1523 729 gestans.
1556 656 1671 711 Non
1699 656 1873 711 solum

255 764 410 817 enim
426 777 491 815 ex
512 776 619 813 non
636 757 970 812 exstantibus
984 755 1160 808 omnia
1179 753 1448 823 produxit,
1470 752 1561 806 sed
1583 751 1735 804 factis
1754 766 1875 820 pro-

258 856 435 919 videt,
465 864 524 907 ut
552 853 713 908 Pater
735 851 823 921 qui
872 849 1019 903 illum
1042 848 1243 917 genuit.
1293 846 1416 900 Ideo
1462 845 1564 899 hoc
1591 844 1875 898 declarans

256 949 481 1005 dicebat
504 965 518 1003 :
540 946 701 1001 Pater
717 960 855 998 mcus
873 958 1028 1013 usque
1040 940 1189 995 modo
1218 949 1477 1011 aperatur,
1498 946 1543 992 et
1572 954 1664 1007 ego
1693 950 1877 1005 operor

258 1044 452 1116 (Joan.
489 1043 543 1098 5.
577 1042 690 1110 17).
724 1039 956 1108 Ideoque
984 1036 1153 1106 magis
1179 1034 1495 1104 qumrcbant
1535 1034 1681 1086 illum
1705 1031 1875 1085 Judzei

258 1136 601 1202 interficere,
636 1148 745 1188 non
792 1132 964 1187 solum
996 1130 1119 1201 quia
1151 1128 1399 1184 solvebat
1424 1127 1727 1191 sabbatum,
1779 1125 1874 1179 sed

258 1233 429 1285 etiam
454 1228 581 1300 quia
618 1228 836 1282 Patrem
870 1240 1026 1280 sutun
1064 1223 1278 1279 dicebat
1307 1238 1427 1277 esse
1454 1221 1664 1288 Deum,
1698 1236 1877 1293 mqua-

261 1324 374 1380 lcm
406 1338 465 1377 se
497 1320 703 1375 faciens
735 1320 866 1374 Deo.

338 1416 537 1471 Contra
566 1413 785 1467 Arianos
813 1422 859 1465 et
889 1412 1178 1466 Anomazos.
1198 1408 1363 1465 -Ubi
1392 1423 1532 1463 nunc
1554 1416 1678 1463 sunt
1706 1407 1878 1462 barre-

264 1510 359 1564 tici
400 1508 493 1579 qui
517 1518 706 1561 centra
727 1506 956 1560 salutem
972 1520 1126 1559 suam
1145 1504 1349 1557 insania
1368 1502 1636 1557 ducuntur
1650 1513 1703 1556 et
1731 1502 1877 1557 illum

264 1601 597 1657 abscindunt
635 1598 704 1653 ab
747 1597 1052 1668 :cqnalitate
1090 1612 1212 1652 cum
1265 1596 1424 1651 Patre
1473 1596 1619 1651 suo?
1650 1597 1882 1651 Audiant

265 1694 625 1764 evangelista:
670 1705 858 1746 vocem
886 1688 906 1759 (
936 1705 1056 1745 cum
1105 1699 1283 1743 autem
1324 1688 1706 1759 evangelistam
1738 1689 1877 1754 dico,

268 1787 548 1840 Christum
576 1783 699 1838 dico
733 1782 824 1851 qui
874 1781 1018 1836 illius
1055 1782 1289 1835 animam
1316 1779 1790 1852 movet):audiant
1830 1789 1885 1834 et

270 1879 681 1939 erubescant,et
697 1876 769 1930 ita
789 1873 996 1930 furendi
1016 1872 1175 1929 finem
1190 1872 1407 1930 faciant.
1427 1872 1555 1928 Nam
1574 1871 1742 1928 Jltdmi
1764 1872 1882 1925 ideo

272 1973 450 2042 ipsum
481 1968 971 2042 persequebantur,
992 1967 1115 2037 quia
1146 1983 1330 2038 parem
1361 1982 1420 2022 se
1449 1967 1662 2022 dixerat
1695 1984 1708 2020 :
1743 1978 1797 2023 et
1828 1966 1881 2021 hi

275 2065 399 2119 ideo
427 2079 489 2117 se
507 2061 660 2133 quasi
678 2061 1036 2131 strangulant,
1059 2059 1180 2130 quia
1212 2059 1280 2115 ab
1306 2075 1370 2115 eo
1395 2070 1538 2115 rcctc
1562 2060 1760 2114 dictum
1793 2077 1884 2116 re-

282 2155 611 2218 ferimus,ab
642 2155 759 2223 ipso
786 2152 1004 2208 eruditi.
1036 2153 1106 2207 At
1136 2166 1240 2206 non
1266 2151 1411 2206 illius
1432 2193 1447 2217 ,
1471 2151 1679 2221 inquit,
1710 2169 1885 2223 neque

289 2247 628 2317 evangelista!
653 2254 772 2301 erat
803 2245 920 2300 haec
947 2246 1237 2311 sententia,
1257 2244 1351 2300 sed
1376 2243 1707 2300 Juda‘orum.
1743 2245 1809 2299 Et
1839 2247 1885 2301 si

295 2341 379 2394 vel
421 2340 646 2393 maxime
687 2338 995 2394 Juda'orum
1036 2346 1188 2403 erat,
1244 2336 1349 2392 hoc
1388 2353 1637 2408 magnum
1677 2339 1884 2393 crimen

282 2442 446 2486 tuum
476 2442 555 2485 est
580 2441 629 2485 et
654 2431 721 2486 de
751 2431 1011 2487 extremis
1040 2431 1312 2485 accusatio
1331 2470 1348 2495 ,
1375 2430 1519 2502 quod
1550 2445 1614 2486 ea
1642 2447 1761 2503 qua:
1790 2431 1883 2487 Ju-

279 2525 386 2579 da-i
404 2525 593 2593 ingrati
617 2523 872 2578 videbant
902 2538 968 2578 ex
986 2522 1164 2578 verbis
1178 2522 1296 2593 ejus
1322 2524 1600 2593 consequi,
1625 2534 1676 2577 tu
1694 2534 1888 2595 sponte

277 2628 367 2673 tua
389 2632 569 2673 cmcus
598 2634 707 2672 non
737 2617 907 2671 vides.
927 2615 1044 2671 Non
1077 2617 1219 2671 cnim
1248 2631 1313 2669 cx
1343 2631 1403 2670 sc
1434 2615 1520 2669 illa
1539 2615 1886 2684 inducebant,

276 2710 373 2765 sed
402 2726 470 2764 ex
504 2710 569 2762 iis
615 2724 735 2778 quae
778 2707 1028 2763 Christus
1058 2706 1275 2761 dicebat
1322 2706 1658 2777 colligentes.
1714 2709 1891 2778 Atque

275 2818 333 2862 ut
357 2806 539 2861 discas
565 2804 671 2859 hoc
701 2804 903 2858 dictum
937 2816 1004 2857 nc
1031 2817 1153 2857 esse
1180 2800 1399 2873 quidem
1429 2800 1761 2867 indecorum,
1793 2802 1889 2858 sed

271 2902 629 2972 evangelista:
682 2899 885 2954 Chriszi
930 2913 1126 2967 nempe
1157 2898 1246 2966 qui
1280 2896 1395 2965 ejus
1442 2907 1676 2952 mentem
1709 2911 1891 2952 move-

274 2996 393 3059 bat,
440 2994 556 3062 ipsa
592 2992 757 3045 verba
786 2989 1032 3043 examina
1067 3007 1080 3043 :
1116 2987 1276 3042 Pater
1302 3003 1460 3042 meus.
1495 2990 1689 3043 Annon
1720 2989 1892 3044 cuivis

273 3089 457 3157 palam
491 3095 597 3151 est,
623 3085 786 3140 etiam
809 3081 1100 3137 admodum
1129 3082 1338 3147 insano,
1360 3082 1505 3135 illum
1523 3082 1644 3137 ideo
1666 3081 1890 3149 dixisse,

278 3180 445 3233 Pater
483 3195 663 3239 metu.
722 3185 781 3229 ut
836 3174 1111 3245 proprium
1178 3174 1280 3228 sibi
1341 3173 1685 3231 declararet?
1738 3174 1892 3242 Quod

273 3285 460 3327 autem
486 3270 649 3324 addat
678 3284 887 3329 rursus,
934 3266 1213 3336 Operatur,
1237 3275 1282 3318 et
1303 3282 1395 3336 ego
1434 3282 1619 3335 operor
1646 3306 1661 3329 ,
1713 3266 1891 3322 annon

274 3365 650 3436 asqualitatem
679 3358 970 3415 indicantis
997 3368 1123 3414 sunt
1149 3359 1173 3412 ‘l
1198 3357 1315 3414 Non
1334 3359 1507 3425 enim,
1524 3358 1662 3414 dixit
1686 3358 1893 3431 Opera-

276 3469 368 3512 tur
391 3456 502 3522 ille,
532 3463 588 3509 et
615 3469 718 3524 ego
748 3451 1137 3516 subministra;
1171 3449 1439 3521 Operatur
1462 3450 1572 3517 ille,
1603 3459 1659 3505 et
1688 3466 1789 3521 ego
1819 3451 1894 3507 illi

273 3550 500 3614 servio;
556 3546 685 3612 sed,
728 3544 822 3599 lllc
875 3552 1167 3614 cperatur,
1200 3551 1254 3597 et
1296 3556 1399 3613 ego
1441 3557 1657 3614 operor.
1706 3542 1894 3599 Viden’

272 3641 559 3714 quomodo
604 3642 721 3693 haec
763 3653 871 3692 non
923 3635 1235 3692 Judteorum
1278 3644 1425 3691 esset
1464 3637 1727 3690 sententia
1753 3679 1768 3703 ,
1799 3635 1894 3692 sed

276 3756 464 3794 serum
498 3736 569 3790 ab
598 3734 692 3789 illo
726 3732 1054 3803 apparatus?
1084 3728 1217 3786 Nam
1254 3729 1300 3784 si
1336 3730 1524 3784 fuisset
1564 3729 1653 3784 illa
1676 3728 1894 3785 Iudico-

277 3848 401 3887 rum
455 3841 690 3884 erronca
737 3824 974 3893 suspicio
1021 3833 1076 3877 ct
1121 3822 1413 3889 sententia,
1462 3821 1606 3892 quod
1655 3822 1895 3891 seipsum

276 3923 548 3994 aequalem
582 3919 783 3974 faceret
812 3918 921 3972 Deo
946 3959 961 3981 ,
993 3917 1213 3986 ipseque
1239 3915 1502 3970 noluisset
1529 3915 1649 3970 illos
1675 3916 1745 3970 ita
1772 3930 1891 3970 sus-

277 4016 449 4087 picari
473 4032 489 4079 ;
518 4012 692 4068 Judrei
706 4025 855 4076 vero,
886 4024 1006 4064 cum
1027 4009 1127 4063 hoc
1156 4010 1271 4078 ipse
1301 4008 1484 4071 nollet,
1512 4008 1611 4063 alia
1635 4008 1893 4078 suspicati

276 4111 536 4168 fuissent,
580 4118 741 4174 quam
786 4101 926 4170 quod
986 4100 1076 4155 ille
1120 4099 1362 4154 indicare
1410 4098 1617 4153 vellet:
1653 4115 1759 4154 non
1794 4102 1895 4154 hoc

277 4212 431 4260 certe
463 4201 585 4254 sine
610 4195 953 4252 correctione
998 4193 1219 4248 sivisset
1262 4193 1591 4263 evangelista
1615 4234 1628 4260 ,
1664 4194 1758 4247 sed
1790 4193 1893 4250 hoc

260 4295 643 4368 significasset
673 4301 726 4346 et
775 4290 920 4344 clare
965 4287 1213 4343 dixisset.
1260 4287 1468 4341 Etenim
1502 4285 1577 4339 illi
1610 4286 1679 4340 ita
1720 4286 1894 4342 facere

277 4392 463 4445 solent
490 4428 505 4451 ,
529 4398 586 4439 et
613 4383 773 4439 .lcsus
824 4382 939 4451 ipse
987 4394 1205 4451 quoque
1230 4397 1243 4432 :
1276 4379 1485 4448 hocque
1511 4392 1577 4431 ex
1621 4392 1728 4432 uno
1756 4379 1893 4433 alte—

278 4497 414 4538 rove
469 4476 723 4547 exemplo
776 4473 1018 4529 conabor
1072 4473 1223 4525 vobis
1279 4470 1693 4537 demonstrare;
1748 4470 1892 4541 quod

278 4588 505 4643 nempe,
537 4567 754 4639 quando
784 4567 1032 4620 Christus
1058 4564 1259 4635 aliquid
1279 4563 1513 4626 dixerit,
1546 4564 1687 4633 quod
1719 4562 1891 4618 Juda-i

275 4681 446 4722 secus
467 4677 631 4733 quam
662 4661 753 4714 ille
774 4658 908 4713 dixit
935 4658 1139 4712 dictum
1163 4656 1529 4726 suspicantur,
1562 4656 1692 4711 illud
1722 4656 1895 4710 corri-

250 4780 251 4783 η
276 4760 359 4829 git
388 4753 732 4824 evangelista
764 4768 780 4806 :
812 4751 954 4821 quod
980 4760 1037 4805 ut
1063 4751 1212 4805 clare
1244 4750 1517 4820 intelligas
1542 4791 1556 4813 ,
1580 4750 1703 4803 andi
1731 4749 1892 4805 Joan-

277 4869 407 4907 nem
441 4850 546 4903 hoc
580 4847 754 4916 ipsum
801 4845 1193 4900 declarantem.
1226 4844 1359 4897 Cum
1392 4845 1537 4898 enim
1582 4843 1801 4897 intravit
1839 4844 1890 4897 in

276 4942 547 5011 templum
572 4938 688 5001 Dei,
719 4947 772 4991 et
799 4936 1193 4990 nuuimularios
1215 4935 1445 5005 expulit,
1468 4934 1680 5003 flagello
1706 4934 1849 4989 facto
1872 4978 1890 5003 ,

275 5039 473 5093 dicens
504 5051 518 5088 τ
554 5030 737 5087 Nolite
776 5034 944 5104 facere
972 5030 1182 5084 domum
1212 5028 1390 5083 Patris
1422 5030 1520 5084 mei
1558 5029 1766 5083 domum
1797 5046 1890 5083 ne-

276 5128 581 5203 gotiationis
611 5125 798 5195 (Joan.
830 5125 885 5179 2.
914 5121 1025 5195 16),
1062 5122 1385 5178 accedentes
1413 5122 1622 5178 Scriba:
1661 5132 1716 5177 et
1747 5123 1890 5179 Pha-

277 5223 427 5278 risaei
458 5218 716 5275 dicebant
748 5236 760 5271 :
797 5216 948 5282 Quod
970 5215 1170 5286 signum
1202 5215 1425 5269 ostendis
1446 5214 1611 5284 nobis,
1635 5215 1755 5286 quia
1784 5215 1893 5269 licet:

279 5316 412 5388 [aris
441 5315 466 5368 ?
494 5310 634 5380 Quid
662 5325 792 5380 ergo
824 5308 955 5362 ille?
979 5306 1175 5361 Solvite
1196 5308 1441 5376 templum
1470 5308 1566 5361 hoc
1590 5348 1605 5372 ,
1636 5317 1683 5360 et
1707 5307 1761 5361 in
1787 5306 1888 5360 tri-

277 5412 375 5462 bus
403 5407 583 5460 diebus
609 5402 843 5459 excitabo
882 5402 1014 5454 illud
1044 5399 1064 5471 (
1092 5398 1171 5454 Ib.
1196 5415 1244 5453 v.
1273 5400 1359 5455 18.
1391 5399 1536 5473 19):
1569 5400 1635 5455 de
1660 5415 1890 5473 corpore

276 5515 382 5554 suo
400 5498 614 5551 dicens.
638 5494 835 5548 Verum
863 5492 938 5546 illi
960 5491 1061 5545 hoc
1082 5506 1186 5544 non
1221 5490 1626 5556 intellexerunt,
1647 5490 1741 5547 sed
1760 5492 1891 5562 quid

274 5591 513 5648 dicunt?
539 5588 899 5659 Quadraginta
925 5601 1015 5639 sea:
1039 5583 1188 5638 annis
1215 5583 1525 5651 aedi/iratum
1548 5594 1620 5637 est
1645 5586 1891 5656 templum

278 5689 399 5751 hoc,
432 5693 482 5739 et
513 5693 566 5736 tu
600 5685 652 5736 in
677 5682 838 5735 tribus
869 5679 1045 5733 diebus
1067 5676 1309 5732 excitabis
1330 5676 1463 5731 illud
1495 5676 1661 5750 (Ibid.
1688 5693 1737 5733 υ.
1765 5678 1889 5750 20)?

278 5782 345 5836 de
380 5777 588 5846 templo
617 5776 903 5847 loquentes
928 5772 1153 5829 Judaico
1182 5771 1450 5842 lapidibus
1478 5781 1687 5828 structo
1714 5791 1727 5828 :
1758 5773 1887 5828 illud

277 5877 428 5933 enim
462 5870 820 5941 quadraginta
852 5882 948 5925 sex
980 5880 1244 5922 annorum
1275 5866 1452 5938 spatio
1481 5874 1743 5923 structum
1786 5865 1886 5923 fuit

708 356 776 414 IX
820 354 1127 421 HOMILIA,
1172 353 1236 410 IN
1278 352 1509 420 ILLUD,
1553 349 1782 406 PATER
1823 348 2007 405 MEUS
2050 349 2275 419 USQUE
2320 350 2508 407 MODO
2546 351 2941 425 OPERATUR,
2987 358 3139 418 ETC.

3468 369 3574 425 5H

1982 475 2106 536 post
2130 466 2361 521 reditum
2388 484 2451 521 ex
2483 468 2792 540 Babylone,
2817 474 2942 541 quia
2967 474 3000 528 ii
3032 476 3121 545 qui
3142 478 3477 538 aediﬁcabant
3509 501 3574 539 ex

1982 557 2337 613 barbarorum
2373 561 2587 615 insidiis
2614 562 3079 633 impediebantur;
3104 577 3158 623 et
3183 584 3305 625 cum
3340 575 3566 629 multum

1983 653 2239 722 temporis
2260 654 2579 723 efﬂuxisset,
2607 657 2866 726 templum
2893 660 3106 716 tandem
3132 664 3427 731 perfectum
3457 669 3575 722 fuit.

1982 745 2113 813 Quia
2145 747 2303 816 igitur
2323 746 2478 802 .lcsus
2499 748 2598 802 hoc
2617 749 2686 803 de
2710 764 2939 819 corpore
2967 767 3066 807 suo
3097 754 3328 821 dixerat,
3356 774 3574 813 crucem

1983 847 2035 893 ct
2067 840 2519 895 resurrectionem
2549 841 2863 911 signiﬁcans
2894 862 2906 896 :
2942 844 3042 899 hoc
3068 846 3339 905 enim‘sibi
3368 853 3481 905 vult
3512 852 3576 905 il-

1986 930 2074 985 lud
2102 975 2114 995 ,
2146 931 2343 985 Solvite
2369 932 2611 1002 templum
2636 934 2750 999 hoc,
2777 946 2825 989 et
2871 936 2923 988 in
2956 938 3116 993 tribus
3147 940 3323 996 diebus
3345 946 3575 999 excitabo

1982 1022 2115 1076 illud
2140 1041 2158 1080 :
2182 1023 2256 1077 illi
2289 1033 2469 1079 autem
2499 1026 2567 1080 dc
2608 1028 2806 1096 templo
2833 1028 3057 1085 Judaico
3082 1031 3283 1088 dicuun
3322 1039 3567 1106 suspica-

1985 1115 2216 1183 bantur;
2248 1128 2580 1188 qnapmptcr
2609 1120 2862 1175 dicebant
2890 1140 2905 1179 :
2942 1122 3298 1195 Quadraginta
3324 1145 3412 1182 sea:
3433 1133 3581 1184 anuis

1982 1209 2293 1277 aediﬁcatum
2321 1218 2392 1264 est
2423 1212 2668 1279 templum
2695 1214 2810 1281 ItOt‘,
2836 1224 2880 1267 et
2904 1226 2957 1267 tu
2980 1215 3032 1269 in
3058 1218 3215 1271 tribus
3242 1219 3415 1273 diebus
3443 1223 3581 1274 exci-

1985 1304 2112 1355 tabis
2141 1303 2312 1357 illud?
2339 1304 2459 1358 vide
2486 1306 2757 1373 quomodo
2788 1307 2889 1363 hoc
2932 1324 3036 1364 non
3080 1314 3371 1379 praeterivit
3421 1331 3586 1370 evan-

1982 1398 2169 1467 gelista
2198 1439 2213 1463 ,
2249 1397 2343 1451 sed
2401 1400 2796 1456 correctionem
2849 1404 3129 1472 subjuuxit
3155 1448 3170 1473 ,
3213 1407 3442 1463 dicens:
3480 1409 3581 1464 Ille

1982 1499 2149 1544 autem
2181 1491 2480 1561 loquebatur
2507 1494 2571 1546 de
2600 1496 2789 1565 templo
2814 1500 3047 1568 corporis
3069 1501 3147 1553 sui
3183 1499 3365 1572 (Joau.
3391 1502 3443 1556 2.
3464 1504 3583 1575 2|).

1984 1580 2167 1652 Neque
2194 1584 2338 1637 enim
2367 1584 2618 1651 dixerat,
2648 1585 2853 1642 Solvite
2880 1604 3080 1660 corpus
3111 1591 3248 1648 hoc:
3279 1595 3393 1659 scd,
3434 1595 3587 1650 Tem-

1985 1676 2175 1745 plum,
2219 1686 2277 1732 ut
2331 1678 2719 1735 inhabitantem
2775 1682 2941 1737 Deum
2994 1685 3299 1742 declararet
3330 1706 3345 1745 :
3379 1690 3585 1747 Solvite

1986 1770 2244 1840 templum
2276 1774 2443 1828 multo
2469 1774 2657 1828 melius
2686 1774 2928 1830 Judaico.
2966 1776 3094 1832 Illud
3123 1780 3264 1833 enim
3289 1783 3461 1855 legem
3489 1788 3585 1843 ha-

1986 1861 2184 1925 bebat,
2219 1863 2320 1918 hoc
2367 1875 2546 1918 autem
2590 1865 2992 1939 legislatorcm;
3027 1868 3151 1929 illud
3202 1877 3409 1933 lituram
3454 1897 3577 1950 qua!

1986 1954 2205 2022 occidit,
2234 1956 2334 2015 hoc
2363 1957 2609 2030 spiritum
2641 1965 2729 2035 qui
2768 1966 3039 2034 vivifiCat;
3074 1969 3202 2024 illud
3237 1972 3438 2043 virgam
3464 1977 3570 2029 Aa.

1985 2052 2156 2116 ronis,
2188 2053 2291 2109 hoc
2320 2055 2521 2124 virgam
2544 2055 2731 2112 Jesszr.

2061 2146 2111 2202 5.
2138 2146 2347 2203 Rursus
2368 2150 2493 2204 alibi
2520 2161 2640 2221 post
2663 2168 2859 2222 parium
2890 2155 3206 2213 miraculum
3236 2161 3424 2217 abiens
3455 2179 3577 2218 eum

1988 2238 2117 2306 illis,
2149 2240 2200 2294 in
2229 2240 2511 2297 adversam
2540 2245 2711 2314 ripam
2746 2248 2976 2317 trajecit;
3005 2259 3061 2305 et
3094 2252 3303 2307 dicebat
3334 2256 3571 2326 discipu.

1988 2329 2094 2385 lis:
2124 2332 2381 2388 Attendite
2405 2352 2437 2388 a
2465 2339 2712 2405 fermento
2747 2337 3131 2396 Pltaristeorum
3171 2355 3216 2399 et
3264 2346 3585 2404 Sadduca'o-

1989 2439 2105 2477 rum
2140 2424 2158 2495 (
2194 2424 2358 2479 .‘llarc.
2392 2427 2445 2482 8.
2480 2430 2548 2483 11
2598 2447 2612 2496 ;
2724 2430 2913 2485 Matth.
2943 2434 3030 2488 16.
3064 2437 3097 2490 6
3125 2435 3165 2506 ).
3203 2437 3277 2492 llli
3310 2456 3439 2494 vero
3470 2442 3584 2496 fer-

1992 2525 2231 2572 mentum
2262 2518 2543 2575 audientcs
2569 2522 2635 2577 de
2667 2525 2893 2591 panibus
2920 2526 2968 2580 id
2996 2526 3100 2581 dici
3129 2531 3541 2598 suspicabantur
3565 2554 3580 2589 :

1994 2610 2085 2665 ille
2112 2621 2418 2667 autemnon
2442 2613 2509 2669 de
2529 2616 2754 2683 panibus
2774 2616 3112 2688 loquebatur,
3138 2622 3230 2676 sed
3258 2622 3326 2679 de
3347 2626 3591 2680 doctrina

1993 2702 2391 2760 Pbarismorum
2440 2706 2572 2775 Quia
2605 2709 2747 2762 enim
2773 2709 2917 2763 aliud
2945 2710 3060 2780 ipse
3085 2713 3316 2782 dixerat,
3346 2716 3490 2771 aliud
3518 2718 3590 2772 illi

1994 2796 2413 2867 suspicabantur
2442 2839 2458 2864 ,
2504 2798 2626 2854 vide
2655 2803 2926 2870 quomodo
2956 2802 3005 2857 id
3033 2807 3269 2876 corrigat
3293 2850 3307 2872 ,
3355 2807 3546 2864 dicens
3574 2826 3588 2863 :

1995 2891 2180 2945 Adhuc
2219 2902 2266 2945 et
2304 2909 2389 2947 vos
2428 2895 2539 2948 sine
2585 2895 2845 2950 intellectu
2894 2898 3011 2951 estis
3036 2899 3062 2952 ?
3090 2916 3189 2952 non
3244 2903 3589 2958 recordamini

1994 2986 2213 3055 quinque
2244 3002 2435 3055 panum
2456 2996 2503 3040 et
2531 2997 2653 3056 quot
2692 2987 2939 3059 cophinos
2967 2991 3254 3060 sumpsistis
3274 3035 3287 3056 ,
3314 3002 3362 3048 et
3392 3006 3585 3065 septem

1998 3091 2187 3145 panum
2209 3087 2255 3129 et
2283 3087 2404 3146 quot
2427 3090 2628 3149 sportas
2656 3082 2922 3150 accepistis
2944 3082 2969 3135 ?
2995 3099 3151 3152 quare
3178 3099 3278 3138 non
3299 3086 3586 3157 iutelligitis

1996 3171 2117 3241 quia
2141 3186 2243 3224 non
2273 3170 2337 3225 de
2357 3171 2575 3242 panibus
2599 3173 2709 3228 dixi
2736 3175 2874 3228 vobis
2896 3217 2911 3241 ,
2940 3178 3026 3231 sed
3053 3176 3116 3229 de
3143 3177 3594 3245 doctrinaP/tari-

1996 3276 2248 3327 sworum,
2285 3271 2338 3314 ut
2366 3262 2642 3318 attendatis
2669 3266 2685 3335 (
2710 3263 2899 3319 Matth‘.
2929 3267 3016 3322 15.
3048 3267 3135 3322 16.
3172 3279 3217 3322 et
3246 3270 3332 3325 16.
3363 3270 3476 3344 9)?
3505 3272 3598 3327 Vi-

1997 3349 2121 3405 den‘
2147 3352 2421 3422 quomodo
2460 3362 2518 3408 et
2548 3355 2692 3409 circa
2730 3358 2986 3427 templum
3029 3362 3353 3432 evangelista
3379 3404 3396 3431 ,
3429 3374 3483 3420 et
3510 3367 3597 3421 hic

1998 3444 2250 3502 Christus
2281 3452 2577 3505 errantium
2601 3453 2965 3523 suspicionem
2991 3459 3258 3530 corrigat?
3287 3462 3375 3516 Sic
3406 3466 3587 3535 itaque

1998 3551 2052 3596 ct
2076 3543 2126 3596 in
2156 3558 2245 3610 eo,
2268 3544 2411 3614 quod
2450 3560 2510 3600 se
2539 3547 2803 3616 a'qualem
2838 3549 2947 3604 Deo
2972 3550 3166 3621 faciat,
3200 3555 3243 3609 si
3277 3556 3369 3612 ille
3392 3574 3495 3613 non
3534 3574 3596 3615 se

1999 3633 2176 3705 ipsum
2199 3637 2457 3705 :equalcm
2483 3637 2594 3692 Deo
2610 3640 2845 3707 fecisset,
2865 3642 2960 3698 sed
2981 3641 3150 3701 Judmi
3174 3647 3304 3703 illud
3332 3652 3589 3722 suspicati

1986 3737 2182 3783 essent
2226 3744 2291 3783 ex
2332 3729 2493 3784 dictis
2522 3730 2638 3800 ejus
2664 3748 2679 3787 :
2706 3732 2849 3788 illam
2878 3737 3239 3808 suSpiciouem
3265 3747 3593 3803 correxisset

1997 3820 2328 3891 evangelista
2386 3823 2720 3893 dixissetque
2772 3825 2990 3883 Judzcos
3042 3831 3260 3900 quidem
3326 3838 3599 3905 potavisse

2000 3912 2173 3983 ipsmu
2203 3927 2262 3969 se
2288 3916 2552 3985 aequalem
2579 3916 2691 3971 Deo
2714 3916 2907 3974 fecisse
2931 3939 2945 3987 ;
2984 3920 3159 3992 ipsum
3190 3941 3319 3981 vero
3346 3944 3517 3999 neque
3545 3932 3596 3986 id

1999 4008 2190 4061 fecisse
2210 4022 2384 4076 neque
2407 4007 2690 4063 indicasse.
2704 4008 2771 4065 Ut
2791 4023 2969 4066 autem
2989 4014 3055 4069 ab
3075 4016 3203 4085 ipsis
3220 4017 3401 4075 verbis
3420 4021 3600 4081 discas

1997 4099 2139 4169 quod
2174 4099 2301 4153 illud
2348 4101 2582 4155 maxime
2627 4102 2678 4155 in
2725 4112 2935 4159 mentes
2973 4106 3251 4163 hominum
3288 4110 3600 4182 imprimere

1999 4193 2250 4260 Voluerit,
2274 4208 2579 4249 sermonem
2608 4211 2636 4249 a
2661 4196 2932 4265 prioribus
2963 4214 3300 4257 resumamus
3332 4214 3387 4260 et
3415 4205 3596 4261 disca-

1997 4305 2117 4345 mus
2136 4289 2406 4359 quomodo
2435 4290 2649 4345 tandem
2666 4300 2953 4348 accusatus
2971 4309 3091 4350 sese
3108 4288 3439 4358 defenderit:
3458 4303 3594 4372 Quid

1999 4382 2161 4451 igitur
2180 4391 2297 4436 erat
2328 4382 2455 4437 illud
2478 4381 2546 4437 de
2571 4398 2678 4453 quo
2702 4385 3261 4456 accusabatur?Quod
3287 4392 3338 4447 in
3369 4396 3596 4452 sabbato

1995 4487 2159 4543 Opera
2176 4472 2376 4529 faceret
2396 4490 2410 4529 :
2436 4472 2581 4539 Ideo,
2608 4476 2799 4545 inquit,
2814 4476 2960 4530 illum
2980 4470 3159 4533 ,Ιηάωῖ
3172 4482 3599 4555 persequebantur

2008 4564 2131 4634 ptod
2163 4567 2271 4619 lucc
2298 4566 2485 4635 faceret
2514 4565 2567 4619 in
2607 4564 2816 4619 sabbato
2846 4566 2863 4637 (
2890 4569 3047 4622 Joau.
3081 4570 3136 4626 5.
3173 4573 3240 4627 16
3269 4573 3310 4645 ).
3342 4575 3598 4644 Qumnam

1997 4656 2131 4713 illa?
2158 4658 2310 4726 Quod
2338 4658 2687 4730 paralyticum
2708 4663 2999 4727 curaverit,
3029 4664 3331 4734 acjusscrit
3355 4671 3501 4727 illum
3521 4676 3598 4730 le-

1995 4762 2144 4807 cunn
2168 4768 2322 4807 suum
2343 4754 2587 4823 accipere
2608 4762 2662 4807 et
2687 4754 2903 4808 domum
2921 4755 3095 4811 abire.
3117 4759 3241 4815 Ideo
3256 4761 3597 4836 interrognn-

1999 4843 2245 4898 tesillum
2262 4843 2534 4907 dicebant,
2568 4845 2689 4915 quis
2718 4855 2863 4901 esset
2894 4849 2981 4916 qui
3016 4847 3130 4905 haec
3146 4850 3360 4919 juberet
3393 4855 3509 4911 fieri
3544 4860 3597 4914 in

1998 4936 2263 4993 sabbato:
2300 4937 2387 4991 ille
2431 4949 2609 4992 autem
2639 4938 2809 5005 dixit,
2861 4939 2962 5006 Qui
2988 4958 3065 4995 me
3115 4958 3297 4997 sanum
3327 4948 3443 5017 fecit
3468 4990 3484 5015 ,
3512 4951 3600 5004 ille

1996 5030 2124 5084 mihi
2152 5030 2301 5095 dixit,
2332 5029 2481 5085 Tolle
2507 5031 2690 5085 lectum
2711 5040 2875 5097 tuum,
2904 5042 2950 5085 et
2974 5039 3102 5088 vade
3121 5036 3172 5088 in
3195 5037 3402 5091 domum
3431 5053 3593 5100 tuam.

1999 5124 2289 5194 Propterea
2318 5140 2459 5195 a-gre
2478 5123 2733 5192 ferentes,
2770 5126 3419 5199 persequebanturillum,
3450 5136 3596 5205 quod

1998 5215 2344 5285 hmcjuberct
2396 5216 2448 5271 in
2479 5217 2723 5282 sabbato,
2758 5216 2900 5287 quod
2933 5217 3218 5274 videbatur
3258 5221 3392 5293 legis
3422 5236 3597 5284 trans-

1997 5312 2205 5381 gressio
2235 5326 2377 5366 esse.
2420 5309 2558 5378 Quid
2587 5325 2716 5380 ergo
2757 5309 2822 5365 ad
2870 5309 3239 5369 defensionem
3268 5330 3421 5373 suam
3464 5320 3597 5378 dicit

1997 5402 2301 5457 Christus?
2343 5400 2501 5456 Pater
2538 5418 2683 5456 naeus
2727 5418 2885 5472 usque
2922 5403 3075 5459 modo
3101 5417 3347 5475 operatur
3369 5450 3386 5475 ,
3428 5422 3477 5466 et
3497 5430 3590 5484 ego

1998 5512 2182 5567 aperor
2200 5491 2364 5567 (Ibid.
2394 5511 2441 5549 v.
2478 5495 2545 5549 17
2572 5491 2616 5565 ).
2650 5495 2807 5565 Atqui
2838 5495 3002 5550 multa
3030 5497 3134 5551 alia
3161 5498 3339 5556 dicere
3363 5515 3595 5572 poterat.

1997 5588 2040 5643 si
2070 5601 2190 5643 sese
2226 5585 2517 5643 defendere
2544 5596 2749 5641 tantum
2773 5586 3067 5653 voluisset,
3098 5604 3198 5647 nec
3233 5594 3596 5663 atqualitatcm

1998 5698 2149 5739 suam
2168 5681 2475 5737 ostendere.
2498 5680 2652 5751 Saepe
2670 5697 2900 5748 namque
2921 5682 3154 5737 solutum
3178 5684 3275 5741 fuit
3290 5686 3593 5754 sabbatum,

1996 5792 2062 5831 ac
2103 5776 2277 5846 primo
2324 5773 2537 5845 quidem
2569 5773 2621 5828 in
2655 5773 2872 5828 civitate
2911 5772 3430 5834 .Icrichnntinoruzn.
3462 5782 3595 5838 Cum

2000 5867 2142 5924 enim
2166 5882 2349 5923 muros
2367 5880 2679 5940 oppugnare
2698 5867 2928 5936 vellent,
2948 5867 3082 5938 jussi
3112 5880 3239 5927 sunt
3263 5886 3360 5943 per
3388 5888 3597 5948 septem
