4138 6450
585 325 639 377 .il
653 327 684 378 .‘i

583 442 698 494 dies
729 440 865 495 tubis
889 439 1133 494 instructi
1164 438 1391 493 circuire
1423 451 1604 492 muros
1625 476 1640 501 ,
1671 444 1724 489 et
1750 434 1828 488 sic
1856 432 1983 486 urbs
2011 447 2171 487 ever-

583 551 640 588 sa
665 544 748 589 est
778 535 914 602 (Jos.
946 535 980 586 6
1029 534 1104 602 5).
1137 529 1289 598 Quod
1311 539 1490 584 autem
1519 530 1571 584 in
1599 537 1806 596 septem
1833 526 1939 580 illis
1959 524 2170 587 diebus,

584 626 955 692 undecumque
984 622 1358 692 inceperimus,
1397 620 1675 675 snbbatum
1709 617 1949 672 incidere
1981 631 2171 671 ncces-

583 731 642 768 se
672 717 762 778 sit,
804 715 973 769 cuivis
1025 714 1362 767 uianifestum
1416 722 1518 766 est.
1574 711 1849 764 Manifesta
1908 724 2037 779 ergo
2091 715 2176 762 est

580 807 781 858 solutio
836 805 1061 874 sabbati.
1092 805 1296 858 Rursus
1337 801 1644 857 circumcidi
1681 801 1842 870 jussit
1897 799 2169 853 hominem

582 910 772 951 octavo
807 897 894 951 uie
915 915 927 950 :
950 911 1172 950 necesse
1200 907 1280 949 est
1319 895 1405 949 hic
1430 909 1642 962 quoque
1673 889 1954 946 sabbatum
1985 889 2120 945 solvi
2153 903 2169 953 ;

582 1007 702 1043 nam
736 1006 860 1044 eum
891 991 979 1058 qui
1009 989 1061 1043 in
1095 989 1318 1042 sabbato
1348 997 1503 1041 natus
1529 988 1618 1051 sit,
1640 999 1856 1039 necesse
1884 992 1968 1038 est
1989 982 2040 1036 in
2067 982 2173 1035 alio

580 1084 805 1136 sabbato
845 1082 1175 1137 circumcidi.
1223 1080 1540 1136 Sacerdotes
1584 1089 1765 1133 autem
1819 1091 1941 1131 cum
1982 1075 2172 1144 majori

583 1174 834 1230 facultate
860 1173 984 1228 illud
1001 1173 1302 1236 solvebant,
1318 1187 1508 1227 rursus
1527 1171 1579 1223 in
1604 1168 1829 1223 sabbato
1849 1166 2170 1221 sacrificium

580 1267 776 1322 otl‘erre
803 1267 937 1338 jussi
973 1286 986 1322 ;
1018 1267 1106 1322 ubi
1137 1281 1267 1320 vero
1289 1259 2169 1327 sacrificium,eratetexeoriare,

585 1376 775 1426 urere,
834 1369 888 1414 et
940 1360 1094 1414 altari
1159 1359 1478 1428 imponere,
1534 1365 1589 1411 ct
1632 1370 1824 1426 aquam
1879 1352 2072 1408 afferre
2119 1360 2177 1407 et

587 1453 725 1520 ligna
766 1452 1034 1518 scindere,
1079 1460 1134 1506 et
1172 1451 1384 1506 cineres
1426 1447 1617 1502 efferre
1661 1457 1716 1502 et
1759 1445 1860 1500 alia
1901 1448 2064 1499 multa
2096 1441 2170 1498 fa-

585 1562 712 1599 cere
741 1559 962 1598 necesse
985 1553 1135 1610 erat,
1177 1553 1230 1598 et
1258 1542 1338 1597 sic
1365 1541 1645 1596 sabbatum
1681 1537 1912 1592 solvere.
1949 1536 2028 1591 Ad
2063 1540 2176 1590 bare

585 1651 716 1691 vero
743 1637 852 1706 ipsa
881 1637 1040 1690 etiam
1086 1634 1287 1689 creatio
1318 1633 1595 1687 sabbatum
1627 1629 1908 1684 solvebat:
1948 1643 2067 1681 nam
2097 1625 2178 1681 sol

587 1737 842 1798 operatur
877 1727 928 1783 in
957 1727 1201 1790 sabbato,
1245 1734 1300 1780 et
1342 1725 1464 1779 luna
1491 1724 1679 1788 currit,
1725 1733 1778 1777 et
1803 1721 2046 1776 diversus
2089 1720 2180 1775 ille

587 1823 864 1878 stellarum
889 1821 1084 1875 chorus
1107 1829 1347 1888 apparet,
1366 1828 1419 1872 et
1442 1817 1587 1871 venti
1604 1816 1753 1880 flant,
1785 1825 1841 1870 et
1865 1813 2039 1868 fontes
2061 1828 2181 1867 sea-

591 1915 816 1977 turiuut,
847 1923 901 1968 et
925 1911 1140 1966 ﬂuuiiina
1175 1911 1365 1976 fluunt,
1389 1924 1534 1964 mare
1564 1915 1954 1970 commovetur,
1977 1905 2182 1959 semina

587 2005 890 2076 germinant
917 2013 970 2058 et
1001 2003 1212 2072 plautio,
1240 2010 1380 2055 terra
1413 2001 1570 2068 parit,
1606 2014 1706 2054 nec
1741 2015 1846 2052 non
1883 2001 2035 2052 bruta
2068 2011 2186 2048 om-

592 2104 700 2159 nia,
726 2097 1008 2166 ipsumque
1039 2093 1314 2148 hemiuum
1342 2106 1533 2162 genus.
1563 2089 1863 2159 Numquam
1893 2088 2034 2142 enim
2070 2102 2186 2140 mu-

592 2189 721 2243 liere
744 2189 794 2241 in
821 2185 1043 2240 sabbato
1066 2184 1419 2255 parturiente,
1443 2193 1629 2236 natura
1644 2179 2182 2250 cxspcctavitlegem,

592 2280 885 2342 etdistulit,
915 2279 1088 2334 donec
1115 2277 1397 2332 transisset
1423 2276 1723 2337 sabbatum,
1753 2284 1802 2329 et
1840 2283 1967 2327 tunc
1997 2280 2179 2341 partus

593 2375 1001 2436 absolveretur;
1029 2372 1123 2426 sed
1161 2387 1316 2425 suum
1341 2385 1476 2438 opus
1503 2370 1665 2422 etiam
1690 2367 1744 2421 in
1767 2366 1990 2420 sabbato
2022 2365 2186 2436 perli-

592 2471 790 2525 ciebat.
820 2469 886 2522 Et
909 2481 1162 2536 superum
1193 2479 1408 2534 quoque
1434 2463 1658 2516 virtutes
1687 2460 1741 2514 in
1767 2459 1990 2513 sabbato
2028 2457 2186 2511 mini-

591 2570 785 2624 strant,
838 2577 1010 2631 neque
1066 2558 1430 2614 intermittunt
1471 2552 1826 2610 ministerium
1879 2567 2055 2606 suum.
2081 2549 2188 2606 Cur

592 2671 769 2723 ergo,
825 2651 912 2707 die
967 2650 1141 2716 mihi,
1197 2665 1318 2704 cum
1376 2655 1455 2702 tot
1511 2647 1592 2701 sui
1635 2644 1953 2700 defendendi
1999 2642 2187 2697 modos

597 2746 841 2809 haberet,
867 2743 1010 2797 nullo
1043 2745 1232 2796 horum
1263 2749 1346 2795 est
1374 2755 1523 2802 usus,
1559 2753 1732 2808 neque
1763 2735 1896 2789 dixit
1920 2777 1933 2795 .
1961 2734 2070 2789 Cur
2098 2749 2188 2790 me

595 2835 861 2892 :mmsatis
908 2834 1053 2906 quod
1098 2833 1374 2888 sabbatum
1423 2829 1671 2885 solvam?
1710 2827 2019 2883 sacerdotes
2045 2826 2186 2880 enim

599 2931 649 2982 in
678 2926 894 2983 Jerieho
919 2929 1228 2989 solverunt,
1255 2935 1310 2981 ct
1337 2925 1389 2978 in
1422 2923 1622 2993 templo
1649 2920 1864 2974 Sttlvtltll
1899 2937 1912 2974 :
1946 2918 2071 2988 quid
2103 2934 2189 2973 me

597 3022 864 3076 accusatis
902 3019 1044 3090 quod
1074 3017 1354 3073 sabbatmu
1387 3013 1633 3070 solvam?
1659 3013 1742 3068 sol
1773 3013 1916 3068 enim
1953 3011 2110 3064 solvit
2135 3017 2190 3064 et

598 3115 720 3168 luna
753 3124 809 3169 et
835 3113 1007 3168 stellm
1033 3119 1088 3167 et
1109 3113 1281 3166 omnis
1304 3117 1572 3173 creatura,
1603 3122 1830 3176 superna
1863 3115 1916 3159 et
1949 3102 2186 3158 inferna:

597 3206 692 3260 sed
731 3205 814 3260 his
859 3204 1108 3259 omnibus
1153 3200 1331 3256 missis
1369 3199 1435 3253 ad
1483 3198 1698 3254 Patrem
1745 3195 1914 3261 venit,
1965 3195 2188 3249 dicens:

599 3297 757 3352 Pater
783 3312 924 3349 meus
951 3304 1225 3364 aperatur,
1257 3301 1305 3346 et
1335 3308 1427 3362 ego
1457 3305 1663 3358 operor.
1722 3286 1906 3355 Neque
1942 3285 2086 3340 enim
2131 3297 2191 3338 se

599 3401 804 3446 tantum
831 3389 1123 3445 defendere
1153 3387 1388 3451 volebat,
1421 3383 1516 3440 sed
1557 3382 1718 3438 etiam
1743 3379 1966 3434 honoris
1994 3377 2192 3448 parita-

602 3496 708 3540 tem
739 3481 1046 3539 ostendere.
1093 3481 1217 3537 Ideo
1254 3495 1362 3534 non
1392 3478 1568 3540 dixit,
1599 3475 1847 3545 Operor;
1879 3488 2109 3541 namque
2135 3478 2191 3527 et

602 3577 717 3648 ipsa
748 3585 934 3630 natura
962 3585 1252 3642 operatur;
1279 3587 1386 3626 non
1417 3569 1562 3624 enim
1601 3567 1694 3622 ille
1718 3575 1836 3622 erat
1871 3580 1936 3620 ex
1979 3571 2194 3618 creatu-

598 3683 779 3723 rarum
810 3679 1035 3721 numero
1059 3682 1073 3718 :
1099 3662 1190 3718 sed
1216 3704 1231 3727 ,
1260 3662 1492 3731 Operor,
1511 3675 1635 3714 nam
1656 3666 1710 3713 et
1737 3658 1895 3712 Pater
1915 3664 2189 3726 operatur.

600 3758 752 3813 Illius
778 3757 921 3812 enim
954 3763 1072 3811 erat
1095 3753 1410 3810 substantiae
1433 3760 1489 3806 et
1513 3749 1812 3819 potestatis.

669 3853 723 3905 4.
753 3851 1092 3919 Quapropter
1118 3862 1226 3901 non
1267 3861 1331 3900 ac
1371 3845 1414 3899 si
1459 3858 1526 3898 ex
1555 3852 1930 3898 creaturarum
1963 3852 2193 3893 numero

600 3951 766 4008 esset,
792 3956 913 3996 sese
942 3937 1207 4004 defendit,
1231 3937 1327 3992 sed
1355 3946 1413 3991 ut
1439 3935 1583 3990 illius
1605 3934 1871 4005 genuinus
1912 3933 2098 3988 Filius.
2125 3931 2194 3986 Et

599 4045 658 4090 ut
679 4035 853 4089 discas
877 4035 993 4088 hare
1021 4048 1124 4086 non
1155 4047 1225 4086 ex
1245 4034 1555 4098 conjectura
1581 4028 1720 4082 dicta
1740 4027 1928 4091 fuisse;
1948 4025 2194 4095 discipuli

599 4142 815 4197 quoque
854 4123 1144 4196 aliquando
1175 4123 1460 4178 sabbatum
1503 4120 1804 4184 solverunt,
1849 4133 1971 4173 cum
2015 4117 2196 4185 spicas

600 4221 898 4274 evellercnt
928 4233 992 4271 ac
1021 4213 1391 4277 comederent,
1439 4221 1493 4267 et
1521 4227 1645 4267 eum
1672 4210 1842 4266 Judmi
1875 4217 2196 4264 acetisarcnt

601 4327 666 4366 ac
697 4312 964 4375 dicereut,
991 4309 1108 4364 Non
1132 4307 1283 4362 vides
1329 4308 1380 4362 in
1411 4306 1636 4362 sabbato
1665 4303 1792 4375 quid
1838 4305 1912 4358 illi
1959 4302 2196 4358 faciant?

602 4419 890 4472 numquam
919 4399 1128 4455 Patrem
1161 4399 1232 4454 ibi
1267 4406 1552 4463 memorat,
1580 4395 1678 4453 sed
1699 4395 1825 4466 quid
1854 4394 2024 4450 dicit?
2069 4392 2196 4448 Non

601 4493 791 4565 legistis
827 4492 952 4563 quid
991 4492 1162 4562 fecerit
1208 4489 1370 4543 David
1416 4489 1621 4560 quando
1663 4487 1886 4541 esuriit?
1939 4486 2195 4556 quomodo

601 4585 885 4649 intraverit,
910 4593 956 4637 et
1008 4599 1165 4654 panes
1207 4581 1569 4654 propositionis
1621 4578 1914 4640 comederit.
1941 4593 2066 4647 quos
2094 4594 2194 4630 non

603 4674 785 4728 licebat
827 4673 927 4745 ipsi
979 4672 1260 4736 comedere,
1291 4687 1381 4724 nec
1412 4670 1475 4724 iis
1504 4669 1590 4740 qui
1607 4685 1719 4722 cum
1747 4667 1838 4722 illo
1868 4666 2063 4736 erant?,
2092 4683 2196 4720 non

603 4765 796 4834 legistis
826 4765 962 4832 quod
996 4762 1280 4818 sacerdotes
1308 4763 1360 4816 in
1405 4761 1594 4830 templo
1623 4759 1885 4815 sabbatum
1910 4759 2126 4823 violant,
2150 4768 2197 4814 et

601 4855 853 4924 inculpati
879 4864 996 4910 sunt
1045 4847 1259 4924 (Matth.
1290 4853 1377 4908 12.
1413 4854 1448 4907 3
1470 4884 1485 4894 -
1512 4851 1628 4921 5)?
1662 4850 1849 4906 Viden’
1891 4850 2193 4921 quomodo,

599 4946 816 5019 quando
835 4946 903 5003 de
926 4944 1098 5002 servis
1118 4945 1210 4999 dat
1241 4947 1533 5012 rationem,
1563 4959 1752 5000 servos
1770 4944 1823 4998 iu
1855 4944 2092 4999 medium
2115 4943 2196 4999 af-

1293 323 1351 378 S.
1391 319 1670 378 JOANNIS
1704 317 2180 375 CHRYSOSTOMI
2223 316 2540 373 ARCIIlliP.
2583 315 3115 372 CONSTANTINOP.

3762 319 3871 374 536

2281 432 2438 495 ferat,
2476 429 2730 484 Davidcm
2757 441 2810 483 et
2841 429 3154 484 sacerdotes
3181 448 3197 495 ;
3225 430 3444 501 quando
3473 441 3648 488 autem
3676 431 3747 488 de
3773 457 3832 488 se
3853 477 3871 501 ,

2282 525 2528 578 Patrem?
2555 523 2707 591 Quod
2735 524 2778 576 si
2797 523 3222 593 aliquandoaliis
3247 535 3428 579 utatur
3444 527 3872 597 defensionilms,

2281 625 2335 668 ut
2363 631 2483 668 cum
2535 615 2698 668 dicit:
2745 613 2806 669 Si
2834 615 3268 669 circumcisione»:
3295 617 3480 687 accipit
3527 619 3701 684 homo,
3748 623 3876 676 mihi

2279 707 2621 776 indignemini
2645 749 2660 773 ,
2691 710 2828 776 quod
2868 717 3025 760 totum
3055 709 3308 760 hominem
3354 726 3535 762 sanum
3565 712 3770 781 fecerim
3822 715 3875 766 in

2285 799 2492 854 sabbato
2521 798 2699 870 (.Ioan.
2726 800 2779 852 7.
2824 797 2957 868 25)?
2983 814 3046 853 ac
3088 816 3321 863 rursum,
3356 803 3481 867 Quis
3508 819 3570 855 ea:
3595 803 3732 855 vobis
3780 815 3876 866 est.

2284 894 2370 963 qui
2411 909 2512 946 non
2551 893 2712 946 solvat
2756 907 2910 948 ovem
2938 908 3088 946 suam
3135 901 3189 946 et
3219 893 3391 946 bovem
3433 893 3590 963 (Luc.
3627 896 3712 951 i3.
3746 898 3881 963 iii)?

2289 985 2421 1040 nihil
2471 987 2704 1040 mirum:
2758 1000 2864 1040 non
2893 986 3034 1041 enim
3083 1000 3299 1055 semper
3343 987 3580 1057 loquitur
3621 997 3678 1041 ut
3713 989 3877 1056 flens,

2286 1077 2382 1133 sed
2412 1077 2700 1146 aliquando
2728 1077 2890 1133 etiam
2925 1086 2980 1132 ut
3013 1077 3195 1141 homo,
3226 1078 3346 1146 quia
3375 1088 3427 1132 et
3463 1079 3600 1134 Deus
3632 1090 3686 1134 et
3712 1079 3879 1136 homo

2286 1177 2422 1223 erat.
2457 1168 2552 1223 llic
2584 1183 2712 1223 vero
2741 1169 3035 1224 secundum
3081 1169 3397 1239 d'guitatem
3432 1185 3582 1225 suam
3617 1171 3874 1241 loquitur,

2288 1261 2509 1317 dicens:
2543 1260 2703 1315 Pater
2733 1279 2874 1316 meus
2903 1279 3060 1328 usque
3087 1262 3235 1315 modo
3262 1275 3527 1331 operatur,
3557 1275 3605 1317 et
3631 1281 3722 1335 ego
3749 1281 3877 1334 ape-

2289 1370 2395 1407 ror.
2428 1352 2554 1408 Ideo
2592 1353 2669 1407 ait
2710 1353 3060 1423 evangelista,
3089 1353 3555 1424 Persequebantur
3584 1356 3733 1411 illum
3778 1357 3876 1410 Ju-

2293 1445 2392 1500 daei
2414 1486 2430 1510 ,
2472 1460 2576 1500 non
2610 1446 2786 1500 solum
2815 1447 2937 1516 quia
2986 1445 3270 1502 sabbatum
3301 1447 3586 1510 solvebat,
3619 1449 3712 1502 sed
3751 1449 3876 1518 quia

2285 1541 2498 1596 Patrem
2523 1557 2675 1594 suum
2702 1540 2914 1595 dicebat
2936 1541 3123 1607 Deum,
3148 1540 3408 1612 aequalem
3433 1555 3492 1596 se
3520 1541 3721 1598 faciens
3745 1543 3875 1597 Deo.

2286 1632 2397 1702 Ego
2428 1648 2558 1687 vero
2586 1644 2638 1687 et
2663 1633 2764 1686 hoc
2792 1632 3022 1688 libenter
3051 1632 3366 1688 hmreticum
3392 1633 3832 1703 interrogaverim
3859 1652 3874 1690 :

2287 1726 2498 1780 Patrem
2533 1743 2688 1780 sutuu
2717 1726 2929 1781 dicebat
2976 1727 3164 1791 Deum,
3209 1736 3302 1781 aut
3353 1741 3460 1785 non
3492 1727 3744 1782 dicebat?
3786 1728 3882 1782 Ju-

2287 1819 2452 1874 daicae
2497 1819 2769 1888 opinionis
2820 1819 2922 1874 hoc
2979 1829 3117 1885 erat,
3173 1826 3267 1900 aut
3317 1820 3596 1874 sententia:
3627 1819 3881 1876 Christi?

2290 1910 2507 1965 l-Itiamsi
2536 1911 2679 1964 enim
2705 1909 2990 1965 admodum
3025 1910 3360 1981 impudenter
3387 1912 3579 1980 egerit,
3599 1926 3627 1964 a
3655 1912 3883 1967 veritate

2285 2003 2645 2058 convincitur.
2674 2003 2913 2068 Dicebat,
2940 2002 3098 2058 Pater
3116 2021 3253 2058 meus
3271 2021 3429 2076 usque
3453 2009 3604 2059 modo
3619 2015 3881 2075 operatur,

2287 2104 2334 2148 et
2361 2111 2451 2166 ego
2483 2112 2662 2166 aperor
2682 2111 2701 2149 :
2727 2097 2968 2151 solvebat
2993 2096 3300 2161 sabbatum,
3326 2106 3419 2151 aut
3444 2111 3550 2151 non
3591 2098 3884 2154 solvebat?

2289 2188 2469 2244 Palam
2494 2199 2575 2244 est
2604 2200 2782 2244 autem
2809 2189 2954 2259 quod
2982 2190 3112 2245 illud
3139 2191 3380 2246 solveret
3398 2211 3410 2247 :
3431 2191 3663 2262 Operor,
3687 2193 3882 2262 inquit.

2289 2292 2343 2336 et
2372 2283 2461 2337 ille
2499 2294 2776 2352 operatur.
2819 2281 2984 2354 Igitur
3033 2293 3281 2339 neutrum
3319 2299 3506 2340 eorum
3535 2301 3602 2340 ex
3628 2284 3884 2355 opinione

2289 2373 2510 2429 Judaica
2524 2383 2660 2437 erat,
2680 2375 2774 2430 sed
2802 2389 2867 2430 ex
2900 2373 3102 2430 Christi
3132 2376 3495 2431 declaratione
3523 2387 3575 2432 et
3592 2377 3881 2443 sententia,

2289 2476 2344 2522 et
2365 2465 2506 2536 quod
2533 2467 2768 2524 solveret
2793 2468 3098 2532 sabbatum,
3122 2477 3178 2524 et
3205 2469 3346 2540 quod
3379 2469 3594 2526 Patrem
3617 2484 3772 2525 suum
3801 2469 3886 2524 di-

2289 2568 2442 2613 ceret
2493 2559 2681 2613 Deum.
2719 2559 3005 2626 Quomodo
3045 2576 3197 2630 ergo,
3229 2575 3350 2615 cum
3379 2559 3496 2615 inec
3522 2576 3586 2615 ex
3618 2560 3885 2615 sententia

2290 2649 2485 2704 Christi
2535 2664 2659 2705 esse
2703 2649 2869 2717 dicat,
2903 2650 3032 2705 illud
3066 2650 3380 2707 Judzeorum
3414 2653 3738 2721 suspicionis
3762 2668 3887 2708 esse

2289 2741 2447 2806 dicis,
2478 2757 2599 2796 cum
2633 2751 2809 2797 tamen
2835 2744 3232 2799 consectarium
3263 2745 3335 2798 sit
3357 2754 3415 2800 et
3437 2743 3561 2800 huic
3588 2753 3733 2800 arcte
3758 2745 3888 2815 jun-

2290 2845 2458 2900 ctum,
2489 2845 2541 2889 et
2562 2835 2723 2890 simili
2751 2835 2909 2890 modo
2935 2836 3002 2892 ab
3025 2838 3354 2907 evangelista
3382 2839 3694 2894 enuntietur
3717 2839 3738 2892 ?
3761 2838 3887 2893 llaec

2291 2942 2489 2998 quippe
2510 2928 2687 2981 omnia
2719 2936 2843 2982 sunt
2863 2928 3208 2998 evangelista:
3236 2930 3505 2984 enarratio
3525 2970 3540 2991 ,
3566 2930 3892 2998 exvlicautic

2293 3035 2354 3074 ea
2377 3037 2496 3090 qurc
2523 3037 2551 3074 a
2573 3018 2787 3074 Christo
2808 3019 2945 3075 dicta
2973 3030 3116 3074 sunt.
3146 3019 3375 3091 Ideoque
3399 3020 3600 3076 Judzeis
3621 3037 3890 3077 accusan-

2297 3113 2706 3179 tibus,dicebat,
2734 3111 2876 3182 quod
2902 3124 3362 3184 persequerentur
3381 3114 3550 3180 illum,
3577 3131 3683 3169 non
3711 3116 3886 3170 solum

2294 3205 2416 3274 quia
2439 3204 2718 3259 sabbatum
2743 3203 3008 3270 solvebat,
3033 3203 3128 3259 sed
3155 3203 3312 3260 etiam
3333 3205 3454 3275 quia
3486 3205 3700 3260 Patrem
3730 3221 3889 3260 suum

2296 3295 2507 3351 dicebat
2532 3295 2720 3362 Deum,
2741 3295 2975 3367 seipsnm
3012 3296 3120 3352 Deo
3147 3297 3409 3367 aequalem
3443 3296 3669 3353 faciens.
3689 3297 3890 3354 Verum

2296 3385 2410 3442 haec
2429 3387 3113 3443 luereticoruznconfutatio
3127 3387 3216 3444 hic
3239 3389 3490 3444 idoneum
3509 3399 3563 3444 ct
3578 3405 3892 3461 congruen-

2299 3487 2405 3534 tem
2437 3477 2597 3533 habet
2626 3480 2785 3533 linem
2818 3497 2832 3532 :
2861 3481 2907 3534 si
2937 3495 3066 3536 vero
3086 3481 3249 3536 etiam
3281 3480 3492 3537 discere
3517 3483 3715 3548 velitis,
3744 3499 3896 3554 qum-

2297 3584 2420 3625 nam
2449 3571 2517 3624 sit
2537 3573 2780 3640 operatio
2796 3587 2897 3640 qua
2927 3571 3084 3628 Pater
3102 3583 3375 3642 operatur,
3397 3585 3451 3628 et
3467 3574 3633 3629 Filius
3649 3591 3893 3646 quoque;

2297 3661 2526 3718 dixerim
2558 3677 2678 3716 esse
2713 3662 3106 3733 providentiam
3138 3679 3268 3734 erga
3320 3679 3408 3719 res
3449 3679 3672 3731 omnes,
3701 3682 3894 3723 earum

2298 3755 2762 3811 conservationem
2791 3765 2846 3810 et
2873 3771 3081 3810 curam.
3115 3755 3246 3823 Quae
3270 3757 3414 3812 enim
3440 3756 3692 3813 videntur
3708 3759 3894 3814 omnia

2299 3863 2394 3904 sex
2420 3846 2631 3901 dierum
2660 3849 2833 3917 spatio
2877 3846 3018 3904 facta
3065 3858 3224 3915 sunt,
3259 3847 3322 3902 Et
3348 3850 3590 3918 requievit
3641 3851 3780 3904 Deus
3809 3851 3897 3906 die

2301 3942 2512 4011 septimo
2562 3939 2714 4014 (Gen.
2745 3939 2802 3994 2.
2841 3942 2932 4013 2);
2966 3941 3300 4012 providentia
3330 3952 3510 3997 autem
3540 3943 3754 3997 illorum
3785 3960 3895 4000 non

2302 4039 2585 4108 requievit.
2645 4036 2794 4092 llauc
2843 4035 3023 4106 itaque
3079 4030 3473 4104 providentiam
3519 4037 3897 4105 Operationem

2302 4139 2460 4186 vocat
2505 4130 2752 4185 Christus
2783 4169 2800 4194 ,
2846 4128 3036 4183 dicens
3089 4145 3104 4181 :
3159 4126 3321 4183 Pater
3358 4145 3500 4183 meus
3527 4139 3795 4198 operatur,
3843 4141 3896 4186 et

2302 4243 2395 4297 ego
2423 4242 2627 4294 operor,
2661 4224 2968 4294 providens,
3015 4239 3232 4290 curans,
3288 4225 3482 4295 inquit,
3526 4240 3892 4292 conservans.

2301 4320 2608 4379 emitimsns.
2631 4318 2762 4372 nihil
2790 4318 2975 4373 sinens
2999 4317 3190 4372 difﬂui.
3211 4319 3526 4389 Dogmatum
3552 4334 3682 4388 ergo
3713 4332 3889 4375 recto-

2303 4428 2422 4468 rum
2451 4411 2912 4466 demonstratione
2939 4411 3020 4465 vel
3041 4426 3106 4466 ει
3136 4412 3292 4467 dictis
3316 4421 3558 4482 accepta,
3579 4422 3898 4470 accuratum

2303 4508 2425 4560 vitae
2469 4505 2769 4560 institutum
2813 4513 2869 4558 et
2910 4503 3178 4573 dogmatis
3221 4519 3517 4574 congruum
3572 4503 3839 4561 addamus
3881 4525 3896 4562 :

2303 4596 2738 4667 quandoquidem
2776 4609 2883 4649 non
2936 4595 3132 4650 sufﬁcit
3175 4595 3333 4650 nobis
3378 4595 3446 4650 ad
3495 4597 3728 4652 salutem
3781 4599 3902 4654 sola

2305 4700 2578 4745 rectorum
2605 4687 2916 4757 dogmatum
2943 4687 3189 4750 scientia,
3223 4688 3318 4744 sed
3345 4703 3483 4758 opus
3503 4697 3589 4744 est
3617 4689 3727 4743 vita
3756 4705 3903 4759 quo-

2302 4798 2408 4854 que
2452 4783 2650 4853 optima
2675 4797 2690 4848 ;
2725 4793 2782 4836 ut
2811 4797 2908 4849 per
2947 4781 3127 4837 omnia
3151 4783 3262 4839 Deo
3287 4783 3514 4854 gloriam
3553 4782 3858 4840 referentes
3883 4825 3901 4848 ,

2305 4877 2568 4947 promissa
2602 4875 2741 4929 bona
2770 4889 3199 4944 consequamur:
3223 4875 3308 4930 cui
3338 4874 3508 4946 gloria
3533 4885 3588 4931 et
3611 4875 3900 4946 imperium

2309 4973 2360 5027 in
2389 4969 2582 5037 attenta
2611 4967 2952 5023 sreeulorom.
2980 4969 3174 5024 Amen.

1971 5261 2323 5324 HOMILIA
2368 5261 2453 5322 Χ.

617 5399 860 5468 Ejusdem
888 5402 1120 5467 Iwmilia,
1141 5404 1311 5459 habita
1328 5405 1380 5459 in
1399 5404 1610 5460 ecclesia
1645 5404 1896 5476 Apostoli,
1933 5415 2196 5476 postquam

691 5495 956 5564 eoiscOpus
984 5497 1158 5566 paucis
1178 5499 1502 5552 contionatus
1533 5498 1698 5568 fuerat
1725 5541 1740 5564 ,
1768 5499 1821 5552 in
1851 5497 1981 5550 illud
2009 5514 2029 5551 :
2056 5497 2196 5552 Mes-

679 5588 754 5641 sis
791 5587 1005 5654 quidem
1045 5589 1207 5644 multa
1232 5631 1248 5656 ,
1298 5591 1529 5660 Operarii
1558 5600 1734 5646 autem
1773 5588 1928 5659 pauci
1959 5591 1979 5659 (
2007 5587 2191 5643 Manli.

673 5679 728 5733 9.
757 5679 890 5748 57).

678 5771 730 5829 i.
750 5771 992 5826 Senectus
1011 5773 1059 5828 in
1083 5771 1308 5828 Ecclesia
1328 5774 1481 5829 utilis.
1508 5773 1772 5840 Quomodo
1795 5774 1857 5830 sit
1879 5774 2181 5828 etiumutilis

2299 5407 2560 5475 juventus.
2583 5435 2654 5446 --
2682 5404 2895 5460 Vidistis
2920 5419 3106 5462 senem
3137 5405 3384 5462 eumdem
3415 5417 3471 5464 et
3491 5407 3745 5479 juvenem
3768 5422 3784 5473 ;
3808 5422 3895 5462 se-

2307 5513 2428 5553 nem
2470 5512 2695 5566 corpore
2715 5539 2730 5562 ,
2768 5497 3020 5568 juvenem
3045 5497 3269 5554 animo?
3299 5498 3506 5554 vidistis
3535 5500 3795 5554 canitiem
3824 5500 3892 5552 vi-

2300 5602 2513 5660 gentem
2553 5601 2606 5644 et
2633 5599 2962 5645 senectutem
3006 5589 3202 5644 robore
3233 5590 3536 5659 vigentem?
3560 5589 3719 5645 Tales
3751 5591 3897 5644 enim

2301 5691 2421 5737 sunt
2437 5697 2522 5736 res
2538 5691 2940 5745 tiostr:e.coutra
2955 5697 3112 5754 quam
3124 5682 3264 5753 apud
3279 5693 3548 5738 externos.
3563 5689 3604 5738 Α
3615 5682 3716 5754 pud
3731 5693 3895 5736 exter-

2297 5787 2395 5830 nos
2434 5775 2574 5830 enim
2604 5787 2854 5831 senectus
2882 5775 3087 5832 inutilis
3110 5787 3228 5844 est;
3263 5787 3318 5832 ut
3342 5777 3496 5832 miles
3529 5777 3617 5848 qui
3648 5775 3716 5830 ad
3753 5776 3896 5830 illam
