4138 6452
254 338 364 403 515

246 463 435 528 πόλις.
468 463 591 517 Ὀτι
613 461 670 516 δέ
692 460 749 515 ἐν
777 461 894 524 ταῖς
924 459 1063 514 ἐπτα
1087 459 1344 532 ἡμέραις,
1367 457 1490 512 ὅθεν
1512 457 1578 512 ἂν
1603 454 1959 526 ποιησώμεθα

243 555 356 621 τὴν
389 550 571 624 ἀρχὴν
592 589 608 616 ,
645 549 862 620 ἀνάγκη
905 549 967 600 τὸ
1018 547 1294 600 σάϐϐατον
1343 546 1625 616 ἐμπεσεῖν,
1657 543 1821 596 παντί
1855 559 1959 595 που

243 641 439 710 δῆλον.
475 639 637 692 Ὅθεν
670 638 851 707 δῆλον,
888 638 970 690 ὅτι
994 636 1160 706 ἐλύθη
1185 636 1246 688 τὸ
1284 633 1577 688 σάϐϐατον.
1608 633 1778 684 Πάλιν
1803 647 1960 702 περι-

241 727 559 798 τέμνεσθαι
592 725 844 780 ἐκέλευεν
881 724 1169 796 ἄνθρωπον
1200 725 1265 793 τῇ
1303 722 1468 794 ὀγδόῃ
1498 721 1711 792 ἡμέραο
1746 720 1960 788 ἀνάγκη

246 819 355 871 καὶ
405 813 645 868 ἐνταῦθα
685 815 849 868 πάλιν
899 812 962 865 τὸ
998 811 1270 865 σάϐϐατον
1316 810 1580 864 λύεσθαι·
1624 810 1716 863 τὸν
1756 808 1864 880 γὰρ
1905 809 1962 860 ἐν

252 904 522 974 σαϐϐάτῳ
544 901 807 972 τεχθέντα
837 902 1051 971 ἀνάγκη
1082 900 1160 969 τῷ
1189 899 1362 971 ἐτέρῳ
1397 899 1657 970 σαϐϐάτῳ
1684 916 1751 952 πε
1762 915 1962 970 ριτμη-

250 995 445 1064 θῆναι.
479 995 540 1046 Οί
586 993 643 1046 δέ
691 991 857 1060 ἱερεῖς
895 991 989 1043 καὶ
1033 988 1172 1059 μετά
1219 988 1466 1052 πλείονος
1503 988 1604 1058 τῆς
1643 985 1965 1058 περιουσίας

251 1083 395 1135 αὐτὸ
430 1081 586 1134 έλυον
610 1120 624 1143 ,
664 1076 822 1150 [586]
859 1077 952 1130 καὶ
1001 1089 1026 1117 ι
1068 1076 1228 1129 πάλιν
1260 1074 1452 1129 θυσίαν
1492 1077 1550 1128 ἐν
1583 1075 1840 1144 σαϐϐάτῳ
1874 1091 1966 1127 κε-

252 1169 550 1240 λευόμενοι
599 1165 900 1236 ἀναφέρειν
923 1181 936 1194 ο
975 1165 1110 1217 ὅπου
1157 1163 1213 1216 δέ
1247 1163 1426 1228 θυσία,
1462 1164 1556 1216 καὶ
1595 1162 1838 1234 ἐκδέρειν
1871 1161 1964 1215 καὶ

253 1262 464 1320 καίειν,
509 1257 606 1312 καὶ
660 1255 966 1310 ἐπιτιθέναι
1012 1254 1428 1325 θυσιαστηρίῳ,
1474 1254 1569 1308 καὶ
1615 1253 1963 1328 ὑδροφορεῖν,

253 1351 354 1404 καὶ
408 1347 544 1415 ξύλα
588 1346 839 1415 διακλᾷν,
895 1344 991 1396 καὶ
1052 1344 1266 1413 τέφραν
1314 1341 1594 1414 ἐκφέρειν,
1659 1343 1752 1395 καὶ
1799 1342 1966 1414 ἕτερα

255 1436 489 1490 πλείονα
540 1435 718 1486 ποιεῖν
753 1432 968 1504 ἀνάγκη
1006 1427 1094 1502 ἦν,
1141 1433 1235 1484 καὶ
1275 1430 1365 1484 διά
1417 1429 1574 1484 τοῦτο
1605 1430 1666 1483 τὸ
1697 1429 1966 1484 σάϐϐατον

253 1524 510 1578 λύεσθαι.
558 1521 717 1576 Μετὰ.
748 1519 955 1573 τούτων
1001 1521 1093 1574 καὶ
1143 1521 1176 1592 ἠ
1226 1520 1403 1583 κτίσις
1430 1518 1568 1590 αὐτὴ
1602 1517 1662 1571 τὸ
1698 1518 1966 1572 σάϐϐατον

255 1614 388 1667 ἔλυε
411 1631 422 1641 ·
464 1613 561 1666 καὶ
589 1611 702 1682 γὰρ
734 1610 884 1681 ἣλιος
916 1609 1210 1679 ἐργάζεται
1244 1609 1302 1662 ἐν
1334 1608 1610 1678 σαϐϐάτῳ,
1641 1608 1735 1661 καὶ
1768 1608 1965 1678 σελήνη

253 1703 469 1775 τρέχει,
499 1700 596 1754 καὶ
652 1699 682 1750 6
733 1697 976 1762 ποικίλος
1023 1697 1133 1750 τῶν
1184 1699 1399 1768 ἄστρων
1439 1697 1621 1766 φαίνει
1658 1695 1839 1767 χορὸς,
1872 1695 1966 1748 καὶ

257 1793 455 1861 ἀνεμοι
488 1789 735 1847 πνέουσι,
769 1787 863 1840 καὶ
895 1785 1070 1856 πηγαὶ
1105 1785 1352 1858 βρύουσι,
1378 1786 1473 1838 καὶ
1503 1787 1738 1855 ποταμοὶ
1761 1784 1964 1856 ῥέουσι,

255 1880 359 1934 καὶ
391 1879 634 1932 θάλαττα
663 1877 919 1938 κινεῖται,
956 1875 1050 1927 καὶ
1086 1873 1376 1944 σπέρματα
1411 1872 1718 1926 ἀναδίδοται
1753 1873 1844 1925 καὶ
1866 1891 1968 1942 φυο-

256 1967 350 2030 τά,
390 1965 486 2018 καὶ
531 1966 564 2035 ἡ
611 1962 687 2032 γῆ
739 1961 916 2014 τίκτει
957 1960 1050 2014 καὶ
1083 1960 1155 2013 τά
1182 1960 1352 2028 ἀλογα
1389 1961 1628 2023 ᾶπαντα,
1665 1957 1743 2011 ἔτι
1785 1958 1842 2012 δὲ
1874 1959 1968 2012 καὶ

267 2054 323 2106 τὸ
355 2053 466 2105 τῶν
503 2049 812 2124 ἀνθρώπων
841 2049 1016 2117 γένος.
1057 2047 1328 2101 Οὐδέποτε
1356 2047 1486 2118 γὰρ,
1518 2045 1775 2114 γυναικὸς
1803 2045 1966 2100 κυού-

265 2157 370 2210 σης
403 2142 460 2193 ἐν
496 2139 774 2209 σαϐϐάτῳ.
810 2141 844 2208 ἡ
879 2136 1041 2206 φύσις
1074 2137 1328 2207 ἀνέμεινε
1372 2137 1464 2189 τὸν
1510 2135 1694 2204 νόμον,
1735 2135 1831 2188 καὶ
1880 2135 1968 2200 ἐξ·

274 2227 494 2292 εδέξατο
541 2226 830 2299 παρελθεῖν
863 2227 924 2279 τὸ
960 2225 1250 2287 σάϐϐατον,
1285 2223 1378 2277 καὶ
1425 2223 1546 2276 τότε
1594 2223 1822 2294 λυθῆναι
1869 2223 1966 2287 τὰς

279 2315 504 2381 ὠδῖνας,
528 2315 656 2368 ἀλλά
683 2313 973 2384 εἰργάζετο
1009 2312 1070 2365 τὸ
1119 2311 1316 2382 ἑαυτῆς
1357 2310 1516 2382 ἔργον
1565 2311 1658 2363 καὶ
1694 2309 1966 2363 σαϐϐάτου

274 2404 454 2467 ὄντος.
495 2403 601 2456 Καὶ
627 2404 680 2456 αί
709 2403 824 2456 ἄνω
863 2403 919 2455 δέ
950 2401 1210 2472 δυνάμεις
1247 2393 1644 2470 ὑπηρετοῦνται
1675 2400 1732 2450 ἐν
1763 2398 1960 2451 σαϐϐά-

263 2506 372 2562 τῳ,
410 2491 504 2544 καὶ
525 2491 585 2544 ού
607 2491 1028 2561 διαλιμπάνουσι
1053 2491 1152 2558 τὴν
1173 2487 1449 2541 διακονίαν
1473 2487 1571 2559 τὴν
1599 2487 1808 2541 ἑαυτῶν
1830 2485 1970 2558 πλη-

264 2578 484 2650 ροῦσαι.
520 2579 677 2643 Τίνος
708 2575 802 2631 οῦν
826 2577 1038 2642 ἕνεκεν,
1075 2575 1195 2629 εἰπέ
1230 2593 1340 2646 μοι,
1379 2574 1648 2638 τοσαύτας
1671 2573 1810 2644 ἔχων
1830 2575 1968 2628 ἀπο-

263 2667 455 2736 λογίας
490 2667 784 2738 ἀφορμάς,
823 2664 1051 2736 οὐδεμία
1082 2663 1288 2717 τούτων
1324 2663 1608 2734 κέχρηται,
1640 2663 1760 2716 οὐδὲ
1799 2661 1968 2731 λέγει,

259 2755 329 2809 Τί
353 2773 446 2826 μοι
476 2755 782 2823 ἐγκαλεῖτε,
819 2754 901 2807 ὅτι
949 2753 1062 2806 λύω
1094 2751 1154 2806 τὸ
1191 2752 1496 2815 σάϐϐατονς
1529 2752 1622 2804 καὶ
1661 2753 1771 2823 γάρ
1799 2753 1847 2806 οἱ
1890 2753 1968 2805 ίε-

265 2845 385 2914 ρεῖς
412 2844 472 2895 ἐν
513 2843 828 2914 Ἱεριχοῦντι
854 2841 1073 2906 ἔλυσαν,
1104 2840 1199 2894 καὶ
1231 2842 1280 2894 οί
1311 2841 1370 2893 ἐν
1399 2839 1476 2912 τῷ
1509 2838 1639 2911 ἱερῷ
1672 2839 1856 2894 λύουσι
1878 2856 1890 2869 °
1915 2840 1969 2894 τί

268 2949 362 3004 μοι
400 2931 714 3000 ἐγκαλεῖτε,
745 2931 828 2985 ὅτι
875 2930 990 2984 λύω
1039 2929 1342 2996 σάϐϐατον;
1375 2931 1472 2982 καὶ
1505 2929 1614 3001 γάρ
1657 2930 1809 3000 ἥλιος
1852 2929 1968 2984 λύει

265 3023 366 3074 καὶ
401 3022 604 3091 σελήνη
653 3022 750 3074 καὶ
790 3019 1024 3091 ἀστέρες
1056 3019 1152 3072 καὶ
1185 3021 1335 3072 πάσα
1369 3019 1402 3089 ή
1435 3017 1634 3082 κτίσις,
1667 3019 1762 3072 καὶ
1790 3021 1822 3092 ἡ
1856 3018 1970 3074 ἀνω

261 3111 365 3164 καὶ
397 3113 430 3181 ἡ
463 3110 653 3164 κάτω’
682 3108 822 3163 ἀλλά
853 3108 1032 3163 πάντα
1066 3105 1240 3162 ταῦτα
1279 3108 1460 3177 ἀφεὶς,
1491 3107 1584 3160 ἐπὶ
1614 3107 1706 3160 τὸν
1750 3109 1972 3180 Πατέρα

261 3195 454 3272 ἦλθεν,
480 3199 658 3268 λέγων
679 3215 692 3229 ·
741 3199 797 3252 '0
831 3197 1036 3267 Πατήρ
1059 3215 1182 3268 μου
1211 3194 1530 3266 ἐργάζεται,
1555 3196 1715 3268 κάγὼ
1736 3195 1972 3267 ἐργάζο-

258 3306 394 3360 μαι.
421 3289 500 3341 Οὑ
528 3287 640 3359 γάρ
668 3286 734 3358 δὴ
768 3285 1216 3359 ἀπολογήσασθαι
1243 3285 1496 3340 ἐϐούλετο
1517 3285 1700 3357 μόνον,
1723 3286 1858 3340 ἀλλὰ
1879 3287 1975 3340 καὶ

261 3382 368 3454 τὴν
403 3380 677 3451 ἰσοτιμίαν
719 3376 912 3447 δεῖξαι.
946 3379 1045 3432 Διὰ
1088 3378 1249 3433 τοῦτο
1291 3379 1388 3432 οὐκ
1421 3372 1971 3450 εἷπεν,Ἐργάζομαι,

262 3470 363 3524 καὶ
403 3468 514 3539 γὰρ
544 3471 579 3540 ἡ
612 3467 793 3532 κτίσις
835 3465 1166 3540 ἐργάζεται·
1216 3465 1277 3518 οὐ
1328 3465 1436 3536 γάρ
1469 3459 1538 3536 ἦν
1570 3465 1668 3535 τῆς
1702 3465 1934 3529 κτίσεως
1956 3481 1970 3493 “

261 3555 794 3628 ἀλλ’,⁹Εργάζομαι,
825 3557 921 3609 καὶ
953 3555 1064 3626 γάρ
1089 3556 1117 3608 6
1143 3552 1334 3625 Πατὴρ
1374 3552 1686 3625 ἐργάζεται.
1721 3554 1834 3624 Τῆς
1864 3555 1974 3626 γὰρ

259 3646 464 3708 οὐσίας
495 3644 714 3714 ἐκείνης
737 3638 805 3714 ἦν
830 3642 924 3695 καὶ
952 3642 1052 3712 τῆς
1079 3640 1348 3707 ἐξουσίας.

340 3735 406 3789 δ’.
451 3733 554 3786 Διά
592 3731 750 3785 τοῦτο
791 3731 891 3801 οὐχ
929 3729 1006 3793 ὡς
1054 3728 1157 3799 τῆς
1203 3729 1434 3794 κτίσεως
1479 3727 1556 3782 ὢν
1601 3729 1972 3798 ἀπολογεῖται,

268 3821 392 3878 ἀλλ’
425 3822 506 3884 ὡς
542 3820 752 3874 ἐκείνου
803 3819 1052 3889 γέννημα
1099 3819 1338 3887 γνήσιον.
1378 3818 1487 3871 Καὶ
1525 3818 1612 3871 ἵνα
1667 3817 1845 3889 μάθῃς
1891 3819 1974 3871 ὅτι

269 3911 333 3963 οὐ
371 3907 686 3980 στοχασμὸς
721 3905 790 3961 τά
817 3905 1106 3978 εἰρημένα,
1137 3905 1334 3960 ἔλυσάν
1370 3922 1498 3959 ποτε
1534 3907 1628 3960 καὶ
1655 3907 1704 3959 οἱ
1735 3906 1975 3977 μαθηταὶ

266 4000 333 4053 τὸ
363 3998 644 4052 σάϐϐατον
676 3995 947 4059 τίλλοντες
983 3994 1221 4065 στάχυας
1251 3995 1346 4048 καὶ
1370 3994 1659 4058 ἐσθίοντες,
1687 3996 1783 4047 καὶ
1810 3996 1976 4064 ἐγκα-

267 4087 515 4141 λούντων
548 4084 657 4138 τῶν
697 4083 967 4138 Ἰουδαίων
996 4083 1088 4136 καὶ
1130 4082 1558 4153 λέγοντων-Οὐχ
1587 4083 1718 4153 ὁρᾷς
1748 4083 1806 4136 ἐν
1842 4081 1975 4136 σαϐ-

267 4177 430 4246 ϐάτῳ
483 4173 538 4226 τί
583 4167 730 4226 οὗτοι
775 4169 1052 4238 ποιοῦσιν;
1084 4170 1322 4241 οὐδαμοῦ
1361 4168 1454 4221 τοῦ
1485 4169 1698 4240 Πατρός
1729 4167 1973 4240 ἐμνήσθη

269 4266 415 4328 ἐκεῖ,
447 4262 589 4316 ἀλλά
611 4261 665 4314 τί
693 4277 891 4330 (mana;
919 4261 1041 4312 Οὐκ
1070 4259 1368 4328 ἀνέγνωτε
1399 4257 1456 4310 τί
1482 4257 1734 4324 ἐποίησε
1767 4256 1972 4319 Δαυῒδ,

270 4356 376 4410 ὅτε
411 4354 738 4415 ἐπείνασε;
774 4347 902 4416 πῶς
929 4347 1182 4416 εἰσῆλθε
1200 4347 1247 4413 δ,
1281 4347 1378 4400 καί
1417 4345 1560 4412 τοὺς
1594 4345 1818 4414 ἄρτους
1862 4345 1974 4414 τῆς

271 4441 619 4513 προθέσεως
663 4440 909 4508 ἔφαγεν,
952 4436 1060 4502 οὓς
1101 4437 1211 4490 οὐκ
1255 4435 1402 4500 ἐξὸν
1441 4434 1602 4501 αὐτῷ
1642 4431 1723 4504 ἦν
1761 4433 1976 4504 φαγεῖν

271 4530 376 4584 καὶ
403 4528 532 4594 τοῖς
550 4527 680 4597 μετ’
703 4525 924 4586 αὐτοῦς
947 4526 1058 4578 οὐκ
1079 4523 1376 4594 ἀνέγνωτε
1401 4522 1490 4576 ὅτι
1521 4524 1576 4576 οι
1595 4521 1771 4589 ἱερεῖς
1801 4523 1871 4575 ἐν
1896 4522 1975 4588 τῷ

273 4617 417 4688 ιε·ρῷ
459 4618 526 4671 τὸ
568 4615 878 4669 σάϐϐατον
908 4612 1249 4680 ,ϐεϐηλοῦσι
1273 4654 1290 4677 ,
1333 4612 1431 4665 καὶ
1477 4611 1734 4665 ἀναίτιοί
1773 4614 1932 4664 εἰσιν
1955 4627 1975 4676 ;

285 4708 456 4780 Ὁρᾷς
487 4703 630 4770 πῶς,
659 4703 749 4757 ὅτε
799 4701 899 4774 μέν
949 4700 1091 4773 ὑπὲρ
1126 4699 1238 4754 τῶν
1267 4699 1470 4754 δούλων
1500 4701 1734 4752 ποιεῖται
1761 4699 1854 4753 τὸν
1883 4698 1975 4752 λό-

343 4856 371 4884 ⁸
401 4852 684 4903 Delendum
707 4849 788 4899 καί
812 4852 868 4897 ιιι
891 4849 1086 4910 legatur
1109 4848 1243 4896 ἔλυον
1273 4846 1414 4910 πάλιν
1437 4847 1683 4910 (tamtam...

339 4917 373 4958 δ
397 4915 520 4965 Bibl.
545 4916 649 4970 πῶς
670 4913 884 4970 εἰσῆλθεν
908 4907 973 4967 εἰς
992 4911 1073 4958 τὸν
1096 4910 1228 4958 οἶκον
1245 4907 1332 4958 τοῦ
1355 4907 1501 4958 θεοῦ.

1012 339 1056 396 Χ
1098 337 1406 406 IIOMILIA,
1443 337 1510 394 IN
1550 337 1780 403 ILLUD,
1824 334 1962 392 MES

2072 363 2075 381 ι
2122 333 2387 403 QUIDEM
2459 335 2722 406 MULTA,
2761 337 2896 395 ETC

3661 336 3769 399 5|0

2063 471 2178 522 γον,
2210 455 2337 518 τοὺς
2374 455 2592 520 δούλους
2635 456 2716 519 είς
2749 456 2913 526 μέσον
2944 455 3124 528 φέρει.
3159 454 3251 510 τὸν
3287 455 3456 510 Δαυῖδ
3497 455 3592 512 καὶ
3639 460 3768 524 τούς

2067 543 2276 614 ἱερέας’
2310 543 2398 596 ὅτε
2429 543 2484 596 δέ
2518 545 2654 615 ὑπὲρ
2687 542 2906 609 ἐαυτοῦ,
2933 544 3025 597 τὸν
3067 545 3322 614 Πατέρα;
3359 544 3418 598 El
3451 545 3508 598 δέ
3541 563 3642 599 που
3669 549 3766 600 καὶ

2065 632 2280 704 ἑτέραις
2311 633 2577 704 κέχρηται
2609 633 2948 703 ἀπολογίαις,
2983 635 3058 696 ῶς
3105 635 3233 688 ὅταν
3277 635 3413 708 λέγῃ
3436 652 3451 666 ⁸
3499 638 3566 691 El
3598 652 3766 706 περι-

2064 721 2256 789 τομὴν
2297 721 2586 790 λαμϐάνει
2633 721 2944 790 ἄνθρωπος
2967 763 2982 786 ,
3020 723 3148 793 ἐμοὶ
3191 723 3412 791 χολᾶτε
3435 766 3451 791 ,
3487 724 3576 778 ὅτι
3618 726 3769 781 ὅλίν

2062 810 2384 878 ἄνθρωπον
2420 809 2557 880 ὑγιῆ
2584 810 2966 879 ἐποιησάμην
2995 812 3064 864 ἑν
3099 811 3413 880 σαϐϐάτῳξ
3446 813 3540 868 καὶ
3569 814 3729 869 πάλιν
3747 832 3762 846 ·

2075 899 2168 963 Τίς
2214 897 2278 961 ἐξ
2324 897 2490 967 ὑμῶν
2517 899 2710 964 ἐστιν,
2749 899 2818 964 ὂς
2858 903 2931 954 οὐ
2973 900 3107 954 λύει
3153 900 3220 955 τὸ
3247 903 3548 969 πρόϐατον
3575 904 3767 959 αὑτοῦ

2066 987 2165 1039 καί
2188 988 2294 1039 τὸν
2314 987 2514 1052 βοῦν;
2538 987 2687 1040 οὐδὲν
2712 987 3026 1058 θαυμαστόν
3048 1004 3061 1018 ·
3094 989 3156 1042 οὑ
3186 988 3296 1062 γὰρ
3318 989 3495 1043 πάντα
3513 991 3588 1055 ὡς
3607 990 3764 1057 Θεὸς,

2065 1074 2182 1128 ἀλλ’
2211 1074 2361 1128 ἔστιν
2391 1075 2525 1127 ὅπου
2553 1076 2648 1128 καὶ
2675 1075 2750 1130 ὡς
2780 1074 3068 1147 ἄνθρωπος
3101 1076 3428 1146 διαλέγεται,
3459 1079 3646 1149 ἐπειδὴ
3669 1079 3765 1133 καὶ

2067 1163 2199 1226 Θεὸς
2233 1164 2327 1217 καὶ
2365 1163 2460 1217 ἄνθ
2473 1180 2654 1234 ρωπος
2695 1157 3066 1234 ἦν.Ἐνταῦθα
3097 1164 3280 1235 μέντοι
3315 1165 3450 1236 πρὸς
3474 1166 3574 1238 τὴν
3607 1167 3765 1233 ἀξίαν

2066 1251 2162 1322 τὴν
2195 1251 2388 1306 ἐαυτοῦ
2426 1252 2720 1321 φθέγγεται
2746 1252 2950 1321 λέγων’
2998 1253 3051 1305 '0
3082 1253 3283 1322 Πατήρ
3312 1272 3432 1325 μου
3479 1255 3592 1322 ἕως
3631 1255 3766 1324 ἄρτι

2064 1341 2363 1410 ἐργάζεται
2401 1339 2565 1410 κάγὼ
2587 1338 2919 1410 ἐργάζομαι.
2953 1340 3052 1394 Διά
3078 1340 3234 1395 τοῦτό
3271 1359 3436 1414 φησιν
3469 1345 3496 1396 6
3530 1343 3766 1414 εὐαγγε-

2066 1428 2554 1502 λιστὴς,⁹Εδίωκον
2583 1431 2746 1485 αὐτὸν
2779 1432 2828 1484 οί
2873 1431 3137 1495 Ἰουδαῖοι,
3167 1432 3228 1485 οὐ
3267 1432 3427 1504 μόνον
3455 1434 3537 1487 ὅτι
3561 1434 3682 1488 ἔλυε
3703 1435 3768 1489 τὸ

2069 1520 2360 1586 σάϐϐατον,
2397 1519 2510 1574 ἀλλ’
2535 1518 2618 1573 ὅτι
2641 1521 2737 1573 καὶ
2767 1519 2989 1590 Πατέρα
3020 1520 3148 1573 ἴδιον
3178 1519 3332 1590 ἔλεγε
3353 1521 3444 1574 τὸν
3471 1521 3626 1586 Θεὸν,
3652 1525 3766 1578 ἴσον

2068 1608 2261 1662 ἐαυτὸν
2299 1607 2470 1662 ποιῶν
2503 1607 2583 1677 τῷ
2617 1607 2758 1679 Θεῷ.
2778 1607 2921 1678 Ἐγὼ
2953 1607 3008 1662 δὲ
3052 1610 3276 1664 κάκεῖνο
3310 1610 3480 1681 ἡδέως
3514 1610 3580 1664 ἂν
3625 1610 3769 1683 ἐροί-

2075 1713 2182 1766 μην
2215 1697 2306 1750 τὸν
2332 1696 2606 1769 αἱρετικόν
2627 1715 2639 1726 ·
2676 1697 2897 1768 Πατέρα
2937 1697 3068 1750 ἴδιον
3103 1696 3254 1764 ἔλεγε
3281 1697 3372 1750 τὸν
3402 1697 3556 1764 Θεὸν,
3597 1698 3630 1770 ἢ
3661 1700 3765 1754 οὑκ

2070 1784 2262 1854 ἔλεγες
2289 1785 2386 1856 τῆς
2432 1785 2732 1856 Ἰουδαϊκῆς
2762 1784 3016 1848 ὑπονοίας
3041 1783 3199 1838 τοῦτο
3236 1781 3327 1857 ἦν,
3357 1785 3389 1857 ἢ
3420 1789 3520 1858 τῆς
3553 1787 3768 1855 ἀποφά-

2073 1891 2211 1936 σεως
2239 1873 2332 1926 τοῦ
2364 1872 2632 1946 Χριστοῦ;
2667 1873 2774 1927 κᾶν
2806 1872 2914 1944 γάρ
2947 1874 3206 1945 μυριάκις
3235 1875 3590 1946 ἀναισχυντῇ.
3614 1876 3766 1948 παρά

2069 1962 2167 2033 τῆς
2195 1961 2455 2033 ἀληθείας
2477 1962 2778 2033 ἐλέγχεται.
2801 1961 2926 2034 [387
2939 1977 2953 2034 J
2973 1962 3218 2031 Ἔλεγεν,
3238 1963 3318 2016 ὅτι
3345 1963 3397 2015 '0
3425 1964 3626 2034 Πατήρ
3645 1985 3768 2036 μου

2069 2053 2179 2119 ἕως
2201 2052 2332 2121 ἄρτι
2353 2051 2672 2123 ἐργάζεται,
2699 2051 2862 2122 κάγὼ
2891 2050 3203 2122 ἐργάζομαι
3223 2071 3235 2084 ·
3263 2053 3384 2106 ἐλυε
3405 2053 3466 2107 τὸ
3493 2055 3766 2112 σάϐϐατον

2070 2140 2220 2211 ἢούκ
2247 2140 2398 2192 ἔλυεν
2420 2157 2434 2206 ;
2467 2139 2703 2212 Εὔδηλον
2722 2142 2804 2195 ὅτι
2826 2140 2978 2193 ἔλυεν
2998 2157 3012 2170 ο
3026 2140 3381 2215 Ἐργάζομαι.
3396 2161 3468 2214 φη
3480 2144 3550 2207 σὶ,
3573 2147 3766 2200 κάκεῖο

2070 2245 2160 2292 νος
2206 2227 2518 2300 ἐργάζεται.
2555 2229 2765 2282 Οὐκοῦν
2794 2228 3076 2302 οὐδέτερον
3106 2228 3312 2283 τούτων
3360 2231 3461 2300 τῆς
3505 2234 3766 2300 ὑπονοίας

2068 2310 2138 2387 ἦν
2184 2317 2284 2386 τῆς
2323 2316 2641 2388 Ἰουδαῖκῆς,
2667 2317 2804 2371 ἀλλὰ
2849 2317 2949 2386 τῆς
2981 2315 3076 2371 τοῦ
3127 2317 3367 2389 Χριστοῦ
3419 2325 3766 2394 κατασκευῆς

2069 2423 2129 2459 τε
2181 2407 2275 2461 καὶ
2322 2407 2671 2476 ἀποφάσεως,
2706 2407 2802 2461 καὶ
2836 2408 2896 2460 τὸ
2942 2405 3089 2460 λύειν
3138 2406 3197 2462 τὸ
3243 2408 3533 2476 σάϐϐατον,
3564 2413 3660 2466 καὶ
3706 2413 3768 2466 τὸ

2071 2493 2293 2566 Πατέρα
2323 2494 2453 2548 ἴδιον
2477 2494 2658 2564 λέγειν
2684 2496 2774 2549 τὸν
2793 2495 2947 2549 Θεόν.
2968 2495 3094 2559 Πῶς
3120 2493 3232 2560 οῦν,
3263 2497 3434 2551 ταῦτα
3464 2498 3638 2568 λέγων
3664 2499 3766 2570 τῆς

2071 2582 2403 2652 ἀποφάσεως
2440 2578 2580 2636 εἶναι
2608 2583 2702 2636 τοῦ
2734 2583 2989 2654 Χριστοῦ,
3019 2586 3196 2638 ἐκεῖνο
3221 2585 3321 2656 τῆς
3351 2585 3460 2640 τῶν
3495 2588 3767 2643 Ἰουδαίων

2073 2671 2330 2734 ὑπονοίας
2354 2671 2554 2740 λέγεις,
2578 2673 2776 2742 ἐφεξῆς
2802 2673 3052 2743 κείμενον
3080 2673 3175 2726 καὶ
3199 2676 3545 2747 συνημμένον
3569 2676 3764 2750 τούτῳ,

2071 2761 2167 2814 καὶ
2184 2759 2385 2832 ὁμοίως
2405 2760 2828 2832 ἀπηγγελμένον
2850 2779 2924 2814 πα
2932 2761 3000 2832 ρὰ
3016 2760 3106 2815 τοῦ
3132 2762 3518 2834 εὐαγγελιστοῦ
3541 2781 3554 2830 ;
3582 2765 3767 2821 Πάντα

2070 2851 2180 2920 γὰρ
2230 2847 2406 2902 ταῦτα
2453 2849 2764 2918 ἀπαγγελία
2814 2848 2909 2902 τοῦ
2955 2849 3343 2918 εὐαγγελιστοῦ
3389 2852 3558 2918 ἐστιν,
3592 2855 3768 2928 ἑρμη-

2071 2938 2319 3002 νεύοντος
2348 2937 2416 2991 τά
2456 2939 2607 3011 παρά
2635 2938 2728 2992 τοῦ
2766 2937 3005 3009 Χριστοῦ
3040 2940 3329 3012 εἰρημένα.
3365 2941 3459 2994 Διὸ
3499 2945 3594 2996 καὶ
3638 2945 3770 2997 Ἰου-

2072 3025 2237 3083 δαίων
2281 3027 2658 3096 ἐγκαλούντων
2691 3027 2896 3096 ἐλεγεν,
2932 3028 3014 3081 ὅτι
3045 3029 3269 3082 ἐδίωκον
3298 3030 3482 3095 αὐτὸν,
3507 3032 3566 3084 οὐ
3605 3032 3768 3103 μόνον

2072 3119 2157 3172 ὅτι
2183 3117 2304 3170 ἔλυε
2331 3117 2391 3170 τὸ
2423 3116 2714 3180 σάϐϐατον,
2752 3117 2870 3170 ἀλλ’
2897 3118 2980 3170 ὅτι
3008 3117 3101 3170 καὶ
3128 3118 3347 3190 Πατέρα
3381 3120 3576 3173 ἐαυτοῦ
3611 3122 3767 3192 ἔλεγε

2072 3205 2166 3258 τὸν
2212 3204 2366 3267 Θεὸν,
2396 3205 2509 3258 ἴσον
2554 3204 2745 3258 ἐαυτὸν
2793 3203 2963 3259 ποιῶν
2998 3205 3076 3277 τῷ
3112 3205 3252 3277 Θεῷ.
3271 3207 3410 3260 Ἀλλ’
3439 3209 3467 3260 ὁ
3493 3209 3592 3280 μὲν
3622 3211 3768 3266 κατά

2073 3293 2183 3348 τῶν
2210 3292 2502 3365 αἱρετικῶν
2528 3292 2746 3364 ἐλεγχος
2770 3293 2974 3364 ἀρκοῦν
3013 3295 3126 3366 ἔχει
3169 3297 3231 3349 τὸ
3270 3296 3453 3359 τέλος·
3491 3299 3538 3350 εί
3564 3298 3620 3351 δέ
3649 3299 3769 3366 $06-

2073 3383 2232 3438 λεσοε
2265 3385 2358 3437 καὶ
2390 3383 2489 3454 τὴν
2518 3384 2784 3457 ἐργασίαν
2825 3384 3016 3454 μαθεῖν
3055 3386 3135 3449 τίς
3167 3385 3297 3439 ποτέ
3326 3387 3472 3440 ἐστιν
3502 3389 3568 3458 ἣν
3597 3390 3624 3441 6
3656 3389 3772 3443 [Ιαο

2073 3472 2180 3544 τὴρ
2219 3471 2531 3543 ἐργάζεται,
2567 3471 2660 3526 καὶ
2693 3472 2761 3544 ἣν
2793 3475 2820 3525 6
2852 3473 2998 3537 Υἱὸς,
3031 3474 3130 3544 τὴν
3171 3474 3427 3544 πρόνοιαν
3455 3475 3666 3546 εἴποιμι
3701 3477 3768 3532 ἂν

2063 3560 2184 3626 ,τῶν
2223 3559 2415 3626 ὄντων,
2447 3559 2546 3630 τὴν
2591 3559 2974 3630 διακράτησιν,
3020 3562 3120 3631 τὴν
3165 3563 3512 3633 κηδεμονίαν.
3551 3565 3631 3618 Τά
3668 3565 3770 3635 μὲν

2075 3646 2184 3717 γὰρ
2214 3647 2515 3718 φαινόμενα
2542 3647 2720 3701 πάντα
2753 3649 2810 3699 ἐν
2839 3647 2899 3713 ἓξ
2929 3649 3166 3720 ἡμέραις
3197 3651 3391 3720 γέγονε
3412 3669 3425 3682 ’
3475 3653 3581 3706 Καὶ
3627 3671 3770 3706 κατ-

2075 3737 2350 3791 έπαυσεν
2383 3739 2416 3791 ό
2447 3737 2593 3803 Θεὸς
2625 3737 2695 3790 ἐν
2740 3735 2815 3805 τῇ
2839 3738 3028 3805 ἡμέρᾳ
3073 3737 3148 3807 τῇ
3186 3739 3406 3810 ἐϐδόμῃ
3429 3759 3441 3772 ·
3483 3743 3518 3811 ἡ
3551 3741 3608 3795 δὲ
3642 3741 3773 3814 πρό-

2076 3844 2198 3881 νοια
2235 3826 2416 3881 αὐτῶν
2451 3827 2552 3880 οὐκ
2582 3826 2880 3880 ἐπαύσατο.
2914 3826 3129 3898 Ταύτην
3158 3829 3338 3881 τοίνυν
3378 3829 3478 3900 τὴν
3509 3830 3769 3902 πρόνοιαν

2077 3915 2343 3988 ἐργασίαν
2371 3915 2530 3970 καλεῖ
2551 3919 2579 3968 6
2606 3915 2862 3987 Χριστὸς,
2888 3915 3066 3985 λέγων
3085 3933 3100 3950 ο
3136 3918 3190 3969 '0
3219 3917 3423 3985 Πατήρ
3445 3935 3566 3988 μου
3594 3919 3771 3988 ἐργά-

2077 4003 2255 4068 ζεται,
2299 4004 2462 4073 κάγὼ
2510 4001 2839 4074 ἐργάζομαι,
2871 4005 3135 4076 προνοῶν,
3168 4005 3486 4076 κηδόμενος,
3537 4005 3769 4082 διακρα-

2077 4097 2210 4164 τῶν,
2243 4099 2398 4169 φησὶ,
2426 4098 2691 4169 συνέχων,
2725 4097 2881 4150 οὐδὲν
2929 4099 3111 4166 ἀφιεὶς
3158 4097 3500 4170 διαρρυῆναι.
3531 4099 3772 4170 Δεξάμε-

2077 4203 2159 4239 νοι
2205 4186 2496 4257 τοιγαροῦν
2545 4185 2656 4238 τῶν
2700 4185 2876 4257 ὀρθῶν
2925 4185 3212 4256 δογμάτων
3241 4187 3339 4256 τὴν
3364 4187 3638 4251 ἀπόδειξιν
3676 4187 3772 4241 καὶ

2078 4275 2144 4328 ἐκ
2191 4272 2300 4327 τῶν
2347 4273 2674 4344 εἰρημένων,
2703 4273 2906 4346 ἀκριϐῆ
2937 4271 3212 4326 πολιτείαν
3242 4273 3337 4326 καὶ
3365 4272 3770 4344 συμϐαίνουσαν

2077 4363 2191 4425 τοῖς
2241 4359 2472 4432 δόγμασι
2518 4359 2878 4432 προσθῶμενο
2925 4361 3226 4434 ἐπειδήπερ
3275 4360 3376 4414 οὐκ
3425 4362 3585 4432 ἀρκεῖ
3635 4361 3772 4433 πρὸς

2081 4449 2353 4522 σωτηρίαν
2410 4450 2542 4520 ἡμῖν
2595 4448 2730 4520 μόνη
2785 4449 2819 4516 ὴ
2865 4449 2974 4502 τῶν
3019 4448 3196 4521 ὀρθῶν
3223 4447 3506 4520 δογμάτων
3543 4449 3768 4518 γνῶσις,

2079 4537 2219 4592 ἀλλά
2263 4538 2344 4591 δεῖ
2387 4538 2484 4592 καὶ
2529 4537 2807 4602 πολιτείας
2835 4537 3086 4610 ἀρίστης,
3117 4538 3205 4591 ἵνα
3227 4537 3318 4590 διὰ
3361 4537 3581 4592 πάντων
3613 4537 3775 4603 δόξαν

2079 4627 2507 4698 ἀναπέμψαντες
2555 4626 2633 4698 τῷ
2679 4627 2798 4698 Θεῷ
2837 4627 3185 4698 ἐπιτύχωμεν
3211 4626 3322 4681 τῶν
3346 4625 3774 4698 ἐπηγγελμένων

2085 4716 2310 4785 ἀγαθῶν
2332 4733 2346 4747 ·
2395 4709 2440 4785 ᾧ
2474 4718 2508 4788 ἡ
2540 4716 2667 4784 δόξα
2698 4715 2878 4770 καὶτὸ
2911 4716 3113 4790 κράτος
3147 4718 3228 4781 είς
3259 4717 3385 4780 τοὺς
3414 4714 3618 4780 αἰῶνας
3665 4715 3775 4772 τῶν

2085 4805 2318 4861 αἰώνων.
2339 4805 2513 4877 Ἀμήν

1879 5287 2127 5342 ΟΜΙΛΙΑ
2165 5284 2220 5342 I'.

284 5465 406 5526 Τοῦ
444 5461 637 5518 αὑτοῦ
665 5458 888 5530 ὁμιλία,
915 5455 1174 5530 ῥηθεῖσα
1211 5454 1281 5510 ἐν
1312 5453 1718 5530 τεῇ-ἐκκλησίᾳ
1878 5450 1979 5505 ἐπὶ

354 5536 466 5592 τοῦ
513 5523 1277 5592 Ἄποσὶόλουίέπισκόπου
1317 5528 1493 5595 ὀλίγα
1528 5523 1980 5596 προομιλήσαν-

289 5613 292 5616 ’
353 5627 486 5734 ἕως,
537 5606 624 5671 εἱς
678 5603 744 5657 τὸ
768 5641 784 5667 ,
835 5602 896 5656 Ὀ
936 5601 1036 5672 μὲν
1074 5598 1332 5671 θερισμὸς
1361 5594 1630 5661 πόλὺςζοί
1663 5595 1721 5649 δὲ
1752 5594 1984 5666 ἐργάται

390 5697 560 5734 λεγοι.

390 5697 560 5732 λεγοι.

354 5697 560 5747 οιιγοι.

354 5776 430 5823 α’.
476 5768 662 5821 Εῖδετε
688 5764 780 5817 τὸν
807 5761 1040 5833 γέροντα
1075 5758 1167 5812 καὶ
1198 5756 1338 5818 νέον,
1370 5755 1602 5829 γέροντα
1635 5754 1733 5824 μὲν
1763 5751 1841 5824 τῷ
1876 5751 1984 5805 σώ-

283 5877 443 5932 ματι,
475 5856 596 5910 νέον
624 5854 680 5908 δέ
714 5853 790 5923 τῷ
820 5851 1160 5924 φρονήματι;
1209 5845 1374 5900 εἴδετε
1406 5842 1598 5897 πολιὰν
1629 5841 1984 5914 ἀκμάζουσαν

2085 5452 2182 5506 καὶ
2215 5451 2400 5522 γήρως
2420 5451 2573 5505 τόνον
2596 5450 2941 5523 σφριγῶντα;
2970 5449 3210 5504 Τοιαῦτα
3240 5450 3350 5521 γὰρ
3368 5453 3437 5506 τὰ
3463 5453 3597 5525 παρ’
3619 5452 3774 5523 ἡμῖν,

2086 5544 2179 5598 ἀπ’
2215 5544 2461 5607 ἐναντίας
2511 5546 2624 5607 τοῖς
2684 5543 2904 5607 ἔξωθεν.
2938 5542 3063 5596 Ἐπὶ
3112 5543 3210 5614 μὲν
3259 5545 3370 5616 γάρ
3417 5544 3527 5598 τῶν
3576 5543 3778 5610 ἔξωθεν

2087 5643 2432 5716 πραγμάτων
2476 5641 2536 5696 τὸ
2569 5642 2745 5714 γῆρας
2770 5642 3072 5713 ἄχρηστον·
3100 5636 3236 5708 οἷον,
3264 5643 3296 5696 6
3324 5642 3662 5715 στρατιώτης
3695 5643 3777 5707 είς

2087 5741 2294 5811 ταύτην
2335 5739 2504 5793 ἐλθὼν
2542 5741 2641 5812 τὴν
2685 5739 2922 5809 ἡλικίαν,
2951 5741 3010 5793 οὑ
3054 5741 3277 5794 δύναται
3303 5743 3474 5794 τεῖναι
3510 5739 3684 5806 τόξον,
3710 5739 3776 5794 οὑ

2093 5839 2246 5912 βέλος
2290 5839 2528 5910 ἀφεῖναι,
2559 5837 2681 5892 οῦτε
2712 5838 2838 5911 δόρυ
2874 5840 3069 5905 σεῖσαι,
3101 5837 3222 5893 οὐτε
3269 5839 3437 5894 ἵππον
3483 5837 3772 5912 ἀναϐᾖναι,
