4138 6450
420 417 541 473 οὔτε
573 417 777 489 τείχεσι
807 415 1153 489 προσϐαλεῖν,
1176 413 1297 467 οὔτε
1331 413 1460 467 ἄλλο
1487 411 1727 465 τοιοῦτον
1753 412 1903 469 οὐδὲν
1927 413 2094 483 ἐργά-

423 508 620 563 σασθαι
670 505 889 560 δύναται
911 523 924 536 ’
962 505 1057 558 ml
1098 504 1129 556 6
1170 501 1511 573 κυϐερνήτης
1546 499 1626 565 δέ,
1656 500 1785 554 ὅταν
1823 500 1973 571 αὐτῷ
2006 501 2097 554 τόν

420 595 573 648 τόνον
602 594 703 664 τῆς
735 593 933 664 σαρκὸς
965 589 1179 664 χαλάσῃ
1223 588 1286 642 τὸ
1331 588 1527 660 γῆρας,
1558 588 1617 640 ού
1660 587 1871 658 σχοινία
1902 590 2094 652 τεῖναι,

421 682 522 753 οὐχ
570 681 711 734 ίστία
754 678 1111 741 ἀναπετάσαι,
1146 677 1208 730 οὐ
1241 673 1725 747 μεταχειρίσασθαι
1773 673 1987 744 κώπην,
2032 674 2094 728 οὐ

423 767 732 843 μεταθεῖναι
756 766 966 829 οἴακας,
996 764 1057 818 ού
1102 763 1438 836 μαχέσασθαι
1465 762 1726 833 κύμασιν,
1754 761 1854 815 οὐκ
1880 761 2009 816 ἀλλο
2041 780 2095 817 τι

418 858 529 913 τῶν
557 856 812 911 τοιούτων
836 855 1140 924 δυνήσεται.
1176 851 1345 906 Πάλιν
1373 851 1403 904 6
1426 851 1665 922 γηπόνος
1702 852 1759 905 ἐν
1794 849 1965 922 τούτῳ
2000 851 2097 922 τῆς

420 944 633 1017 ἡλικίας
677 941 773 1006 ὢν,
806 942 867 995 ού
898 939 1082 1008 ζεῦξαι
1119 939 1268 1011 βοῦς,
1297 940 1395 993 οὐκ
1441 940 1670 1011 ἄροτρον
1715 938 1960 1003 ἑλκύσαι,
1994 940 2096 994 οὐκ

418 1032 720 1104 ἀναρρῆξαι
750 1033 845 1083 ml
874 1030 1166 1099 ἀνατεμεῖν
1200 1026 1464 1090 αὔλακας,
1496 1028 1555 1080 οὐ
1594 1025 1931 1097 θεραπεῦσαι
1975 1026 2095 1079 δέν-

418 1120 564 1192 δρον,
599 1120 658 1172 ού
693 1118 838 1190 χορῷ
859 1116 1179 1188 θεριζόντων
1206 1116 1396 1168 ἑαυτὸν
1421 1114 1732 1184 ἐγκαθίσαι,
1767 1116 1867 1168 οὐκ
1896 1114 2023 1167 ἀλλο
2042 1131 2095 1166 τι

417 1207 527 1260 τῶν
560 1205 710 1277 [388]
738 1204 995 1258 τοιούτων
1017 1204 1276 1275 πράττειν
1309 1202 1515 1272 ἰσχύσει
1534 1218 1548 1231 ·
1582 1202 1695 1256 ἀλλ’
1718 1202 1948 1266 ἕκαστος
1974 1202 2097 1257 τού-

419 1313 526 1349 των
552 1294 691 1348 οἴκοι
726 1292 980 1362 κάθηται,
1012 1289 1109 1361 τὴν
1143 1290 1253 1343 ἀπὸ
1286 1292 1384 1360 τῆς
1410 1289 1626 1360 ἡλικίας
1659 1290 1904 1343 ἀτέλειαν
1932 1289 2093 1361 ἔχων,

419 1386 514 1440 ml
543 1382 757 1453 ἀνάγκη
788 1379 1000 1451 μεγάλῃ
1027 1379 1121 1433 καὶ
1147 1378 1523 1450 ἀπαραιτήτῳ,
1550 1376 1627 1448 τῷ
1660 1378 1826 1449 γήρα,
1858 1376 2096 1448 πεπεδη-

424 1474 604 1546 μένος.
641 1470 781 1523 Ἀλλ’
807 1469 907 1539 οὐχ
958 1469 986 1522 6
1026 1467 1127 1540 τῆς
1143 1466 1473 1537 Ἐκκλησίας
1522 1465 1841 1530 διδάσκαλος
1884 1463 2055 1528 οὕτως
2079 1480 2093 1495 ·

419 1559 557 1614 άλλά
602 1556 720 1611 τότε
772 1555 1007 1627 μάλιστα
1051 1554 1381 1622 ἀγωνιεῖται,
1415 1554 1510 1607 ml
1554 1552 1728 1622 λόγων
1758 1551 1975 1623 ἆψεται,
2003 1552 2099 1605 καὶ

418 1638 771 1701 διδασκαλίαν
820 1642 1103 1716 προθήσει,
1128 1641 1223 1694 ml
1268 1640 1396 1695 λαὸν
1445 1640 1709 1715 ῥυθμίσαι
1752 1639 2097 1712 πειράσεται.

421 1735 497 1788 Τὸ
547 1734 656 1805 γάρ
704 1732 881 1802 γῆρας
925 1731 986 1784 ἐν
1034 1730 1133 1801 μὲν
1182 1730 1293 1793 τοῖς
1325 1727 1503 1793 ἀλλοις
1531 1729 1824 1798 ἄχρηστον,
1860 1730 1918 1781 ἐν
1950 1728 2006 1782 δὲ
2032 1729 2097 1799 τῇ

418 1820 719 1893 Ἐκκλησία
740 1820 833 1872 καὶ
876 1821 989 1883 τοῖς
1031 1817 1131 1888 τῆς
1179 1816 1380 1888 ἀρετῆς
1424 1816 1605 1880 πόνοις
1657 1815 2095 1888 χρησιμώτατον.

434 1909 590 1962 Ἐπεὶ
636 1907 730 1961 ml
754 1908 782 1959 6
811 1906 1080 1977 μακάριος
1116 1902 1369 1975 Ἀϐραὰμ
1396 1903 1457 1956 τὸ
1494 1904 1746 1974 μέγιστον
1777 1899 1937 1958 ἆθλον
1975 1904 2097 1958 τότε

421 1994 614 2068 ἤρατο.
651 1995 738 2047 ὅτε
767 1993 971 2063 ταύτην
991 1986 1093 2064 ἦγε
1121 1990 1217 2063 τὴν
1242 1990 1459 2061 ἠλικίαν
1483 2007 1497 2023 ο
1531 1990 1651 2045 τότε
1683 1988 1811 2063 γὰρ,
1841 1991 1962 2044 τότε
1999 1994 2099 2063 τῆς

422 2082 638 2150 φύσεως
661 2082 760 2151 τὴν
786 2078 1071 2151 τυραννίδα
1097 2077 1382 2141 κατέλυσε,
1409 2078 1503 2130 ml
1525 2078 1614 2130 τὸν
1640 2078 1806 2133 παῖδα
1834 2079 2101 2147 κατέσφα-

423 2170 511 2235 ξεν
538 2185 552 2200 ο
593 2168 792 2237 ἔσφαξε
830 2166 961 2236 γάρ,
995 2168 1044 2219 εί
1071 2166 1165 2219 ml
1192 2165 1266 2236 μὴ
1291 2167 1356 2236 τῇ
1393 2164 1579 2237 πείρα,
1611 2164 1744 2218 άλλά
1769 2167 1837 2237 τῇ
1868 2163 2060 2238 γνώμῃ
2080 2181 2096 2198 ο

423 2259 472 2312 εί
521 2257 614 2311 ml
667 2259 742 2327 μὴ
785 2254 863 2326 τῷ
891 2253 1056 2314 τέλει.
1091 2252 1225 2307 ἀλλά
1266 2255 1333 2325 τῇ
1368 2253 1663 2323 προθέσει·
1715 2255 1763 2306 εί
1793 2254 1883 2308 ml
1914 2253 1990 2326 μὴ
2023 2253 2101 2324 τῷ

424 2346 592 2417 ἔργῳ,
628 2343 762 2398 ἀλλά
790 2346 858 2415 τῇ
886 2341 1121 2415 διανοίᾳ·
1155 2342 1275 2395 τότε
1321 2340 1429 2394 τῶν
1483 2341 1627 2393 ἰδίων
1659 2341 1981 2412 σπλάγχνων
2008 2342 2102 2411 γέ-

423 2451 579 2505 γονεν
613 2436 811 2505 ἱερεὺς,
844 2434 936 2486 ml
981 2429 1042 2497 ἐξ
1088 2431 1258 2501 αὐτῆς
1300 2430 1482 2501 σχεδὸν
1524 2431 1622 2501 τῆς
1673 2430 1887 2500 φύσεως
1910 2430 2102 2486 ἑαυτὸν

427 2522 769 2593 μετοικίσας,
801 2520 896 2573 ml
931 2518 1067 2590 πρὸς
1112 2519 1206 2572 τόν
1253 2518 1482 2589 οὐρανὸν
1513 2518 2007 2589 μεθορμισάμενος,
2042 2518 2103 2575 τὸ

424 2608 737 2680 θαυμαστὸν
771 2607 947 2659 ἐκεῖνο
970 2607 1063 2659 ml
1084 2605 1387 2676 παράδοξον
1420 2605 1580 2675 ἔργον
1609 2607 1795 2676 ἤνυσε.
1828 2607 1935 2659 Kal
1958 2605 2103 2661 Παῦε

423 2697 537 2764 λος,
584 2699 613 2750 6
655 2696 753 2767 τῆς
801 2694 1129 2765 οἰκουμένης
1178 2693 1514 2758 διδάσκαλος,
1546 2695 1603 2748 ἐν
1636 2692 1909 2767 βαθυτάτῃ
1944 2694 2104 2768 πολιᾷ

426 2785 565 2856 πρὸς
592 2784 717 2847 τοὺς
746 2784 1094 2853 θαυμαστοὺς
1144 2780 1388 2843 ἐκείνους
1436 2781 1651 2850 ἀγῶνας
1696 2781 1980 2849 ἀπεδύετο,
2011 2785 2105 2837 ml

424 2872 600 2944 δεσμά
646 2871 741 2926 ml
786 2870 1006 2934 ἁλύσεις
1052 2870 1148 2923 ml
1196 2869 1546 2940 δεσμωτήρια
1575 2870 1634 2923 ἐν
1661 2871 1995 2943 γεγηρακότι
2026 2871 2105 2944 τῷ

429 2960 642 3032 σώματι
670 2961 807 3031 μετά
841 2959 1040 3030 πολλῆς
1073 2958 1234 3031 ἔφερε
1264 2957 1363 3025 τῆς
1391 2957 1632 3021 εὐτονίας
1651 2974 1665 2988 ’
1702 2956 1796 3011 ml
1818 2957 1977 3013 τοῦτο
2011 2958 2106 3030 δη-

424 3048 536 3101 λῶν
572 3048 734 3112 αὐτὸς
782 3046 1000 3114 ἔλεγεν
1046 3045 1140 3112 Ὠς
1186 3044 1426 3111 Παῦλος
1465 3046 1829 3115 πρεσϐύτης,
1861 3045 2000 3102 νυνί
2037 3046 2107 3101 δὲ

427 3134 528 3190 καὶ
565 3135 812 3203 δέσμιος
847 3134 917 3188 ἐν
942 3130 1173 3204 Χριστῷ
1199 3131 1417 3200 Ἰησοῦ.
1446 3133 1556 3188 Kal
1583 3133 1759 3188 ταῦτα
1794 3133 1960 3205 λέγω,
1986 3135 2107 3207 οὐχὶ

427 3223 528 3295 τήν
572 3222 797 3293 νεότητα
838 3221 1151 3294 ἀτιμάζων*
1185 3220 1309 3275 ἐπεὶ
1340 3221 1435 3276 καὶ
1462 3221 1513 3273 οί
1548 3220 1646 3293 τήν
1679 3221 1908 3293 κάμινον
1934 3240 2107 3277 κατα-

429 3312 774 3381 πατήσαντες
803 3309 1008 3373 παῖδες,
1038 3308 1146 3362 νέοι
1182 3308 1385 3380 σφόδρα
1415 3309 1510 3361 ml
1541 3308 1803 3380 μειράκια
1839 3305 1980 3381 ἦσαν
2010 3328 2105 3364 κο-

432 3397 581 3469 μιδῇ,
624 3399 719 3451 ml
754 3399 782 3451 6
809 3396 907 3469 τὴν
952 3396 1284 3468 προφητείαν
1337 3394 1629 3468 δεξάμενος
1656 3395 1938 3469 ,Ἱερεμίας
1961 3413 1977 3427 ”
2013 3397 2108 3453 ml

429 3486 626 3558 Δανιὴλ
674 3486 752 3551 δὲ,
780 3486 870 3539 ὅτε
908 3486 1033 3549 τοὺς
1059 3484 1279 3547 λέοντας
1307 3485 1578 3555 ἐχαλίνου,
1608 3486 1702 3539 καὶ
1729 3487 1817 3540 διά
1845 3487 1943 3559 τὴν
1974 3487 2112 3559 ἀφα-

427 3588 522 3626 τον
567 3573 732 3627 αὐτοῦ
777 3574 1087 3644 παρρησίαν
1116 3571 1185 3625 τά
1213 3572 1500 3643 ἀπόρρητα
1537 3572 1720 3628 ἐκεῖνα
1747 3573 1854 3627 τῶν
1884 3573 1978 3627 τοῦ
2012 3574 2109 3646 βα-

430 3660 622 3724 σιλέως
653 3660 949 3731 ὀνειράτων
999 3661 1079 3724 είς
1113 3658 1280 3730 μέσον
1312 3658 1476 3729 ἐξῆγε
1516 3660 1611 3713 καὶ
1655 3659 1792 3732 δῆλα
1819 3661 1993 3716 ἐποίει
2029 3662 2110 3735 τῷ

428 3746 766 3818 θεασαμένῳ,
794 3746 999 3819 σφόδρα
1024 3747 1141 3811 νέος
1164 3742 1261 3818 ἦν·
1296 3746 1390 3801 ml
1414 3745 1563 3801 οὐδὲν
1589 3748 1622 3819 ὴ
1643 3748 1828 3818 νεότης
1854 3749 2110 3820 ἐμπόδιον

427 3839 618 3909 γέγονε
653 3839 788 3910 πρὸς
833 3838 931 3911 τὴν
980 3837 1183 3911 ἀρετὴν
1220 3839 1313 3891 τοῦ
1346 3837 1558 3910 ἀνδρός.
1576 3838 1700 3893 Ἐπὶ
1731 3839 1829 3910 μὲν
1854 3841 1964 3913 γάρ
2000 3840 2109 3897 τῶν

428 3926 650 3992 ἐξωθεν,
682 3928 818 3998 ὅπερ
863 3926 1034 3996 ἐφθην
1080 3926 1272 3990 εἰπὼν,
1308 3927 1400 3981 ml
1430 3926 1609 3998 γῆρας
1635 3923 1837 4000 ἔξωρον
1866 3930 1959 3983 ml
1991 3929 2109 3984 νεό-

427 4030 532 4085 της
570 4015 746 4084 ἄωρος
798 4014 1029 4085 μέγιστα
1075 4013 1376 4084 κωλύματα
1421 4013 1615 4082 γένοιτ’
1646 4014 1743 4068 άν⁸
1791 4017 1884 4069 ἐπὶ
1921 4016 1978 4070 δὲ
2000 4017 2109 4074 τῶν

429 4101 823 4173 ¹παλαισμάτων
846 4104 943 4173 τῆς
969 4102 1168 4172 ἀρετῆς
1205 4102 1305 4156 οὐκ
1334 4101 1436 4166 ἔτι,
1467 4102 1579 4156 ἀλλ’
1609 4101 1727 4166 ἐνὸς
1758 4104 1936 4175 χρεία,
1966 4105 2109 4174 γνώ-

432 4206 541 4261 μης
573 4190 731 4261 μόνον
762 4190 856 4243 καὶ
878 4188 1053 4260 ψυχῆς
1077 4190 1625 4262 παρεσκευασμένης,
1655 4192 1747 4244 ml
1774 4190 1896 4245 οὔτε
1920 4193 2111 4265 νεότης

429 4278 720 4348 ἄχρηστος,
753 4276 875 4331 οὔτε
908 4278 1084 4349 γῆρας
1117 4277 1508 4350 ἀνεπιτήδειον,
1543 4278 1658 4331 ἀλλ’
1687 4279 1743 4332 ἐν
1772 4280 2008 4353 ἑκατέρα
2040 4284 2107 4354 τῇ

431 4362 618 4435 ἡλικίᾳ
659 4363 867 4435 ὢριμον
907 4364 1004 4417 ῖδοι
1044 4381 1129 4426 τις
1160 4365 1226 4419 ἂν
1257 4364 1491 4436 βρύοντα
1519 4366 1610 4419 τὸν
1640 4367 1872 4438 καρπὸν,
1925 4369 2106 4439 μόνον,

430 4450 568 4523 ὅπερ
588 4451 757 4522 ἔφθην
786 4449 976 4517 εἰπὼν,
1006 4452 1055 4505 εί
1077 4451 1257 4524 ψυχήν
1295 4469 1380 4517 τις
1422 4452 1488 4507 ἀν
1507 4465 1533 4494 ιι
1577 4454 1690 4526 ἔχοι
1722 4456 1995 4527 νήφουσαν
2017 4455 2110 4508 καὶ

432 4536 743 4606 φιλοσοφεῖν
773 4538 1161 4610 ἐπισταμένην,
1192 4540 1286 4594 ml
1308 4538 1398 4593 διά
1422 4540 1524 4609 τῆς
1552 4540 1749 4612 πολλῆς
1787 4542 1986 4613 ἀρετῆς
2012 4539 2107 4594 τοῦ

431 4622 567 4677 Θεοῦ
614 4626 710 4696 τὴν
739 4624 952 4679 εὔνοιαν
985 4628 1397 4700 ἐπισπωμένην.
1431 4626 1518 4699 Μὴ
1546 4627 1724 4681 τοίνυν
1760 4628 1946 4698 μηδεὶς
1976 4646 2109 4700 προ-

432 4712 680 4767 ϐαλέσθω
714 4714 853 4784 μήτε
880 4715 1105 4784 νεότητα
1133 4716 1272 4787 μήτε
1294 4716 1473 4786 γῆρας
1500 4717 1580 4779 είς
1611 4716 1907 4786 ἀπολογίαν
1942 4717 2107 4789 ρᾳθυ-

435 4800 595 4871 μίας’
636 4801 759 4855 ἐπεὶ
790 4802 883 4854 καὶ
919 4801 1014 4856 νῦν
1046 4801 1231 4857 πολλοὶ
1256 4803 1385 4873 παρ’
1415 4805 1546 4875 ἡμῖν
1583 4804 1695 4857 νέοι
1724 4804 1786 4857 τὸ
1812 4821 2108 4876 πνευματι-

432 4888 527 4942 κὸν
556 4888 712 4943 τοῦτο
742 4888 1007 4961 πληροῦσι
1042 4889 1289 4961 θέατρον,
1314 4891 1363 4944 οί
1394 4889 1449 4944 δὲ
1469 4890 1838 4963 γεγηρακότες
1862 4894 1919 4945 ἐν
1942 4894 2105 4947 ἱππο-

429 4974 680 5049 δρομίαις
707 4977 1075 5048 ἀσχημονοῦσι
1095 4993 1107 5008 ·
1133 4977 1309 5049 ἕτεροι
1330 4977 1374 5032 δ’
1398 4973 1464 5033 αὖ
1496 4978 1657 5032 πάλιν
1686 4978 1938 5050 γέροντες
1968 4980 2107 5051 μετά

428 5066 531 5137 τῆς
567 5065 758 5131 πολιᾶς
793 5065 933 5140 [ml]
964 5070 1032 5139 τῇ
1062 5066 1323 5139 ἀκροάσέι
1356 5066 1704 5139 κοσμοῦνται,
1748 5068 1857 5123 νέοι
1901 5069 1959 5122 δέ
2007 5068 2106 5141 τὴν

431 5153 655 5225 νεότητα
695 5153 784 5207 διά
812 5154 912 5224 τῆς
941 5154 1176 5226 θεωρίας
1213 5155 1310 5225 τῆς
1355 5157 1534 5208 ἐκεῖσε
1561 5154 1906 5227 ἀλογωτέραν
1937 5173 2106 5211 κατα-

433 5240 806 5304 σκευάζουσιν.
841 5241 903 5293 Εί
930 5240 1041 5312 γάρ
1071 5242 1167 5296 καὶ
1200 5241 1385 5295 πολλοὶ
1415 5243 1464 5296 οί
1494 5242 1759 5314 παρόντες
1803 5244 1959 5313 ἡμῖν,
1984 5243 2104 5297 ἀλλ’

428 5330 530 5384 οὐκ
558 5328 667 5399 ἔχω
700 5329 893 5400 κόρον·
921 5332 984 5385 οὐ
1009 5330 1118 5403 γάρ
1150 5332 1377 5396 πολλοὺς
1407 5331 1710 5404 ἐϐουλόμην
1739 5335 1995 5404 παρεῖναι
2018 5335 2108 5406 μό-

430 5429 542 5478 νον,
569 5414 706 5468 ἀλλά
725 5414 955 5478 πάντας,
985 5417 1079 5470 καὶ
1107 5417 1310 5489 μηδένα
1332 5418 1434 5489 τῆς
1463 5418 1759 5491 ἐκκλησίας
1792 5418 2107 5490 ἀπολιμπά-

430 5502 617 5557 νεσθαι
645 5518 659 5533 θ
696 5501 857 5566 ὥστε,
889 5501 994 5565 ἕως
1021 5503 1088 5558 ἀν
1119 5505 1353 5576 φάνηται
1383 5507 1487 5561 κᾶν
1524 5500 1606 5571 εἷς
1638 5506 2106 5578 ἀποϐουκολούμε-

433 5605 543 5654 νος,
577 5588 980 5661 διαρρηγνυμαι
1014 5593 1109 5647 ml
1143 5592 1506 5666 διακόπτομαι
1539 5596 1660 5661 ταῖς
1702 5593 1933 5660 ὀδύναις.
1953 5596 2106 5650 Ἐπεὶ

497 5758 523 5789 ⁸
547 5756 688 5808 Tolle
718 5757 797 5805 ἄν.

1265 294 1324 351 S.
1362 292 1648 351 JOANNIS
1682 291 2169 372 οιιῐιγεοετωιι
2207 293 2525 349 ARCIIIEP.
2567 292 3117 352 CONSTAN'I'INOP.

2201 413 2298 466 καὶ
2320 414 2351 465 ὀ
2379 414 2583 485 ποιμὴν
2608 415 2811 476 ἐκεῖνος
2834 412 2904 467 τά
2932 412 3412 493 ἐνενηκρνταεννέα
3438 413 3684 484 πρόϐατα
3716 434 3891 472 κατα-

2201 499 2394 563 λιπὼν,
2427 501 2518 554 ἐπὶ
2545 502 2606 554 τὸ
2638 500 2697 553 ἓν
2736 500 2799 554 τὸ
2830 500 3244 571 πεπλανημένον
3279 502 3666 573 κατηπείγετο,
3695 505 3790 558 ml
3820 507 3887 560 οὗ

2204 587 2472 659 πρότερον
2494 588 2726 658 ἀπέστη,
2756 587 2863 651 ἕως
2895 588 2960 642 ἀν
2980 588 3007 628 ιι
3039 589 3172 642 αύτό
3204 588 3342 657 πρὸς
3380 590 3481 661 τὴν
3526 589 3728 663 ἀγέλην
3782 594 3886 645 ἑπ-

2202 676 2465 746 ανήγαγε,
2499 676 2591 730 καὶ
2620 675 2819 746 πολλὴν
2849 675 2989 746 ὑπὲρ
3018 676 3182 730 αὐτοῦ
3221 677 3457 749 σπουδὴν
3485 679 3719 733 ἐποιεῖτο
3743 696 3757 710 ·
3788 683 3887 736 ml

2201 761 2311 833 γάρ
2337 761 2600 833 ἐχώλευεν
2634 764 2662 816 6
2685 762 2793 816 τῶν
2822 763 3018 816 ἑκατὸν
3040 762 3295 834 ἀριθμὸς,
3315 765 3419 829 ἓως
3443 765 3683 820 ἀπέλαϐε
3711 768 3771 820 τὸ
3800 768 3882 834 ἒν,

2202 850 2297 905 ml
2328 850 2396 903 τά
2426 850 2617 904 ἑκατὸν
2648 850 2768 904 τότε
2794 850 2985 905 ἐκατόν
3015 851 3250 919 ἐγένετο,
3273 852 3360 905 ὅτε
3391 852 3668 906 καὶτοῦτο
3690 854 3887 908 διεσώ-

2203 935 2294 1002 θη.
2328 937 2421 1009 Μὴ
2450 936 2512 1007 δή
2552 954 2642 1006 μοι
2667 936 2791 1006 λέγε
2822 938 2905 991 ὅτι
2935 932 3014 1000 εἷς
3042 936 3194 1009 1589]
3223 938 3371 992 ἐστιν
3399 939 3429 991 6
3455 940 3682 1009 ἀδελφὸς
3706 942 3736 993 6
3757 945 3891 997 ἀπο-

2201 1023 2386 1088 λωλώς
2409 1041 2423 1054 ·
2474 1025 2591 1078 ἀλλ’
2617 1025 2867 1096 ἐννόησον
2900 1025 2982 1080 ὅτι
3025 1025 3274 1095 ἀδελφὸς,
3316 1026 3378 1080 τὸ
3421 1030 3890 1100 περισπούδαστον

2201 1110 2281 1182 τῷ
2312 1110 2429 1182 Θεῷ
2459 1111 2616 1175 ζῶον,
2651 1112 2793 1183 ὑπὲρ
2826 1105 2888 1167 οῦ
2923 1111 3166 1167 τοσαῦτα
3192 1114 3427 1182 ἐγένετο,
3458 1116 3600 1187 ὑπὲρ
3636 1110 3699 1171 οῦ
3725 1118 3787 1171 τὸ
3813 1119 3889 1173 τίς

2207 1217 2329 1270 μιον
2358 1195 2497 1269 αἷμα
2524 1199 2692 1269 ἐχύθη
2725 1201 2818 1253 ml
2840 1201 2972 1272 τιμή
3002 1201 3311 1272 κατεϐλήθη
3345 1204 3601 1275 τοσαύτη,
3627 1205 3695 1258 δι’
3717 1205 3776 1259 ὃν
3801 1208 3890 1260 ού-

2207 1287 2367 1360 ρανός
2412 1287 2600 1359 ἐτάθη,
2632 1289 2726 1342 καὶ
2759 1288 2907 1358 ἣλιος
2937 1288 3174 1360 ἀνήφθη,
3202 1290 3296 1343 ml
3330 1291 3527 1363 σελήνη
3555 1291 3760 1363 τρέχει,
3790 1296 3889 1348 καὶ

2205 1377 2447 1442 ποικίλος
2493 1378 2737 1450 ἀστέρων
2783 1379 3131 1450 καταλάμπει
3164 1381 3342 1452 χορὸς,
3376 1384 3470 1436 ml
3499 1384 3608 1456 ἀὴρ
3632 1384 3883 1456 ήπλώθη,

2204 1466 2298 1519 ml
2331 1465 2574 1520 θάλασσα
2618 1466 2870 1537 ἐξεχύθη,
2903 1467 2998 1521 ml
3039 1467 3113 1539 γῆ
3169 1467 3527 1541 ἐθεμελιώθη,
3574 1472 3672 1526 ml
3711 1474 3888 1543 πηγαὶ

2207 1551 2452 1623 βρύουσι,
2502 1553 2597 1607 ml
2633 1555 2868 1624 ποταμοὶ
2902 1553 3108 1625 ῥέουσι,
3133 1556 3228 1609 ml
3276 1555 3378 1628 δρη
3429 1558 3643 1630 πέπηγε
3669 1576 3683 1591 ⁸
3733 1561 3801 1614 δι’
3826 1560 3888 1615 δν

2204 1639 2471 1708 λειμῶνες
2499 1642 2594 1694 ml
2626 1642 2963 1713 παράδεισοι,
2986 1640 3056 1695 δι’
3084 1642 3143 1697 ὃν
3171 1643 3462 1715 σπέρματα
3495 1647 3592 1700 καὶ
3629 1649 3791 1717 φυτά,
3815 1648 3888 1702 δι’

2204 1725 2263 1779 ὃν
2292 1726 2359 1781 τά
2389 1727 2608 1782 ποικίλα
2634 1727 2743 1783 τῶν
2776 1729 2959 1798 φυτῶν
2985 1730 3140 1801 γένη.
3170 1730 3236 1785 δι’
3262 1731 3321 1785 ὃν
3350 1731 3418 1786 τά
3439 1735 3499 1787 ἐν
3526 1735 3700 1806 ὄρεσι,
3724 1736 3793 1790 τά
3827 1737 3891 1790 ἐν

2205 1814 2483 1886 ἐρημίαις.
2517 1815 2585 1869 τά
2615 1816 2673 1867 ἐν
2707 1815 2916 1880 πόλεσι,
2954 1817 3024 1870 τά
3047 1817 3105 1869 ἐν
3131 1818 3358 1883 πεδίοις,
3386 1821 3455 1874 τά
3482 1822 3542 1874 ἐν
3573 1823 3796 1887 νάπαις,
3818 1824 3892 1878 τά

2215 1902 2275 1955 ἐν
2306 1901 2515 1971 βουνοῖς
2534 1919 2549 1932 ·
2578 1902 2647 1955 δι’
2675 1902 2733 1955 ὃν
2758 1903 2808 1956 οί
2838 1903 3021 1975 μυρίοι
3043 1902 3152 1957 τῶν
3191 1905 3387 1975 ἰχθύων
3425 1907 3606 1980 δῆμοι,
3637 1909 3702 1962 δι’
3721 1910 3780 1964 ὃν
3819 1911 3891 1965 τά

2207 1988 2426 2043 ποικίλα
2459 1987 2567 2041 τῶν
2595 1990 2936 2058 τετραπόδων
2968 1991 3120 2062 γένη.
3151 1991 3219 2046 δι’
3246 1993 3305 2046 ὃν
3336 1993 3403 2048 τά
3431 1996 3749 2051 παντοδαπά
3777 1998 3894 2052 τῶν

2204 2075 2433 2147 ὀρνίθων
2480 2075 2643 2146 φῦλα,
2672 2075 2738 2129 δι’
2766 2075 2825 2130 ὃν
2856 2077 3040 2148 νόμος,
3066 2078 3133 2133 δι’
3164 2078 3224 2133 ὃν
3258 2082 3554 2153 προφῆται,
3580 2083 3650 2136 δι’
3670 2084 3731 2137 ὃν
3755 2086 3897 2139 ἀπό-

2208 2163 2407 2226 στολοι,
2435 2163 2502 2217 δι’
2532 2163 2589 2215 ὃν
2622 2164 2691 2217 τά
2717 2165 2886 2235 μυρία
2912 2164 3167 2237 θαύματα
3194 2168 3383 2237 γέγονε
3402 2186 3417 2200 ο
3443 2170 3497 2223 τί
3518 2171 3599 2225 δεῖ
3620 2171 3691 2225 τά
3716 2174 3894 2229 πολλά

2206 2249 2415 2321 λέγειν;
2445 2250 2513 2305 δι’
2546 2250 2605 2305 ὃν
2638 2253 2665 2304 ὀ
2701 2253 2995 2324 μονογενὴς
3020 2253 3149 2319 Υἱὸς
3184 2256 3279 2309 τοῦ
3314 2256 3451 2311 Θεοῦ
3488 2258 3776 2330 ἄνθρωπος
3801 2264 3889 2331 τι.

2208 2355 2353 2408 γονε,
2385 2338 2480 2393 ml
2503 2338 2795 2410 γενόμενος
2822 2339 3057 2412 ἐσφάγη.

2280 2424 2347 2496 β’,
2392 2426 2673 2496 Ἐννόησον
2706 2427 2805 2497 ὅση
2834 2425 2911 2499 τῷ
2956 2427 3073 2500 Θεῷ
3102 2432 3455 2502 πραγματεία
3485 2432 3624 2507 ὑπὲρ
3654 2436 3757 2506 τῆς
3779 2436 3891 2493 τῶν

2208 2513 2511 2586 ἀνθρώπων
2542 2514 2833 2586 σωτηρίας,
2865 2515 2959 2569 ml
2985 2516 3060 2587 μὴ
3083 2520 3501 2592 καταφρονήσῃς
3533 2523 3762 2593 μηδενὸς
3789 2526 3887 2579 ἀν-

2210 2600 2452 2674 θρώπου.
2486 2599 2624 2654 ἀλλά
2647 2601 2983 2667 διαλυθέντος
3008 2602 3099 2656 τοῦ
3133 2602 3360 2675 θεάτρου
3386 2606 3577 2661 τούτου
3605 2609 3698 2663 τοῦ
3719 2627 3890 2665 πνευ-

2217 2688 2471 2762 ματικοῦ,
2501 2689 2843 2759 ἁναζήτησον
2870 2689 2960 2742 τὸν
2982 2689 3377 2760 ἀπολειφθέντα
3398 2732 3413 2757 ,
3457 2697 3552 2750 ml
3579 2696 3653 2769 μὴ
3689 2698 3891 2769 πρότε.

2212 2792 2305 2849 ρον
2355 2775 2598 2847 ἀποστῇς
2632 2775 2737 2839 ἕως
2783 2775 2850 2830 ἂν
2901 2777 3065 2833 αὑτὸν
3111 2779 3421 2854 ἐπαγάγῃς,
3472 2782 3568 2836 ml
3623 2787 3691 2856 τῇ
3723 2784 3892 2857 μητρὶ

2213 2863 2486 2937 συνάψῃς,
2550 2863 2645 2921 ml
2709 2862 2811 2936 τῆς
2886 2867 3128 2937 πονηράς
3201 2868 3499 2943 ἀπαγάγῃς
3568 2873 3889 2943 συνηθείας,

2212 2950 2309 3005 καὶ
2381 2950 2475 3004 τὸν
2556 2948 2900 3020 αἰχμάλωτον
2965 2950 3237 3028 διασώσῃς
3288 2956 3385 3009 ml
3437 2956 3531 3012 τὸν
3570 2976 3896 3017 καταποντι-

2214 3036 2411 3092 σθέντα
2456 3037 2699 3111 ἀνιμήσῃ
2721 3077 2737 3103 ,
2796 3039 2891 3092 ml
2943 3039 3035 3094 τὸν
3091 3039 3427 3113 θηριάλωτον
3480 3043 3590 3100 τῶν
3639 3046 3893 3118 χαλεπῶν

2211 3124 2525 3198 ἀπαλλάξῃς
2564 3125 2786 3197 θηρίων.
2827 3126 2960 3181 Τίνα
3019 3128 3127 3202 γὰρ
3181 3129 3248 3186 ἀν
3297 3132 3484 3205 σχοίης
3540 3134 3890 3209 συγγνώμην,

2211 3212 2333 3265 τίνα
2403 3212 2725 3281 ἀπολογίαν;
2782 3214 2877 3278 Εἰς
2953 3215 3268 3273 ἀποστόλων
3324 3223 3737 3295 παραγινόμεθα
3790 3225 3893 3298 θή-

2214 3316 2357 3382 mc:
2392 3297 2607 3370 ὁρῶμεν
2649 3299 2831 3354 αὐτῶν
2885 3301 2956 3356 τά
2988 3302 3281 3377 τραύματα
3332 3307 3428 3362 ml
3472 3309 3544 3364 τά
3593 3297 3890 3382 στίγματα,

2213 3385 2273 3439 τὸ
2302 3380 2441 3457 αἷμα
2484 3387 2545 3440 τὸ
2590 3387 2712 3458 ῥέον
2742 3388 2804 3442 τὸ
2842 3391 3067 3461 χρυσίου
3114 3392 3443 3467 τιμιώτερον
3461 3435 3478 3462 ,
3507 3396 3605 3461 τάς
3634 3380 3891 3468 ἀλύσεις,

2213 3475 2308 3538 τάς
2344 3476 2613 3546 μάστιγας
2635 3516 2649 3539 ,
2693 3477 2821 3541 τοὺς
2861 3476 3126 3547 θανάτους
3160 3482 3287 3547 τοὺς
3333 3483 3767 3558 καθημερινοὺς,
3796 3487 3895 3554 οὓς

2215 3559 2358 3631 ὺπέρ
2381 3559 2483 3632 τῆς
2516 3560 2842 3632 Ἐκκλησίας
2874 3563 3075 3620 ἔπαθον
3097 3582 3113 3597 σ
3137 3566 3229 3623 τὸν
3255 3569 3469 3624 Παύλου
3488 3570 3736 3644 μαθητὴν
3752 3574 3895 3645 μετά

2214 3647 2429 3702 Παύλου
2449 3648 2724 3722 πανταχοῦ
2756 3653 3166 3725 περιτρέχοντα,
3203 3656 3297 3711 ml
3322 3657 3398 3729 τῷ
3417 3659 3721 3732 διδασκάλῳ
3745 3677 3893 3733 παρ-

2217 3735 2498 3807 ισούμενον
2518 3777 2532 3801 ,
2582 3737 2672 3791 ml
2709 3737 2801 3792 τὸν
2851 3740 3059 3814 μόσχον,
3089 3742 3166 3815 τῷ
3197 3744 3383 3817 ταύρῳ
3415 3745 3890 3820 συμϐεϐλημένον⁸

2213 3823 2305 3877 τὸν
2325 3823 2419 3877 τοῦ
2447 3823 2664 3898 πρώτου
2705 3825 2812 3880 τῶν
2844 3828 3157 3885 ἀποστόλων
3182 3832 3409 3902 ἀδελφὸν
3427 3873 3443 3900 ,
3484 3834 3576 3889 τὸν
3616 3836 3771 3890 ἀλιέα
3798 3836 3894 3891 τὸν

2217 3911 2459 3982 σαγήνην
2489 3910 2824 3970 ἀπλώσαντα
2859 3913 2952 3968 ml
2980 3914 3299 3987 ἀνθρώπους
3328 3920 3452 3974 ἀντὶ
3488 3920 3684 3992 ἰχθύων
3714 3921 3894 3977 ἀλιεύ-

2217 4014 2406 4062 σαντα,
2436 3997 2529 4052 τὸν
2543 3993 2636 4048 τοῦ
2669 3999 2995 4071 Εὐαγγελίου
3026 4006 3274 4076 κήρυκα·
3299 4008 3395 4061 καὶ⁵
3421 4009 3674 4081 καθάπερ
3701 4013 3761 4064 ἐν
3782 4011 3894 4064 λει-

2219 4086 2358 4159 μῶνι
2413 4089 2526 4152 τοῖς
2571 4089 2775 4144 τούτων
2826 4091 3183 4165 ἐντρυφῶμεν
3233 4096 3674 4170 κατορθώμασιν.
3731 4099 3892 4155 01.δέ

2216 4176 2445 4244 ἀφέντες
2461 4178 2629 4249 ἡμᾶς.
2650 4176 2830 4232 ἳππων
2846 4179 3053 4249 ἀλόγων
3074 4181 3339 4254 κάθηνται
3355 4186 3661 4257 γιγνόμενοι
3679 4186 3891 4253 θεαταὶ,

2215 4260 2505 4336 λοιδορίαις
2549 4266 2641 4318 ml
2671 4265 2893 4338 ὕϐρεσιν
2930 4268 3189 4340 ἀλλήλους
3227 4270 3549 4338 πλύνοντες,
3592 4273 3763 4346 θυμὸν
3796 4276 3892 4329 ml

2222 4352 2406 4423 μάχην
2436 4353 2534 4406 οὐκ
2563 4351 2791 4425 ἔχουσαν
2812 4355 3084 4427 πρόφασιν
3112 4357 3461 4425 ἀνάπτοντες,
3484 4360 3765 4431 χαίροντες
3793 4380 3891 4433 χα-

2217 4438 2314 4508 ρὰν
2333 4438 2507 4510 λύπης
2528 4439 2881 4512 ἀθλιωτέραν,
2906 4443 3047 4514 ὑπὲρ
3073 4444 3301 4515 ἡνιόχων
3322 4446 3617 4512 νικώντων,
3642 4448 3784 4521 ὑπὲρ
3808 4450 3895 4503 ῖπο

2215 4542 2331 4577 πων
2375 4526 2761 4598 διακλωμένων
2788 4545 2803 4559 ·
2847 4523 2908 4582 οὗ
2949 4531 3002 4585 τί
3056 4531 3249 4599 γένοιτ’
3294 4532 3361 4588 ἂν
3408 4535 3775 4611 ἀλογώτερον;
3822 4538 3890 4593 Τί

2212 4613 2322 4685 γὰρ
2347 4615 2573 4684 χαίρεις,
2597 4616 2719 4668 εἰπέ
2755 4633 2874 4687 μοι;
2905 4615 2958 4669 τί
2989 4616 3047 4670 δὲ
3077 4621 3300 4692 σκιρτᾷς
3327 4622 3420 4675 ml
3440 4624 3616 4696 πηδᾷς
3641 4626 3733 4679 καὶ
3762 4644 3892 4695 φαι-

2212 4697 2336 4769 δρὸς
2354 4701 2700 4765 καταϐαίνεις
2729 4701 2970 4767 ἐκεῖθενς
2999 4705 3069 4757 Σὺ
3091 4704 3147 4759 δέ
3171 4706 3315 4772 τίνος
3360 4708 3547 4763 ἕνεκεν
3571 4710 3754 4779 ἀλγεῖς
3794 4714 3894 4768 καὶ

2213 4787 2528 4860 ἐγκαλύπτῃ
2551 4790 2645 4843 ml
2668 4790 2817 4843 κάτω
2843 4789 3071 4858 κύπτεις
3100 4794 3194 4848 ml
3217 4794 3314 4866 τὴν
3342 4797 3537 4852 σαυτοῦ
3566 4798 3743 4872 ψυχὴν
3775 4800 3896 4858 ὀδυ-

2211 4875 2330 4945 νᾷς,
2352 4875 2435 4928 ὅτι
2464 4878 2493 4930 6
2528 4876 2676 4930 δεῖνα
2702 4877 2995 4949 ἐκράτησε,
3018 4881 3114 4933 ml
3141 4881 3416 4956 ἐκρατήθη
3436 4884 3688 4958 θάτερος;
3716 4886 3811 4942 ml
3836 4889 3895 4945 τί

2213 4960 2386 5049 ταῦτα
2416 4962 2563 5049 ,πρὸς
2588 4963 2682 5028 σέ;
2723 4966 2876 5018 ποῖον
2907 4966 2941 5035 ή
2976 4965 3118 5039 λύπη
3162 4967 3300 5041 αὕτη
3321 5009 3336 5035 ,
3384 4972 3417 5042 ἢ
3449 4973 3483 5043 ή
3534 4974 3694 5045 ἡδονὴ
3745 4975 3889 5049 αὕτη

2211 5046 2368 5117 λόγον
2399 5047 2465 5102 ἂν
2496 5048 2646 5119 ἔχοι;
2680 5050 2826 5115 τίνος
2871 5050 2930 5105 δέ
2958 5052 3057 5106 οὒκ
3088 5054 3155 5108 ἂν
3186 5056 3269 5126 εἴη
3318 5057 3593 5124 κολάσεως
3626 5046 3892 5134 ικάτερος

2211 5136 2365 5209 ὑμῶν
2390 5136 2558 5202 ἄξιος,
2583 5141 2682 5210 τῆς
2714 5139 2813 5210 μὲν
2841 5141 3033 5195 ἐαυτοῦ
3049 5141 3229 5214 ψυχῆς
3261 5146 3381 5199 καθ’
3405 5148 3642 5221 ἐκάστην
3668 5150 3889 5223 ἡμέραν

2213 5224 2319 5280 ὑπὸ
2348 5224 2457 5278 τῶν
2484 5225 2674 5280 παθῶν
2713 5230 3174 5302 παρασυρομένης
3201 5232 3390 5287 οὐδένα
3435 5236 3755 5309 ποιούμενος
3793 5238 3888 5293 λό-

2211 5329 2328 5383 γον,
2357 5311 2493 5385 ὑπὲρ
2519 5313 2576 5367 δέ
2605 5313 2816 5383 ἀλόγων
2835 5314 2988 5380 ζώων
3015 5319 3108 5373 ml
3130 5318 3227 5373 ἀνθ
3236 5319 3433 5392 ρώπων
3452 5324 3654 5396 ἐτέρων
3671 5324 3888 5394 ἀλόγων

2210 5400 2495 5473 χαίρων,ἢ
2529 5401 2901 5474 ὀδυνώμενος;
2957 5403 3098 5459 ’Δλλ’
3130 5408 3217 5461 ῖνα
3236 5404 3320 5480 ’μὴ
3360 5412 3519 5466 πάλιν
3544 5411 3643 5485 τὴν
3668 5401 3890 5470 ἃπασαν

2210 5486 2443 5552 διάλεξιν
2485 5490 2564 5553 εἰς
2605 5488 2779 5545 ταῦτα
2817 5490 3320 5564 καταναλώσαντες,
3359 5498 3760 5574 δαπανήσωμεν
3794 5504 3891 5557 τὸν

2212 5576 2434 5664 καιρὸν,
2465 5576 2563 5648 τὴν
2610 5577 2895 5650 διόρθωσιν
2932 5580 3155 5637 ἐκείνων
3193 5584 3583 5659 ἐπιτρέψαντες
3626 5590 3781 5663 ὑμῶν
3817 5595 3886 5664 τῇ

2213 5663 2422 5736 ἀγάπῃ,
2454 5664 2563 5723 τῶν
2595 5666 2835 5739 σήμερον
2871 5668 3327 5738 ἀναγνωσθέντων
3357 5674 3644 5748 ἁψώμεθα,
3686 5680 3781 5736 ml
3805 5682 3889 5745 είς

2279 5772 2308 5812 ιο
2327 5770 2567 5837 Deiewla,
2590 5781 2643 5826 ιιι
2662 5776 2875 5838 videtur,
2899 5780 3133 5841 paucula
3153 5781 3227 5831 ἄν.
3696 5758 3709 5766 ’
