4138 6456
309 458 423 513 ΞΞΠ

303 581 527 627 aetatem
563 579 828 644 pervenit,
864 596 968 634 non
1002 593 1179 651 potest
1204 600 1385 639 arcum
1420 588 1660 656 tendere,
1697 606 1801 645 non
1835 600 1915 646 te-

302 664 422 718 lum
452 668 703 725 emittere
724 712 737 734 ,
774 687 879 727 non
910 674 1117 728 hastam
1149 678 1359 734 vibrare
1379 721 1392 744 ,
1426 696 1599 750 neque
1628 683 1680 737 in
1721 700 1916 755 equum

302 759 706 825 conscendere,
739 779 914 834 neque
942 783 1123 824 muros
1151 787 1461 842 Oppugnare
1486 817 1501 841 ,
1554 792 1729 847 neque
1772 778 1916 833 aliud
1959 785 1973 797 ‘

298 848 588 919 quidpiam
616 853 879 923 ejusmodi
911 858 1087 915 facere
1117 877 1129 913 :
1163 873 1217 918 et
1242 865 1573 935 gubernator
1596 910 1612 935 ,
1662 884 1783 924 cum
1830 885 1917 925 se-

298 952 499 999 nectus
530 944 670 999 vires
692 952 1013 1019 attennavit,
1036 969 1143 1009 non
1174 967 1347 1026 potest
1367 958 1520 1015 funes
1541 962 1778 1029 tendere,
1806 980 1911 1019 non

295 1037 423 1091 vela
457 1040 776 1109 extendere,
798 1059 907 1100 non
939 1047 1354 1113 gubernaculum
1390 1062 1641 1123 tractare,
1667 1071 1772 1111 non
1803 1059 1913 1113 cla-

294 1145 401 1184 vos
428 1133 746 1203 transferre,
780 1154 887 1195 non
916 1155 1040 1197 cum
1069 1141 1318 1199 ﬂuetibus
1358 1161 1617 1218 pugnare,
1657 1165 1755 1205 nec
1782 1149 1909 1221 quid

291 1225 480 1280 simile
524 1225 720 1283 facere.
757 1229 966 1287 Rursus
1016 1237 1249 1306 agricola
1300 1239 1355 1294 in
1402 1250 1561 1297 aetate
1605 1244 1759 1298 senili
1800 1260 1906 1299 non

291 1318 467 1375 boves
494 1320 745 1391 jungcre,
780 1340 887 1380 non
917 1338 1154 1385 aratrum
1184 1333 1421 1397 trahere,
1452 1352 1557 1392 non
1585 1353 1772 1395 secare
1803 1348 1910 1395 ter-

290 1425 410 1464 ram
443 1422 535 1465 aut
558 1415 743 1470 sulcos
771 1416 1055 1487 scindere,
1085 1439 1192 1479 non
1238 1426 1490 1482 arborem
1531 1429 1711 1486 colere
1736 1471 1751 1497 ,
1796 1448 1903 1487 non

288 1508 628 1562 metentibus
658 1524 719 1565 se
745 1512 1077 1583 adjungere,
1114 1533 1218 1571 non
1259 1520 1460 1590 aliquid
1506 1524 1680 1578 simile
1728 1523 1904 1582 facere

287 1599 493 1665 poterit
525 1617 537 1653 :
574 1600 670 1655 sed
703 1618 890 1659 eorum
925 1607 1121 1679 singuli
1141 1610 1284 1665 domi
1310 1613 1518 1680 sedent,
1544 1616 1717 1671 artatis
1748 1617 1905 1673 debi-

286 1688 444 1745 litate
485 1692 717 1762 detenti,
755 1711 819 1752 ac
871 1702 1196 1757 necessitate
1238 1720 1429 1775 magna
1459 1717 1514 1761 et
1540 1708 1667 1762 nihil
1694 1709 1902 1766 valente

282 1796 569 1841 senectute
600 1791 915 1860 compediti.
938 1793 1133 1850 Verum
1160 1813 1264 1853 non
1294 1800 1371 1855 sic
1404 1802 1653 1858 Ecclesia:
1675 1804 1896 1873 doctor;

281 1881 381 1931 sed
410 1888 535 1934 tunc
564 1883 807 1939 maxime
852 1889 1225 1957 concertabit,
1272 1894 1629 1966 conciuniqtte
1677 1911 1895 1967 Operam

278 1968 466 2039 dabit,
503 1975 810 2032 doctrinam
842 1992 1141 2051 proponet,
1167 1994 1217 2039 et
1251 1986 1433 2055 populi
1464 2004 1641 2044 mores
1672 2006 1897 2061 compo-

284 2080 419 2120 nere
450 2070 760 2125 conabitur.
795 2074 1060 2131 Senectus
1093 2079 1236 2132 enim
1265 2080 1317 2133 in
1345 2081 1464 2136 aliis
1508 2082 1723 2152 quidem
1766 2099 1895 2139 con-

287 2157 584 2215 ditionibus
616 2164 822 2220 inutilis
853 2178 956 2233 est,
985 2171 1036 2223 in
1062 2170 1303 2227 Ecclesia
1335 2183 1515 2229 autem
1555 2184 1604 2230 et
1642 2178 1693 2231 in
1726 2177 1896 2233 virtu-

297 2249 367 2302 tis
433 2249 704 2310 laboribus
755 2258 1064 2316 utilissima.
1113 2263 1326 2320 Etenim
1375 2264 1564 2323 beatus
1618 2270 1890 2326 Abraham

294 2351 423 2397 tunc
468 2348 748 2403 maximum
780 2362 1058 2409 certamen
1103 2354 1221 2411 iniit
1262 2372 1385 2413 cum
1419 2357 1723 2428 hujusmodi
1756 2374 1886 2417 aeta.

285 2435 357 2489 tis
396 2448 559 2493 esset.
595 2441 740 2499 Tune
785 2446 954 2514 enim,
1010 2457 1136 2505 tunc
1182 2461 1389 2507 naturte
1444 2453 1778 2526 tyrannidem
1810 2457 1886 2511 vi-

274 2531 371 2597 cit,
404 2541 459 2587 et
482 2532 650 2590 lilium
680 2541 935 2595 mactavit
966 2559 980 2598 :
1016 2545 1270 2599 mactavit
1291 2545 1434 2600 enim
1459 2547 1505 2601 si
1534 2564 1641 2602 non
1671 2563 1749 2613 re,
1782 2549 1888 2602 sal-

276 2636 385 2679 tem
416 2627 722 2699 voluntate;
758 2634 801 2688 si
824 2650 929 2689 non
952 2651 1072 2691 cum
1092 2640 1167 2694 rei
1192 2640 1320 2707 line,
1346 2648 1399 2695 at
1422 2657 1541 2697 cum
1569 2642 1880 2714 proposito;

273 2718 317 2771 si
342 2735 450 2773 non
482 2736 675 2792 opere,
709 2733 763 2778 at
794 2738 976 2783 mente
1009 2748 1021 2783 :
1054 2740 1181 2785 tunc
1218 2746 1439 2787 suorum
1474 2734 1589 2804 ipse
1616 2737 1883 2793 viseerum

270 2811 529 2867 sacerdos
558 2812 734 2870 factus
761 2827 864 2883 est,
895 2830 947 2873 et
979 2836 1042 2876 ex
1072 2821 1187 2891 ipsa
1216 2822 1328 2879 fere
1358 2836 1547 2881 natura
1565 2842 1686 2883 sese
1707 2838 1883 2885 trans-

265 2901 479 2967 ferens,
515 2908 658 2961 etin
707 2909 900 2965 caelum
946 2914 1229 2983 appellcns
1257 2958 1273 2982 ,
1326 2916 1703 2974 admirandum
1748 2921 1879 2977 illud

262 3010 315 3051 ct
344 3000 678 3070 stupendum
709 3018 845 3074 opus
872 3006 1117 3076 perfecit.
1144 3008 1211 3063 Et
1234 3009 1451 3078 Paulus,
1484 3014 1633 3069 orbis
1660 3014 1874 3084 doctor,

262 3092 313 3146 in
336 3095 601 3162 profunda
621 3108 899 3155 senectute
917 3101 985 3156 ad
1010 3102 1285 3160 mirabiles
1305 3106 1427 3161 illos
1440 3123 1639 3179 agones
1653 3127 1878 3182 appara-

261 3197 347 3241 tus
377 3197 517 3256 erat,
548 3198 605 3245 et
630 3191 865 3258 vincula,
914 3205 1134 3251 catenas
1176 3204 1231 3252 et
1273 3213 1523 3255 carceres
1556 3202 1608 3256 in
1658 3204 1877 3261 seniore

256 3294 499 3349 corpore
528 3296 655 3335 cum
702 3284 869 3338 multa
914 3288 1217 3342 constantia
1263 3288 1509 3346 ferebat:
1539 3301 1594 3349 et
1632 3293 1736 3348 hoc
1784 3296 1876 3352 ille

254 3371 548 3427 declarans
578 3374 795 3431 diccbat
820 3395 831 3429 :
860 3376 929 3433 Ut
955 3378 1156 3434 Paulus
1178 3399 1332 3438 aenea:
1355 3426 1369 3448 ,
1416 3402 1553 3441 nunc
1579 3396 1632 3440 et
1677 3389 1875 3444 vinctus

253 3467 307 3518 in
336 3466 546 3521 Christo
566 3466 695 3522 Jesu
723 3468 988 3541 (Philem.
1019 3474 1104 3545 9).
1139 3477 1207 3531 Et
1250 3477 1367 3534 lucc
1401 3480 1549 3547 dico,
1595 3499 1701 3537 non
1728 3486 1872 3555 quod

251 3557 597 3625 juventutem
626 3577 877 3631 spernam
913 3581 929 3624 :
975 3582 1097 3621 nam
1128 3568 1393 3641 etilliqui
1442 3573 1715 3630 fornacem
1764 3578 1873 3631 cal-

257 3660 490 3716 carunt,
524 3653 752 3722 juvenes
793 3656 1084 3713 admodum
1139 3672 1195 3716 et
1242 3665 1394 3733 pueri
1446 3676 1639 3733 erant;
1683 3679 1735 3723 et
1781 3672 1870 3740 qui

261 3746 565 3815 prephetite
596 3749 797 3804 donum
826 3753 1037 3823 accepit
1080 3755 1379 3825 Jeremias;
1423 3761 1605 3816 Daniel
1658 3779 1871 3833 quoque

254 3855 380 3892 cum
410 3840 600 3896 leones
624 3842 901 3912 frenabat,
936 3856 990 3902 et
1021 3859 1242 3920 propter
1269 3852 1589 3910 ineffabilem
1621 3856 1868 3913 fiduciam

250 3948 452 3987 arcana
512 3934 601 3988 illa
638 3938 972 3992 somniorum
1022 3942 1164 4013 regis
1212 3944 1268 3998 in
1317 3946 1554 4002 medium
1602 3949 1862 4019 adduxit,

250 4028 415 4095 eique
443 4029 534 4096 qui
567 4028 779 4084 viderat
806 4030 1128 4100 declaravit,
1165 4036 1454 4094 admodum
1477 4041 1692 4110 juvenis
1720 4057 1864 4111 erat;

251 4129 306 4172 et
328 4118 469 4173 nihil
497 4119 872 4191 impedimenti
895 4124 1145 4196 juventus
1170 4131 1349 4185 attulit
1375 4133 1441 4187 ad
1471 4134 1720 4189 virtutem
1745 4138 1863 4191 \il'l.

250 4211 303 4264 In
324 4213 572 4267 externis
593 4215 738 4269 enim
761 4216 944 4285 rebus,
967 4228 1025 4273 ut
1046 4219 1179 4288 dixi,
1206 4232 1259 4277 et
1275 4235 1527 4280 senectus
1543 4238 1790 4297 provecta
1812 4240 1867 4285 et

242 4303 510 4370 juventus
543 4305 829 4363 immatura
863 4311 1090 4366 multum
1118 4315 1505 4384 impedimento
1535 4318 1731 4374 fuerint
1762 4337 1774 4374 :
1812 4323 1863 4377 in

245 4398 469 4452 virtutis
494 4414 625 4454 vero
647 4404 1038 4461 certaminibus
1066 4423 1175 4463 non
1207 4408 1356 4475 item,
1392 4410 1487 4466 sed
1516 4426 1622 4465 uno
1652 4421 1858 4469 tantum

244 4492 412 4545 animi
460 4495 739 4561 proposito
782 4504 868 4550 est
905 4513 1044 4567 opus
1086 4500 1375 4571 animaque
1420 4514 1749 4574 praeparata;
1798 4523 1863 4564 ac

244 4599 425 4653 neque
451 4583 710 4653 juventus
741 4595 825 4642 est
853 4587 1091 4658 inutilis,
1121 4608 1296 4663 neque
1324 4594 1533 4649 senium
1579 4596 1816 4666 ineptum
1842 4618 1855 4665 ;

240 4676 337 4731 sed
359 4677 411 4730 in
427 4684 659 4748 utraque
676 4689 832 4737 aetate
846 4682 974 4737 oriri
989 4683 1189 4740 videris
1207 4700 1446 4743 maturos
1465 4687 1667 4744 fructus
1685 4692 1858 4760 pullu-

242 4770 421 4823 lantes
448 4811 463 4836 ,
493 4770 810 4839 dummodo,
837 4783 894 4829 ut
923 4775 1167 4831 dicebam
1194 4820 1207 4845 ,
1236 4779 1469 4835 animam
1498 4781 1618 4852 quis
1661 4781 1860 4839 habeat

240 4863 495 4932 vigilem,
523 4872 578 4917 et
602 4880 723 4935 quae
750 4867 885 4922 sciat
914 4867 1302 4940 pbiIOSOphari,
1354 4882 1514 4942 atque
1550 4890 1613 4930 ex
1663 4890 1854 4947 magna

239 4958 449 5011 virtute
514 4957 612 5011 Dei
669 4958 1103 5017 benevolentiam
1134 4965 1387 5021 attrahat.
1436 4966 1516 5024 Ne
1557 4970 1677 5040 quis
1726 4986 1855 5042 ergo

235 5049 465 5116 objiciat
492 5049 561 5103 ad
586 5051 834 5122 scgnitiei
864 5056 1269 5112 excusationem
1303 5059 1383 5113 vel
1404 5058 1744 5129 juventutem
1770 5064 1852 5119 vel

233 5149 578 5196 senectutem
602 5158 616 5205 ;
646 5144 1080 5214 quandoquidem
1100 5148 1425 5207 etiamnunc
1441 5154 1593 5208 multi
1615 5154 1851 5225 juvenes

237 5235 340 5289 hoc
370 5235 657 5306 spirituale
700 5237 973 5295 theatrum
1005 5241 1214 5313 replent
1235 5260 1248 5309 ;
1269 5260 1428 5301 senes
1448 5259 1628 5305 autem
1661 5249 1714 5305 in
1732 5249 1850 5322 hip-

236 5329 521 5397 podromis
551 5332 806 5389 indecore
829 5350 887 5389 se
914 5346 1129 5406 gerunt.
1160 5338 1267 5393 Alii
1299 5355 1427 5398 vero
1447 5356 1608 5399 senes
1633 5360 1848 5401 rursum

231 5423 492 5477 canitiem
516 5427 837 5482 concionem
866 5428 1148 5485 audientes
1168 5443 1362 5487 ornant
1387 5451 1403 5499 ;
1441 5434 1669 5505 juvenes
1718 5451 1847 5497 vero

228 5514 317 5568 alii
352 5531 450 5584 per
477 5516 567 5570 illa
595 5519 901 5586 spectacula
939 5519 1276 5590 juventutem
1321 5541 1472 5580 suam
1502 5528 1723 5584 rationis
1741 5540 1839 5583 ex-

229 5616 443 5677 pertem
475 5621 925 5667 eommonstrant.
963 5612 1183 5668 Etiamsi
1216 5616 1361 5670 enim
1392 5618 1547 5673 multi
1575 5619 1663 5676 hic
1693 5614 1845 5677 corr-

225 5710 541 5768 pareant,at
566 5716 673 5757 non
704 5704 873 5758 satior
906 5720 920 5755 :
948 5720 1121 5775 neque
1140 5707 1281 5761 enim
1303 5710 1498 5764 multos
1524 5721 1726 5769 tantum
1758 5717 1843 5771 hic

222 5792 424 5849 adesse
467 5792 686 5861 vellem,
716 5794 813 5850 sed
861 5812 1070 5861 omnes,
1102 5808 1155 5855 et
1182 5800 1450 5856 neminem
1494 5803 1563 5858 ab
1610 5806 1839 5863 ecclesia

222 5886 442 5939 abesse.
476 5885 820 5957 Quapropter
845 5889 1101 5960 quamdiu
1133 5901 1283 5947 extra
1310 5895 1519 5951 caulam
1567 5896 1642 5953 illi
1689 5911 1834 5961 sunt.

222 5975 511 6043 dirumpor
537 5989 587 6032 ct
613 5978 889 6034 doloribus
915 5980 1208 6038 tliseindor.
1240 5985 1368 6041 Nam
1398 6001 1580 6060 pastor
1623 5992 1710 6049 ille
1742 5994 1832 6065 qui

556 6076 828 6140 Parnm.
880 6078 997 6141 (in.
1050 6082 1272 6146 LXlll.

1051 469 1093 524 Χ
1138 470 1441 535 HOMILIA,
1489 474 1550 526 ΙΝ
1595 475 1818 541 ILLUD,
1864 478 2104 538 MESSIS
2144 483 2406 552 QUIDEM
2451 493 2710 565 MULTA,
2756 500 2885 557 ETC
3527 524 3629 573 M8

2037 602 2326 670 nonaginta
2356 621 2546 664 novem
2576 614 2765 672 ovibus
2793 621 2994 678 relictis
3037 626 3103 680 ad
3152 645 3311 685 unam
3355 653 3624 697 errantem

1978 782 1981 787 ν
2030 695 2386 764 properabat,
2420 718 2592 774 neque
2622 708 2769 775 prius
2794 712 2999 772 abstitit
3018 759 3033 784 ,
3064 734 3223 791 quam
3248 728 3397 783 illam
3418 733 3483 786 ad
3504 695 3624 803 gt‘e;

2023 798 2144 896 gem
2165 789 2505 863 reduxisset;
2536 801 2867 877 multamque
2884 824 2945 865 ea
2972 811 3024 867 in
3052 789 3113 870 re
3131 832 3317 876 curam
3336 789 3622 896 impendit.

2023 872 2376 939 Centenarius
2403 889 2545 943 enim
2576 910 2830 954 nmnerus
2859 902 3212 979 claudicabat,
3251 872 3617 980 donecrunant

2022 974 2257 1040 accepit,
2282 985 2333 1029 et
2360 988 2484 1035 tunc
2504 995 2718 1041 centum
2749 1006 2874 1048 vere
2895 1009 3109 1055 centum
3141 1003 3293 1063 fuere
3318 1052 3331 1076 ,
3372 1027 3493 1069 cum
3530 1016 3618 1072 illa

2020 1060 2238 1118 reducta
2273 1076 2328 1121 et
2352 1083 2564 1129 servata
2593 1076 2711 1133 fuit.
2743 1081 2817 1137 Ne
2846 1100 2976 1158 ergo
3013 1093 3143 1149 mihi
3194 1096 3397 1158 dixeris
3446 1122 3611 1163 unum

2018 1166 2139 1208 esse
2153 1154 2371 1214 fratrem
2390 1165 2477 1233 qui
2504 1170 2681 1236 periit;
2707 1174 2798 1228 sed
2821 1154 2993 1248 cogita
3009 1186 3151 1253 quod
3171 1190 3240 1243 sit
3260 1191 3447 1262 frater,
3469 1202 3614 1269 quod

2015 1247 2149 1304 illud
2173 1252 2261 1318 sit,
2299 1258 2498 1315 animal
2528 1266 2682 1335 cujus
2712 1269 2854 1326 Deus
2887 1284 3089 1333 tantam
3127 1296 3310 1341 curam
3334 1247 3499 1360 gerit:
3516 1311 3616 1365 pro

2014 1354 2122 1409 quo
2141 1349 2285 1399 tanta
2305 1346 2442 1404 facta
2464 1351 2637 1424 fuere,
2658 1375 2753 1428 pro
2770 1378 2879 1433 quo
2898 1370 3165 1436 pretiosus
3185 1346 3401 1450 sangtiis
3413 1346 3614 1446 effusus

2011 1443 2066 1485 et
2089 1442 2293 1493 tantum
2317 1443 2546 1511 pretium
2572 1451 2807 1509 solutum
2838 1458 2970 1515 fuit:
2994 1476 3216 1535 propter
3235 1442 3393 1541 qtiem
3417 1442 3608 1537 crrluni

2011 1536 2293 1586 extensum
2315 1546 2416 1603 est,
2443 1542 2521 1593 sol
2550 1558 2810 1603 accensus
2838 1565 2938 1619 est,
2960 1557 3079 1612 ltma
3106 1564 3293 1632 currit,
3321 1571 3497 1626 rarius
3522 1574 3611 1631 ille

2009 1622 2284 1681 stellarum
2314 1630 2513 1690 chorus
2546 1636 2732 1710 fulget,
2762 1660 2858 1700 aer
2888 1661 3142 1709 extensus
3166 1668 3268 1727 est,
3300 1680 3448 1721 mare
3475 1670 3608 1723 εσυ.

2008 1727 2148 1780 sum,
2191 1726 2329 1774 terra
2379 1724 2598 1784 fundata
2628 1746 2732 1800 est,
2780 1738 2958 1797 fontes
3003 1751 3325 1819 scaturiuut,
3384 1757 3606 1819 flumina

2009 1823 2246 1921 thanant,
2276 1832 2490 1877 montes
2514 1824 2708 1883 firmati
2748 1844 2872 1889 sunt
2900 1855 2912 1891 :
2938 1852 3158 1911 propter
3183 1863 3341 1918 quem
3373 1864 3519 1921 prata
3553 1869 3608 1914 et

2007 1899 2169 2018 horti,
2207 1923 2426 1979 propter
2446 1934 2605 1986 quem
2637 1926 2845 1982 sentina
2867 1941 2918 1985 et
2935 1899 3425 2016 arboresfpropte’r
3442 1966 3599 2018 quem

3114 1992 3180 2004 η,
3203 1992 3251 2011 τ,
3274 1992 3413 2016 τη.
3443 1992 3526 2018 .,...

2003 1992 2212 2053 diversa
2240 2002 2539 2072 plantarum
2586 2031 2804 2086 genera,
2851 2036 3073 2096 propter
3113 2048 3271 2101 quem
3314 2053 3376 2092 ea
3403 2056 3522 2111 qua:
3548 2047 3599 2098 in

2002 2092 2295 2164 montibus,
2337 2117 2456 2170 qua:
2503 2104 2553 2159 in
2583 2108 2835 2180 desertis,
2883 2132 3004 2188 quze
3031 2121 3083 2177 in
3117 2126 3358 2197 urbibus,
3401 2092 3518 2203 qua:
3545 2138 3597 2192 in

2002 2180 2065 2203 ...1Δ
2091 2183 2212 2203 -.ἓ-Ψ-
2421 2194 2431 2203 ¹
2578 2199 2589 2203 “
2622 2200 2652 2203 ’⁸

1999 2180 2239 2253 planitie,
2269 2205 2389 2260 qua:
2420 2194 2472 2248 in
2512 2199 2769 2270 saltibus,
2804 2223 2923 2277 qua:
2953 2211 3004 2266 in
3039 2216 3268 2275 collibus
3319 2180 3358 2277 τ’
3383 2180 3599 2297 pi‘omer

1998 2289 2157 2344 quem
2180 2296 2456 2341 innumera
2475 2290 2699 2359 piscium
2718 2289 3428 2386 multitudo,propterquein
3454 2289 3595 2377 varia

1996 2369 2403 2443 quadrupedum
2434 2396 2659 2454 genera,
2706 2399 2812 2446 tam
2855 2393 3085 2454 diversa:
3133 2407 3309 2462 avium
3349 2414 3594 2481 species;

1996 2475 2216 2564 propter
2237 2486 2396 2539 quem
2425 2476 2531 2545 lex,
2556 2481 2857 2555 prophetaa,
2881 2496 3113 2560 apostoli
3140 2515 3154 2561 ;
3182 2475 3403 2572 propter
3433 2475 3592 2576 quem

1994 2570 2276 2617 tnmnnera
2318 2568 2575 2627 miracula
2628 2574 2765 2633 facta
2808 2593 2979 2638 sunt:
3010 2589 3136 2657 quid
3175 2568 3311 2663 opus
3350 2568 3592 2655 est-tam

1995 2653 2159 2754 multa
2191 2656 2412 2754 dicere?
2441 2678 2663 2737 propter
2710 2688 2870 2743 quem
2914 2653 3226 2752 unigenitus
3276 2690 3367 2747 Dei
3423 2653 3595 2754 Filius

1992 2743 2153 2800 homo
2185 2748 2355 2807 faczus
2386 2766 2490 2821 est,
2520 2769 2574 2813 et
2603 2764 2834 2822 occisus.

2058 2843 2112 2900 2.
2141 2843 2341 2902 Caritas
2369 2867 2489 2922 erga
2531 2858 2821 2927 proximum
2869 2872 3281 2931 commendatur.
3322 2877 3510 2937 Theca:
3546 2899 3591 2939 ct

1984 2938 2211 3009 reliquie:
2245 2946 2623 3015 apostolorum.
2646 2985 2711 2995 -—
2739 2954 2923 3031 Cogita
2952 2974 3150 3036 quanta
3170 2968 3313 3027 Dens
3335 2988 3590 3043 Operatns

1985 3030 2054 3083 sit
2072 3048 2167 3100 pro
2181 3038 2355 3094 salute
2371 3039 2670 3112 hominum,
2690 3059 2744 3105 et
2766 3054 2972 3111 nullmn
2994 3059 3263 3131 despicias
3284 3066 3585 3137 hominem;

1984 3123 2078 3179 sed
2107 3139 2393 3200 postquam
2424 3134 2531 3193 hoc
2556 3142 2838 3210 spirituale
2870 3123 3139 3209 theatrum
3190 3160 3424 3218 solutmn
3470 3169 3585 3224 fue-

1985 3217 2071 3283 rit,
2095 3235 2279 3289 quaere
2300 3224 2447 3281 illam
2466 3231 2556 3300 qui
2587 3233 2779 3301 abfuit,
2813 3248 2961 3298 etne
2994 3247 3140 3315 prius
3172 3250 3401 3309 desistas
3424 3274 3582 3330 quam

1985 3308 2127 3330 ill...”
2171 3328 2182 3330 ι
2218 3314 2229 3330 Ι
2256 3316 2267 3330 ¹
2412 3320 2422 3330 ⁸
2709 3328 2716 3330 ⁴

1982 3308 2133 3367 illum
2164 3314 2455 3375 adduxeris
2483 3332 2537 3377 et
2565 3328 2719 3382 matri
2750 3332 3095 3403 conjunxeris
3116 3383 3129 3407 ,
3160 3352 3321 3415 atque
3365 3364 3392 3400 a
3441 3308 3585 3406 lmala

1979 3410 2371 3468 consuetudine
2398 3414 2710 3487 abduxeris,
2735 3433 2788 3478 et
2814 3429 3084 3497 captivum
3118 3410 3418 3497 servaveris
3440 3483 3453 3507 ,
3499 3458 3581 3499 at-

1978 3515 2083 3568 que
2111 3505 2450 3562 submersum
2478 3510 2530 3565 in
2561 3530 2708 3570 mare
2735 3525 3058 3592 extraxeris,
3081 3537 3179 3584 eta
3211 3530 3341 3588 feris
3364 3547 3580 3607 captum

1976 3591 2045 3643 ah
2074 3592 2395 3654 inunanibus
2428 3600 2623 3661 hclluis
2646 3608 3168 3686 liheraveris.Quam
3186 3627 3329 3681 enim
3345 3632 3577 3701 veniam,

1977 3700 2137 3752 quam
2174 3688 2548 3752 defensionem
2572 3697 2870 3760 habueris?
2894 3708 2974 3763 Ad
3002 3716 3371 3781 apostolorum
3399 3722 3582 3780 thecas

1976 3780 2265 3838 venimus:
2300 3786 2543 3844 videmus
2583 3793 2659 3865 (α)
2701 3796 2942 3867 ipsorum
2970 3806 3188 3862 vulnera
3214 3821 3268 3866 et
3290 3814 3576 3885 stigmata,

1976 3876 2289 3945 sanguinem
2346 3880 2602 3939 ﬂuentem
2656 3903 2791 3945 auro
2845 3896 3265 3970 pretiosiorem,
3314 3876 3573 3974 eavtenas,

1975 3963 2207 4035 flagella,
2240 3983 2442 4028 mortes
2470 3978 2835 4051 quotidianas,
2868 4002 3004 4056 quas
3032 4006 3131 4059 pro
3160 3993 3406 4053 Ecclesia
3436 4005 3576 4069 passi

1974 4067 2100 4113 sunt
2131 4080 2143 4115 :
2179 4061 2327 4118 Pauli
2359 4065 2681 4138 discipulum
2714 4076 2910 4146 ubique
2952 4096 3074 4135 cum
3123 4083 3296 4141 Paulo
3341 4061 3575 4146 circum-

1971 4163 2302 4223 currentem,
2334 4169 2389 4214 et
2417 4166 2677 4231 magistro
2704 4171 3049 4239 mquandum,
3084 4177 3419 4253 vitulumque
3448 4200 3572 4241 cum

1974 4255 2126 4301 tauro
2149 4250 2426 4320 jugatum;
2459 4258 2616 4325 primi
2661 4264 3025 4330 apostolorum
3054 4272 3296 4340 fratrem,
3342 4277 3574 4346 piscato-

1970 4355 2116 4407 rem,
2173 4346 2261 4414 qui
2308 4362 2561 4417 sagenam
2589 4355 2905 4427 eXplicavit,
2960 4373 3015 4417 et
3056 4364 3307 4425 homines
3349 4384 3448 4439 pro
3492 4376 3575 4443 pi-

1977 4433 2156 4489 scibtts
2182 4438 2419 4506 piscatus
2446 4454 2561 4515 est;
2581 4447 2855 4523 Evangelii
2876 4470 3183 4526 praeconem
3210 4482 3223 4519 :
3247 4470 3300 4516 et
3331 4466 3482 4534 quasi
3517 4467 3569 4521 in

1970 4538 2127 4596 prato
2157 4529 2224 4586 de
2250 4533 2367 4603 ejus
2394 4539 2676 4606 prmclaris
2703 4546 2868 4613 gestis
2894 4550 3154 4607 laetemur.
3189 4554 3289 4623 Qui
3321 4573 3446 4614 vero
3472 4576 3571 4617 nos

1968 4619 2360 4694 deseruerunt,
2418 4645 2682 4703 equorum
2741 4639 3188 4703 irrationabilium
3238 4663 3570 4721 Spectatores

1964 4717 2174 4784 sedent,
2196 4723 2458 4779 eottviciis
2485 4735 2538 4783 et
2555 4733 2898 4788 contumeliis
2921 4752 2981 4791 se
3009 4748 3197 4796 mutuo
3222 4743 3565 4817 impctentes,

1965 4809 2204 4867 furorem
2255 4826 2312 4871 et
2354 4833 2609 4889 pugnam,
2668 4839 2790 4894 qua:
2835 4829 3038 4885 nullam
3066 4849 3285 4890 causam
3337 4839 3565 4909 habeat,

1966 4901 2351 4976 incendentes,
2392 4913 2587 4981 gaudio
2634 4913 2874 4973 fruentes
2913 4924 3055 4991 quod
3088 4926 3451 4987 miserabilius
3479 4945 3565 4990 est

1965 4996 2080 5067 ipso
2106 4998 2327 5067 dolore,
2365 5003 2434 5058 de
2477 5008 2679 5078 aurigis
2721 5011 3015 5070 victoribus
3041 5016 3130 5082 ,de
3156 5022 3407 5090 equis”
3452 5025 3563 5080 fra-

1961 5091 2060 5146 ctis
2092 5108 2233 5163 :quo
2262 5096 2388 5165 quid
2422 5098 2844 5159 irrationabilius
2867 5106 3061 5162 fuerit?
3081 5110 3189 5166 Cur
3214 5129 3399 5185 qumso
3422 5133 3554 5188 gau-

1960 5182 2097 5239 des?
2122 5200 2220 5241 cur
2234 5188 2498 5255 exsultas,
2541 5207 2639 5248 cur
2655 5196 2838 5250 exsilis
2858 5238 2875 5265 ,
2907 5208 2961 5253 et
2984 5199 3110 5257 inde
3140 5182 3293 5260 la-tus
3327 5207 3553 5265 descen-

1958 5276 2076 5333 dis?
2098 5277 2176 5333 Tu
2189 5294 2319 5335 vero
2332 5282 2607 5351 curdoles,
2631 5297 2679 5342 et
2700 5303 2809 5357 prie
2834 5291 3039 5360 pudore
3061 5303 3114 5351 te
3136 5299 3379 5355 occultas
3394 5313 3555 5374 caput

1959 5372 2244 5443 inclinans,
2274 5377 2619 5451 animmnque
2652 5390 2798 5438 tuum
2823 5385 3087 5455 lacerans,
3119 5393 3263 5463 quod
3292 5394 3382 5451 ille
3406 5398 3554 5465 vicit,

1954 5466 2164 5521 etalter
2192 5468 2363 5523 victus
2401 5472 2524 5525 est?
2554 5484 2609 5528 et
2638 5475 2765 5545 quid
2814 5477 2928 5533 haec
2956 5481 3021 5535 ad
3056 5484 3152 5538 te?
3194 5500 3352 5555 quam
3393 5492 3559 5546 ratio-

1957 5574 2080 5615 nem
2114 5557 2311 5617 habere
2333 5561 2503 5631 possit
2530 5562 2645 5619 haec
2668 5581 2764 5622 seu
2792 5569 3032 5639 tristitia,
3063 5588 3159 5630 seu
3194 5578 3416 5633 laetitia?
3445 5597 3554 5653 quo

1954 5653 2220 5722 supplicio
2264 5663 2489 5725 uterque
2518 5656 2662 5728 digni
2693 5674 2800 5715 non
2830 5662 3035 5719 fueritis
3059 5708 3072 5731 ,
3104 5684 3226 5723 cum
3253 5671 3431 5725 anima
3465 5683 3553 5729 tua

1952 5744 2193 5814 quotidie
2240 5745 2289 5799 in
2334 5746 2474 5801 vitiis
2526 5749 2813 5819 volutetur,
2861 5753 2912 5807 id
2956 5756 3083 5810 nihil
3148 5774 3276 5814 cura
3305 5803 3319 5824 ,
3373 5761 3552 5833 deque

1951 5837 2273 5895 animalibus
2324 5840 2817 5921 irrationabilibus,
2865 5846 3038 5918 deque
3067 5849 3375 5909 hominibus
3417 5855 3545 5926 ipsis

2014 6000 2086 6066 (a)
2112 6002 2204 6055 Vel
2233 6004 2279 6055 in
2309 6004 2493 6069 pictura
2518 6005 2597 6057 vel
2623 6020 2711 6070 per
2739 6012 3153 6074 imaginationem.

3047 6090 3120 6151 26
