4138 6516
593 496 698 554 519

592 612 754 664 etiam
805 606 1013 662 ratione
1062 602 1407 665 carentibus,
1441 599 1642 673 gaudes
1688 596 1774 654 vel
1816 596 2011 653 doles?
2062 593 2169 651 Sed

592 715 656 753 ne
688 713 873 754 rursus
894 705 1066 751 totam
1097 691 1409 751 concionem
1444 693 1495 748 in
1527 690 1645 747 hate
1671 689 2002 745 insumentes
2032 696 2180 742 tem-.

590 805 687 859 pus
740 799 1017 853 teramus,
1069 786 1286 841 illorum
1333 782 1674 853 correptione
1717 789 1912 836 vestrm
1958 778 2170 834 caritati

587 878 982 940 commendata.
1011 877 1075 932 iis
1100 892 1224 947 quae
1270 875 1431 930 hodie
1477 875 1613 929 lecta
1662 881 1787 927 sunt
1811 872 2002 926 demus
2031 884 2168 939 ope-

586 988 723 1033 ram,
751 981 806 1027 et
829 971 881 1025 in
910 970 1309 1038 Scripturarum
1330 967 1630 1021 divinarum
1652 973 1859 1035 pratum
1880 978 1975 1017 vos
2010 961 2169 1015 indu-

578 1078 704 1119 cere
736 1061 1055 1118 conabimur
1083 1076 1096 1112 :
1130 1075 1253 1114 nam
1287 1059 1374 1113 illa
1423 1066 1575 1128 prato
1614 1064 1740 1111 sunt
1764 1054 1983 1109 similia.
2015 1052 2166 1108 Sicut

572 1158 721 1213 enim
753 1158 805 1211 in
838 1164 992 1227 prato
1022 1153 1221 1209 diversi
1251 1151 1412 1207 ﬂores
1436 1160 1577 1212 sunt,
1608 1162 1797 1203 omnes
1834 1155 2011 1201 autem
2042 1144 2162 1215 pul-

572 1248 831 1304 cherrimi
855 1247 1175 1317 spectatoris
1204 1243 1389 1297 oculos
1406 1242 1682 1294 attrahunt
1710 1256 1724 1292 :
1754 1238 1824 1293 ita
1852 1248 1905 1291 et
1935 1238 1985 1291 in
2017 1234 2163 1291 Scri-

570 1344 748 1413 pturis
779 1339 977 1396 divinis
1025 1339 1210 1394 videre
1247 1345 1348 1392 est.
1382 1334 1512 1390 Nam
1559 1334 1746 1388 beatus
1776 1332 1939 1386 David
1990 1330 2055 1383 ad
2099 1342 2161 1383 se

575 1444 811 1490 tuentem
830 1442 1068 1489 nostram
1084 1428 1323 1493 attrahit,
1345 1437 1399 1482 et
1417 1425 1771 1496 apostolicum
1795 1423 1994 1477 dictum
2014 1422 2157 1475 circa

571 1525 949 1588 Timotheum;
980 1522 1306 1590 insuperquc
1322 1517 1496 1572 audax
1528 1516 1619 1571 ille
1650 1516 1813 1569 lsnias
1835 1514 1902 1569 de
1922 1513 2154 1567 humana

562 1626 761 1671 natura
788 1612 1199 1686 .philosophans,
1235 1610 1555 1679 illornmque
1584 1606 1841 1662 Dominus
1866 1605 2024 1660 Jesus
2068 1604 2154 1658 di-

570 1709 807 1778 scipulos
834 1706 1135 1776 alloquens,
1166 1718 1229 1757 ac
1258 1702 1443 1756 dicens
1475 1717 1489 1753 :
1524 1698 1704 1753 Messi:
1731 1697 1932 1768 quidem
1965 1697 2145 1760 multa,

558 1799 793 1870 eperarii
839 1806 1008 1850 autem
1052 1794 1205 1866 pauci
1249 1791 1268 1865 (
1295 1791 1481 1845 Matth.
1526 1789 1580 1847 9.
1610 1791 1677 1845 ’57
1699 1791 1742 1861 ).
1776 1792 1887 1859 Age
1921 1788 2152 1858 igitur,si

568 1894 763 1960 placet,
791 1888 892 1944 hoc
916 1888 1114 1947 dictum
1142 1888 1192 1939 in
1217 1884 1451 1940 medium
1479 1882 1826 1948 adducentes,
1853 1880 1966 1950 ejus
1994 1894 2151 1934 sensa

563 1985 893 2053 explicemus
928 1979 1068 2036 :etsi
1121 1980 1263 2035 enim
1313 1978 1476 2033 breve
1522 1975 1724 2032 dictum
1766 1974 1896 2029 illud
1942 1986 2044 2037 εει,
2097 1980 2154 2028 at

564 2080 779 2145 pelagus
823 2073 1144 2128 immensum
1173 2068 1559 2124 sententiarum
1606 2066 1761 2120 nobis
1799 2065 1973 2120 oli'ert.
2007 2064 2149 2132 Qua-

562 2175 781 2237 propter
832 2165 900 2220 ad
945 2164 1120 2235 ipsum
1177 2178 1298 2217 cum
1353 2177 1545 2230 magno
1593 2159 1771 2215 studio
1800 2157 2146 2214 accedamus.

554 2262 692 2333 Quia
723 2261 866 2317 enim
900 2260 1050 2323 vidit,
1082 2256 1276 2328 inquit,
1309 2254 1706 2311 multitudinem
1736 2252 1999 2308 divulsam
2020 2295 2035 2319 ,
2066 2252 2148 2307 di-

558 2359 629 2410 cit
658 2352 938 2426 discipulis
966 2369 979 2407 :
1013 2352 1195 2407 Messis
1223 2350 1430 2421 quidem
1458 2351 1618 2404 multa
1642 2391 1657 2417 ,
1706 2349 1927 2418 operarii
1979 2359 2146 2402 autem

550 2448 729 2513 Γνιιιηεὶ.
764 2448 894 2514 Qua:
922 2445 1132 2506 messis,
1168 2442 1254 2498 dic
1285 2443 1438 2508 mihi,
1471 2448 1526 2495 et
1554 2456 1650 2495 cur
1678 2440 1756 2496 sic
1779 2440 1917 2495 hanc
1944 2439 2147 2495 doctri-

558 2557 678 2592 nam
708 2536 958 2593 vocavit?
999 2535 1145 2605 atqui
1179 2534 1369 2589 messis
1416 2534 1493 2586 rei
1539 2532 1661 2587 finis
1703 2542 1805 2587 est.
1857 2531 2144 2601 Postquam

542 2634 695 2687 enim
720 2646 906 2687 semen
930 2631 981 2684 in
996 2630 1170 2684 sinum
1191 2638 1346 2682 terra:
1364 2627 1563 2697 jactum
1590 2626 1906 2680 humiditate
1926 2627 2144 2681 fruitum

550 2733 653 2789 est,
673 2723 868 2778 deinde
885 2721 1247 2776 humectatum
1265 2727 1317 2773 et
1339 2718 1577 2772 inflatum
1592 2716 1919 2786 adjacentem
1946 2728 2141 2771 terram

548 2814 866 2886 occupavit;
898 2821 1105 2885 postea
1160 2811 1213 2866 in
1263 2810 1561 2865 divisiones
1608 2808 1807 2863 multas
1844 2822 2138 2877 expansum

549 2913 605 2960 in
638 2903 957 2977 profundum
985 2901 1194 2959 radices
1224 2917 1349 2956 suas
1372 2900 1555 2956 misit:
1599 2899 1827 2971 primum
1852 2899 2141 2970 prospicilc

558 2997 880 3070 superficie;
909 2994 1105 3053 deinde
1131 2993 1406 3065 paulatim,
1436 2993 1570 3058 sole,
1603 2992 1782 3063 pluvia
1808 3001 1863 3047 et
1883 3006 2009 3047 aere
2037 3006 2138 3046 nu-

552 3094 735 3146 tritum
765 3087 1159 3163 germinatione
1189 3095 1347 3142 terrai
1378 3095 1635 3157 augetur,
1674 3094 1729 3141 et
1756 3084 1989 3140 efficitur
2016 3085 2136 3156 qni-

533 3184 666 3238 dem
690 3183 920 3252 primum
949 3180 1114 3235 herba
1136 3179 1318 3235 virens
1337 3220 1355 3246 ,
1384 3187 1439 3233 ct
1484 3187 1671 3233 tenera
1718 3175 1843 3233 folia
1893 3177 2131 3243 emittit;

545 3274 741 3329 deinde
769 3272 1109 3328 immaturam
1136 3271 1339 3342 spicam
1389 3268 1589 3337 effert,
1634 3276 1690 3325 et
1730 3268 1964 3327 instante
2011 3284 2136 3324 vere

536 3365 1022 3438 «rursuspaulatim
1049 3372 1375 3419 maturatum
1402 3362 1472 3419 ad
1513 3362 1762 3434 stipulam
1801 3370 1862 3418 et
1901 3363 2132 3432 aristas,

542 3460 757 3531 plenum
786 3457 1015 3514 fructum
1042 3455 1239 3513 reddit.
1269 3454 1422 3512 Tune
1450 3454 1666 3510 demum
1711 3453 1944 3524 agricola
1967 3494 1983 3519 ,
2032 3452 2130 3509 fal-

543 3566 664 3607 cem
692 3564 917 3619 acuens,
944 3562 1215 3604 messores
1242 3555 1556 3616 congregat,
1601 3554 1656 3600 et
1698 3544 1986 3601 collectum
2017 3544 2131 3600 fru-

542 3654 696 3702 ctum
736 3645 789 3699 in
817 3643 979 3699 domo
1004 3640 1246 3712 deponit.
1278 3639 1468 3696 Messis
1496 3647 1577 3694 est
1606 3639 1767 3710 igitur
1806 3637 1927 3692 finis
1955 3638 2131 3694 omnis

538 3738 746 3795 laboris
772 3745 830 3795 et
869 3736 1230 3808 agriculturae.
1276 3732 1560 3800 Quomodo
1597 3746 1763 3800 ergo,
1809 3746 2029 3801 qumso,
2075 3728 2129 3785 id

546 3844 778 3886 messem
805 3836 981 3896 vocat,
1004 3842 1126 3883 cum
1153 3840 1242 3881 res
1270 3823 1447 3879 adhuc
1466 3823 1517 3877 in
1546 3823 1823 3893 prooemiis
1869 3831 1923 3877 et
1964 3821 2130 3876 mitiis

533 3925 723 3980 esset?
746 3922 999 3993 impietas
1014 3920 1159 3977 enim
1190 3918 1388 3989 ubique
1413 3927 1679 3972 terrarum
1704 3914 2082 3970 dominabatur
2111 3930 2126 3969 :

540 4031 650 4070 anc
671 4013 966 4077 ardebant,
994 4021 1048 4068 et
1075 4010 1217 4067 idola
1247 4007 1630 4072 adorabantur,
1674 4006 1833 4063 Iesus
1858 4005 2129 4077 despicie-

544 4108 723 4172 batnr,
744 4114 801 4161 et
826 4103 1089 4177 profunda
1107 4118 1211 4158 nox
1239 4100 1418 4158 omnia
1437 4100 1751 4156 continebat
1777 4116 1791 4153 :
1823 4099 1994 4154 hiems
2013 4107 2131 4155 erat

542 4199 757 4260 acerba,
789 4213 941 4253 mare
979 4195 1404 4266 “tempestatibus
1429 4194 1687 4266 agitatum
1709 4235 1723 4258 ,
1755 4194 1933 4250 ventis
1962 4193 2129 4249 vehe-

536 4291 810 4346 mentibus
836 4290 1122 4345 humanam
1154 4289 1318 4344 vitam
1349 4286 1691 4344 turbantibus
1713 4328 1728 4351 ,
1756 4287 1900 4343 vitiis
1946 4296 2129 4359 tyran-

540 4385 725 4440 nidem
753 4383 1128 4440 exercentibus
1149 4424 1164 4448 ,
1194 4382 1572 4453 immersisque
1599 4381 1871 4438 omnibus.
1919 4380 2128 4452 Ubique

539 4476 687 4532 enim
712 4474 1013 4541 fornicatio,
1036 4474 1355 4530 adulterium
1382 4482 1437 4529 et
1454 4474 1672 4528 lascivia
1692 4490 1707 4527 :
1727 4472 1924 4543 ubique
1952 4472 2130 4527 avari-

542 4569 638 4632 tia,
668 4566 889 4637 rapinte,
915 4564 1058 4622 bella
1092 4582 1105 4620 :
1137 4566 1354 4636 sanguis
1376 4564 1433 4620 in
1458 4573 1621 4630 terra,
1645 4564 1863 4635 sanguis
1889 4564 1940 4618 in
1968 4564 2125 4629 mari,

540 4658 762 4729 sanguis
783 4672 971 4714 eorum
994 4658 1090 4728 qui
1133 4656 1375 4713 immersi
1420 4654 1653 4722 fuerant,
1687 4664 1743 4710 et
1765 4656 1943 4713 ctedcs
1991 4656 2128 4712 istuc

540 4750 834 4804 intulerant
863 4748 1000 4805 bella
1028 4749 1328 4818 frequentia
1357 4756 1411 4804 et
1432 4763 1655 4819 pugnat,
1687 4748 1978 4819 civilesque
2016 4764 2127 4805 ca:-

536 4841 655 4906 des,
700 4839 881 4896 caedes
925 4841 1140 4911 inquam
1191 4837 1443 4894 omnibus
1495 4839 2127 4897 exsecrabilioreszuam

548 4932 710 4987 etiam
736 4931 831 4986 ﬁlii
868 4932 1028 4988 idolis
1043 4931 1497 4999 immolabantur;
1526 4941 1714 4985 natura
1760 4930 2125 5000 ignorabatur,

541 5025 792 5097 cognatio
822 5024 1195 5080 invertebatur
1227 5040 1240 5078 :
1275 5023 1471 5093 ubique
1519 5023 1813 5094 przecipitia
1844 5036 1891 5081 et
1921 5025 2125 5096 scopuli

539 5127 597 5173 et
622 5132 751 5172 saxa
782 5116 1001 5171 latentia
1027 5115 1248 5185 graiia;
1279 5123 1334 5171 et
1365 5114 1544 5170 nullus
1592 5115 1755 5169 homo
1800 5114 2128 5187 gubernator

536 5220 656 5264 erat
690 5226 703 5264 :
738 5209 850 5265 imo
875 5209 1263 5280 gubernatores
1296 5207 1447 5277 pauci
1497 5207 1549 5263 in
1580 5206 1891 5264 Judazorum
1929 5219 2124 5279 gente;

542 5316 704 5358 nemo
734 5316 865 5357 vero
886 5309 1000 5356 erat
1036 5300 1127 5371 qui
1168 5300 1409 5368 audiret,
1454 5299 1633 5355 nautis
1669 5299 1811 5355 inter
1855 5315 1915 5355 se
1944 5310 2128 5355 mutuo

541 5390 990 5461 disceptantibus,
1022 5402 1077 5448 et
1101 5391 1274 5449 altero
1300 5392 1527 5447 alterum
1550 5390 1962 5448 eoncidcnlibus
1984 5402 2038 5447 et
2074 5393 2125 5448 in

540 5499 690 5538 mare
744 5483 1226 5554 prmeipitantibus.
1280 5484 1493 5539 Etenim
1552 5482 1803 5555 Scytha),
1848 5483 2124 5549 Thraces,

544 5574 732 5636 Mauri,
764 5573 896 5639 Indi,
926 5573 1126 5638 Persae,
1154 5574 1436 5642 Sarmatw,
1467 5583 1521 5630 et
1544 5575 1632 5645 qui
1663 5574 1926 5630 Grieciam
1958 5584 2012 5629 et
2038 5575 2128 5645 qui

541 5665 765 5736 Epirum
791 5663 1115 5733 incolebant,
1153 5674 1207 5720 et
1230 5666 1409 5721 omnis
1436 5664 1548 5721 fere
1591 5682 1709 5736 quae
1740 5666 1841 5720 sub
1878 5665 2011 5720 melo
2045 5673 2131 5721 est

540 5766 703 5828 terra,
732 5757 1011 5814 dmmoncs
1038 5757 1291 5824 colebat,
1322 5766 1375 5813 et
1401 5757 1467 5814 ab
1495 5755 1843 5814 exsecrandis
1872 5757 1980 5811 illis
2013 5757 2126 5827 spi~

538 5851 731 5907 ritibus
761 5852 940 5908 omnia
981 5848 1489 5923 pessumdabantur,
1534 5849 1683 5921 regio
1722 5848 1949 5920 quaevis,
2000 5851 2127 5905 urbs

534 5945 902 6014 etdcsertum,
929 5953 1070 6000 terra
1103 5950 1155 5997 et
1181 5955 1347 6008 mare,
1377 5940 1621 5998 barbaria
1646 5949 1700 5998 et
1720 5939 1947 6007 Gracia,
1973 5956 2125 5998 mon-

1333 486 1391 541 S.
1430 481 1707 553 JOANNIS
1742 478 2223 537 CllRYSOSTOMl
2262 478 2576 535 ARCHIEP.
2617 478 3155 541 CONSTANTINOP.

3764 485 3866 542 5Ξο

2284 602 2387 658 tes,
2438 594 2608 652 saltus
2656 606 2711 653 et
2762 598 2967 654 colles:
2998 615 3101 655 una
3156 598 3464 658 Iudaeorum
3521 602 3698 670 natio,
3748 619 3862 675 qua:

2278 682 2530 754 pietatem
2578 689 2772 743 sectari
2828 688 3148 758 videbatur,
3200 691 3492 765 prophetas
3539 692 3771 749 habebat
3811 706 3862 753 et

2275 774 2473 831 divina:
2501 780 2826 849 cognitionis
2855 796 3017 851 parva
3054 782 3305 851 semina;
3348 800 3535 840 verum
3581 786 3670 841 illa
3713 787 3859 858 lapsu

2275 870 2532 939 temporis
2561 870 2750 926 obruta
2775 884 2953 940 erant,
2979 884 3034 931 et
3059 874 3314 932 doctores
3342 878 3517 949 gentis
3540 878 3683 933 illius
3707 895 3861 934 aecn-

2271 968 2478 1017 satores
2503 964 2682 1018 acerbi
2714 977 3054 1035 peccatorum
3086 968 3192 1023 illis
3215 969 3339 1026 facti
3366 980 3525 1036 sunt;
3556 987 3620 1026 ac
3662 972 3855 1028 nedum

2269 1053 2406 1110 alios
2460 1057 2739 1113 crudircnt
2796 1068 2851 1114 et
2906 1059 2974 1116 ad
3037 1060 3293 1132 pietatem
3356 1064 3741 1128 instituerent,
3803 1076 3857 1119 ut

2269 1147 2435 1201 etiam
2487 1148 2607 1203 aliis
2654 1149 2979 1207 offendicqu
3011 1162 3137 1208 tunc
3181 1164 3356 1209 erant.
3404 1155 3473 1211 Et
3518 1156 3619 1212 hoc
3674 1156 3854 1212 decia-

2267 1252 2399 1292 raus
2443 1240 2706 1311 pr0pheta
2754 1242 3013 1300 dicebat:
3048 1244 3271 1318 Propter
3320 1263 3408 1303 vos
3467 1264 3652 1304 nomen
3692 1266 3852 1304 meum

2266 1330 2649 1399 blasphematur
2710 1335 2765 1389 in
2827 1337 3059 1407 gentibus
3121 1338 3293 1411 (Isai.
3350 1339 3440 1397 52.
3483 1342 3537 1398 5.
3587 1341 3741 1397 Rom.
3795 1342 3847 1399 Ξ.

2260 1422 2393 1495 at).

2332 1515 2384 1570 5.
2426 1516 2708 1585 Quomodo
2751 1537 2915 1593 ergo,
2949 1537 3071 1578 eum
3111 1533 3191 1580 tot
3218 1524 3356 1580 mala
3387 1526 3574 1581 orbem
3604 1541 3845 1597 occupa~

2258 1618 2408 1675 rent,
2438 1625 2501 1665 ac
2524 1613 2761 1668 nondum
2790 1616 2994 1670 semina
3016 1617 3159 1687 jacta
3190 1616 3415 1673 fuissent
3440 1617 3680 1690 (ubique
3705 1621 3846 1674 enim

2257 1700 2449 1769 spinie,
2484 1703 2689 1769 tribttli,
2737 1705 2920 1762 herbzc
2963 1708 3185 1779 noxize),
3235 1709 3473 1765 nondum
3554 1723 3841 1782 expurgat:

2259 1802 2435 1860 terra,
2468 1810 2641 1867 neque
2684 1808 2865 1853 aratro
2912 1800 3151 1855 admisso
3180 1801 3435 1872 nulloque
3463 1802 3615 1857 Sulco
3664 1802 3841 1857 facto:

2255 1886 2559 1955 quomodo,
2590 1888 2807 1959 inquam
2831 1932 2845 1953 ,
2874 1890 2943 1945 de
2970 1906 3147 1948 messe
3172 1892 3409 1963 loquitur
3439 1903 3492 1947 et
3517 1893 3667 1956 dicit,
3703 1893 3843 1947 Mes-

2253 1978 2323 2032 sis
2347 1979 2504 2032 multa
2524 1980 2550 2034 .9
2572 1988 2629 2036 ct
2658 1997 2757 2036 cur
2787 1984 2864 2038 sic
2880 1984 3227 2055 Evangelium
3276 1987 3476 2041 vocat?
3504 1985 3657 2042 Cur?
3699 1985 3845 2053 Quo-

2253 2069 2395 2124 niam
2424 2087 2511 2128 res
2551 2073 2623 2128 ita
2645 2073 2924 2146 dispositae
2955 2087 3140 2143 erant,
3189 2088 3242 2134 et
3284 2080 3549 2133 missurus
3602 2089 3720 2135 erat
3777 2081 3841 2133 il-

2253 2162 2335 2219 los
2386 2181 2480 2235 per
2539 2174 2708 2222 totum
2752 2170 2971 2238 orbem;
3004 2172 3294 2228 verisimile
3331 2183 3509 2228 autem
3554 2183 3672 2229 erat
3720 2173 3845 2228 illos

2255 2257 2496 2313 turbatos
2536 2258 2745 2327 fuisse,
2796 2272 2849 2315 et
2893 2276 3075 2319 secum
3120 2267 3453 2336 reputavisse
3499 2280 3562 2321 ac
3598 2265 3840 2323 dixisse:

2250 2347 2532 2416 Quomodo
2554 2367 2683 2407 vero
2712 2352 2825 2407 ﬁeri
2868 2362 3083 2425 potest,
3113 2371 3235 2411 cum
3258 2357 3505 2413 undecim
3539 2366 3743 2413 tantum
3769 2362 3841 2414 si-

2249 2453 2369 2493 mus
2397 2441 2415 2510 (
2444 2456 2583 2496 unus
2618 2444 2763 2497 enim
2796 2460 2823 2497 a
2855 2445 3071 2499 diabolo
3102 2457 3294 2517 captus
3320 2448 3477 2518 est),
3512 2449 3706 2505 idiotas
3728 2491 3744 2518 ,
3779 2453 3841 2505 il-

2249 2529 2488 2585 literatus
2509 2574 2524 2597 ,
2548 2550 2834 2605 pauperes,
2862 2537 3147 2606 obscuros,
3178 2540 3353 2595 nudos
3373 2581 3388 2606 ,
3418 2556 3578 2595 uuam
3605 2544 3837 2598 tunicam

2248 2621 2506 2680 habentes
2526 2667 2541 2690 ,
2576 2626 2871 2696 nudipedes
2893 2671 2908 2695 ,
2945 2645 3055 2684 non
3089 2646 3278 2686 zonam
3299 2673 3314 2698 ,
3346 2647 3450 2686 non
3478 2633 3706 2704 virgam,
3732 2652 3835 2690 non

2245 2714 2462 2771 oboium
2524 2718 2793 2785 ferentes,
2849 2730 2908 2775 ut
2970 2730 3141 2777 totum
3204 2724 3464 2779 mundum
3523 2741 3837 2796 percurrere

2245 2809 2518 2863 valeamus
2559 2810 2637 2866 sic
2666 2810 3028 2882 dispositum,
3076 2814 3359 2886 ipsumque
3405 2832 3434 2871 a
3479 2818 3650 2873 veteri
3701 2834 3834 2874 cou-

2243 2898 2526 2955 suetudine
2587 2901 2854 2969 avellere,
2916 2914 2971 2958 et
3014 2903 3082 2959 ad
3129 2906 3255 2961 novi
3314 2905 3645 2963 Testamenti
3697 2909 3833 2981 dog-

2241 3000 2384 3047 mata
2416 2992 2703 3061 inducere,
2749 3003 2804 3050 ct
2845 2998 3182 3067 peregrinam
3210 2998 3497 3070 quamdam
3529 3001 3829 3059 doctrinam

2244 3086 2514 3141 inculcare
2533 3087 2557 3139 ?
2576 3104 2675 3159 qua
2685 3088 2917 3145 ndonam
2940 3092 3123 3162 spinas
3144 3094 3439 3150 avellemus
3455 3096 3478 3150 ?
3494 3097 3831 3167 quandonam

2240 3179 2444 3233 semina
2482 3179 2781 3248 jaciemus?
2806 3182 3022 3252 quando
3058 3194 3292 3239 mentem
3323 3201 3510 3241 eorum
3556 3196 3615 3243 ut
3643 3204 3831 3260 agrum

2238 3270 2517 3325 colemus?
2541 3270 2756 3341 quando
2780 3273 3034 3329 reddetur
3050 3291 3234 3332 semen
3248 3276 3272 3331 ?
3287 3278 3410 3348 quis
3436 3292 3535 3334 nos
3557 3295 3663 3334 non
3689 3280 3834 3336 abri-

2239 3361 2348 3432 piet
2364 3362 2387 3415 ?
2406 3362 2527 3433 quis
2555 3377 2658 3417 non
2689 3379 2782 3434 per
2807 3366 3099 3436 prmcipitia
3128 3367 3317 3424 dabit?
3337 3370 3608 3441 quomodo
3632 3373 3834 3442 poteri-

2238 3465 2358 3507 mus
2384 3452 2468 3507 vel
2491 3467 2551 3508 os
2580 3454 2814 3523 aperire,
2843 3465 3011 3523 stare,
3031 3456 3332 3529 disputare,
3362 3476 3680 3533 comparere
3705 3474 3834 3520 ante

2237 3553 2319 3599 tot
2358 3544 2527 3600 millia
2558 3544 2871 3602 hominum?
2910 3550 3183 3620 quomodo
3214 3557 3564 3625 tyrannorum
3593 3553 3829 3611 furorem

2237 3635 2689 3705 comprimemus,
2716 3640 3050 3709 populorum
3090 3642 3542 3711 insurrectioncs,
3575 3644 3831 3715 philoso-

2237 3721 2476 3793 phorum
2507 3728 3051 3796 argumentationes,
3088 3731 3369 3788 rhetorum
3412 3734 3832 3805 eloquentiam,

2235 3814 2580 3886 prmjudicati
2613 3818 2781 3873 animi
2802 3822 3169 3891 tyrannidem,
3189 3826 3391 3881 veteris
3411 3828 3835 3884 consuetudinis

2235 3905 2348 3961 vim
2359 3906 2693 3973 ,datmonum
2707 3910 3176 3976 insidias,animas
3190 3917 3337 3971 mille
3355 3919 3565 3975 morbis
3574 3919 3832 3975 affectas?

2235 4014 2336 4056 nos
2365 4000 2841 4075 igitur1undccim,
2868 4003 3141 4075 quomodo
3169 4021 3361 4064 omnes
3391 4009 3482 4078 qui
3516 4023 3612 4080 per
3637 4010 3830 4068 orbem

2233 4100 2359 4147 sunt
2404 4091 2770 4163 corrigemus,
2816 4094 2998 4151 idiotas
3041 4096 3348 4167 sapientes,
3384 4099 3512 4155 nudi
3556 4110 3829 4170 armatos,

2232 4185 2435 4241 subditi
2468 4185 2761 4257 principes,
2785 4189 2876 4259 qui
2907 4204 3071 4245 unam
3103 4200 3350 4246 tenemus
3371 4191 3606 4263 linguam
3633 4194 3836 4250 θάνον·

2231 4293 2325 4334 sus
2352 4279 2661 4335 innumeras
2688 4280 2898 4352 linguas
2923 4282 3260 4354 disputantes
3280 4327 3294 4351 ,
3329 4296 3383 4341 et
3413 4288 3675 4345 adversus
3698 4305 3834 4361 gen-

2233 4381 2315 4428 tes
2346 4371 2600 4428 barbaras
2628 4370 2964 4446 diversaeque
2992 4373 3186 4446 lingua:
3203 4376 3361 4447 ?quis
3383 4393 3488 4433 non
3514 4378 3671 4447 feret,
3692 4397 3836 4453 quo-

2232 4481 2352 4521 rum
2390 4481 2458 4522 ne
2500 4465 2717 4536 quidem
2749 4466 2988 4538 linguam
3019 4467 3324 4540 intelligere
3354 4471 3570 4542 possit?
3611 4487 3681 4529 ne
3726 4474 3837 4531 hoc

2231 4574 2415 4615 secum
2464 4567 2778 4631 reputantes
2816 4561 3180 4630 turbarentur,
3215 4563 3562 4636 Evangelium
3594 4581 3834 4625 messem

2232 4649 2556 4720 appellavit;
2588 4664 2653 4706 ac
2680 4650 2727 4706 si
2759 4649 2969 4706 diceret
2999 4651 3231 4709 :Omnia
3254 4663 3510 4726 apparata
3531 4667 3676 4725 sunt,
3705 4674 3835 4715 om.

2234 4744 2320 4799 nia
2349 4743 2593 4798 ordinata
2619 4758 2635 4800 :
2660 4743 2726 4798 ad
2754 4751 2996 4814 paratam
3018 4760 3118 4800 vos
3145 4744 3416 4803 fructuum
3445 4749 3834 4808 collectionem

2232 4837 2389 4892 mitto
2418 4851 2432 4888 :
2465 4832 2658 4890 eodem
2703 4832 2821 4905 ipso
2847 4834 2937 4890 die
2962 4844 3016 4891 et
3042 4836 3313 4894 seminare
3341 4849 3396 4895 et
3435 4848 3644 4897 metere
3675 4852 3839 4913 pote-

2232 4927 2371 4982 ritis.
2394 4925 2547 4982 Sicut
2576 4925 2737 4997 igitur
2776 4926 3014 4997 agricola
3043 4927 3112 4985 ad
3140 4944 3371 4986 messem
3414 4933 3603 4988 exiens
3630 4935 3837 5006 gaudet

2234 5028 2290 5076 et
2315 5019 2471 5074 laetus
2499 5017 2768 5085 exsultat,
2800 5018 3016 5075 labores
3048 5028 3104 5077 et
3135 5019 3483 5079 difficultates
3509 5038 3618 5080 non
3649 5028 3839 5082 consi-

2233 5109 2431 5168 derans
2454 5150 2470 5177 ,
2498 5108 2592 5164 sed
2623 5109 2778 5179 quasi
2806 5109 2872 5165 ad
2899 5120 3217 5182 proventum
3248 5124 3498 5185 paratum
3523 5115 3787 5173 festinans
3815 5161 3835 5185 ,

2231 5213 2289 5260 et
2317 5202 2382 5258 ad
2410 5218 2618 5259 annuos
2674 5202 2878 5259 fructus
2921 5220 3178 5272 currens,
3208 5216 3263 5263 et
3311 5210 3446 5265 nihil
3474 5218 3558 5266 est
3588 5210 3689 5282 ipsi
3737 5213 3839 5267 im-

2233 5295 2527 5368 pedimenti
2574 5295 2655 5350 vel
2692 5294 2883 5363 obicis,
2922 5296 3066 5353 nulla
3113 5297 3279 5355 futuri
3325 5300 3685 5371 iucertitudo;
3721 5321 3839 5360 non

2235 5389 2438 5444 imbres
2456 5430 2470 5455 ,
2498 5389 2822 5460 grandines,
2852 5389 3069 5445 siccitas
3092 5433 3107 5457 ,
3138 5407 3245 5447 non
3274 5392 3447 5450 malus
3474 5395 3566 5450 ille
3589 5395 3835 5452 locusta-

2233 5499 2350 5540 rum
2400 5483 2677 5538 exercitus
2708 5500 2721 5536 :
2748 5498 2869 5538 nam
2901 5485 2993 5555 qui
3039 5486 3203 5540 messi
3248 5485 3341 5541 dat
3393 5502 3647 5559 operam,
3695 5490 3838 5547 nihil

2235 5573 2343 5628 tale
2393 5573 2728 5645 suspicatur;
2784 5573 2907 5630 ideo
2966 5574 3194 5632 choreas
3239 5588 3496 5650 agentes,
3554 5584 3836 5638 exsultan-

2239 5672 2320 5719 tes
2346 5705 2361 5729 ,
2417 5665 2691 5721 laboribus
2745 5666 3063 5723 incumbunt
3105 5687 3120 5725 :
3172 5668 3246 5726 ita
3288 5679 3344 5727 et
3385 5687 3503 5741 vos,
3547 5674 3657 5730 imo
3703 5691 3834 5733 cum

2236 5754 2426 5825 majori
2454 5756 2728 5826 voluptate
2770 5757 2822 5812 in
2854 5759 3040 5815 orbem
3068 5761 3218 5817 exire
3245 5777 3466 5820 necesse
3499 5774 3603 5821 est.
3639 5767 3835 5826 Messis

2235 5849 2381 5906 enim
2406 5858 2491 5906 est
2518 5867 2606 5907 res
2644 5850 2828 5918 istaec,
2857 5852 3051 5908 messis
3090 5854 3312 5909 nmltam
3355 5854 3561 5913 habens
3604 5860 3833 5917 facilita-

2238 5957 2378 6013 tem,
2428 5948 2616 6005 messis
2642 5962 2762 6018 qua:
2803 5955 3014 6019 paratas
3062 5946 3214 6004 vobis
3256 5959 3519 6008 monstrat
3559 5966 3778 6027 segetes
3814 5975 3827 6009 :
