4138 6450
344 453 455 511 519

337 579 438 632 τὸν
464 577 710 648 λειμῶνα
743 577 884 649 ὑμᾶς
918 577 1131 642 εἰσάξαι
1167 576 1543 649 πειρασόμεθα
1581 578 1688 630 τῶν
1725 577 1884 631 θείων
1908 576 2046 647 Γρα-

337 667 465 736 φῶν
490 684 503 696 ·
543 669 640 719 καὶ
675 665 785 738 γάρ
820 665 1047 738 λειμῶνι
1075 665 1216 719 ἔοικε
1240 667 1309 720 τὰ
1342 665 1569 722 ἐκεῖθεν.
1615 667 1828 737 ’Ὠσπερ
1855 664 1964 734 γάρ
1988 665 2047 717 ἐν

334 754 422 826 ’τῷ
453 754 685 822 λειμῶνι
717 755 951 826 διάφορα
982 754 1080 826 μὲν
1105 754 1175 808 τά
1207 754 1366 826 ἄνθη,
1387 754 1566 808 πάντα
1595 754 1652 808 δέ
1690 753 1887 823 ἐφεξῆς
1911 753 2046 820 κάλτ

333 842 502 898 λιστα
523 843 859 898 ἀνθέλκοντα
880 841 1031 916 [590]
1057 842 1193 915 πρὸς
1214 843 1384 898 ἑαυτὰ
1399 843 1508 898 τῶν
1529 844 1823 915 ὁρωμένων
1839 844 2046 897 ἐκαστα

331 935 440 989 τοῦ
465 933 664 989 θεατοῦ
695 933 794 1004 τὴν
831 920 966 1003 ’ὄψιν
985 953 996 966 ·
1023 933 1168 988 οὑτω
1201 935 1266 1006 δὴ
1318 935 1414 989 καὶ
1458 935 1516 988 ἐν
1542 936 1663 997 ταῖς
1704 935 1877 998 θείαις
1907 935 2045 1006 Γραο

334 1027 472 1092 φαῖς
507 1025 654 1077 ἔστιν
680 1023 830 1077 ἰδεῖν.
861 1024 974 1077 Καὶ
1008 1023 1118 1095 γὰρ
1141 1025 1168 1076 ό
1195 1023 1462 1095 μακάριος
1493 1023 1657 1077 Δαυίδ
1685 1023 1822 1094 πρὸς
1852 1024 2044 1077 ἐαυτὸν

330 1111 598 1164 ἀνθέλκει
622 1111 724 1182 τὴν
755 1111 998 1166 διάνοιαν
1028 1111 1126 1183 τὴν
1151 1113 1430 1184 ἡμετέραν
1451 1151 1465 1174 ,
1506 1113 1601 1165 καὶ
1636 1114 1670 1182 ἡ
1711 1111 2043 1184 ἀποστολική

334 1198 508 1269 ῥῆσις
545 1199 580 1268 ή
617 1197 749 1268 περὶ
785 1198 1054 1270 Τιμοθέου
1088 1198 1376 1269 λεχθεῖσαο
1407 1197 1488 1252 ἐτι
1528 1199 1633 1271 μὴν
1659 1199 1753 1254 καὶ
1788 1201 1816 1252 ὁ
1843 1199 2046 1270 τολμη-

331 1289 442 1358 τὴς
481 1286 714 1349 Ἡσαΐας
754 1287 885 1358 περὶ
914 1286 1015 1358 τῆς
1057 1285 1411 1360 ἀνθρωπίνης
1452 1288 1668 1358 φύσεως
1711 1287 2041 1358 φιλοσοφῶν,

333 1383 438 1436 καὶ
460 1382 490 1433 ὁ
523 1378 734 1434 τούτων
768 1379 1049 1452 Δεσπότης
1092 1380 1305 1450 Ἰησοῦς
1333 1383 1448 1445 τοῖς
1495 1380 1766 1453 μαθηταῖς
1794 1381 2039 1450 διαλεγό-

337 1487 507 1542 μενος
539 1469 636 1523 καὶ
667 1468 872 1537 λέγων’
935 1469 990 1521 Ὀ
1020 1468 1139 1539 μὲν
1177 1469 1459 1538 θερισμὸς
1486 1469 1682 1536 πολὺς
1702 1509 1718 1535 ,
1757 1473 1810 1524 οἱ
1843 1469 1912 1523 δὲ
1948 1471 2042 1540 ἐρ-

333 1564 514 1633 γάται
551 1563 770 1632 ὀλίγοι.
807 1562 944 1634 Φέρε
981 1558 1098 1628 οὖν,
1129 1562 1178 1616 εἰ
1209 1563 1375 1628 δοκεῖ,
1405 1561 1611 1633 ταύτην
1639 1564 1718 1626 είς
1748 1563 1914 1632 μέσον
1943 1563 2042 1634 τὴν

339 1655 507 1726 ῥῆσιν
545 1654 884 1722 ἀγαγόντες,
937 1653 1339 1726 ἁναπτύξωμεν
1386 1654 1556 1726 αὐτῆς
1582 1654 1650 1709 τὰ
1679 1655 1955 1726 νοήματα·
1992 1655 2042 1707 εἰ

337 1744 452 1816 γάρ
492 1743 587 1797 καὶ
607 1742 839 1815 βραχεῖά
867 1741 950 1805 τίς
973 1744 1090 1796 ἐστι
1124 1741 1203 1814 τῷ
1237 1743 1442 1816 μέτρῳ,
1483 1743 1619 1798 ἀλλά
1646 1743 1882 1814 πέλαγος
1911 1745 2041 1815 ἡμῖν

337 1833 635 1904 νοημάτων
671 1833 947 1888 δείκνυσιν
979 1832 1199 1904 ἀχανές.
1235 1834 1325 1887 Διὸ
1351 1833 1415 1905 δὴ
1461 1835 1554 1888 καὶ
1588 1835 1674 1888 ἐπ’
1703 1835 1872 1907 αὐτὴν
1903 1833 2042 1906 μετά

341 1919 546 1991 πολλῆς
574 1918 911 1991 βαδιούμεθα
930 1921 1029 1992 τῆς
1053 1920 1310 1992 σπουδῆς.
1347 1921 1564 1993 Ἐπειδὴ
1590 1922 1699 1994 γὰρ
1724 1917 1852 1988 εἶδε,
1883 1923 2037 1992 φησί,

339 2009 410 2063 τὰ
441 2009 624 2082 πλήθη
651 2008 982 2081 ἐσκυλμένα,
1015 2009 1163 2080 λέγει
1199 2015 1310 2075 τοῖς
1340 2010 1640 2082 μαθηταῖςο
1681 2012 1733 2063 Ὀ
1755 2012 1873 2081 μὲν
1899 2015 2042 2080 θερι-

343 2098 500 2167 σμὸς
525 2098 756 2165 πολὺς,
797 2102 850 2152 οί
879 2096 948 2152 δὲ
989 2098 1231 2169 ἐργάται
1263 2101 1479 2170 ὀλίγοι.
1533 2101 1694 2164 Ποῖος
1738 2099 1998 2172 θερισμὸς
2019 2141 2034 2166 ,

348 2187 469 2238 εἰπέ
503 2205 612 2256 μοι,
647 2187 743 2240 καὶ
765 2187 910 2250 τίνος
953 2185 1139 2241 ἕνεκεν
1173 2187 1346 2252 οὑτως
1377 2189 1627 2259 ὠνόμασε
1656 2187 1755 2260 τὴν
1783 2188 2040 2243 διδασκα-

353 2271 474 2324 λίαν
501 2273 696 2346 ταύτην
722 2290 736 2339 ;
767 2273 947 2327 καίτοι
975 2292 1036 2343 γε
1068 2277 1096 2329 ὁ
1123 2273 1385 2346 θερισμὸς
1416 2277 1568 2341 τέλος
1595 2277 1713 2330 ἐστὶ
1744 2276 1884 2350 [τοῦ]
1906 2277 2039 2350 πρά-

354 2377 586 2432 γματος.
617 2363 782 2418 Ὅταν
821 2364 930 2436 γὰρ
957 2365 1016 2418 τὸ
1058 2366 1281 2438 σπέρμα
1314 2368 1393 2429 εἰς
1423 2367 1520 2431 τὰς
1544 2365 1775 2436 λαγόνας
1807 2368 1907 2438 τῆς
1937 2368 2039 2438 γῆς

348 2452 688 2524 καταϐληθὲν
715 2454 1007 2528 ἀπολαύσῃ
1032 2455 1258 2523 νοτίδος,
1280 2449 1398 2510 εἶτα
1431 2456 1723 2527 γενόμενον
1751 2456 2038 2528 διάϐροχον

339 2540 436 2593 καὶ
470 2539 803 2613 διαφυσηθέν
837 2542 1102 2616 δράξηται
1133 2543 1233 2614 τῆς
1258 2544 1670 2616 παρακειμένης
1689 2544 1813 2615 γῆς,
1837 2546 1931 2623 καί
1956 2545 2036 2609 εἰς

331 2622 460 2693 ἶνας
489 2630 691 2694 πολλάς
719 2631 1038 2687 άναπλωθέν
1079 2634 1218 2706 πρὸς
1257 2634 1320 2688 τὸ
1364 2634 1528 2706 βάθος
1575 2622 1920 2706 καταπέμψῃ
1937 2636 2037 2698 τὰς

334 2717 517 2789 ῥίζας,
559 2719 868 2790 προκύπτει
921 2721 1022 2792 τῆς
1074 2722 1394 2791 ἐπιφανείας
1433 2725 1683 2795 πρῶτον,
1730 2720 1848 2778 εἶτα
1893 2725 2036 2778 κατὰ

334 2805 538 2877 μικρὸν
571 2806 710 2878 ήλίῳ
735 2825 796 2861 τε
828 2808 923 2862 καὶ
957 2808 1098 2882 ὑετῷ
1141 2810 1237 2865 καὶ
1273 2810 1396 2882 ἀέρι
1449 2812 1814 2884 τρεφόμενον,
1848 2816 1913 2885 τῇ
1941 2816 2036 2868 ἐκ-

331 2893 500 2964 φύσει
521 2894 626 2965 τῆς
653 2896 758 2968 γῆς
784 2894 1029 2962 αὔξεται,
1055 2898 1149 2952 καὶ
1176 2898 1384 2967 γίνεται
1416 2899 1685 2972 πρότερον
1722 2901 1821 2972 μὲν
1839 2903 2036 2975 χλοερά

326 3013 416 3061 τις
440 2995 645 3069 βοτάνη
675 2998 769 3052 καὶ
789 2997 975 3052 ἁπαλὰ
992 2998 1062 3052 τά
1091 2998 1265 3070 φύλλα
1289 2999 1607 3072 προϐάλλει,
1629 2997 1746 3056 εἶτα
1769 3003 1860 3056 τὸν
1879 3003 2037 3057 ἄστα-

329 3103 437 3157 χυν
470 3085 653 3158 ἄωρόν
694 3104 817 3140 τινα
872 3087 1142 3158 ἐκφέρει,
1179 3087 1276 3142 καὶ
1315 3087 1411 3142 τοῦ
1457 3089 1619 3164 ἔαρος
1673 3092 2032 3158 ἐπιστάντος,

331 3175 506 3229 πάλιν
536 3175 682 3229 κατά
714 3175 908 3247 μικρὸν
940 3177 1341 3248 πεπαινόμενος
1368 3180 1447 3244 εἰς
1482 3181 1734 3252 καλάμην
1761 3183 1854 3236 καὶ
1878 3179 2036 3235 άνθέ⁴

329 3280 523 3334 ρικας,
559 3261 746 3334 πλήρη
781 3263 877 3318 τὸν
912 3265 1126 3336 καρπὸν
1165 3266 1479 3322 ἀποδίδωσι.
1519 3269 1652 3324 Τότε
1689 3269 1753 3342 δή
1795 3270 1979 3326 λοιπὸν
2007 3274 2036 3327 ὁ

327 3352 578 3422 γηπόνος
598 3392 612 3415 ,
643 3351 923 3424 δρεπάνην
951 3353 1257 3425 ἀκονήσας,
1285 3353 1542 3428 θεριστάς
1576 3358 1900 3427 καταλέγει,
1940 3362 2035 3415 καὶ

326 3439 667 3511 συναγαγὼν
705 3443 799 3495 τὸν
825 3442 1041 3515 καρπὸν
1069 3444 1387 3499 ἀποτίθεται
1411 3446 1571 3503 οίκοι.
1603 3448 1764 3502 Ὅθεν
1794 3449 1859 3522 δὴ
1881 3451 2034 3516 τέλος

324 3531 538 3595 παντὸς
571 3531 739 3586 πόνου
775 3531 870 3586 καὶ
913 3533 1014 3604 τῆς
1048 3534 1324 3606 γεωργίας
1354 3535 1504 3590 ἐστὶν
1536 3538 1564 3589 ὁ
1599 3538 1875 3610 θερισμός.
1907 3540 2034 3606 Πῶς

323 3615 447 3683 οῦν,
475 3619 601 3672 εἰπέ
628 3635 739 3688 μοι,
775 3618 1038 3692 θερισμὸν
1067 3619 1240 3689 καλεῖ,
1263 3621 1372 3677 τῶν
1398 3625 1738 3696 πραγμάτων
1761 3628 1817 3681 ἐν
1844 3645 2032 3698 προοι-

329 3725 484 3795 μίοις
517 3723 690 3778 ὄντων
718 3723 836 3791 En;
873 3724 980 3779 Καὶ
1007 3725 1122 3800 γὰρ
1147 3727 1373 3783 ἀσέϐεια
1410 3731 1685 3802 πανταχοῦ
1717 3733 1818 3804 τῆς
1852 3734 2032 3787 οἰκου-

329 3816 510 3889 μένης
543 3815 789 3888 ἐκράτει,
826 3817 919 3870 καὶ
952 3817 1127 3890 βωμοὶ
1153 3819 1489 3885 ἀνεκαίοντο,
1512 3822 1604 3874 καὶ
1633 3820 1828 3876 εἴδωλα
1861 3841 2032 3895 προσ-

325 3906 600 3970 εκυνείτο,
629 3906 725 3957 καὶ
766 3903 976 3975 Ἰησοῦς
1008 3907 1328 3977 ὴτιμάζετο,
1382 3910 1476 3962 καὶ
1512 3909 1704 3980 βαθεῖα
1729 3910 1826 3977 νὺξ
1851 3912 2032 3969 πάντα

326 3997 579 4065 κατεῖχε,
605 3995 698 4048 καὶ
728 3994 936 4066 χειμὼν
969 3990 1036 4066 ἦν
1069 3995 1325 4066 χαλεπὸς,
1343 3998 1444 4069 τῆς
1469 3999 1743 4073 θαλάσσης
1768 4018 2032 4073 κυμαινο-

327 4083 530 4155 μένης,
559 4081 668 4136 τῶν
694 4082 904 4155 ἀγρίων
929 4083 1258 4156 πνευμάτων
1284 4087 1684 4143 διακοπτόντων
1708 4090 1798 4144 τὸν
1819 4090 1916 4146 ἀνθ
1926 4091 2032 4164 ρώ-

325 4190 493 4227 πινον
525 4171 663 4242 βίον,
691 4171 803 4225 τῶν
845 4171 1036 4227 παθῶν
1075 4174 1514 4246 τυραννούντων,
1545 4179 1641 4231 καὶ
1679 4179 2030 4251 ὑποϐρυχίων

324 4260 593 4317 ἁπάντων
623 4259 952 4332 γινομένων.
984 4261 1273 4335 Πανταχοῦ
1301 4263 1412 4334 γὰρ
1439 4265 1665 4336 πορνεία
1687 4265 1783 4320 καὶ
1812 4267 2028 4338 μοιχεία

323 4349 428 4403 καὶ
489 4347 748 4418 ἀσέλγεια
770 4363 784 4376 ·
824 4348 1098 4422 πανταχοῦ
1146 4350 1453 4416 πλεονεξίαι
1493 4353 1588 4406 καὶ
1638 4355 1887 4426 ἁρπαγαὶ
1933 4356 2029 4410 καὶ

324 4436 565 4508 πόλεμοι
591 4455 605 4468 ·
638 4437 735 4491 καὶ
751 4437 962 4507 αἵματα
996 4440 1095 4511 μὲν
1132 4440 1192 4494 ἐν
1220 4443 1314 4512 γῇ,
1348 4441 1558 4513 αἵματα
1587 4442 1646 4497 δέ
1668 4444 1726 4496 ἐν
1756 4443 2024 4518 θαλάττῃ,

322 4523 441 4580 τῶν
473 4525 922 4579 καταποντιστῶν
963 4527 1056 4581 καὶ
1111 4527 1229 4582 ἐκεῖ
1259 4529 1386 4593 τοὺς
1410 4529 1630 4599 ,φόνους
1671 4531 2022 4600 εἰσαγόντων,

325 4613 426 4666 καὶ
479 4612 710 4685 πόλεμοι
741 4617 989 4685 συνεχεῖς
1024 4617 1120 4670 καὶ
1165 4617 1339 4688 μάχαι
1381 4619 1475 4672 καὶ
1521 4619 1777 4691 ἐμφύλιοι
1818 4623 2026 4692 σφαγαί¹

323 4701 424 4755 καὶ
459 4700 612 4770 φόνοι
643 4702 822 4772 φόνων
867 4703 1126 4759 ἁπάντων
1159 4706 1541 4779 ἐναγέστεροι⁹
1585 4710 1679 4763 καὶ
1716 4710 1827 4781 γὰρ
1858 4711 2026 4767 τέκνα

323 4789 601 4858 ἐσφάζετο
631 4795 745 4855 τοῖς
775 4792 1018 4857 εἰδώλοις
1037 4812 1051 4824 ’
1078 4795 1172 4848 καὶ
1197 4797 1228 4866 ἡ
1261 4795 1422 4866 φύσις
1447 4799 1694 4867 ἠγνοεῖτο
1717 4801 1810 4852 καὶ
1840 4801 1872 4873 ή
1897 4818 2025 4870 συγ⁴

320 4879 517 4949 γένεια
533 4880 890 4952 άνετρέπετο,
928 4883 1023 4935 καὶ
1052 4885 1329 4954 πανταχοῦ
1371 4888 1606 4957 κρημνώ⁴
1632 4889 1726 4941 καί
1768 4889 2023 4946 σκόπελοι

321 4981 422 5034 καὶ
457 4979 656 5049 ὕφαλοι
687 4981 887 5054 πέτραι
929 4984 1025 5038 καὶ
1063 4985 1318 5048 σπιλάδες
1345 4985 1582 5057 βαρεῖαι,
1619 4989 1714 5042 καὶ
1753 4991 2022 5065 κυϐερνή-

317 5084 428 5140 της
461 5069 641 5134 οὐδεὶς
681 5070 1009 5143 ἄνθρωπος·
1055 5072 1255 5143 μᾶλλον
1284 5073 1339 5128 δὲ
1376 5075 1706 5147 κυϐερνῆται
1745 5079 1915 5148 ὀλίγοι
1962 5083 2030 5136 ἐν’

317 5151 401 5221 τῷ
454 5153 730 5210 Ἰουδαίων
773 5155 952 5221 ἔθνει,
1004 5159 1033 5211 ό
1069 5158 1125 5211 δέ
1160 5158 1374 5213 ἀκούων
1420 5161 1614 5227 οὐδεὶς,
1660 5162 1768 5217 τῶν
1807 5167 2020 5221 ναυτῶν

321 5242 468 5312 πρὸς
496 5243 698 5306 αὐτοὺς
716 5243 1233 5313 διαστασιαζόντων,
1253 5247 1344 5302 καί
1367 5248 1627 5322 ἀλλήλους
1658 5256 2022 5311 κατακοπτόν-

316 5349 432 5384 των
478 5332 574 5385 καὶ
601 5334 1130 5397 καταποντιζόντων.
1160 5335 1365 5390 Σκύθαι
1394 5337 1495 5408 μὲν
1533 5339 1640 5414 γάρ
1680 5344 1773 5396 καὶ
1804 5343 2018 5416 Θρᾷκες

316 5420 418 5475 καὶ
445 5419 666 5490 Μαῦροι
711 5423 807 5475 καὶ
837 5422 988 5476 Ἰνδοὶ
1023 5423 1118 5476 καὶ
1149 5423 1358 5495 Πέρσαι
1384 5427 1477 5479 καὶ
1503 5427 1890 5501 Σαυρομάται,
1925 5434 2018 5488 καί⁹

315 5509 372 5562 οἱ
395 5509 502 5580 τὴν
539 5508 766 5564 Ἐλλάδα
789 5509 883 5565 καὶ
903 5512 954 5564 οί
986 5510 1086 5581 τήν
1107 5511 1376 5584 Ἤπειρον
1392 5513 1687 5582 οἰκοῦντες,
1720 5520 1816 5574 καὶ
1843 5523 2014 5587 πᾶσα,

313 5597 396 5660 ὡς
443 5597 622 5651 εἰπεῖν
647 5638 661 5662 ,
693 5599 726 5669 ἡ
760 5599 849 5668 ὑφ’
880 5598 1020 5670 ἡλίῳ
1043 5601 1156 5662 τοῖς
1191 5599 1442 5670 δαίμοσιν
1485 5603 1752 5673 ἐτελεῖτο,
1787 5611 1882 5665 καὶ
1911 5611 2016 5666 ὑπὸ

312 5685 432 5739 τῶν
476 5684 797 5756 ἀλαστόρων
853 5686 1081 5740 ἐκείνων
1123 5686 1520 5758 ἐξεϐακχεύετο
1566 5694 1666 5747 καὶ
1723 5695 1879 5769 χώρα
1919 5700 2016 5754 καὶ

311 5774 478 5837 πόλις
520 5775 614 5828 καὶ
645 5775 870 5847 ἔρημος,
911 5779 1004 5831 καί⁸
1042 5778 1112 5847 γῆ
1155 5778 1250 5831 καὶ
1294 5777 1571 5846 θάλαττα,
1610 5784 1705 5837 καὶ
1739 5786 2017 5862 βάρϐαρος

313 5867 416 5919 καὶ
450 5865 665 5929 Ἑλλάς,
702 5867 797 5919 καί⁵
835 5868 936 5939 ὅρη
973 5869 1068 5921 καὶ
1098 5868 1267 5922 νάπαι
1300 5869 1396 5922 καὶ
1428 5870 1644 5941 βουνοί·
1678 5874 1838 5945 μόνον
1862 5879 1919 5932 δέ
1953 5881 2015 5934 τὸ

327 5953 606 6008 Ἰουδαίων
629 5955 782 6020 ἔθνος
809 5956 869 6012 τὸ
901 5956 1092 6024 δοκοῦν
1115 5957 1360 6012 εὐσεϐεῖν
1396 5962 1682 6035 προφήτας
1713 5963 1865 6039 [591]
1894 5964 2011 6040 εἶχε

1106 453 1152 509 Χ
1197 452 1503 521 IIOMILIA,
1549 452 1616 507 IN
1657 450 1882 518 ILLUD,
1929 451 2174 506 MESSIS
2203 451 2468 520 QUIDEM
2508 452 2769 520 MULTA,
2814 450 2968 507 ETC.
3741 455 3843 511 520

2149 575 2243 628 καὶ
2270 575 2601 644 θεογνωσίας
2631 575 2922 646 σπέρματα
2950 573 3125 647 μικρά
3147 591 3160 606 ο
3190 573 3328 629 ἀλλά
3348 575 3442 629 καὶ
3469 574 3640 630 ταῦτα
3668 578 3846 650 χρόνῳ

2149 663 2541 735 κατεχώννυτο,
2581 665 2676 718 καὶ
2708 665 2757 716 οἱ
2779 662 3092 717 διδάσκαλοι
3126 662 3222 717 τοῦ
3253 664 3446 733 γένους
3469 665 3683 720 ἐκείνου
3713 684 3846 722 κατ-

2147 753 2338 825 ήγοροι
2392 753 2581 825 πικροὶ
2621 751 2731 806 τῶν
2770 752 3237 824 ἁμαρτανομένων
3309 753 3496 818 αὐτοῖς
3554 755 3801 824 ἐγίνοντο
3825 771 3842 790 ο

2149 843 2246 895 καὶ
2294 842 2550 896 τοσοῦτον
2573 843 2800 913 ἀπεῖχον
2840 844 2967 907 τοὺς
3003 842 3198 906 ἄλλους
3241 842 3521 898 παιδεύειν
3569 845 3664 898 καὶ
3705 845 3846 917 πρὸς

2147 930 2432 985 εὐσέϐειαν
2460 933 2844 1002 χειραγωγεῖν,
2870 931 2950 984 ὅτι
2973 930 3037 1002 δὴ
3061 931 3287 995 καὶτοῖς
3313 931 3495 996 ἄλλοις
3522 933 3845 988 σκανδάλων

2149 1021 2312 1073 αἴτιοι
2339 1019 2460 1074 τότε
2495 1021 2738 1088 ἐγίνοντο
2758 1035 2770 1048 ·
2797 1019 3069 1073 καὶτοῦτο
3089 1019 3263 1091 δηλῶν
3287 1023 3315 1074 ὁ
3340 1022 3628 1095 προφήτης
3654 1023 3808 1094 ἔλεγε
3824 1040 3839 1055 °

2148 1109 2229 1162 Δι’
2257 1107 2416 1179 ὑμᾶς
2443 1109 2512 1162 τὸ
2542 1107 2732 1179 ὄνομά
2765 1126 2884 1178 μου
2900 1109 3350 1180 βλασφημεῖται
3375 1110 3445 1164 ἐν
3469 1111 3596 1177 τοῖς
3615 1111 3840 1168 ἔθνεσι.

2219 1204 2293 1266 γ’.
2322 1199 2447 1262 Πῶς
2482 1192 2574 1252 οὖν
2601 1199 2872 1251 τοσούτων
2898 1198 3236 1268 κατεχόντων
3263 1198 3361 1268 τὴν
3390 1199 3717 1271 οἰκουμένην
3744 1217 3847 1254 κα-

2149 1288 2280 1353 κῶν,
2313 1288 2408 1343 καὶ
2437 1288 2651 1342 οὐδέπω
2673 1288 2782 1343 τῶν
2819 1289 3152 1361 σπερμάτων
3187 1289 3640 1360 καταϐληθέντων
3676 1291 3843 1361 (παν⁴

2145 1377 2312 1448 ταχοῦ
2343 1377 2453 1448 γὰρ
2481 1377 2714 1432 ἄκανθαι
2748 1377 2842 1432 καὶ
2873 1377 3114 1450 τρίϐολοι
3150 1380 3243 1433 καὶ
3282 1377 3503 1448 βοτάναι
3542 1381 3801 1452 πονηραὶ)
3823 1420 3839 1445 ,

2145 1466 2359 1521 οὐδέπω
2393 1467 2492 1538 τῆς
2542 1466 2728 1539 χώρας
2767 1467 3230 1539 ἐκκαθαρθείσης,
3267 1467 3388 1522 οὐδὲ
3423 1467 3656 1542 ἀρότρου
3683 1468 3842 1523 ἐλκυ-

2149 1555 2408 1624 σθέντος,
2463 1556 2583 1611 οὑδὲ
2632 1555 2870 1619 αὑλακος
2914 1558 3344 1630 ἁνατμηθείσης,
3392 1559 3522 1630 περὶ
3576 1558 3840 1632 θερισμοῦ

2144 1644 2449 1714 διαλέγεται
2488 1644 2579 1698 καί
2625 1662 2826 1716 φησιν’
2874 1645 2928 1698 Ὀ
2964 1647 3248 1717 θερισμὸς
3287 1649 3519 1713 πολύς;
3563 1649 3657 1702 καὶ
3697 1647 3843 1712 τίνος

2144 1733 2331 1789 ἕνεκεν
2370 1735 2513 1790 οὑτω
2543 1735 2700 1788 καλεῖ
2731 1736 2791 1788 τὸ
2817 1733 3174 1803 Εὑαγγέλιον;
3214 1736 3372 1798 Τίνος
3401 1735 3621 1804 ἓνεκεν;
3652 1737 3841 1810 ἐπειδὴ

2143 1823 2212 1876 τὰ
2241 1824 2546 1896 πράγματα
2594 1824 2737 1880 οὕτω
2761 1825 3024 1889 διέκειτο,
3067 1825 3258 1897 ἔμελλε
3295 1826 3350 1879 δὲ
3394 1827 3594 1891 αὐτοὺς
3634 1845 3842 1881 πανταο

2143 1910 2240 1981 χοῦ
2274 1914 2372 1984 τῆς
2402 1913 2732 1985 οἰκουμένης
2781 1915 3120 1984 ἐκπέμπειν,
3163 1913 3311 1976 εἰκὸς
3351 1915 3408 1968 δέ
3451 1915 3648 1979 αὐτοὺς
3680 1915 3843 1988 θορυ-

2144 2000 2359 2055 ϐεἰσθαι
2399 2002 2493 2056 καὶ
2515 2003 2902 2074 ταράττεσθαι,
2938 2003 3033 2056 καὶ
3077 2003 3214 2075 πρὸς
3246 2005 3474 2067 ἑαυτοὺς
3520 2005 3840 2074 ἀναλογίζε-

2145 2089 2270 2145 σθαι
2291 2091 2397 2155 Kal
2428 2090 2609 2162 λέγειν
2629 2106 2646 2126 ο
2663 2091 2770 2155 Καὶ
2801 2091 2918 2156 πῶς
2943 2091 3008 2147 ἂν
3043 2091 3255 2161 γένοιτο
3283 2091 3509 2147 δυνατὸν
3531 2092 3724 2147 ἕνδεκα
3746 2093 3838 2148 δν-

2141 2196 2242 2243 τας
2277 2181 2326 2250 (ὁ
2358 2181 2467 2254 γὰρ
2516 2176 2599 2245 εἷς
2633 2180 2972 2253 θηριάλωτος
3012 2181 3297 2250 γέγονεν),
3338 2180 3572 2246 ἰδιώτας,
3615 2182 3836 2254 άγραμυ

2145 2269 2350 2340 μάτους
2371 2310 2386 2334 ,
2453 2270 2692 2342 πένητας
2715 2311 2729 2335 ,
2779 2269 3026 2341 ἀσήμους
3050 2311 3064 2330 ,
3129 2271 3372 2342 γυμνοὺς
3391 2311 3406 2335 ,
3444 2271 3830 2343 μονοχίτωνας,

2141 2358 2518 2423 ἀνυποδέτους,
2544 2359 2618 2430 μὴ
2640 2357 2836 2431 ζώνην,
2865 2360 2939 2430 μὴ
2964 2359 3180 2431 ῥάϐδον,
3207 2359 3282 2432 μὴ
3297 2358 3482 2413 ὀϐολὸν
3504 2361 3838 2432 ἐπιφερομέ.

2140 2462 2288 2511 νους,
2325 2445 2519 2500 διιέναι
2549 2448 2649 2519 τὴν
2704 2447 3031 2518 οἰκουμένην
3060 2447 3281 2502 ἃπασαν
3318 2448 3419 2520 τὴν
3448 2447 3591 2502 οὑτω
3623 2449 3836 2503 διακει-

2143 2535 2334 2605 μένην,
2365 2535 2580 2606 καὶτῆς
2625 2534 2728 2607 μέν
2761 2535 3001 2600 παλαιᾶς
3035 2537 3291 2608 ἀποσπᾷν
3319 2537 3629 2608 συνηθείας,
3657 2540 3738 2604 εἰς
3765 2539 3838 2594 τά

2138 2623 2241 2693 τῆς
2264 2623 2392 2688 νέας
2415 2623 2472 2679 δὲ
2525 2625 2773 2696 δόγματα
2826 2625 3068 2693 εἰσάγειν
3122 2625 3343 2691 αὐτοὺς,
3398 2627 3493 2680 καὶ
3525 2625 3682 2699 ξένην
3710 2629 3836 2684 τινὰ

2137 2711 2488 2766 διδασκαλίαν
2527 2713 2712 2777 αὐτοῖς
2730 2715 2945 2785 ἐνηχεῖν
2967 2729 2981 2780 ;
3016 2714 3147 2768 πότε
3173 2714 3284 2784 γὰρ
3311 2714 3705 2787 ἀνασπάσομεν
3733 2717 3836 2782 τάς

2139 2801 2411 2866 ἀκάνθαςς
2465 2803 2596 2856 πότε
2653 2803 3102 2874 κατασπείρομεν
3149 2814 3176 2845 ει
3205 2802 3274 2856 τά
3323 2803 3648 2876 σπέρματα;
3701 2806 3836 2862 πότε

2138 2890 2533 2960 γεωργήσομεν
2568 2890 2748 2944 αὐτῶν
2791 2891 2888 2962 τὴν
2913 2890 3154 2945 διάνοιαν
3179 2908 3193 2956 ;
3221 2891 3352 2945 πότε
3382 2892 3775 2965 άναδοθήσεται
3802 2895 3833 2948 ὁ

2139 2976 2372 3049 σπόρος;
2403 2977 2488 3044 τίς
2520 2977 2577 3032 δέ
2598 2981 2746 3051 ἡμᾶς
2770 2981 2830 3033 οὑ
2852 2979 3212 3035 διασπάσεται
3232 2997 3247 3048 ;
3271 2981 3355 3046 τίς
3376 2981 3433 3036 δέ
3465 2981 3525 3036 οὐ
3549 2999 3834 3056 κατακρη-

2141 3067 2350 3135 μνίσεις
2394 3067 2513 3131 πῶς
2556 3067 2693 3133 ὅλως
2735 3068 3080 3141 δυνησόμεθα
3119 3070 3306 3142 διᾶραι
3345 3070 3557 3142 στόμα,
3598 3073 3832 3144 στῆναι,

2135 3155 2508 3227 διαλεχθῆναι,
2555 3157 2793 3230 φανῆναι
2835 3159 3063 3230 μυριάσι
3095 3158 3424 3228 τοσαύταις;
3459 3160 3578 3225 πῶς
3601 3161 3835 3217 καταλύο

2138 3261 2305 3316 σομεν
2327 3245 2608 3317 τυράννων
2632 3246 2824 3318 θυμὸν,
2855 3247 3044 3320 δήμιον
3074 3249 3498 3315 ἐπαναστάσεις,
3525 3250 3833 3322 φιλοσόφων

2136 3334 2508 3400 κατασκευὰς,
2552 3335 2800 3409 ρητόρων
2828 3337 3136 3410 δεινότητα,
3163 3338 3484 3412 προλήψεως
3513 3340 3829 3414 τυραννίδα,

2137 3424 2431 3498 συνηθείας
2479 3425 2717 3491 παλαιάς
2761 3427 2950 3499 ίσχὺν,
2979 3427 3254 3500 δαιμόνων
3300 3429 3615 3498 ἐπιϐουλὰς,
3645 3415 3832 3504 ψυχὰς

2138 3513 2357 3586 μυρίοις
2420 3515 2692 3586 νοσήμασι
2766 3517 3352 3589 προκατειλημμένας;
3401 3521 3567 3592 ἡμεῖς
3619 3516 3714 3575 οὖν
3775 3522 3828 3576 οι

2133 3601 2328 3657 ἕνδεκα
2346 3604 2473 3668 τοὺς
2500 3605 2580 3668 είς
2617 3605 2718 3677 τὴν
2751 3606 3079 3678 οἰκουμένην
3115 3608 3367 3673 ἅπαντας
3393 3609 3512 3674 πῶς
3535 3609 3829 3681 διορθώσο⁹

2138 3708 2257 3761 μεν,
2280 3693 2328 3745 οἰ
2357 3691 2564 3747 ἰδιῶται
2588 3694 2716 3758 τούς
2739 3696 2957 3765 σοφοὺς,
2982 3697 3030 3750 οἱ
3052 3696 3251 3768 γυμνοὶ
3269 3698 3397 3761 τοὺς
3422 3697 3827 3769 ὡπλισμένους,

2132 3779 2182 3831 οἱ
2215 3779 2509 3850 ἀρχόμενοι
2561 3781 2688 3844 τοὺς
2718 3781 3009 3852 ἄρχοντας,
3062 3784 3110 3836 οἰ
3168 3783 3298 3852 μίαν
3346 3783 3592 3853 γλῶτταν
3623 3773 3830 3859 κεκτηέ

2137 3865 2289 3935 μένοι
2322 3866 2469 3937 πρὸς
2509 3867 2711 3940 μυρίας
2744 3870 2930 3940 φωνάς
2969 3869 3368 3944 διαλεγόμενοι,
3401 3874 3495 3928 καί¹
3529 3873 3656 3948 ἔθνη
3690 3875 3830 3948 βάρ-

2133 3952 2278 4025 ϐαρα
2312 3955 2406 4008 καὶ
2436 3953 2827 4025 ἀλλόγλωσσα;
2864 3958 2949 4022 τίς
2981 3959 3038 4013 δέ
3068 3959 3227 4031 ήμῶν
3257 3960 3537 4029 ἀνέξεται,
3574 3955 3650 4017 ὧν
3686 3965 3827 4036 μηδὶ

2131 4044 2231 4114 τῆς
2266 4043 2451 4114 φωνῆς
2486 4044 2781 4099 ἐπακούειν
2813 4045 3017 4100 δύναιτ’
3046 4047 3147 4114 ᾰν;
3185 4049 3272 4103 ἵνα
3309 4049 3384 4123 μὴ
3409 4049 3585 4105 ταῦτα
3610 4051 3827 4122 λογιζόα

2135 4147 2289 4201 μενοι
2332 4131 2702 4204 θορυϐῶνται,
2763 4133 3025 4206 θερισμὸν
3088 4136 3149 4190 τὸ
3176 4136 3514 4208 Εὐαγγέλιον
3553 4141 3820 4212 ἐκάλεσε,

2135 4221 2417 4292 μονονουχὶ
2442 4221 2616 4292 λέγων
2635 4223 2848 4278 ’Πάντα
2870 4225 3255 4298 ηὐτρέπισται,
3280 4229 3457 4284 πάντα
3480 4233 3824 4304 παρεσκεύασ-

2132 4328 2254 4365 σται
2271 4325 2287 4342 ·
2322 4310 2459 4382 πρὸς
2483 4312 2709 4384 ἑτοίμην
2739 4314 2884 4385 ὑμᾶς
2909 4314 3017 4370 τῶν
3040 4318 3269 4389 καρπῶν
3293 4319 3497 4391 πέμπω
3521 4321 3820 4396 συλλογήν⁶

2128 4399 2185 4452 ἐν
2214 4402 2282 4471 τῇ
2303 4399 2440 4484 αὐτῇ
2473 4399 2659 4473 ἡμέρᾳ
2687 4402 2782 4454 καί⁵
2813 4403 3059 4475 σπείρειν
3100 4405 3195 4460 καὶ
3223 4406 3462 4480 θερίζειν
3498 4409 3818 4484 δυνήσεσθε.

2130 4486 2342 4558 Ὥσπερ
2371 4483 2507 4542 οὖνὸ
2524 4488 2766 4559 γηπόνος
2786 4489 2924 4561 πρὸς
2953 4492 3165 4564 ἄμητον
3186 4494 3346 4560 ἐξιὼν
3372 4497 3553 4570 χαίρει
3576 4483 3672 4554 καὶ
3694 4518 3821 4571 φαι-

2128 4573 2254 4646 δρός
2273 4577 2507 4630 ἐστικαὶ
2531 4576 2787 4649 γέγηθεν,
2810 4580 2912 4634 οὑκ
2938 4581 3394 4655 ἀναλογιζόμενος
3438 4587 3660 4654 πόνους,
3689 4588 3817 4644 οὔτε

2125 4664 2412 4718 δυσκολίαν
2428 4665 2569 4731 τινά,
2586 4666 2704 4721 ἀλλ’
2720 4667 2796 4732 ώς
2817 4669 2907 4722 ἐπὶ
2926 4671 3184 4742 πρόσοδον
3201 4673 3423 4747 ἑτοίμην
3439 4676 3816 4750 ἐπειγόμενος,

2125 4753 2221 4807 καὶ
2245 4754 2337 4807 ἐπὶ
2364 4755 2473 4808 τῶν
2507 4755 2796 4810 ἐνιαυσίων
2825 4759 3056 4831 καρπῶν
3082 4761 3313 4833 τρέχων,
3347 4763 3444 4819 καὶ
3469 4765 3624 4820 οὐδὲν
3651 4767 3816 4822 οὐδα-

2127 4842 2229 4913 μοῦ
2277 4842 2505 4914 κώλυμα
2529 4883 2545 4908 ,
2593 4845 2748 4899 οὐδὲν
2781 4846 3040 4917 ἐμπόδιον
3064 4889 3079 4914 ,
3115 4851 3345 4924 οὐδεμία
3391 4853 3486 4907 τοῦ
3527 4855 3814 4925 μέλλοντος

2121 4930 2337 5002 ἀδηλία,
2366 4932 2686 5006 ἐπομϐρίαι,
2725 4935 2959 5006 χάλαζαι
2993 4938 3087 4991 καὶ
3113 4939 3335 5010 αὐχμοὶ,
3369 4941 3462 4995 καὶ
3492 4943 3553 4997 τὸ
3576 4945 3813 5016 πονηρὸν

2123 5017 2229 5072 τῶν
2255 5020 2492 5090 ἀκρίδων
2528 5023 2927 5088 στρατόπεδον·
2959 5027 2988 5080 ό
3020 5025 3130 5098 γὰρ
3154 5028 3248 5081 τοῦ
3288 5027 3524 5100 θερίζειν
3566 5031 3814 5103 ἀπτόμε-

2120 5123 2210 5170 νος
2228 5146 2240 5168 ,
2275 5107 2425 5162 οὐδὲν
2455 5108 2723 5181 ὑφορᾶται
2742 5112 2982 5167 τοιοῦτον
3003 5130 3018 5144 ⁸
3048 5114 3136 5168 διά
3161 5115 3226 5187 δὴ
3257 5115 3418 5172 τοῦτο
3437 5118 3532 5171 καὶ
3553 5119 3814 5192 χορεύον‹⁵

2118 5213 2210 5260 τες
2237 5196 2333 5251 καὶ
2375 5200 2707 5271 σκιρτῶντες
2738 5200 2846 5256 τῶν
2877 5201 3055 5257 πόνων
3096 5202 3356 5261 ἅπτονται
3378 5221 3393 5237 ⁸
3428 5205 3576 5262 οὕτω
3606 5209 3671 5283 δή
3710 5210 3810 5265 καὶ

2119 5284 2296 5355 ὑμᾶς,
2327 5287 2423 5341 καὶ
2453 5287 2634 5360 πολλῷ
2686 5289 2882 5355 πλέον,
2917 5291 3056 5362 μετά
3103 5292 3306 5364 πολλῆς
3353 5294 3454 5366 τῆς
3500 5297 3694 5370 ἡδονῆς
3726 5300 3810 5362 εἰς

2115 5371 2214 5445 τήν
2245 5374 2570 5447 οἰκουμένην
2615 5375 2818 5442 ἐξιέναι
2871 5377 3186 5448 ἀναγκαῖον.
3221 5380 3495 5455 Θερισμὺς
3527 5385 3636 5457 γάρ
3685 5388 3804 5442 ἐστι

2116 5459 2177 5513 τὸ
2205 5462 2436 5533 πρᾶγμα
2461 5505 2475 5530 ,
2513 5463 2775 5536 θερισμὸς
2815 5466 3015 5540 πολλὴν
3042 5468 3294 5530 εὐκολίαν
3330 5470 3470 5542 ἔχων
3493 5514 3509 5541 ,
3541 5473 3804 5546 θερισμὸς

2119 5554 2612 5622 παρεσκευασμένα
2652 5554 2908 5625 παρέχων
2937 5555 3066 5627 ὑμῖν
3087 5557 3156 5611 τά
3192 5557 3349 5632 λήῖα·
3384 5562 3558 5617 εἰπεῖν
3594 5562 3677 5617 δεῖ
3706 5563 3805 5636 μό-

2115 5653 2226 5701 νον,
2260 5639 2324 5693 οὑ
2351 5643 2568 5711 καμεῖν.
2603 5643 2895 5698 Δανείσατέ
2927 5662 3036 5716 μοι,
3068 5647 3219 5716 φησὶ,
3252 5649 3353 5718 τὴν
3385 5647 3631 5717 γλῶτταν
3657 5691 3672 5717 ,
3707 5656 3805 5710 καὶ

2115 5725 2310 5795 ὄψεσθε
2351 5728 2442 5784 τὸν
2473 5730 2686 5802 καρπὸν
2721 5730 2875 5807 [592]
2911 5733 3120 5807 ῶριμον
3156 5737 3236 5800 εἰς
3273 5735 3342 5790 τά
3375 5736 3631 5807 βασιλικά
3666 5759 3817 5800 τιτοο.

2180 5983 2207 6012 ³
2237 5983 2518 6049 chcndum
2547 5993 2745 6043 videtur
2769 5995 3176 6062 καταπεροῦμιν.
