4138 6450
337 457 432 511 521

332 562 510 630 ὼχεῖα
544 559 913 629 εἰσαγόμενον.
948 556 1045 610 Διά
1076 556 1139 625 δὴ
1173 556 1336 609 τοῦτο
1368 554 1463 608 καὶ
1493 553 1630 625 μετᾶ
1669 552 1841 608 ταῦτα
1872 554 2012 623 πέμ.

333 668 450 703 πων
482 649 679 712 αὐτοὺς
712 648 930 716 ἔλεγεν·
968 646 1111 699 Ἰδοὺ
1152 646 1266 714 ἐγὼ
1293 648 1425 714 μεθ’
1452 642 1620 712 ὑμῶν
1658 645 1773 712 εἰμι
1818 642 2020 708 πάσας

333 744 438 803 τας
468 736 697 805 ἡμέρας
729 734 840 799 ἕως
883 733 990 799 τῆς
1027 733 1387 796 συντελείας
1426 730 1530 783 τοῦ
1563 727 1803 796 αἰῶνος.
1844 729 2019 792 Αὐτὸς

332 827 439 896 γὰρ
466 820 535 895 ἦν
562 826 590 877 6
615 821 944 876 τάτδύσκολα
982 820 1139 892 ῥᾴδια
1173 820 1362 884 ποιῶν,
1386 819 1480 873 καὶ
1509 819 1644 888 ὅπερ
1676 819 1706 870 ὁ
1736 818 2020 888 προφήτης

331 914 534 980 ἐκγεν,
560 912 641 965 ὅτι
683 908 831 980 Ἐγὼ
855 908 1198 978 ἔμπροσθέ-ν
1223 925 1341 963 σου
1371 908 1694 977 πορεύομαι
1728 918 1754 948 ι
1780 907 1877 960 καί
1912 906 2019 973 ὅρη

330 997 593 1069 ὁμαλιῶ·
647 996 820 1051 ταῦτα
873 997 965 1049 ἐπὶ¹
1012 994 1121 1048 τῶν
1205 994 1518 1048 ἀποστόλων
1568 992 1842 1065 αἰσθητῶς
1893 1009 2021 1045 συν-

329 1087 545 1141 έϐαινε·
600 1083 966 1156 προωδοποίει
1008 1083 1117 1154 γὰρ
1144 1082 1327 1146 αὐτοῖς
1371 1083 1399 1136 6
1426 1082 1660 1155 Χριστὸς
1702 1083 1796 1135 καὶ
1836 1080 2023 1152 ῥᾳδίαν

330 1174 503 1227 ἐποίει
531 1173 631 1242 τὴν
660 1172 799 1227 ὀδόν.
842 1169 1015 1223 Τοῦτο
1048 1171 1144 1223 καὶ
1175 1170 1204 1223 6
1237 1170 1750 1240 μεγαλοφωνότατος
1790 1167 2022 1230 Ἡσαΐας

328 1260 502 1332 δηλῶν
526 1259 678 1328 έλεγε
698 1275 714 1290 ·
744 1257 921 1313 Πᾶσα
963 1256 1200 1327 φάραγξ
1232 1255 1693 1324 πληρωθήσεται
1717 1296 1732 1318 ,
1762 1254 1861 1308 καὶ
1897 1252 2020 1307 πᾶν

331 1347 594 1416 ὅρος-ηκαί
625 1345 860 1411 ,ϐουνὸς
894 1343 1402 1410 ταπεινωθήσεται
1426 1358 1440 1373 ο
1476 1343 1537 1395 οὐ
1588 1343 1714 1413 περὶ
1756 1339 1898 1411 ὀρῶν
1942 1340 2025 1393 λέ-

330 1452 441 1503 γων
469 1437 561 1488 καὶ
592 1433 795 1505 βουνῶν
812 1452 824 1464 ~
855 1433 975 1486 ούδέ
1001 1433 1110 1503 γάρ
1142 1430 1339 1501 συνέϐη
1360 1431 1515 1485 τοῦτο
1532 1446 1548 1463 °
1577 1430 1711 1484 ἀλλά
1738 1431 1862 1492 τοὺς
1890 1429 2025 1481 ἀπο-

330 1524 689 1593 νενοημένους
722 1521 814 1575 καὶ
858 1521 1211 1590 φυσωμένους
1248 1519 1342 1572 καί
1372 1518 1904 1591 μεγαλοφρονοῦντας
1945 1515 2022 1586 τῷ

330 1609 445 1673 τῶν,
490 1607 632 1679 ὀρῶν
665 1608 889 1678 ὀνόματι
940 1607 1141 1663 καλῶν.
1186 1606 1324 1659 Ἀλλ’
1357 1606 1690 1660 ἐταπείνωσε
1733 1606 1941 1667 πάντας
1989 1604 2020 1656 6

331 1696 571 1768 Χριστὸς
598 1698 959 1764 ταπεινότητα
993 1693 1161 1765 ῦψους
1188 1694 1484 1766 γέμουσαν,
1516 1695 1611 1749 καὶ
1635 1693 1700 1747 τὰ
1726 1694 1828 1765 ὅρη
1857 1692 2017 1745 πεδία

333 1783 588 1853 ἐποίησεν
614 1796 628 1810 ’
665 1781 807 1835 οῦτω
855 1781 911 1834 δὲ
966 1780 1125 1835 καλεῖ
1150 1780 1274 1841 τοὺς
1312 1780 1809 1852 ἀπονενοημένως,
1844 1779 1905 1832 οὐ
1936 1778 2025 1833 διὰ

332 1877 394 1930 τὸ
436 1874 569 1945 ὕψος
603 1873 782 1928 αὐτῶν
816 1874 915 1942 τῆς
953 1872 1190 1937 διανοίας
1214 1911 1228 1935 ,
1271 1871 1407 1926 ἀλλά
1433 1870 1524 1925 διὰ
1553 1873 1616 1925 τὸ
1647 1870 1894 1941 ἄκαρπον
1925 1869 2028 1938 τῆς

331 1963 593 2026 ἀπονοίας
613 2002 628 2025 ,
660 1961 756 2016 καὶ
787 1961 849 2014 τὸ
881 1960 1074 2030 ἄγονον
1097 1960 1195 2032 τῆς
1220 1959 1399 2031 ψυχῆς
1421 2000 1436 2026 ,
1466 1959 1560 2013 καὶ
1599 1958 1661 2012 τὸ
1696 1957 2024 2028 ἀναίσθητον

330 2052 438 2106 τῶν
467 2050 661 2119 λόγων.
694 2050 905 2121 Ὥσπερ
934 2048 1044 2120 γάρ
1078 2048 1139 2102 τὸ
1178 2048 1304 2120 ϐρος
1336 2049 1438 2101 οῦκ
1472 2046 1538 2102 ἂν
1585 2047 1784 2117 ἐνέγκῃ
1811 2046 1839 2086 ι)
1885 2062 2024 2114 καρ-

336 2139 437 2191 πὸν
462 2176 477 2200 ,
512 2137 690 2201 οῦτως
719 2136 841 2190 ούδέ
886 2136 1115 2190 ἀπόνοια
1137 2151 1152 2167 ⁰
1196 2135 1394 2206 μᾶλλον
1420 2133 1477 2187 δὲ
1503 2134 1601 2205 οὐχ
1638 2133 1811 2197 οὕτως
1834 2172 1849 2196 ,
1887 2130 2026 2185 άλλά

333 2227 428 2281 καὶ
453 2225 631 2296 πολλῷ
656 2223 1057 2295 χαλεπώτερον.
1086 2223 1161 2277 T6
1190 2224 1287 2294 μὲν
1316 2222 1425 2295 γάρ
1451 2222 1575 2294 690;
1605 2222 1706 2276 οὐκ
1736 2220 1799 2274 ἂν
1825 2218 2022 2291 ἐνέγκῃ

339 2315 564 2385 καρπὸν,
598 2316 631 2383 ἡ
661 2314 718 2366 δέ
744 2313 972 2366 ἀπόνοια
1010 2313 1072 2366 οῦ
1123 2311 1283 2382 μόνον
1330 2312 1390 2365 οὐ
1425 2308 1607 2363 δίδωσί
1635 2325 1756 2361 τινα
1788 2308 2021 2378 καρπὸν,

337 2402 471 2455 ἀλλὰ
523 2400 737 2453 καὶτὸν
781 2400 912 2453 ὄντα
944 2398 1345 2470 καταμαραίνει
1383 2397 1477 2451 καὶ
1513 2397 1603 2450 τὸν
1644 2395 2025 2466 βλαστήσαντα

339 2489 580 2558 ξηραίνει
608 2504 621 2517 ⁸
651 2486 839 2560 ὥσπερ
864 2483 955 2541 οῦν
989 2489 1023 2559 ἡ
1052 2485 1520 2557 ταπεινοφροσύνῃ
1550 2484 1611 2537 ού
1646 2484 1805 2555 μόνον
1829 2482 2026 2536 θάλπει

340 2579 425 2631 τὸν
448 2578 596 2641 ὄντα,
628 2574 766 2629 ἀλλά
801 2577 896 2629 καὶ
921 2575 1013 2629 τὸν
1040 2575 1140 2628 οὐκ
1167 2575 1297 2629 ὅντα
1324 2574 1527 2627 τίκτειν
1562 2571 1743 2625 εἴωθε.

406 2666 467 2718 δ’.
516 2666 622 2718 Καὶ
650 2663 758 2717 τῶν
803 2663 1111 2734 εἰρημένων
1159 2663 1391 2731 μέγιστα
1431 2660 1852 2733 παραδείγματα
1898 2659 1926 2712 ὃ
1967 2676 2025 2711 τε

338 2755 623 2827 φαρισαῖος
648 2754 742 2807 καί⁵
772 2754 801 2806 6
832 2750 1091 2822 τελώνης.
1120 2751 1178 2804 '0
1208 2751 1307 2822 μὲν
1332 2750 1440 2822 γάρ
1461 2748 1699 2803 ἀνελθὼν
1727 2748 1866 2820 μετά
1891 2748 2028 2801 ἀπο-

341 2842 523 2906 νοίας,
556 2842 617 2895 οὐ
660 2830 820 2913 μόνον
857 2839 957 2893 οὐκ
986 2838 1143 2893 ἔτεκέ
1187 2856 1310 2893 τινα
1347 2840 1589 2910 καρπὸν,
1626 2836 1763 2893 ἀλλά
1806 2837 1898 2890 καί
1935 2835 2027 2890 τὸν

339 2932 469 2989 ϐντα
498 2929 749 2984 ἀπώλεσε
775 2946 786 2958 ·
821 2930 851 2981 ό
884 2926 941 2981 δέ
969 2925 1207 2995 τελώνης
1234 2926 1439 2998 ἔρημος
1469 2923 1544 2979 ὢν
1575 2925 1671 2979 καὶ
1704 2924 1857 2979 οὐδὲν
1886 2924 2026 2994 ἀγα-

340 3017 432 3070 θὸν
463 3017 603 3087 ἔχων
627 3055 644 3082 ,
691 3018 838 3070 ποιεῖ
884 3013 1065 3085 ἐαυτῷ
1094 3014 1426 3086 κατόρθωμα
1445 3028 1457 3042 ·
1505 3010 1696 3084 ἐπειδὴ
1724 3011 1835 3083 γάρ
1864 3012 2027 3082 μόνον

340 3103 594 3169 ἐστέναξε
627 3103 722 3157 καὶ
760 3101 912 3156 κάτω
959 3100 1136 3171 κύψας
1174 3100 1368 3154 ἐαυτὸν
1416 3098 1736 3163 ἐταλάνισε,
1791 3097 2026 3168 κατῆλθε

340 3192 513 3262 πολλῇ
544 3190 722 3262 βρύων
748 3192 813 3260 τῇ
839 3188 1156 3260 δικαιοσύνῃ
1184 3187 1279 3241 καὶ
1300 3184 1678 3258 παραδραμὼν
1704 3184 1845 3239 κατά
1871 3185 2028 3238 τοῦτο

339 3278 430 3333 τὸν
465 3280 770 3351 φαρισαῖον.
805 3278 922 3331 Ἵνα
953 3276 1008 3329 δέ
1038 3277 1132 3329 καὶ
1176 3276 1271 3330 ἀπ’
1305 3274 1485 3330 αὐτῶν
1516 3274 1663 3344 ἴδητε
1690 3272 1798 3326 τῶν
1840 3289 2025 3344 πραγ-

342 3358 548 3438 μάτων,
569 3365 687 3442 ,καὶ
734 3364 827 3418 ἐπὶ
856 3362 1175 3436 ὡρισμένων
1198 3361 1507 3434 προσώπων
1530 3361 1740 3433 μάθητε
1769 3360 1872 3416 ποῦ
1901 3361 2026 3434 ὅρος

340 3457 436 3510 x0).
488 3454 676 3526 βουνὸν
725 3454 1088 3507 ἐταπείνωσεν
1141 3453 1170 3505 6
1220 3452 1452 3524 Χριστὸς
1479 3490 1494 3516 ,
1540 3453 1808 3520 εἰσαγέτω
1862 3452 2025 3505 πάλιν

337 3546 472 3615 ἡμῖν
525 3542 615 3595 τὸν
671 3541 882 3596 Παῦλον
940 3543 969 3595 6
1018 3539 1196 3609 λόγος.
1237 3534 1405 3603 Οὗτος
1452 3539 1561 3611 γὰρ
1612 3541 1641 3593 6
1703 3539 2025 3610 σκηνοποιὸς

342 3630 554 3702 (ἡδέως
587 3629 696 3701 γάρ
732 3629 831 3700 τὴν
861 3627 1056 3700 τέχνην
1104 3626 1271 3682 αὑτοῦ
1308 3626 1659 3699 περιστρέφω
1682 3665 1696 3691 ,
1731 3628 1817 3680 ἵνα
1849 3626 2026 3698 μάθῃς

339 3719 422 3772 ὅτι
457 3719 557 3772 οῦκ
595 3717 793 3781 όνειδος
846 3718 880 3787 ἠ
923 3716 1118 3787 τέχνη,
1158 3714 1272 3768 ἀλλ’
1309 3717 1342 3786 ή
1400 3715 1567 3785 ἀργία
1597 3715 1901 3786 κατηγορία
1933 3715 2029 3768 καὶ

341 3805 631 3878 ἔγκλημα)
660 3820 675 3835 ⁸
706 3797 861 3869 οὗτος
889 3804 1067 3857 τοίνυν
1099 3806 1128 3857 6
1163 3801 1375 3866 Παῦλος
1399 3844 1413 3867 ,
1440 3802 1729 3873 γενόμενος
1768 3805 1826 3856 ἐν
1858 3802 2030 3855 Σαλα-

346 3897 458 3965 μῖνι
482 3936 497 3961 ,
549 3892 811 3963 συνέτυχέ
839 3908 946 3945 τινι
988 3889 1281 3959 ἀνθυπάτῳ
1311 3891 1405 3944 καὶ
1440 3890 1600 3960 μάγῳ
1645 3890 1759 3960 μετ’
1794 3891 2026 3944 ἐκείνου.

343 3981 577 4053 Διπλοῦς
606 3982 636 4034 6
668 3981 913 4053 κρημνὸς
938 4022 952 4043 ,
982 3980 1019 4052 ἦ
1063 3997 1123 4033 τε
1152 3979 1259 4033 ἀπὸ
1286 3980 1387 4050 τῆς
1408 3979 1582 4051 ἀρχῆς
1607 3979 1862 4039 ἀπόνοια,
1892 3979 1927 4050 ἦ
1968 3995 2029 4032 τε

343 4071 454 4125 ἀπὸ
483 4070 575 4124 τοῦ
619 4068 794 4140 μάγου
825 4067 1168 4122 διδασκαλία.
1198 4067 1308 4120 Καὶ
1343 4066 1529 4137 ἐπειδὴ
1562 4064 1709 4138 ἐώρα
1735 4065 1796 4118 :6
1833 4064 2030 4137 μιαρὸν

343 4161 519 4211 ἐκεῖνο
554 4159 647 4210 καὶ
677 4155 1033 4227 ἀναίσχυντον
1076 4154 1263 4225 θηρίον
1303 4151 1592 4225 ἐμποδίζον
1631 4152 1708 4223 τῷ
1738 4152 2030 4224 ἀνθυπάτῳ

344 4247 439 4311 καὶ
466 4246 756 4300 διακόπτον
789 4244 956 4299 αὑτοῦ
999 4243 1099 4313 τὴν
1128 4242 1479 4296 διδασκαλίαν
1503 4282 1518 4305 ,
1553 4242 1784 4296 ἄκουσον
1812 4240 1862 4294 τί
1896 4259 2029 4312 φησι

346 4334 610 4405 πλησθεὶς
637 4332 957 4403 Πνεύματος
1002 4331 1160 4400 ἀγίου
1191 4348 1202 4361 ·
1232 4332 1293 4382 Ὤ
1323 4328 1551 4395 παντὸς
1576 4329 1762 4382 δόλου
1795 4329 1888 4381 καὶ
1922 4328 2032 4382 πά-

345 4439 466 4490 σης
514 4421 903 4491 ῥᾳδιουργίας
948 4418 1176 4490 γέμων,
1220 4420 1315 4473 υίὲ
1357 4418 1664 4472 διαϐόλου.
1699 4418 1774 4470 Οὐ
1822 4415 1928 4490 γὰρ
1970 4417 2033 4471 τὸ

344 4509 587 4582 ὑϐρίζειν
616 4506 894 4578 πανταχοῦ
926 4507 1118 4571 κακὸν,
1152 4505 1287 4561 ἀλλὰ
1316 4504 1377 4558 τὸ
1399 4505 1524 4576 είκῆ
1552 4502 1823 4576 ὑϐρίζειν·
1855 4505 2031 4576 τούτῳ

345 4600 455 4669 γὰρ
493 4597 589 4651 καὶ
618 4596 836 4650 κόλασιν
881 4596 909 4648 6
934 4593 1169 4667 Χριστὸς
1202 4594 1398 4667 έθηκεν
1422 4610 1436 4625 ο
1467 4594 1542 4658 ὡς
1570 4595 1600 4648 ὃ
1638 4609 1703 4661 γε
1735 4592 1875 4663 μετά
1906 4609 2031 4646 και-

348 4686 446 4757 ροῦ
494 4685 590 4738 τοῦ
645 4685 1017 4757 προσήκοντος
1070 4682 1229 4737 τοῦτο
1284 4682 1451 4736 ποιῶν
1477 4722 1491 4747 ,
1550 4680 1730 4750 ἰατρὸν
1783 4682 2031 4751 μιμεῖται

346 4773 613 4843 τέμνοντα
656 4771 795 4842 μετὰ
827 4770 920 4826 τοῦ
972 4769 1166 4842 καιροῦ
1217 4768 1311 4823 τοῦ
1366 4770 1768 4840 προσήκοντος,
1819 4766 1913 4821 καί
1962 4770 2028 4839 τῇ

347 4863 489 4932 τομῇ
527 4860 625 4932 τὴν
658 4860 927 4932 σηπεδόνα
955 4859 1307 4913 ἐκϐάλλοντα.
1340 4857 1512 4911 Τοῦτο
1541 4854 1606 4929 δὴ
1648 4856 1740 4910 καί
1766 4857 1795 4910 6
1821 4854 2031 4919 Παῦλος

350 4952 496 5025 ποιεῖ
516 4965 531 4980 ο
560 4950 644 5004 Οὐ
683 4949 890 5017 παύσῃ
927 4946 1307 5015 διαστρέφων
1337 4946 1445 5013 τὰς
1473 4944 1653 5011 ὁδοὺς
1680 4942 1788 4999 τοῦ
1809 4944 2032 5013 Κυρίου

350 5040 457 5117 τὰς
475 5040 744 5107 εὐθείιις;
785 5038 926 5093 Ἀλλ’
950 5038 1051 5092 οὐκ
1091 5036 1342 5108 άνέχεταί
1372 5054 1465 5090 σου
1511 5035 1619 5089 τῶν
1663 5035 1954 5106 ῥημάτων,
1987 5029 2033 5090 ὦ

352 5127 566 5181 Παῦλεο
598 5126 847 5195 ἐπάγαγέ
876 5143 997 5180 τινα
1057 5123 1414 5196 συλλογισμὸν
1460 5122 1846 5186 ἀποστολικὸν,
1893 5122 2032 5176 ἀπό-

353 5204 583 5287 στρεφον
604 5216 706 5284 τὴν
732 5214 1002 5283 γλῶτταν.
1023 5212 1303 5285 ἔμφραξον
1336 5210 1501 5266 αὑτοῦ
1530 5211 1591 5288 :6
1625 5211 1818 5280 στόμα,
1840 5214 2033 5283 στῆσον

353 5305 420 5358 τὰ
452 5300 658 5372 πονηρά
695 5301 965 5373 ῥεύματα.
992 5300 1058 5353 Τί
1097 5296 1190 5354 οὖν
1226 5301 1405 5365 ποιεῖ;
1436 5298 1662 5361 Δεικνὺς
1696 5298 1778 5351 ὅτι
1802 5297 1862 5350 ού
1899 5298 2035 5368 πρὸς

353 5393 479 5454 τοὺς
517 5386 842 5461 ἀνθρώπους
881 5390 910 5440 6
944 5388 1183 5458 πόλεμος
1217 5386 1385 5459 αὐτῷ,
1419 5386 1586 5459 φησί’
1616 5385 1726 5442 Kal
1750 5386 1867 5441 νῦν
1901 5384 2034 5439 ίδοὺ

292 5520 295 5521 ν
356 5479 483 5554 χεὶρ
515 5475 736 5545 Κυρίου
760 5474 860 5527 ἐπὶ
893 5474 987 5529 σέ.
1023 5475 1194 5539 Αὐτὸς
1238 5476 1347 5548 γὰρ
1394 5477 1423 5530 6
1459 5472 1664 5536 εἰπὼν,
1701 5473 1839 5532 Μεθ’
1869 5470 2037 5542 ὑμῶν

356 5564 507 5636 1595]
532 5566 649 5632 εἰμι
676 5559 877 5627 πάσας
915 5561 1020 5629 τὰς
1043 5563 1300 5632 ἡμέρας,
1346 5563 1528 5636 παρῆν
1572 5560 1668 5614 καὶ
1716 5561 1796 5631 τῷ
1838 5560 2037 5631 Παύλῳ

354 5654 500 5717 τότε,
525 5652 617 5707 καὶ
638 5648 841 5722 ταύτην
874 5649 1012 5721 ἔχων
1034 5649 1130 5721 τὴν
1160 5650 1452 5721 ὑπόσχεσιν
1483 5649 1639 5705 καλεῖ
1659 5665 1718 5702 τε
1747 5647 1913 5703 αὐτὸν
1942 5648 2032 5702 καὶ

421 5806 444 5832 ⁸
477 5801 526 5851 In
552 5797 724 5849 Bib'iis
743 5796 1060 5861 πορεύσομαι,
1093 5799 1299 5861 rectius.

361 5926 391 5975 ἀ
476 5865 563 5914 llic
589 5871 637 5913 el
661 5855 938 5928 paulo'post
957 5855 1230 5924 legéndum
1242 5859 1329 5908 οὐκ
1359 5857 1415 5907 ἂν
1438 5858 1635 5921 ἐνέγκοι,
1662 5862 1715 5909 el
1737 5869 1851 5909 mox
1874 5855 1981 5906 ούδέ
2002 5859 2034 5916 ῆ

394 5943 577 5977 ποιοια.

1127 440 1182 495 S.
1223 437 1511 494 1033'le
1549 434 2038 489 ειιιιῐδυδτυλιι
2066 432 2385 489 Αιιιιιιιει».
2413 430 2954 489 CONSTANTINOP.

3684 426 3789 483 5‘22

2124 553 2266 617 ἀξιοῖ
2293 550 2545 619 γενέσθαι
2572 550 2832 621 τιμωρὸν,
2868 549 2962 602 καὶ
2988 548 3395 620 συνεφάψασθαι
3425 549 3531 605 τῶν
3568 567 3795 623 προκει-

2126 642 2302 711 μένων
2327 681 2341 702 ,
2399 641 2490 693 καὶ
2548 642 2617 693 τὰ
2654 639 2954 709 κωλύματα
2983 639 3316 693 ἀνασπάσαι.
3352 639 3462 693 Καὶ
3503 640 3621 694 νῦν
3667 641 3799 697 ιεοὺ

2121 729 2250 797 χείρ
2279 729 2499 796 Κυρίου
2530 728 2623 781 ἐπὶ
2660 727 2754 782 σέ.
2793 726 2940 796 Πόση
2974 726 3074 779 τοῦ
3092 727 3330 799 Χριστοῦ
3372 729 3407 799 ἡ
3453 731 3775 797 συγκατάϐα

2124 833 2205 878 σις
2226 833 2239 846 ·
2294 817 2433 886 πόση
2464 814 2559 868 τοῦ
2597 815 2804 868 Παύλου
2847 815 2881 885 ἡ
2926 814 3208 886 παρρησία
3232 832 3248 847 ’
3285 816 3405 879 πῶς
3440 818 3500 871 ἐν
3524 818 3799 887 ἀποφάσει

2121 903 2220 973 τὴν
2254 904 2468 975 πληγὴν
2501 903 2730 970 ἐπάγει,
2767 904 2860 957 καὶ
2898 904 2924 957 6
2951 903 3187 975 Χριστὸς
3220 903 3424 969 εὐθέως
3450 906 3690 959 ἐπινεύει
3719 906 3802 976 τῷ

2122 991 2418 1063 λεγομένῳ.
2457 993 2522 1046 Τί
2554 993 2671 1046 ἐστι
2704 993 2841 1061 Χείρ
2866 992 3126 1060 Kvplov,‘
3156 991 3394 1063 Δύναμις
3420 994 3640 1048 ἐναντία
3664 995 3803 1064 πλη-

2124 1081 2306 1150 κτικὴ.
2326 1082 2516 1151 Παρῆν
2548 1081 2658 1151 γὰρ
2684 1081 2867 1144 αὐτοῖς
2896 1080 3193 1151 πανταχοῦ,
3220 1081 3453 1152 ἐτοίμως
3483 1083 3797 1143 ὑπακούων,

2125 1167 2218 1222 καὶ
2250 1167 2509 1239 θερισμὸν
2547 1169 2609 1221 τὸ
2640 1170 2872 1239 πρᾶγμα
2899 1168 3088 1234 ποιῶν,
3129 1169 3232 1222 οὐκ
3262 1169 3443 1237 ἀφιεὶς
3469 1174 3650 1224 πονεῖν
3678 1171 3800 1223 οὐδὲ

2124 1256 2611 1327 ταλαιπωρεῖσθαι,
2649 1257 2788 1310 ἀλλά
2814 1260 2882 1310 τὰ
2904 1256 3034 1328 παρ’
3066 1255 3260 1310 ἑαυτοῦ
3289 1257 3646 1327 συνεισάγων.
3689 1258 3802 1313 Καὶ

2123 1347 2273 1411 ἕστη
2302 1344 2532 1414 τυφλός
2553 1385 2567 1405 ,
2595 1344 2682 1415 μὴ
2705 1344 2956 1410 ,Βλέπων
2982 1345 3094 1412 ἕως
3119 1344 3351 1413 καιροῦ.
3390 1341 3544 1410 Εἶδες
3568 1346 3663 1399 καὶ
3700 1346 3803 1416 τὴν

2123 1430 2393 1502 τιμωρίαν
2427 1431 2568 1502 μετά
2610 1430 3021 1500 φιλανθρωπίας
3048 1448 3064 1498 ;
3097 1432 3347 1487 νουθεσία
3373 1432 3514 1504 γὰρ,
3546 1434 3606 1487 οὐ
3638 1434 3802 1486 κόλα-

2127 1536 2212 1583 σις
2265 1520 2299 1589 ὴ
2355 1518 2667 1589 ἀπόφασις,
2716 1519 3037 1591 διόρθωσις,
3080 1521 3183 1574 οὐκ
3235 1520 3563 1591 ἀφανισμός.
3601 1521 3701 1575 Διά
3735 1521 3802 1593 δὴ

2124 1608 2281 1662 τοῦτο
2308 1609 2369 1662 οὗ
2399 1611 2555 1679 χεῖρα
2584 1608 2867 1680 ἐξήρανεν,
2889 1609 2948 1662 οὐ
2976 1607 3223 1679 γλῶτταν
3252 1608 3323 1663 τά
3346 1610 3557 1682 πονηρά
3582 1611 3804 1681 ῥήματα

2127 1697 2503 1766 φθεγγομένην
2538 1695 2823 1766 ἐξέκοψεν,
2863 1697 2924 1751 οὐ
2965 1696 3130 1769 σκέλη
3163 1698 3479 1769 ἐπήρωσεν,
3511 1696 3646 1751 ἀλλά
3680 1699 3807 1763 τοὺς

2125 1784 2437 1856 ὀφθαλμοὺς
2473 1784 2692 1849 αὐτούς.
2747 1784 2964 1857 Ἐπειδὴ
3012 1784 3121 1856 γὰρ
3175 1786 3339 1848 αὐτὸς
3379 1785 3629 1840 ἐντεῦθεν
3679 1785 3804 1858 ίάθη

2127 1874 2222 1926 καὶ
2260 1874 2359 1944 τῆς
2395 1872 2819 1945 πεπλανημένης
2848 1872 2968 1927 ὀδοῦ
3002 1874 3098 1927 καὶ
3124 1872 3234 1928 τῶν
3260 1873 3478 1946 δρόμων
3511 1873 3807 1946 ἀπηλλάγη

2126 1962 2234 2017 τῶν
2270 1961 2569 2034 βλαϐερῶν,
2600 1963 2696 2017 καὶ
2720 1962 2894 2034 τούτῳ
2923 1961 2984 2016 τὸ
3019 1961 3154 2016 αὐτὸ
3184 1963 3477 2034 φάρμακον
3505 1961 3807 2034 ἐπιτίθησι,

2130 2051 2414 2122 μονονουχὶ
2449 2049 2624 2119 λέγων
2648 2050 2932 2122 ’Ἐτρεχον
2982 2050 3139 2119 κάγὼ
3175 2050 3363 2115 κακῶς
3388 2090 3403 2115 ,
3435 2050 3531 2105 καὶ
3580 2050 3812 2105 ἔϐλεπον

2128 2135 2435 2209 θανάσιμα·
2470 2138 2561 2192 διὰ
2590 2135 2747 2190 τοῦτο
2796 2136 3091 2210 ἐπηρώθην
3136 2135 3353 2204 καλῶς,
3389 2137 3476 2191 ῐνα
3516 2138 3810 2207 ἀναϐλέψω

2126 2224 2380 2295 ἄμεινον·
2421 2225 2578 2301 τοῦτο
2621 2224 2716 2278 καὶ
2773 2223 2857 2278 σοὶ
2897 2224 2960 2278 τὸ
3012 2225 3303 2296 φάρμακον
3357 2226 3674 2295 ἐπιτίθημι.
3713 2227 3812 2295 καὶ

2127 2313 2289 2384 πηρῶ
2319 2314 2446 2376 τοὺς
2484 2310 2682 2377 ἔξωθεν
2728 2312 3043 2382 ὀφθαλμοὺς
3068 2353 3083 2376 ,
3119 2314 3206 2366 ἵνα
3239 2314 3438 2380 ἀνοίξω
3476 2313 3544 2366 τά
3594 2314 3809 2367 ἔνδοθεν

2128 2399 2371 2471 ϐμματα.
2411 2400 2543 2454 Τότε
2587 2398 2710 2453 ἰδὼν
2752 2401 2781 2453 6
2818 2400 3124 2464 ἀνθύπατος
3154 2400 3215 2453 τὸ
3244 2402 3644 2471 γεγενημένον,
3681 2402 3806 2459 Eti-

2129 2468 2371 2542 στευσεν.
2402 2483 2555 2550 Εἶδες
2580 2487 2640 2540 τὸ
2668 2487 2794 2559 ὅρος
2828 2487 3071 2542 ἰσόπεδον
3099 2468 3537 2559 γενόμενονίκαί
3566 2488 3657 2543 τὸν
3682 2488 3808 2558 βου-
3852 2468 3871 2493 λ

2128 2574 2218 2628 νόν
2254 2573 2679 2638 ταπεινωθέντα,
2720 2574 2814 2628 καὶ
2840 2574 2932 2627 τὸν
2961 2573 3221 2646 θερισμὸν
3253 2575 3680 2645 ἀπαρτισθέντα,
3714 2577 3808 2630 καὶ

2127 2661 2217 2714 τὸν
2245 2661 2454 2733 ἄμητον
2488 2660 3038 2734 παρεσκευασμένον,
3082 2668 3176 2716 καὶ
3210 2662 3301 2716 τὸν
3350 2662 3561 2733 καρπὸν
3598 2662 3808 2735 ὧριμον

2130 2749 2517 2819 συναγόμενον,
2541 2748 2638 2802 καί
2667 2747 2759 2801 τὸν
2781 2746 2993 2802 Παῦλον
3022 2749 3175 2804 οὐδὲν
3205 2750 3452 2821 καμόντα
3473 2750 3594 2804 ούδέ
3619 2750 3808 2804 ταλαι-

2129 2836 2484 2909 πωρηθέντα,
2517 2836 2653 2891 ἀλλά
2686 2837 2894 2908 ῥήματι
2919 2835 3061 2906 ψιλῷ
3087 2836 3502 2909 σαγηνεύσαντα
3554 2839 3646 2891 τὸν
3678 2837 3809 2892 ἀνθ-

2130 2923 2351 2990 ύπατον;
2372 2922 2470 2976 Διά
2498 2921 2657 2976 τοῦτο
2678 2921 2937 2995 θερισμὸν
2960 2923 3022 2977 τὸ
3037 2922 3366 2991 Εὐαγγέλιον
3392 2924 3564 2989 καλεῖ,
3593 2924 3682 2979 διὰ
3708 2923 3811 2996 τὴν

2127 3010 2405 3083 ταχυτῆτα
2431 3010 2528 3064 καὶ
2558 3008 2660 3083 τὴν
2689 3009 2960 3077 εὐκολίαν,
2987 3013 3052 3081 ἣν
3082 3011 3264 3074 αὐτοῖς
3292 3015 3567 3083 παρεῖχεν.
3780 3070 3787 3075 _

2198 3100 2354 3154 Οῦτω
2387 3099 2481 3153 καὶ
2515 3101 2542 3153 6
2574 3098 2827 3171 εὐνοῦχος
2866 3102 3073 3164 ἐκεῖνος
3106 3103 3135 3154 6
3185 3101 3463 3173 βάρϐαρος
3516 3103 3610 3156 καὶ
3648 3102 3778 3156 ἀλλό

2129 3186 2294 3255 φυλος
2325 3187 2416 3241 καὶ
2439 3188 2495 3239 ἐν
2519 3186 2805 3259 δυναστείᾳ
2842 3187 3054 3261 μεγάλῃ
3078 3187 3359 3253 καθεστὼς
3378 3230 3393 3254 ,
3424 3189 3809 3260 ἐσαγηνεύετο,

2127 3274 2248 3327 οῦδέ
2290 3275 2408 3327 ἐκεῖ
2439 3275 2630 3347 χρόνου
2662 3274 2807 3338 τινὸς
2845 3274 2880 3345 ἢ
2917 3274 3079 3331 πόνου
3106 3274 3507 3347 δαπανηθέντος
3532 3293 3547 3309 ·
3579 3275 3717 3348 ὁμοῦ
3747 3294 3812 3331 τι

2127 3362 2238 3434 γὰρ
2270 3362 2440 3434 ἐπέϐη
2475 3360 2568 3415 τοῦ
2620 3361 2864 3433 ἅρματος
2908 3363 2998 3416 καί
3037 3366 3296 3434 κατηχεῖν
3327 3362 3529 3434 ἤρξατο
3554 3380 3569 3394 ο
3610 3364 3811 3435 μᾶλλον

2127 3449 2185 3503 δὲ
2218 3450 2324 3521 πρὸ
2352 3450 2451 3521 τῆς
2478 3449 2784 3515 ἐπιϐάσεως
2809 3450 2985 3505 ἐκεῖνο
3012 3450 3313 3520 θαύμασον,
3343 3451 3459 3515 πῶς
3483 3453 3512 3505 6
3534 3450 3812 3524 βάρϐαρος

2129 3538 2224 3592 καὶ
2256 3536 2555 3606 ἀλλόφυλος
2594 3538 2688 3590 καὶ
2716 3537 3065 3609 φλεγμαίνων
3095 3537 3203 3591 ἀπὸ
3232 3540 3330 3609 τῆς
3364 3538 3683 3604 δυναστείας
3711 3540 3809 3603 (οὐ

2128 3627 2238 3698 γὰρ
2272 3626 2472 3697 μικρὰν
2495 3625 2669 3697 ἀρχὴν
2707 3624 3067 3697 μετεχείριζε)
3091 3665 3107 3691 ,
3140 3625 3233 3679 τὸν
3266 3626 3495 3698 πένητα,
3534 3628 3626 3682 τὸν
3667 3643 3815 3681 πτω-

2129 3715 2244 3787 χὸν,
2274 3713 2367 3768 τὸν
2397 3713 2642 3783 ἀγνῶτα,
2681 3715 2767 3768 τὸν
2795 3714 3050 3768 οὐδέποτε
3078 3713 3228 3786 αὐτῷ
3254 3713 3378 3769 οῦτε
3408 3718 3489 3779 εἰς
3516 3715 3639 3785 ὖψιν
3685 3715 3814 3770 οὕτε

2129 3805 2210 3867 εἰς
2238 3803 2523 3858 συνουσίαν
2555 3802 2797 3865 ἐλθόντα,
2817 3802 2939 3855 τότε
2972 3801 3188 3875 πρῶτον
3213 3803 3472 3873 φανέντα,
3502 3803 3691 3857 τοῦτον
3716 3805 3813 3860 καὶ

2129 3891 2355 3945 ἐκάλεσε
2387 3891 2481 3945 καί
2509 3889 2801 3944 ἀνεϐίϐασε
2834 3891 2929 3944 καί
2958 3888 3136 3961 ἐαυτῷ
3167 3890 3619 3954 συνεκάθισε.Τίς
3638 3891 3812 3946 ταῦτα

2131 3980 2463 4051 είργάσατο;
2510 3978 2747 4041 Ἐκεῖνος
2800 3979 2831 4031 6
2871 3976 3065 4044 εἰπὼν,
3110 3978 3258 4047 Ἐγὼ
3300 3977 3430 4047 μεθ’
3477 3977 3646 4048 ὑμῶν
3694 3980 3813 4049 ειμι
3860 3986 3865 3989 ’

2131 4068 2337 4135 πάσας
2362 4067 2469 4134 τὰς
2501 4066 2728 4136 ἡμέρας
2758 4065 2870 4131 ἔως
2908 4065 3020 4134 τῆς
3050 4067 3411 4132 συντελείας
3436 4065 3544 4120 τοῦ
3574 4064 3814 4133 ιιιῶνοςο

2131 4158 2337 4218 ἐκεῖνος
2360 4153 2719 4225 ἡμερωτέραν
2747 4153 2846 4223 τὴν
2882 4153 3140 4222 πρόσοδον
3189 4152 3441 4223 ἐποίησε,
3474 4152 3569 4207 καί
3610 4152 3814 4224 βάρϐα-

2136 4261 2227 4316 ρον
2252 4244 2563 4312 φιλοσοφεῖν
2600 4241 3015 4315 παρεσκεύασε,
3065 4242 3160 4295 καὶ
3201 4240 3263 4294 τὸ
3300 4242 3426 4312 ὅρος
3454 4242 3810 4307 ἐταπείνωσε,

2132 4332 2226 4385 καί
2251 4332 2338 4385 τὸν
2368 4330 2585 4399 ἀγνῶτα
2611 4330 2891 4401 γνωρίμου
2913 4329 3113 4393 παντὸς
3135 4329 3461 4399 οἰκειότερον
3484 4329 3814 4401 κατέστησε.

2131 4423 2222 4493 Μὴ
2260 4420 2324 4492 δὴ
2356 4419 2722 4493 παραδράμῃς
2775 4417 2962 4481 ἁπλῶς
2983 4457 2997 4481 ,
3036 4417 3170 4489 μηδὲ
3202 4417 3443 4488 ἱστορίαν
3472 4417 3534 4470 τὸ
3581 4419 3816 4489 πρᾶγμα

2132 4509 2361 4581 νομίσῃς
2383 4508 2546 4577 ψιλὴν
2569 4547 2583 4570 ,
2616 4507 2731 4561 ἀλλ’
2762 4505 3013 4576 ἐννόησον
3047 4504 3111 4558 τὸ
3151 4504 3380 4575 μέγεθος
3410 4504 3505 4558 τοῦ
3539 4506 3816 4577 κατορθώ·

2136 4613 2325 4666 ματος.
2356 4597 2420 4649 Εἰ
2457 4596 2566 4668 γάρ
2618 4596 2669 4648 οἱ
2720 4593 2815 4647 νῦν
2872 4594 3165 4665 ἄρχοντες,
3208 4592 3389 4647 πιστοί
3424 4609 3485 4646 τε
3527 4593 3683 4658 ὄντες
3722 4597 3817 4649 καὶ

2133 4685 2581 4753 ταπεινοφρονεῖν
2632 4680 3010 4749 παιδευόμενοι
3049 4681 3145 4734 καὶ
3171 4678 3321 4734 οὐδὲν
3354 4679 3630 4753 βάρϐαρον
3663 4680 3819 4752 ἔχον-

2132 4786 2222 4833 τες
2242 4810 2257 4835 ,
2291 4773 2391 4824 οὐκ
2420 4769 2485 4823 ἂν
2518 4768 2723 4822 ἐλοιντο
2746 4808 2762 4835 ,
2801 4768 2861 4821 ού
2896 4766 3039 4836 λέγω
3075 4768 3294 4837 ἀγνῶτα
3332 4769 3428 4823 καὶ
3463 4768 3613 4833 ξένον
3636 4810 3651 4833 ,
3682 4768 3819 4824 ἀλλά

2133 4858 2242 4912 τῶν
2289 4857 2582 4929 γνωρίμων
2638 4854 2760 4908 τινὰ
2803 4854 3013 4925 ταχέως
3068 4855 3157 4909 ἐπ’
3211 4855 3418 4927 ἀγορᾶς
3477 4855 3662 4919 αὐτοῖς
3724 4874 3819 4908 συ.

2133 4946 2411 5015 γκαθίσαιο
2439 4944 2556 5006 πῶς
2581 4943 2786 5006 ἐκεῖνος
2805 4941 2899 4995 τὸν
2920 4941 3100 5008 ξένον;
3125 4942 3184 4996 οὐ
3207 4942 3319 5013 γὰρ
3339 4942 3620 5014 παύσομαι
3644 4943 3820 4998 ταῦτα

2135 5035 2308 5103 λέγων
2335 5052 2347 5064 ·
2384 5032 2475 5086 τὸν
2519 5032 2668 5097 ξένον
2695 5069 2711 5093 ,
2739 5029 2830 5082 τὸν
2858 5029 3115 5083 οὐδέποτε
3166 5029 3402 5099 φανέντα
3427 5071 3443 5096 ,
3478 5031 3570 5085 τὸν
3600 5031 3818 5103 εὐτελῆ,

2134 5122 2225 5175 τὸν
2260 5118 2731 5191 εὐκαταφρόνητον
2770 5116 2879 5170 ἀπὸ
2909 5117 3009 5187 τῆς
3044 5117 3220 5188 ὅψεως
3241 5158 3256 5183 ,
3297 5116 3488 5173 τοῦτον
3514 5120 3608 5173 καὶ
3638 5120 3817 5174 ἀνεϐί-

2137 5209 2270 5263 ϐασε
2299 5208 2391 5260 καὶ
2416 5205 2660 5263 ἐκάθισε.
2694 5205 2787 5259 καὶ
2815 5207 2879 5276 τῇ
2914 5204 3131 5279 γλώττῃ
3156 5208 3223 5278 τῇ
3251 5206 3465 5260 ἐκείνου
3490 5208 3590 5279 τὴν
3620 5208 3818 5263 ἐαυτοῦ

2137 5294 2409 5367 σωτηρίαν
2438 5294 2665 5359 ἐξέδωκε
2688 5335 2703 5360 ,
2737 5295 2830 5348 καὶ
2871 5293 3120 5366 μαθητὴς
3152 5293 3405 5362 γενέσθαι
3431 5296 3696 5367 ἠνέσχετο
3729 5299 3822 5351 καὶ

2136 5382 2446 5455 παρακαλεῖ
2480 5382 2574 5435 καὶ
2600 5381 2770 5435 δεῖται
2802 5383 2897 5436 καί
2936 5381 3199 5447 ἱκετεύει,
3235 5380 3387 5456 [594]
3433 5382 3650 5453 Δέομαί
3680 5401 3819 5449 σου,

2135 5472 2330 5540 λέγων,
2370 5470 2504 5539 περὶ
2538 5470 2704 5537 τίνος
2744 5473 2777 5524 ό
2808 5469 3119 5539 προφήτης
3152 5470 3316 5540 λέγει
3356 5469 3576 5537 τοῦτο;
3613 5475 3710 5525 καὶ
3739 5473 3817 5526 δέ·

2136 5573 2290 5628 χεται
2314 5558 2451 5630 μετὰ
2483 5556 2684 5628 πολλῆς
2714 5558 2989 5629 προσοχῆς
3020 5558 3089 5613 τὰ
3110 5557 3401 5628 λεγόμενα.
3436 5560 3548 5613 Καὶ
3575 5561 3637 5614 ού
3662 5561 3821 5616 τοῦτο

2141 5648 2301 5716 μόνον
2329 5688 2344 5711 ,
2376 5645 2513 5700 ἀλλά
2554 5645 2847 5716 δεξάμενος
2879 5646 2980 5699 οὐκ
3014 5646 3290 5717 ἠμέλησεν
3313 5687 3330 5712 ,
3367 5647 3468 5701 οὐκ
3502 5648 3817 5709 ἀνεϐάλετο,

2110 5768 2115 5776 η
2139 5732 2237 5785 οὐκ
2262 5724 2437 5793 εἶπεν,
2466 5730 2561 5793 Εἰς
2589 5730 2690 5801 τὴν
2721 5728 2957 5801 πατρίδα
2982 5728 3261 5785 ἐπανέλθω
3292 5729 3390 5802 τὴν
3417 5732 3663 5802 ἐμαυτοῦ
3687 5775 3700 5792 .
3728 5735 3821 5789 tam

2136 5821 2264 5884 τοὺς
2297 5818 2483 5888 φίλους
2507 5860 2521 5882 ,
2550 5819 2679 5882 τοὺς
2712 5818 2950 5882 οἰκείους
2972 5819 3065 5873 καὶ
3087 5824 3369 5889 συγγενεῖς
3387 5859 3401 5882 ,
3432 5820 3461 5873 6
3490 5821 3674 5875 πολλοὶ
3712 5824 3807 5878 τῶι

2142 5905 2486 5982 Χριστιανῶν
2507 5905 2724 5976 λέγουσι
2750 5904 2845 5963 νῦν
2867 5905 2959 5960 ἐπὶ
2973 5902 3253 5976 βάπτισμα
3269 5899 3609 5973 καλούμενοι·
3626 5898 3800 5956 Ἐπιν
