4138 6446
429 440 530 501 5-3!

430 562 579 628 loqui
628 559 804 614 solum
853 563 1102 625 oportet,
1171 567 1281 606 non
1323 550 1591 605 laborare.
1635 547 1857 604 πωπω-1
1918 545 2042 601 date

431 654 566 707 mihi
627 652 906 723 linguam,
969 647 1180 716 inquit,
1236 653 1292 699 et
1344 642 1593 698 videbitis
1638 640 1871 697 fructum
1927 655 2039 693 ma-

432 757 613 800 turum
648 745 699 799 in
741 743 885 812 regia
918 740 1114 795 horrea
1168 736 1467 792 inductum.
1516 735 1640 790 Ideo
1673 735 1891 789 mittens
1920 732 2042 785 illos

430 848 621 909 postea
648 877 665 900 ,
707 834 924 891 dicebat
967 851 980 888 :
1023 832 1158 887 Ecce
1207 848 1300 903 ego
1349 831 1603 886 vobiscum
1648 846 1761 883 sum
1807 828 2041 882 omnibus

431 935 615 987 diebus
640 947 798 1001 usque
824 929 893 983 ad
924 926 1411 983 consummationem
1450 924 1628 979 swcufi
1681 922 1699 996 (
1725 921 1914 976 Matth.
1944 919 2037 976 28.

428 1024 547 1093 20).
580 1022 700 1094 Ipse
729 1021 874 1078 enim
906 1030 1023 1077 erat
1046 1018 1136 1089 qui
1168 1017 1406 1075 diﬂieilia
1435 1016 1611 1071 facilia
1658 1013 1952 1079 reddebat,
1987 1022 2043 1068 et

430 1118 581 1189 quod
612 1115 878 1189 propheta
919 1113 1164 1181 dicebat,
1200 1112 1312 1185 Ego
1345 1119 1465 1166 ante
1493 1120 1539 1165 te
1572 1110 1734 1174 vado,
1765 1117 1813 1163 et
1849 1115 2043 1160 montes

430 1210 777 1281 complanabo
801 1207 955 1277 (Isai.
982 1208 1071 1263 45.
1091 1206 1179 1276 2);
1201 1206 1317 1260 haec
1340 1203 1598 1275 apostolis
1616 1200 1859 1257 sensibili
1881 1198 2043 1254 modo

429 1304 783 1374 contigerunt
812 1319 824 1355 :
854 1302 1079 1370 praribat
1109 1299 1211 1354 illis
1255 1297 1501 1353 Christus
1522 1337 1538 1363 ,
1569 1303 1626 1351 et
1653 1296 1794 1347 viam
1831 1291 2041 1347 facilem

430 1395 721 1451 reddebat.
751 1394 866 1450 Hoc
892 1403 946 1449 et
968 1407 1196 1462 magnus
1224 1392 1315 1445 ille
1342 1404 1523 1461 prasco
1546 1387 1710 1443 Isaias
1734 1385 2044 1457 signiﬁcans

428 1489 649 1545 diccbat
684 1507 696 1543 :
744 1488 926 1542 Omnis
965 1486 1113 1541 vallis
1156 1484 1470 1553 implebitur,
1513 1493 1559 1537 et
1600 1482 1764 1536 omnis
1810 1497 1955 1534 mons
1997 1490 2045 1534 et

430 1583 583 1637 Collis
616 1580 974 1635 humiliabitur
1001 1578 1159 1650 (Isai.
1192 1579 1282 1634 40.
1315 1578 1372 1648 4)
1398 1595 1411 1630 :
1439 1592 1546 1631 non
1579 1574 1649 1630 de
1690 1573 1963 1628 montibus
1990 1580 2045 1627 et

430 1677 665 1734 collibus
693 1676 958 1745 loquens;
991 1689 1165 1744 neque
1192 1672 1334 1728 enim
1358 1669 1461 1726 hoc
1489 1669 1744 1739 contigit;
1768 1666 1863 1723 sed
1889 1682 2044 1721 arro-

432 1781 624 1842 gantes
646 1812 660 1837 ,
693 1768 911 1824 inflatos
941 1776 995 1823 et
1023 1766 1190 1821 altum
1235 1763 1508 1835 sapientes
1535 1761 1799 1816 montium
1827 1758 2043 1814 nomine

431 1865 658 1920 indicat.
679 1861 879 1917 Verum
903 1874 1093 1915 omnes
1114 1858 1361 1914 Christus
1380 1853 1707 1918 humiliavit,
1742 1851 2043 1905 humilitate

432 1973 553 2029 qua:
570 1953 905 2010 sublimitate
934 1952 1087 2021 plena
1101 1958 1207 2017 est,
1225 1956 1279 2005 et
1303 1958 1515 2003 montes
1542 1943 1817 2016 planitiem
1834 1942 2039 1998 effecit:

434 2051 513 2103 sic
538 2057 720 2102 autem
746 2055 903 2099 vocat
924 2051 1263 2113 arrogantes,
1285 2057 1392 2096 non
1419 2048 1637 2110 propter
1658 2037 2039 2091 sublimitatem

440 2143 635 2198 mentis
670 2142 919 2207 illorum,
954 2139 1057 2194 sed
1084 2146 1305 2210 propter
1347 2135 1735 2191 infructuosam
1780 2148 2042 2202 arrogan-

445 2240 602 2300 tiam.
634 2246 690 2291 ct
736 2234 1081 2291 sterilitatem
1116 2232 1347 2295 animm,
1397 2239 1556 2299 atque
1606 2242 1917 2281 sermonum
1963 2225 2042 2279 in-

454 2332 872 2385 sensibiliuttem.
916 2324 1381 2395 Quemadmodum
1429 2324 1571 2379 enim
1610 2336 1767 2377 mons
1810 2322 2041 2376 fructum

450 2444 553 2480 non
584 2424 784 2487 tulerit,
811 2423 891 2478 sic
923 2436 1097 2491 neque
1129 2417 1469 2489 arrogantia:
1496 2418 1605 2470 imo
1630 2430 1760 2470 vero
1792 2429 1896 2469 non
1922 2412 2000 2468 sic
2026 2455 2040 2478 ,

438 2520 534 2575 sed
569 2519 739 2573 multo
766 2516 1006 2588 gravius.
1038 2514 1193 2569 Mons
1220 2512 1365 2568 enim
1398 2526 1502 2565 non
1546 2508 1781 2564 fructum
1825 2508 2041 2572 tulerit;

436 2612 753 2684 arrogantia
781 2626 910 2666 vero
943 2625 1051 2664 non
1079 2607 1256 2663 solum
1290 2621 1397 2660 non
1423 2603 1515 2658 dat
1554 2603 1784 2657 fructum
1806 2642 1821 2664 ,
1857 2600 1952 2655 sed
1980 2599 2047 2653 il-

438 2710 549 2762 lum
589 2707 679 2777 qui
708 2704 920 2761 exsistit
951 2711 1005 2757 ut
1034 2707 1333 2756 marcescat
1360 2696 1546 2761 efficit,
1576 2706 1626 2750 et
1650 2693 2043 2764 germinantem

433 2800 680 2855 exsiccat
705 2815 718 2851 :
741 2798 880 2852 sicut
910 2811 941 2851 e
968 2792 1243 2850 contrario
1271 2791 1546 2846 humilitas
1577 2806 1681 2843 non
1712 2787 1873 2845 modo
1896 2787 2044 2841 illum

435 2893 527 2961 qui
558 2899 740 2945 exstat
771 2890 1002 2945 fructum
1035 2886 1202 2955 fovet,
1231 2885 1324 2941 sed
1344 2886 1505 2939 etiam
1530 2898 1654 2937 eum
1686 2881 1775 2951 qui
1802 2896 1905 2935 non
1929 2887 2046 2935 erat

432 2987 659 3056 gignere
682 2984 843 3039 solet.

508 3081 565 3133 4.
609 3078 815 3132 Eorum
883 3090 1013 3130 vero
1057 3088 1179 3144 qua:
1247 3071 1484 3126 diximus
1550 3067 1798 3137 exempla
1852 3079 2045 3136 magna

435 3180 565 3227 sunt
598 3170 902 3243 pharisaeus
936 3176 991 3223 et
1022 3166 1358 3238 publicanus.
1412 3163 1505 3218 1110
1548 3161 1691 3217 enim
1741 3174 1863 3215 cum
1895 3173 2048 3212 arro-

436 3265 619 3335 gantia
665 3260 1007 3323 ascendens,
1071 3274 1179 3313 non
1234 3256 1396 3313 modo
1434 3271 1541 3310 non
1599 3254 1827 3309 fructum
1887 3265 2049 3321 pepe-

440 3363 547 3422 rit,
579 3356 675 3412 sed
699 3355 864 3410 etiam
890 3352 1035 3425 quod
1065 3352 1202 3422 frugi
1226 3352 1401 3406 inerat
1428 3348 1664 3419 perdidit
1689 3364 1701 3401 :
1729 3345 2049 3418 publicanus

443 3469 615 3518 vero,
642 3464 849 3506 vacuus
875 3465 996 3503 cum
1038 3457 1183 3503 esset
1224 3455 1282 3501 et
1305 3444 1439 3500 nihil
1470 3444 1594 3499 boni
1624 3443 1876 3508 haberet,
1913 3456 2051 3512 prte-

438 3547 649 3601 clarum
690 3559 828 3616 opus
853 3543 955 3600 sibi
986 3541 1305 3612 fecitzquia
1352 3541 1495 3596 enim
1546 3539 1721 3594 solum
1768 3535 2049 3607 ingemuit,

439 3649 500 3696 et
529 3638 788 3696 inclinato
815 3637 993 3708 capite
1019 3651 1080 3692 se
1112 3636 1370 3690 miserum
1403 3632 1736 3703 przedieavit,
1768 3628 2052 3685 descendit

441 3732 615 3787 multa
645 3731 841 3803 plenus
880 3729 1126 3800 justitia,
1176 3736 1232 3783 et
1274 3728 1327 3781 in
1360 3725 1464 3781 hoc
1508 3724 1835 3795 pharisznum
1885 3736 2047 3793 snpe-

441 3840 593 3881 rans.
626 3823 696 3879 Ut
721 3832 902 3877 autem
938 3822 990 3876 id
1016 3837 1083 3877 ex
1120 3821 1252 3891 ipsis
1284 3819 1445 3874 rebus
1466 3816 1694 3873 videatis
1714 3860 1726 3879 ,
1759 3826 1814 3870 01
1846 3814 1897 3869 in
1926 3830 2050 3869 cer-

444 3919 517 3973 tis
568 3916 818 3987 personis
865 3912 1218 3984 conspiciatis
1260 3912 1349 3966 ubi
1393 3920 1663 3975 montem,
1712 3908 1803 3965 ubi
1855 3907 2048 3963 collem

441 4009 697 4064 Christus
730 4006 1069 4069 humiliavit,
1121 4005 1345 4060 Paulum
1385 4018 1573 4057 rursus
1601 4003 1818 4057 inducat
1846 4014 2049 4055 sermo.

444 4103 547 4159 1110
572 4103 719 4157 enim
754 4101 1114 4155 tentoriorum
1147 4098 1339 4153 artifex
1373 4100 1522 4170 (nam
1556 4097 1786 4153 libenter
1814 4095 1931 4165 ejus
1960 4109 2051 4148 ar-

445 4206 558 4249 tem
589 4210 738 4263 sazpe
785 4208 1061 4259 memoro,
1108 4200 1166 4245 ut
1205 4191 1384 4245 discas
1435 4199 1609 4244 artem
1642 4204 1749 4244 non
1795 4187 2050 4243 dedecori

442 4301 570 4342 esse
595 4329 608 4349 ,
638 4285 733 4341 sed
762 4285 932 4340 otium
978 4291 1035 4339 et
1074 4284 1475 4337 accusationem
1510 4290 1562 4335 et
1591 4282 1797 4337 crimen
1840 4278 2003 4351 esse)
2036 4295 2051 4334 :

444 4380 535 4434 hic
562 4379 745 4449 itaque
775 4377 971 4433 Paulus
999 4392 1120 4431 cum
1150 4375 1422 4431 Salamine
1454 4383 1631 4439 esset,
1666 4387 1786 4427 cum
1822 4386 2055 4442 procon-

444 4473 565 4528 sule
591 4471 826 4542 quodam
866 4480 924 4526 et
968 4470 1127 4525 simul
1175 4485 1297 4525 cum
1338 4484 1495 4539 mago
1538 4468 1806 4539 colloquia
1842 4466 2044 4521 habuit.

448 4567 656 4637 Duplex
683 4574 802 4620 erat
838 4565 1215 4635 praecipitium,
1276 4562 1585 4631 arrogantia
1636 4577 1666 4616 a
1723 4561 2051 4633 principatu,

443 4668 503 4715 et
526 4658 772 4713 doctrina
804 4673 834 4712 a
859 4671 1036 4727 mago.
1068 4656 1139 4711 Et
1165 4657 1288 4726 quia
1322 4655 1539 4710 videbat
1566 4653 1958 4709 exsccrandam
1992 4653 2055 4707 il-

443 4753 551 4806 lam
592 4760 647 4806 et
679 4750 1049 4820 impudentem
1102 4750 1299 4809 [erant
1329 4747 1635 4819 proconsuli
1669 4747 2056 4817 impedimento

441 4859 568 4899 esse
591 4884 604 4910 ,
635 4852 689 4897 et
715 4842 1018 4897 doctrinam
1048 4857 1201 4897 suam
1229 4842 1573 4911 intercipere,
1603 4841 1725 4896 andi
1756 4841 1883 4911 quid
1910 4841 2055 4896 dicat

445 4937 641 5004 plenus
671 4935 877 5005 Spiritu
903 4943 1094 4991 sancto
1120 4953 1133 4989 :
1168 4934 1211 4989 0
1235 4938 1383 5009 plene
1409 4936 1548 4989 οηιηί
1576 4935 1693 4988 dolo
1724 4944 1769 4988 et
1792 4935 1930 4987 omni
1953 4933 2058 5005 {ul—

440 5031 601 5095 laeia,
627 5031 702 5100 ﬁli
720 5029 914 5084 diaboli
947 5030 1085 5104 (Act.
1112 5032 1199 5086 15.
1221 5031 1274 5085 9.
1298 5032 1405 5105 10).
1426 5031 1700 5086 Nonenim
1727 5031 2052 5084 contumelia

442 5122 671 5177 afﬁcere
694 5138 912 5193 semper
942 5123 1141 5177 malum
1171 5132 1274 5186 est,
1301 5125 1393 5179 sed
1417 5124 1532 5178 sine
1549 5138 1711 5177 causa
1729 5122 2054 5177 contumelia

441 5213 667 5271 afficere
692 5214 853 5271 :huic
881 5215 1024 5271 enim
1052 5225 1275 5287 peccato
1313 5216 1636 5287 supplicium
1664 5216 1869 5271 addixit
1889 5216 2049 5272 Chri-

408 5321 560 5387 ‘stus
590 5328 604 5364 :
639 5325 764 5365 cum
785 5320 1007 5377 contra,
1033 5311 1077 5365 si
1101 5311 1221 5381 quis
1252 5321 1429 5367 autem
1456 5313 1776 5383 congruenti
1806 5321 2053 5383 tempore

442 5406 549 5460 hoc
581 5404 729 5473 facit,
768 5403 1039 5460 medicum
1071 5403 1333 5470 imitatur,
1367 5405 1455 5475 qui
1479 5416 1783 5474 opportuno
1812 5414 2055 5476 tempore

440 5506 618 5565 secat,
652 5508 706 5554 et
751 5499 995 5554 seetione
1038 5499 1243 5554 saniem
1285 5498 1453 5568 ejicit.
1504 5498 1617 5554 Hoc
1643 5500 1803 5571 igitur
1850 5501 2051 5558 Paulus

437 5607 660 5663 quoque
682 5592 807 5648 facit
836 5611 849 5647 :
873 5592 996 5647 Non
1024 5592 1213 5647 desinis
1238 5604 1457 5647 evertere
1480 5594 1584 5648 vias
1607 5593 1819 5651 Domini
1842 5605 2005 5651 rectas
2025 5596 2051 5650 .9

438 5688 546 5742 Sed
569 5687 731 5743 verba
763 5697 849 5741 tua
875 5703 981 5743 non
1006 5688 1279 5752 sustinuit,
1300 5703 1332 5743 0
1351 5688 1513 5742 Paule
1546 5706 1559 5741 :
1591 5689 1730 5745 infer
1757 5689 2048 5764 quemdam

440 5778 816 5849 sillogismum
862 5782 1257 5851 apostolicum,
1291 5791 1475 5836 averte
1521 5782 1792 5853 linguam,
1837 5800 1897 5840 os
1926 5784 2048 5855 ejus

443 5872 690 5937 olistruc,
725 5873 895 5930 malos
924 5872 1099 5928 fluxus
1130 5876 1279 5929 siste.
1305 5874 1444 5942 Quid
1470 5875 1629 5946 igitur
1660 5878 1831 5933 facit?
1857 5882 2049 5935 Usten-

441 5968 580 6021 dens
615 5983 720 6021 non
755 5980 941 6023 contra
990 5966 1234 6023 homines
1282 5970 1379 6041 ipsi
1415 5969 1608 6026 bellum
1644 5988 1764 6029 esse
1788 6018 1800 6042 ,
1833 5976 1903 6029 ait
1929 6020 1942 6046 ,
1978 5976 2046 6030 Et

1150 432 1199 489 Χ
1240 429 1543 497 llOMlLlA,
1588 428 1654 485 IN
1696 424 1925 495 ILLUD,
1970 425 2212 484 MESSlS
2252 426 2515 497 QUIDEM
2554 430 2817 500 MULTA,
2861 432 3013 491 ETC.
3641 437 3747 496 5‘22

2150 561 2284 599 nunc
2320 562 2432 600 ecce
2460 564 2640 601 manus
2672 548 2887 605 Domini
2971 566 3125 622 super
3166 562 3215 607 te
3260 550 3508 625 (Act.'l3.
3540 574 3590 611 υ.
3629 560 3686 613 ll
3707 581 3742 622 ν.

2148 638 2265 707 lpse
2296 641 2438 695 enim
2465 641 2554 698 ille
2581 643 2671 713 qui
2695 643 2848 711 dixit,
2884 643 3155 701 Vobiscum
3172 665 3288 703 sum
3311 652 3544 707 omnibus
3567 653 3744 706 diebus

2150 731 2364 800 (Matth.
2388 735 2478 790 28.
2513 736 2641 805 20),
2672 748 2799 792 tunc
2828 740 2997 794 Paulo
3025 741 3245 808 aderat,
3279 752 3331 797 et
3361 744 3749 814 haneAposto-

2146 825 2231 880 lus
2260 827 2463 883 habens
2492 831 2905 899 promissionem
2927 876 2941 899 ,
2977 834 3194 890 invocat
3224 836 3373 889 illum
3407 846 3461 891 et
3490 850 3745 907 precatur

2148 930 2206 975 ut
2236 920 2427 976 vindex
2480 922 2578 989 sit,
2610 932 2670 977 ut
2701 924 2837 979 ferat
2865 940 3021 994 Opem
3051 936 3106 981 et
3149 928 3529 998 impedimenta
3568 932 3742 989 tollat.

2149 1012 2217 1068 Et
2247 1032 2385 1070 nunc
2414 1034 2526 1071 ecce
2570 1035 2749 1073 manus
2782 1017 2986 1073 Domini
3020 1037 3175 1090 super
3205 1031 3272 1076 te.
3301 1022 3507 1091 Quanta
3537 1023 3747 1082 Christi

2146 1109 2571 1179 attemperatio!
2604 1119 2801 1181 quanta
2844 1111 2989 1165 Pauli
3032 1112 3223 1171 fiducia
3256 1114 3269 1167 !
3302 1116 3574 1184 quomodo
3614 1132 3743 1173 sen-

2150 1205 2369 1259 tentiam
2391 1204 2611 1259 ferendo
2628 1205 2837 1275 plagam
2862 1206 3043 1273 infert,
3062 1206 3378 1263 ctChristus
3395 1212 3573 1264 statim
3598 1212 3745 1265 dicto

2148 1296 2383 1351 annuit?
2409 1297 2546 1363 Quid
2578 1307 2681 1363 est,
2711 1296 2899 1351 Manus
2934 1297 3180 1351 Domini?
3208 1299 3299 1353 Vis
3324 1304 3599 1358 contraria
3623 1322 3747 1372 per-

2146 1392 2375 1447 cutiens.
2412 1390 2545 1462 Ipsis
2587 1393 2961 1469 enini‘nbiqne
2990 1394 3213 1459 aderat,
3258 1406 3485 1465 paratus.
3529 1398 3594 1453 ad
3646 1400 3749 1453 ob.-

2148 1484 2503 1556 sequendt'nn,
2555 1496 2609 1539 et
2651 1501 2881 1539 messeni
2915 1486 3019 1541 illis
3066 1489 3341 1558 negotium
3375 1489 3572 1544 faciens
3594 1532 3610 1557 ,
3642 1507 3747 1546 non

2147 1581 2333 1635 sincns
2365 1594 2460 1634 eos
2513 1578 2761 1633 laborare
2806 1590 2899 1633 aut
2946 1581 3165 1642 vexari,
3212 1581 3307 1635 sed
3355 1598 3448 1636 sua
3494 1582 3747 1638 affercns.

2150 1670 2217 1725 Et
2246 1673 2378 1727 stetit
2403 1687 2602 1738 aecus,
2633 1688 2733 1725 non
2757 1672 2931 1727 videns
2978 1673 3047 1725 ad
3087 1684 3303 1745 tempus.
3352 1674 3599 1732 Vidistin'
3623 1693 3751 1748 sup;

2147 1765 2366 1836 plicium
2397 1780 2519 1819 cum
2568 1764 2939 1833 benignitate?
2967 1766 3267 1822 admonitio
3297 1768 3444 1823 enim
3469 1812 3482 1836 ,
3514 1786 3619 1824 non
3656 1789 3751 1840 pu.

2149 1858 2282 1914 nitio
2329 1870 2444 1914 erat
2474 1859 2563 1913 illa
2609 1859 2912 1925 sententia;
2942 1860 3217 1915 eorrectio
3242 1902 3257 1925 ,
3290 1877 3411 1915 non.
3431 1861 3748 1919 destructio.

2150 1948 2276 2005 Ideo
2308 1967 2419 2005 non
2462 1967 2679 2005 manum
2727 1951 2931 2005 aridam
2968 1950 3288 2019 fecit,,non
3330 1955 3566 2025 linguam
3616 1960 3751 2010 mala

2148 2043 2311 2099 verba
2344 2043 2652 2114 loquentem
2681 2044 2932 2109 exscidit,
2964 2061 3069 2099 non
3097 2048 3461 2102 eruramutila
3482 2047 3627 2113 fecit,
3657 2051 3751 2103 sed

2147 2138 2336 2192 oculos
2368 2138 2533 2208 ipsos.
2566 2136 2699 2206 Quia
2729 2139 2873 2192 enim
2926 2138 3016 2193 ille
3046 2138 3171 2194 inde
3214 2149 3433 2194 sanatus
3478 2150 3561 2196 est
3602 2151 3653 2195 et
3686 2144 3754 2195 ah

2148 2231 2352 2285 erroris
2405 2230 2490 2284 via
2548 2243 2601 2285 et
2683 2232 2992 2300 pernicioso
3067 2247 3229 2287 cursu
3290 2232 3591 2295 liberatus,
3652 2234 3753 2289 hoc

2149 2325 2324 2394 ipsum
2376 2323 2725 2395 pharmacum
2773 2325 3035 2395 apponit,
3085 2339 3149 2380 ac
3188 2326 3233 2380 si
3288 2325 3494 2382 diceret
3524 2345 3535 2379 :
3565 2324 3754 2381 Curre-

2149 2416 2270 2471 bam
2304 2425 2358 2470 et
2384 2432 2486 2487 ego
2519 2417 2695 2484 male,
2743 2426 2797 2472 et
2826 2426 3055 2472 mortem
3099 2417 3348 2472 minabor
3391 2419 3564 2473 oculis
3590 2437 3602 2472 :
3633 2419 3754 2474 ideo

2149 2519 2295 2564 recte
2324 2519 2627 2565 excaecatus
2666 2525 2820 2575 sum,
2852 2520 2907 2564 ut
2939 2510 3130 2565 melius
3157 2509 3421 2567 viderem.
3456 2510 3567 2565 [loc
3590 2510 3751 2566 etiam

2151 2602 2243 2658 tibi
2274 2603 2622 2674 pharmacum
2653 2620 2887 2676 appono,
2909 2605 3220 2660 etexternis
3250 2613 3299 2660 te
3317 2605 3488 2660 oculis
3515 2621 3748 2669 excrea,

2151 2706 2207 2751 ut
2237 2697 2677 2753 interoosocnlos
2704 2698 2965 2769 aperiam.
2990 2697 3142 2753 Tunc
3162 2697 3213 2752 id
3243 2698 3388 2769 quod
3416 2697 3615 2753 factum
3644 2699 3757 2753 11ιο-

2156 2799 2240 2844 rat
2268 2790 2457 2846 videns
2504 2791 2819 2862 proconsul,
2847 2791 3100 2846 credidit.
3141 2791 3385 2846 Vidisnn‘
3427 2801 3669 2846 montem
3702 2792 3751 2844 in

2155 2884 2432 2954 planitiem
2477 2901 2731 2953 versum,
2777 2896 2831 2941 et
2857 2886 3052 2940 collem
3107 2884 3486 2948 humiliatum,
3520 2899 3753 2938 messem

2152 2978 2469 3047 perfectam,
2525 2988 2581 3033 et
2634 2977 2841 3049 frugem
2892 2987 3180 3048 paratam,
3210 2977 3440 3034 fructum
3483 2989 3752 3033 maturum

2149 3074 2461 3138 collectum,
2489 3082 2545 3130 et
2576 3072 2798 3129 Paulum
2819 3072 2949 3127 nihil
2979 3072 3315 3128 laborantem
3340 3088 3438 3127 nec
3459 3072 3752 3137 defessum,

2151 3167 2246 3223 sed
2275 3167 2506 3238 simplici
2537 3168 2706 3224 verbo
2734 3168 3111 3237 proconsulem
3156 3183 3358 3240 sagena
3403 3169 3707 3239 capientem
3734 3167 3757 3220 1

2155 3258 2283 3316 Ideo
2311 3275 2543 3316 messem
2569 3261 3116 3332 voeatEvangelium,
3146 3261 3217 3316 ob
3243 3261 3578 3317 celeritatem
3611 3268 3666 3317 et
3691 3261 3759 3315 fa.

2152 3355 2423 3411 cilitatem
2440 3369 2599 3425 quam
2634 3353 2767 3426 ipsis
2795 3354 3091 3424 praebebat.

2227 3450 2282 3506 5.
2308 3446 2545 3502 Eunuchi
2572 3446 2826 3504 Candacis
2847 3446 3252 3504 Μυονία-510
3279 3457 3335 3503 01
3363 3449 3646 3504 eunuchus
3669 3448 3762 3505 ille

2156 3541 2416 3597 barbarus
2433 3551 2487 3596 et
2507 3540 2830 3612 alienigena,
2850 3540 2941 3610 qui
2965 3540 3017 3594 in
3044 3548 3313 3612 potestate
3337 3556 3528 3611 magna
3550 3538 3757 3596 consti-

2160 3643 2306 3688 tutus
2351 3643 2492 3700 erat,
2524 3650 2721 3705 sagena
2757 3642 2945 3704 captus
2975 3632 3095 3689 fuit.
3142 3632 3268 3689 Non
3297 3634 3406 3689 11110
3436 3634 3519 3688 vel
3550 3643 3761 3702 tempus

2156 3729 2239 3782 vel
2255 3728 2407 3784 labor
2429 3731 2730 3799 insumptns
2751 3728 2849 3784 fuit
2866 3746 2880 3783 :
2900 3728 2991 3784 ubi
3010 3728 3153 3784 enim
3175 3728 3453 3799 Philippus
3472 3729 3523 3783 in
3542 3744 3758 3784 currum

2155 3822 2431 3889 ascendit,
2468 3823 2754 3894 ipsumque
2782 3823 3069 3879 instituere
3095 3825 3297 3894 etrapit;
3331 3824 3441 3879 imo
3470 3835 3759 3894 antequam

2157 3915 2514 3980 ascenderet.
2558 3914 2692 3971 illud
2739 3914 3041 3982 admirare,
3091 3915 3368 3987 quomodo
3407 3914 3675 3971 barbarus
3707 3924 3763 3970 et

2158 4010 2457 4081 alienigena
2481 4051 2497 4075 ,
2531 4026 2561 4063 a
2604 4009 2842 4080 potentia
2870 4024 2965 4063 sua
3012 4008 3228 4065 inﬂatus
3260 4011 3390 4081 (non
3424 4011 3568 4065 enim
3598 4024 3762 4081 parva

2157 4102 2259 4171 ipsi
2278 4110 2513 4172 potestas
2543 4102 2664 4156 data
2689 4100 2911 4174 fuerat),
2927 4117 3243 4173 pauperem,
3261 4102 3592 4171 mendicum,
3614 4102 3765 4172 igno-

2160 4204 2295 4263 tum,
2334 4211 2493 4266 quem
2532 4210 2633 4250 nec
2662 4196 2867 4251 viderat
2898 4210 3189 4266 umquam,
3219 4196 3400 4250 nee-in
3429 4196 3763 4252 consortium

2158 4287 2487 4353 admiserat,
2536 4288 2718 4343 statim
2776 4299 2941 4359 atque
2983 4288 3156 4354 vidit,
3213 4288 3427 4343 vocavit
3478 4305 3625 4357 eum,
3678 4306 3765 4345 se-

2157 4397 2391 4451 cumque
2429 4381 2723 4437 ascendere
2768 4398 2833 4438 ae
2886 4381 3081 4438 sedere
3118 4381 3277 4453 jussit
3306 4384 3507 4457 (Act.c.
3531 4385 3605 4457 8).
3630 4383 3766 4453 Quis

2160 4474 2277 4530 inec
2302 4475 2469 4531 fecit?
2501 4475 2596 4532 Ille
2626 4477 2715 4547 qui
2745 4476 2965 4532 dixerat
2994 4519 3008 4542 ,
3046 4477 3156 4550 Ego
3180 4476 3434 4533 vobiscum
3464 4496 3578 4533 sum
3599 4480 3765 4533 omni-

2160 4569 2251 4625 bus
2270 4570 2444 4625 diebus
2465 4587 2625 4641 usque
2644 4571 2713 4623 ad
2731 4572 3221 4627 consummationem
3237 4570 3441 4643 εωειιιὶ(
3454 4571 3642 4626 Matth.
3669 4569 3763 4627 28.

2159 4662 2254 4734 20)
2286 4682 2298 4718 :
2334 4663 2426 4719 ille
2468 4664 2765 4734 gratiorem
2801 4679 3083 4720 accessum
3129 4664 3327 4732 efficit,
3364 4665 3650 4721 barbarum
3698 4664 3765 4719 ad

2162 4758 2653 4831 philoSOphandum
2706 4760 3012 4830 apparavit,
3056 4770 3296 4816 montem
3326 4760 3669 4827 bumiliavit,
3712 4771 3768 4818 et

2165 4853 2406 4922 ignotum
2460 4863 2591 4908 noto
2629 4853 2823 4923 qttOvis
2878 4854 3280 4908 familiariorem
3338 4856 3638 4909 constituit.
3689 4853 3769 4909 Ne

2163 4958 2453 5017 utrtunque
2504 4960 2927 5017 prastercurras,
2995 4963 3173 5018 neque
3226 4948 3527 5018 simplicem
3595 4947 3768 5002 histo-

2162 5042 2295 5093 riam
2350 5055 2460 5095 rcm
2517 5055 2637 5094 esse
2696 5051 2849 5109 putes
2872 5080 2886 5104 ,
2921 5038 3014 5094 sed
3055 5039 3229 5109 cogita
3259 5041 3335 5093 rei
3370 5048 3530 5093 tantze
3558 5041 3766 5108 magni-

2162 5134 2423 5189 tudinem.
2474 5133 2607 5188 Nam
2660 5136 2702 5189 si
2732 5135 2820 5205 qui
2869 5149 3012 5189 nunc
3051 5141 3179 5188 sunt
3221 5134 3529 5204 principes,
3578 5133 3767 5190 ﬁdeles

2160 5244 2282 5284 cum
2311 5229 2420 5282 sint
2452 5237 2505 5283 et
2527 5228 2593 5283 ad
2637 5228 2997 5282 humilitatem
3028 5226 3260 5281 instituti
3298 5226 3541 5298 nihilque
3570 5226 3765 5283 barba-

2161 5338 2279 5376 rum
2310 5320 2569 5375 habentes
2592 5364 2605 5383 ,
2641 5320 2931 5386 noluerint,
2967 5335 3072 5375 non
3107 5319 3229 5376 dico
3257 5321 3497 5391 ignotum
3526 5330 3581 5376 et
3602 5336 3761 5391 pere-

2159 5414 2373 5485 grinum
2403 5455 2418 5479 ,
2449 5414 2549 5467 sed
2579 5429 2677 5469 nec
2703 5429 2767 5467 ex
2796 5411 3154 5468 familiaribus
3197 5414 3504 5485 quempiam
3534 5413 3688 5470 facile
3712 5414 3765 5469 in

2162 5508 2279 5563 foro
2315 5522 2497 5563 secum
2534 5508 2727 5563 sedere
2757 5524 2770 5563 :
2802 5506 3076 5578 quomodo
3109 5506 3197 5563 ille
3244 5508 3634 5582 peregrinum?
3666 5527 3764 5565 nc-

2158 5618 2264 5672 que
2295 5600 2438 5656 enim
2460 5601 2621 5655 finem
2646 5599 2835 5657 faciam
2866 5600 2981 5656 hate
3000 5600 3248 5669 dicendi;
3280 5602 3650 5673 peregrinum,
3680 5603 3762 5656 io-

2157 5710 2360 5768 quam,
2410 5709 2570 5764 quem
2629 5709 2919 5764 numquam
2975 5694 3221 5761 viderat,
3279 5695 3480 5762 vilem,
3534 5707 3764 5766 aspectu

2157 5786 2589 5858 despiciendam,
2625 5786 2771 5843 hunc
2809 5796 2865 5842 et
2910 5788 3205 5844 ascendere
3255 5798 3310 5845 et
3348 5805 3531 5845 secum
3574 5792 3768 5847 sedere

2154 5881 2336 5951 jussit,
2371 5890 2426 5936 et
2452 5881 2569 5951 ejus
2601 5881 2793 5950 linguai
2817 5880 3047 5935 salutem
3080 5897 3231 5936 suam
3258 5881 3568 5947 commisit,
3600 5882 3765 5936 disci-

2163 5979 2315 6050 pulus
2345 5977 2457 6033 ﬁeri
2491 5993 2679 6049 passus
2707 5988 2782 6030 est
2808 6018 2820 6042 ,
2850 5986 2903 6030 et
2933 5984 3077 6047 rogat
3104 6014 3117 6039 ,
3142 5975 3421 6041 obsecrat,
3456 5984 3745 6045 precatur:
