4138 6450
451 409 554 467 6‘13

454 524 669 580 Obsecro
716 534 798 591 te,
841 520 1012 594 inquit
1035 565 1049 588 ,
1093 519 1157 578 de
1195 537 1296 592 quo
1345 522 1589 592 propheta
1638 523 1746 576 lucc
1799 520 2019 590 loquitur

454 615 674 690 (Acus.
703 615 836 685 μμ
865 623 920 670 et
944 614 1086 670 dicta
1116 627 1236 668 cum
1265 613 1558 667 attentione
1583 612 1748 666 multa
1775 611 2012 682 percipit.

452 705 632 776 Neque
663 705 763 760 hoc
793 713 996 760 tantum
1018 746 1032 770 ,
1079 703 1172 758 sed
1202 714 1483 773 acceptum
1512 717 1618 756 non
1663 700 2019 772 procrastina-

455 799 548 862 vit,
578 812 682 850 non
713 795 938 862 distulit,
974 811 1080 848 non
1111 794 1267 861 dixit,
1295 794 1351 849 ln
1383 795 1610 863 patriam
1644 809 1814 849 meam
1838 807 2021 848 rever-

451 901 552 953 tar,
577 889 768 944 videbo
790 888 1136 959 philosophos
1179 903 1328 943 meos
1361 897 1416 944 et
1435 887 1720 942 familiares
1741 898 1796 942 et
1831 902 2025 956 cogna-

451 988 532 1032 tos
575 978 756 1048 :quod
787 978 938 1032 multi
976 977 1398 1034 Christianorum
1438 993 1577 1033 nunc
1613 977 1796 1034 dicunt
1834 976 1901 1031 ad
1930 977 2026 1032 ba—

452 1071 645 1138 ptisma
679 1070 852 1124 vocati
884 1089 897 1124 :
928 1069 1187 1126 Revertar
1207 1073 1259 1125 In
1291 1071 1536 1140 patriam,
1556 1069 1748 1125 videbo
1778 1084 2021 1133 uxorem,

452 1162 641 1217 videbo
671 1162 813 1216 ﬁlios
838 1177 958 1217 cum
988 1162 1230 1232 cognatis
1258 1161 1392 1218 meis
1422 1179 1436 1216 :
1466 1161 1570 1215 illis
1595 1159 1943 1230 praesentibus
1972 1167 2026 1213 et

452 1270 662 1310 mecum
694 1253 888 1309 festum
924 1253 1319 1310 celebrantibus
1339 1294 1355 1320 ,
1408 1253 1488 1308 sic
1513 1252 1829 1323 baptismate
1856 1251 2020 1317 fruar,

449 1349 527 1402 sic
565 1347 750 1420 gratia:
776 1347 1048 1418 particeps
1069 1361 1184 1401 cro.
1239 1347 1308 1400 At
1331 1360 1437 1400 non
1483 1345 1574 1399 ille
1604 1342 1864 1398 barbarus
1900 1350 2026 1398 tunc

451 1439 567 1494 lucc
595 1438 752 1504 dixit,
783 1437 1001 1493 tametsi
1029 1435 1244 1492 Judzeus
1273 1443 1436 1502 esset,
1467 1445 1522 1490 et
1540 1433 1606 1488 ad
1633 1433 1853 1488 multam
1879 1431 2027 1486 loco-

450 1546 567 1584 rum
596 1528 998 1585 observantiam
1026 1534 1081 1582 et
1107 1526 1309 1582 cultum
1331 1525 1628 1590 institutus,
1656 1537 1777 1577 cum
1797 1521 2025 1576 maxime

455 1622 767 1694 frequenter
817 1621 918 1692 ipsi
945 1620 1272 1675 insonuisset
1311 1617 1487 1672 locum
1533 1615 1678 1670 illum
1726 1614 2024 1684 ,observau-

451 1713 580 1771 dum
617 1727 758 1779 esse,
788 1711 1016 1782 ideoque
1043 1724 1288 1780 magnam
1324 1705 1805 1778 peregrinationem
1846 1719 2026 1759 susce«

453 1807 622 1876 pisset
645 1845 661 1872 ,
695 1813 750 1858 ut
771 1803 825 1858 in
853 1819 958 1874 quo
986 1803 1104 1857 loco
1127 1802 1360 1871 jusserat
1389 1800 1528 1854 Deus
1548 1839 1563 1864 ,
1596 1796 1844 1851 adoraret
1874 1815 1887 1849 :
1933 1795 2029 1850 sed

458 1896 638 1951 statim
662 1895 822 1950 talem
837 1892 1280 1950 consuetudinem
1299 1889 1576 1960 abjiciens,
1602 1897 1699 1944 eta
1724 1887 1812 1942 tali
1838 1887 2027 1942 obser-

452 1986 664 2040 vatione
695 1981 952 2040 recedens
973 1999 987 2042 ;
1007 1997 1127 2036 cum
1145 1995 1324 2036 sermo
1340 1978 1613 2034 absolutus
1625 1986 1789 2044 esset,
1810 1987 1864 2033 et
1877 1977 2027 2046 juxta

451 2077 589 2131 viam
619 2075 820 2132 fontem
843 2075 1092 2139 videret,
1138 2073 1272 2127 dixit
1299 2091 1312 2126 :
1349 2072 1478 2126 Ecce
1501 2088 1685 2141 aquam
1717 2069 1880 2141 :quid
1910 2087 2030 2140 pro-

455 2168 584 2220 hibet
612 2184 688 2220 me
739 2166 991 2238 baptizari
1044 2166 1183 2236 (Act.
1227 2164 1280 2218 8.
1337 2162 1468 2232 5G)?
1516 2161 1759 2217 Vidistin’
1798 2176 2026 2216 messem

450 2274 636 2314 rursus
665 2257 1000 2316 confectam?
1027 2255 1262 2312 vidistin’
1285 2256 1486 2310 nullum
1512 2255 1838 2326 insumptum
1868 2255 2030 2310 fuisse

454 2361 664 2420 tempus
709 2349 803 2407 sed
847 2359 1081 2419 terram,
1121 2349 1302 2406 statim
1355 2357 1512 2419 atque
1553 2364 1738 2405 semen
1783 2348 2028 2416 admisit,

449 2455 505 2499 et
551 2444 753 2515 spicam
795 2452 1099 2501 comantem
1144 2443 1389 2499 emisisse
1442 2451 1496 2496 et
1558 2452 1820 2496 maturam
1875 2457 2029 2495 uvam

452 2537 660 2592 fuisse?
688 2536 823 2592 Ecce
863 2552 1048 2608 aquam
1073 2577 1089 2604 ,
1140 2536 1329 2606 inquit.
1357 2534 1475 2590 Non
1526 2549 1708 2589 muros
1747 2533 1993 2605 quarsivit
2013 2576 2027 2598 ,

455 2644 562 2682 non
592 2637 789 2684 tectum
839 2642 1094 2694 aureum,
1148 2642 1254 2682 non
1304 2625 1744 2682 veStimcntorum
1803 2640 2031 2695 appara-

455 2731 565 2775 tum
589 2761 605 2787 ,
647 2735 752 2774 non
776 2720 1021 2786 calceos;
1064 2719 1158 2775 sed
1185 2719 1305 2791 quia
1332 2719 1567 2774 animum
1595 2729 1836 2790 paratum
1869 2718 2034 2773 babe-

457 2812 548 2865 bat
575 2821 626 2865 et
652 2810 876 2866 ardebat
899 2809 1167 2866 desiderio
1193 2810 1573 2879 alacritateque
1588 2824 1844 2864 accensus
1875 2822 1989 2865 erat
2013 2851 2028 2874 ,

452 2902 520 2958 ad
549 2903 771 2972 gratiam
802 2903 982 2958 statim
1022 2902 1284 2966 accurrit,
1325 2911 1380 2957 et
1405 2901 1681 2956 doctorem
1713 2900 1933 2971 urgebat
1974 2909 2032 2955 ut

452 2993 519 3048 ad
553 2993 874 3064 baptismum
923 2994 1094 3063 ipsum
1133 2992 1458 3061 adduceret,
1489 3002 1648 3062 atque
1687 2991 1778 3046 illa
1807 2992 2028 3045 immor-

455 3086 578 3139 talia
614 3094 670 3140 et
721 3084 997 3140 tremenda
1041 3085 1292 3157 mysteria
1329 3084 1428 3140 sibi
1467 3083 1756 3138 conferret.
1797 3082 1920 3138 ldco
1942 3083 2031 3140 ille

454 3192 667 3248 quoque
694 3177 874 3232 statim
901 3176 1110 3243 annuit,
1139 3175 1468 3231 alacritatem
1495 3174 1797 3244 approbans
1815 3215 1830 3242 ,
1858 3183 1912 3229 et
1938 3174 2030 3228 ba-

458 3269 675 3336 ptizavit
707 3267 876 3323 illum.
900 3267 1103 3322 Idcirco
1135 3281 1366 3323 messeni
1393 3266 1929 3337 vocatEvangelium,
1961 3266 2031 3322 ob

454 3359 756 3414 facilitatem
797 3373 956 3429 quam
995 3359 1123 3429 ipsis
1151 3358 1437 3430 praebebat.
1469 3356 1600 3413 Nam
1638 3367 1692 3413 et
1722 3359 1849 3414 alibi
1879 3373 2024 3429 quo-

452 3465 558 3520 que
613 3450 742 3504 dicit
779 3449 919 3520 quod
972 3449 1129 3506 dictis
1178 3449 1329 3504 Pauli
1376 3448 1716 3505 attenderem
1760 3467 1771 3501 :
1822 3450 2019 3505 etenim

1157 411 1215 466 S.
1253 409 1526 466 JOANNIS
1569 406 2038 463 CIIRYSOSTOMI
2079 405 2390 460 ARCHIEP.
2430 404 2959 466 CONSTANTINOP.

3601 408 3706 465 ὕει

2133 516 2388 570 Dominus
2427 517 2634 586 aperuit
2663 532 2756 572 cor
2793 534 2975 573 eorum
3027 528 3082 572 ut
3115 521 3449 578 attenderem
3497 524 3562 578 iis
3586 543 3704 596 qua:

2127 605 2438 661 dicebantur
2483 607 2552 662 ab
2581 607 2694 661 illo.
2744 607 2882 663 Cum
2911 620 3088 664 autem
3119 612 3270 666 audis
3313 615 3454 684 quod
3498 628 3708 673 montes

2130 699 2367 755 bumiliet
2387 742 2402 764 ,
2444 716 2671 757 messem
2697 703 2885 769 faciat,
2915 713 3182 760 maturum
3213 707 3444 763 fructum
3474 711 3703 778 reddat,

2127 803 2181 847 et
2223 792 2443 846 multam
2487 803 2638 862 paret
2683 795 3026 862 facilitatem,
3080 813 3148 852 ne
3195 799 3479 856 credentes
3531 803 3708 872 prives

2129 883 2373 937 maximis
2399 885 2650 951 operibus
2681 902 2695 940 :
2734 901 2908 957 neque
2937 887 3082 941 enim
3114 889 3220 942 vim
3251 889 3515 947 inferebat
3547 892 3708 948 liber-

2130 972 2263 1036 tati,
2315 987 2488 1043 neque
2548 975 2774 1030 liberum
2836 977 3114 1034 arbitrium
3168 980 3568 1050 labefactabat,
3612 985 3706 1039 sed

2127 1062 2550 1132 coeperabatur,
2592 1065 2849 1134 juvabat,
2897 1084 3113 1124 manum
3161 1071 3436 1128 tendebat.
3481 1072 3612 1127 Nam
3662 1076 3708 1128 si

2128 1159 2299 1206 totum
2330 1153 2471 1208 illius
2497 1165 2662 1221 esset,
2692 1157 2826 1211 nihil
2852 1158 3135 1229 impediret
3185 1163 3471 1231 quominus
3517 1179 3708 1220 omnes

2128 1244 2264 1299 salvi
2306 1244 2498 1301 fierent
2528 1266 2540 1301 :
2573 1264 2714 1304 nunc
2757 1260 2934 1304 autem
2995 1251 3141 1307 aliud
3170 1253 3311 1309 illius
3351 1266 3467 1309 erat
3498 1295 3514 1320 ,
3563 1257 3705 1310 aliud

2127 1351 2314 1391 eorum
2365 1338 2453 1407 qui
2500 1340 2826 1396 accedebant
2865 1361 2878 1397 :
2925 1343 3291 1399 accedentium
3349 1361 3544 1418 nempe
3589 1349 3708 1402 vel-

2130 1425 2239 1482 lent
2264 1437 2318 1482 et
2344 1429 2602 1498 eligerent
2625 1446 2687 1486 ac
2727 1433 2951 1489 multam
2993 1436 3338 1493 ostenderent
3379 1440 3707 1494 alacritatem

2129 1527 2183 1572 et
2199 1533 2512 1588 generosam
2540 1522 2701 1578 ﬁdem
2722 1542 2737 1590 ;
2772 1525 2863 1580 Dei
2881 1535 3079 1593 autem,
3099 1529 3240 1599 quod
3263 1529 3400 1586 bona
3421 1532 3709 1602 pmberet,

2131 1617 2186 1663 et
2211 1609 2552 1666 manifestum
2580 1613 2833 1678 redderet
2858 1631 3162 1673 sermonem
3184 1619 3487 1693 claramque
3509 1622 3706 1678 doctri-

2130 1715 2274 1766 nam,
2293 1705 2601 1774 seminaque
2618 1705 2839 1775 jaceret,
2859 1719 2913 1763 et
2936 1708 3174 1766 auditum
3188 1710 3400 1781 iuvaret
3418 1713 3484 1768 ad
3504 1713 3709 1772 fructus

2131 1794 2516 1850 maturitatem.
2571 1795 2693 1854 llxc
2715 1799 2876 1870 igitur
2905 1803 3087 1858 omnia
3117 1805 3418 1875 cogitantes
3442 1847 3458 1871 ,
3509 1807 3576 1868 ad
3607 1809 3711 1864 viro

2132 1886 2258 1939 tutis
2307 1884 2542 1942 laborem
2593 1889 2767 1958 ipsum
2820 1893 3146 1962 accipiamus
3190 1895 3530 1965 adiutorem,
3589 1913 3712 1968 quae

2131 1985 2312 2030 nostra
2359 1987 2485 2033 sunt
2552 1973 2862 2038 inferentes.
2915 1983 3048 2039 Nam
3092 1987 3138 2042 si
3195 2002 3309 2043 rem
3355 1999 3462 2044 tam
3518 1990 3711 2045 difﬁci-

2133 2065 2238 2122 lem
2291 2068 2362 2123 ita
2415 2068 2572 2126 facile
2625 2073 2888 2142 perfecit,
2940 2091 3047 2132 non
3107 2079 3160 2133 in
3217 2095 3321 2135 una
3374 2082 3457 2136 vel
3504 2081 3711 2137 duabus

2133 2159 2216 2212 vel
2246 2161 2427 2229 viginti
2455 2162 2756 2220 civitatibus
2777 2206 2792 2232 ,
2824 2166 2918 2222 sed
2957 2183 3052 2238 per
3083 2180 3248 2225 totum
3275 2173 3482 2242 orbem,
3519 2174 3712 2243 prtedi-

2135 2251 2402 2307 cationem
2428 2254 2633 2311 scilicet
2676 2266 2730 2311 et
2781 2257 3105 2326 doctrinam,
3138 2271 3193 2317 et
3235 2263 3347 2332 ipsa
3382 2280 3476 2333 per
3520 2275 3708 2331 totam,

2134 2363 2294 2416 quem
2313 2349 2392 2402 sol
2410 2350 2646 2418 respicit,
2675 2359 2872 2406 terram
2899 2369 3103 2424 sparsa,
3126 2357 3544 2428 pulcherrimum
3571 2360 3712 2417 hunc

2137 2438 2336 2507 profert
2367 2439 2594 2495 fructum
2627 2460 2640 2496 :
2675 2441 2846 2512 palam
2874 2454 2953 2499 est
2975 2460 3095 2501 eum
3122 2447 3188 2501 ad
3217 2449 3429 2504 virtutis
3461 2450 3712 2506 ferendos

2135 2529 2358 2586 sudores
2404 2532 2560 2588 nobis
2585 2549 2740 2604 opem
2771 2536 2996 2592 laturum
3025 2553 3166 2606 esse,
3197 2541 3485 2596 dummodo
3521 2559 3588 2596 ne
3618 2559 3709 2597 su-

2137 2621 2243 2690 pini
2278 2623 2370 2677 vel.
2392 2624 2646 2680 socordes
2672 2626 2838 2681 simus
2859 2645 2976 2696 nos,
2997 2629 3088 2685 sed
3119 2631 3162 2684 si
3189 2641 3366 2687 nostra
3394 2634 3551 2688 simul
3579 2651 3712 2689 con-

2137 2713 2364 2768 feramus
2387 2753 2403 2779 ,
2454 2730 2645 2785 nempe
2682 2717 3009 2773 alacritatem
3031 2762 3046 2787 ,
3077 2736 3258 2776 curam
3290 2765 3307 2791 ,
3360 2725 3709 2794 voluntatem,

2135 2804 2536 2873 cogitationem,
2552 2809 2778 2879 vigilias,
2803 2811 3235 2880 sollicitudinem,
3257 2814 3342 2870 sia
3363 2820 3714 2875 saecularibus

2138 2896 2299 2949 rebus
2320 2911 2416 2952 nos
2436 2897 2828 2966 abstrahamus,
2854 2901 2897 2955 si
2921 2919 3218 2973 qumramus
3249 2905 3446 2972 futura,
3471 2909 3514 2962 si
3535 2911 3711 2979 qunti-

2136 2987 2346 3058 dicipsa
2361 3001 2700 3060 appetamus.
2722 2993 2776 3048 Si
2795 2996 2936 3049 enim
2955 2998 3066 3052 lure
3079 3008 3324 3055 accurate
3345 3000 3711 3067 cxhibeamus,

2137 3083 2295 3137 etiam
2318 3099 2436 3154 qtue
2463 3085 2605 3140 illius
2635 3097 2760 3142 sunt
2785 3100 3112 3158 sequentur;
3138 3092 3312 3148 etillis
3343 3111 3498 3164 Opem
3533 3095 3712 3154 feren-

2138 3175 2277 3229 tibus
2319 3176 2457 3232 bona
2501 3179 2732 3234 caelestia
2783 3195 3213 3252 consequemur:
3243 3203 3361 3258 qua:
3391 3190 3589 3244 utinam
3619 3207 3715 3247 nos

2136 3284 2324 3326 omnes
2371 3271 2764 3341 nanciscamur,
2817 3278 2984 3345 gratia
3035 3289 3090 3333 et
3136 3279 3461 3351 benignitate
3507 3284 3715 3339 Domini

2137 3362 2304 3415 nostri
2330 3359 2457 3417 Jesu
2483 3361 2702 3432 Christi,
2728 3366 2812 3422 cui
2839 3367 3008 3437 gloria
3041 3371 3414 3441 etimpcrinm,
3446 3377 3494 3428 in
3523 3376 3717 3432 sarcula

2137 3455 2475 3510 saeculorum.
2509 3460 2701 3514 Amen.
3610 3473 3612 3475 ’

452 3593 3709 3625 ..Ἥ

1783 3698 2128 3761 HOMILIA
2178 3702 2271 3764 x1
2315 3701 2424 3786 (a).

461 3855 706 3926 Ejusdem
750 3854 960 3909 ltoutilia
1003 3853 1212 3918 habita,
1260 3861 1526 3922 postquam
1578 3850 1713 3903 alius
1759 3848 2032 3901 (atmodum

533 3963 686 4004 aenea:
705 3946 1027 4002 condonatus
1059 3947 1223 4015 fuerat
1252 3958 1269 3995 :
1309 3943 1370 3995 de
1400 3940 1649 3994 Eleazaro
1683 3950 1727 3994 et
1758 3941 1820 3993 de
1849 3948 2035 4008 septem

530 4039 720 4106 pueris.

528 4131 583 4183 1.
623 4129 792 4197 Quam
827 4127 1066 4198 speciosa
1113 4134 1197 4181 est
1235 4125 1350 4180 haec
1387 4122 1676 4194 Spiritualis
1723 4122 1840 4176 olea
1874 4140 1885 4174 :
1916 4136 2035 4181 cum

401 4247 410 4256 -
457 4221 590 4276 rami
608 4220 724 4292 ejus
738 4219 1136 4283 consenuerint,
1156 4223 1421 4272 maturum
1442 4223 1618 4270 tamen
1639 4214 1791 4269 nobis
1809 4211 2034 4266 fructum

460 4313 600 4368 tulit!
619 4312 733 4368 Non
757 4312 898 4369 enim
917 4312 1049 4368 tales
1065 4319 1186 4366 sunt
1206 4309 1398 4380 planta:
1419 4315 1597 4372 terrm,
1615 4306 1800 4378 quales
1819 4307 2038 4361 arbores

464 4403 722 4459 Ecclesia:
751 4420 763 4456 :
793 4402 898 4457 illae
927 4416 1156 4473 namque
1200 4415 1320 4454 cum
1348 4398 1416 4453 ad
1442 4407 1755 4454 vetustatem
1781 4412 2038 4468 pervene-

467 4503 619 4560 runt,
649 4503 774 4549 tunc
807 4492 1054 4548 foliorum
1093 4490 1321 4562 plurima
1367 4489 1638 4557 amittunt,
1673 4489 2038 4544 immaturum-

465 4603 568 4658 que
612 4597 667 4642 et
695 4602 869 4642 tarum
899 4584 1132 4642 offerunt
1153 4583 1406 4640 fructum.
1435 4583 1544 4639 Illae
1586 4593 1786 4648 autem,
1819 4598 1942 4636 cum
1969 4581 2036 4636 ad

465 4688 794 4736 senectutem
817 4677 1079 4744 venerint,
1124 4686 1248 4732 tunc
1288 4676 1518 4731 maxime
1543 4674 1769 4730 fructum
1809 4671 2036 4727 ubertim

470 4776 666 4830 ferunt.
718 4771 870 4838 Quod
917 4783 1077 4828 certe
1114 4771 1294 4826 videre
1345 4779 1426 4825 est
1476 4771 1527 4824 in
1575 4769 1670 4823 illo
1725 4768 1811 4837 qui
1869 4766 2025 4822 hodie

469 4869 719 4938 loquutus
774 4874 856 4922 est
908 4883 922 4920 :
973 4865 1199 4936 ideoque
1255 4874 1428 4918 tacere
1484 4863 1612 4916 mibi
1667 4861 1837 4915 visum
1893 4869 1974 4914 est
2019 4879 2032 4912 :

465 4959 747 5028 oportebat
788 4957 966 5026 enim,
1007 4966 1086 5012 tot
1120 4956 1338 5011 senibus
1381 4951 1733 5025 praesentibus
1763 4951 1849 5020 qui
1894 4951 2035 5020 loqui

462 5052 696 5116 scirent,
723 5051 988 5119 iuniorem
1010 5049 1309 5120 quiescere.
1359 5047 1431 5101 lta
1463 5061 1560 5101 nos
1605 5043 1854 5099 erudiunt
1894 5043 2039 5098 Scri-

462 5152 633 5210 ptura:
681 5143 918 5202 divinae:
966 5158 1088 5196 nam
1135 5157 1256 5196 cum
1292 5138 1562 5209 juniorem
1590 5136 1934 5206 alloquuntur
1959 5135 2039 5189 di-

463 5247 590 5291 cunt
622 5254 635 5291 :
670 5235 916 5305 Loquere,
935 5235 1167 5304 juvenis,
1199 5233 1251 5287 in
1277 5241 1365 5285 tua
1388 5247 1541 5286 causa
1564 5273 1576 5295 ,
1601 5230 1684 5284 vix
1712 5229 1786 5283 bis
1809 5229 1851 5282 si
1877 5232 2034 5282 inter-

459 5337 670 5400 rogatus
723 5328 882 5397 [ueris
911 5341 930 5380 :
975 5327 1135 5380 multa
1185 5325 1356 5396 paucis
1398 5323 1550 5376 dicito
1585 5321 1769 5392 (Eccli.
1809 5319 1895 5374 52.
1947 5319 2035 5374 10.

466 5420 580 5491 Η).
629 5416 840 5474 Seniori
888 5423 1064 5471 autem
1108 5430 1214 5470 non
1261 5430 1379 5470 cum
1427 5414 1518 5468 tali
1563 5413 1904 5468 distinctione
1960 5411 2035 5463 lo-

463 5509 665 5578 quitur,
709 5507 804 5562 sed
833 5506 982 5560 illum
1028 5507 1242 5562 dimittit
1270 5519 1325 5561 ut
1364 5508 1478 5561 sine
1514 5505 1600 5562 bis
1630 5503 1869 5559 terminis
1916 5517 2038 5557 cur-

465 5610 546 5655 rat
572 5617 585 5654 :
619 5609 674 5656 et
699 5598 962 5656 dictorum
989 5599 1148 5656 etiam
1176 5600 1500 5670 voluptatem
1523 5641 1540 5668 ,
1573 5601 1618 5654 si
1649 5614 1768 5654 cum
1799 5596 2034 5667 pruden-

524 5754 598 5814 (a)
621 5757 799 5807 Habita
833 5764 909 5823 est
931 5759 1084 5823 pridie
1106 5758 1219 5823 festi
1238 5757 1620 5810 Machabteorum
1641 5757 1767 5823 quod
1799 5755 1954 5820 primo
1967 5756 2048 5807 die

453 5829 643 5877 mensis
668 5819 876 5882 Augusti
898 5833 926 5870 a
945 5820 1124 5873 Graecis
1147 5821 1441 5872 celebratur.

2143 3848 2210 3901 tia
2240 3850 2517 3922 loquatur,
2549 3857 2819 3915 admirans
2842 3901 2857 3927 ,
2884 3862 2963 3917 sic
2983 3864 3159 3920 aiebat
3191 3883 3204 3920 :
3240 3864 3468 3935 Loquere
3490 3908 3506 3932 ,
3533 3884 3718 3937 senex,

2143 3943 2230 3996 tibi
2259 3962 2472 4016 namque
2500 3952 2727 4004 convenit
2746 3991 2760 4014 ,
2785 3953 2840 4005 in
2868 3967 3106 4008 accurata
3123 3957 3333 4010 scientia
3364 3973 3382 4010 :
3414 3969 3459 4011 et
3480 3958 3724 4028 impedias

2141 4039 2335 4092 musica
2365 4039 2552 4109 (Eccli.
2591 4041 2677 4096 52.
2705 4043 2756 4097 4.
2782 4043 2862 4114 5).
2900 4045 3035 4112 Quid
3065 4047 3167 4102 sibi
3200 4049 3310 4102 vult
3337 4048 3488 4116 illud,
3523 4048 3591 4104 Et
3622 4052 3718 4105 im-

2143 4130 2313 4199 pedica
2356 4131 2585 4185 musica?
2634 4131 2807 4198 Tibia,
2839 4135 3043 4190 cithara
3095 4145 3152 4192 et
3202 4138 3417 4205 ﬁstulae,
3482 4157 3588 4195 non
3645 4142 3720 4199 ita

2151 4235 2343 4276 suaves
2369 4222 2705 4280 audientibus
2750 4235 2903 4293 sunt,
2949 4235 3008 4282 ut
3051 4229 3280 4285 senioris
3333 4230 3575 4290 doctrina
3595 4247 3722 4289 cum

2143 4325 2389 4369 accurata
2439 4316 2660 4370 scientia
2709 4319 2938 4387 prolata.
2970 4318 3246 4389 Scriptura
3285 4322 3427 4378 enim
3477 4324 3722 4392 voluptaa

2146 4414 2249 4458 tem
2301 4419 2619 4474 comparans
2669 4407 2964 4478 voluptati,
3019 4409 3157 4466 hanc
3206 4412 3298 4470 illa
3349 4412 3504 4482 longe
3553 4416 3722 4482 majo-

2144 4511 2257 4551 rem
2300 4498 2404 4550 vim
2433 4512 2685 4553 excrcere
2726 4498 2889 4565 dicit;
2940 4499 3077 4556 banc
3116 4504 3370 4571 vincere,
3425 4505 3574 4562 illam
3618 4506 3719 4576 ipsi

2143 4589 2354 4645 cedere.
2435 4590 2558 4645 Ideo
2612 4589 2773 4657 dicit,
2836 4589 3090 4660 Impedies
3151 4596 3391 4659 musica;
3453 4596 3557 4653 hoc
3603 4607 3718 4665 est,

2142 4698 2249 4738 non
2279 4683 2424 4738 sines
2467 4683 2558 4737 illa
2606 4697 2940 4753 comparere,
2969 4683 3348 4742 obtenebrabis
3376 4688 3486 4756 illa,
3528 4688 3720 4746 obum-

2144 4773 2344 4829 brabis.

2215 4866 2479 4922 Auditorcs
2519 4868 2934 4937 Chrysostomum
2976 4869 3141 4938 ipsum
3197 4870 3377 4924 audire
3425 4871 3718 4942 cupiebant.

2145 4958 2554 5015 Machabworum
2581 4964 2736 5031 festus
2765 4960 2892 5014 dies.
2914 4990 2985 5000 —
3002 4959 3127 5016 ideo
3151 4977 3249 5017 nos
3274 4978 3483 5033 quoque
3508 4975 3723 5034 oporte-

2143 5057 2234 5111 bat
2273 5065 2445 5111 tacere
2465 5065 2519 5112 et
2561 5055 2749 5110 audire
2774 5097 2789 5120 ,
2837 5055 2981 5110 hunc
3009 5065 3187 5110 autem
3223 5057 3365 5126 loqui
3393 5067 3450 5112 et
3478 5056 3673 5114 docere
3703 5076 3724 5115 :,

2143 5148 2258 5214 sed,
2288 5148 2428 5218 quod
2459 5161 2602 5216 εωρο
2628 5145 2736 5202 dixi
2769 5187 2784 5211 ,
2814 5146 2914 5200 hoc
2945 5163 3084 5201 nunc
3111 5147 3271 5202 etiam
3295 5148 3467 5202 dicam
3501 5166 3514 5202 :
3547 5163 3724 5218 neque

2143 5250 2378 5297 vestram
2426 5239 2540 5294 fero
2571 5237 2942 5308 tyrannidem,
2987 5253 3160 5308 neque
3189 5239 3381 5292 borum
3427 5240 3719 5294 necessita-

2145 5339 2250 5384 tem
2279 5347 2291 5381 :
2327 5328 2449 5384 ideo
2476 5342 2662 5383 rursus
2692 5327 2758 5382 ad
2788 5337 3078 5382 consuetos
3107 5342 3300 5382 cursus
3327 5343 3413 5384 me
3439 5342 3716 5398 comparo,

2143 5438 2258 5478 rem
2301 5421 2570 5476 difficilem
2591 5461 2608 5489 ,
2641 5421 2895 5491 loquendi
2922 5435 3148 5491 nempe,
3186 5435 3308 5476 cum
3355 5420 3520 5474 multa
3552 5420 3720 5476 facili-

2145 5523 2251 5569 tate
2308 5522 2578 5579 tractans,
2637 5528 2745 5566 non
2791 5522 3009 5581 propter
3059 5524 3206 5565 meas
3259 5509 3578 5574 facultates,
3623 5509 3718 5564 sed

2145 5617 2359 5678 propter
2408 5617 2640 5660 vestram
2691 5605 3019 5660 audientium
3075 5604 3424 5658 alacritatem.
3492 5603 3623 5658 Nam
3667 5611 3714 5658 et

2143 5716 2314 5770 nuper
2339 5699 2404 5754 ad
2435 5708 2635 5755 tantam
2661 5698 3070 5770 profunditatem
3101 5695 3363 5752 deduCtus
3392 5710 3571 5751 sermo
3601 5694 3674 5766 (a)
3696 5737 3710 5762 ,

2208 5815 2281 5880 (a)
2309 5813 2426 5876 Qua“:
2448 5815 2527 5866 hic
2551 5814 2790 5867 indicetur
2814 5811 3008 5864 homilia
3026 5825 3124 5864 non
3145 5813 3262 5863 satis
3284 5813 3594 5875 perspicuum
3621 5816 3716 5865 est.
