4138 6458
240 367 359 426 525

249 484 404 538 ἑλθω
451 483 534 546 εἰς
562 481 664 551 τὴν
701 484 956 553 πατρίδα,
999 479 1091 534 ἴδω
1118 479 1216 549 τὴν
1244 482 1476 547 γυναῖκα
1497 519 1511 544 ,
1545 479 1640 534 ίδω
1660 480 1728 533 τά
1757 477 1948 533 παιδία

241 570 396 642 μετά
429 570 540 623 τῶν
579 568 730 640 ἐμῶν
772 567 1048 638 συγγενῶν
1079 585 1092 596 ·
1130 567 1414 634 παρόντων
1451 569 1674 621 ἐκείνων
1700 567 1796 620 καί⁵
1823 583 1948 620 συν-

237 657 622 731 εορταζόντων
682 655 840 726 ἐμοὶ,
891 653 1065 718 οὓτως
1102 653 1485 724 ἀπολαύσομαι
1513 654 1604 708 τοῦ
1638 655 1950 725 βαπτίσμαο

237 764 368 812 τος,
409 744 557 798 οὓτω
592 743 804 815 μεθέξω
850 744 949 812 τῆς
985 743 1226 814 χάριτος.
1274 743 1412 795 Ἀλλ’
1445 743 1544 812 οὐχ
1609 743 1637 795 ὁ
1673 742 1949 814 βάρϐαρος

239 835 372 888 τότε
426 834 638 896 ἐκεῖνος
668 831 842 886 ταῦτα
883 827 1004 884 εἰπε
1037 832 1105 885 τά
1148 833 1365 903 ῥήματα
1391 871 1405 895 ,
1454 831 1551 885 καί¹
1600 832 1776 886 ταῦτα
1815 832 1950 884 Ἰουν

238 922 417 984 δαῖος
437 920 515 974 ὢν
550 921 643 973 καὶ
676 920 878 991 πολλὴν
906 919 1017 973 τῶν
1049 920 1230 974 τόπων
1272 921 1443 972 ποιεῖν
1477 921 1576 989 τὴν
1629 921 1952 992 παρατήρη-

244 1029 332 1065 σιν
386 1011 868 1080 πεπαιδευμένος,
923 1010 1017 1064 καί
1051 1009 1285 1080 μάλιστα
1336 1009 1575 1079 συνεχῶς
1627 1009 1950 1080 ἐνηχοῦντος

242 1099 403 1170 αὐτῷ
425 1139 441 1164 ,
477 1099 560 1151 ὅτι
595 1098 679 1151 δεῖ
708 1100 898 1167 τηρεῖν
946 1096 1040 1150 τοῦ
1083 1097 1251 1150 τόπου
1297 1097 1398 1167 τὴν
1424 1097 1668 1169 φυλακὴν
1692 1139 1707 1162 ,
1742 1097 1836 1151 καὶ
1863 1095 1951 1150 διὰ

240 1188 409 1242 τοῦτο
441 1185 665 1258 μακρὰν
703 1184 1018 1257 ἀποδημίαν
1059 1185 1408 1256 στειλάμενος
1435 1227 1448 1248 ,
1481 1186 1568 1240 ἵνα
1597 1188 1654 1238 ἐν
1685 1185 1762 1256 τῷ
1801 1187 1952 1258 τόπῳ

241 1270 290 1345 ᾧ
320 1275 616 1329 ἐκέλευσεν
657 1275 687 1326 ό
732 1273 866 1337 Θεὸς
918 1275 1276 1348 προσκυνήσῃ
1301 1288 1316 1304 ‘
1369 1274 1484 1327 ἀλλ’
1537 1274 1730 1344 ἁθρόον
1771 1275 1953 1328 πᾶσαν

244 1364 471 1434 ἐκείνην
508 1362 611 1434 τὴν
646 1360 937 1433 συνήθειαν
968 1361 1216 1415 ἐκϐαλὼν
1249 1361 1342 1417 καί
1366 1362 1610 1426 ἀποστὰς
1642 1362 1742 1434 τῆς
1772 1363 1956 1416 τοιαύ-

242 1471 348 1526 της
404 1453 858 1524 παρατηρήσεως
882 1468 896 1481 ·
955 1452 1146 1525 ἐπειδὴ
1186 1454 1502 1525 ἀπηρτίσθη
1555 1455 1584 1507 ὁ
1627 1453 1822 1522 λόγος,
1859 1455 1955 1507 καὶ

248 1545 438 1616 πηγὴν
489 1541 598 1597 εἶδε
627 1543 783 1616 παρά
810 1543 907 1616 τὴν
937 1544 1074 1610 όδὸν,
1106 1545 1270 1615 φησίν
1298 1563 1312 1576 ο
1351 1545 1496 1598 Ἰδοὺ
1525 1545 1715 1612 ὕδωρ,
1751 1546 1809 1597 τί
1842 1563 1956 1599 κω-

241 1633 381 1686 λύει
405 1649 488 1700 με
500 1629 962 1701 ,βαπτισθῆναι;
991 1629 1144 1696 Εἶδες
1172 1632 1262 1685 τὸν
1291 1631 1550 1702 θερισμὸν
1582 1632 1744 1686 πάλιν
1776 1632 1956 1702 ἀπαρ-

244 1721 539 1793 τιζόμενον
563 1739 579 1787 ;
620 1716 764 1785 εἶδες
790 1721 981 1776 οὐδένα
1017 1720 1211 1793 χρόνον
1241 1719 1590 1776 ἀναλωθέντα
1618 1759 1633 1784 ,
1669 1720 1784 1774 ἀλλ’
1814 1721 1954 1791 ὁμοῦ

245 1809 348 1880 τὴν
378 1810 490 1881 γῆν
532 1808 858 1881 δεξαμένην,
892 1809 988 1863 καὶ
1041 1809 1132 1863 τὸν
1166 1808 1367 1880 στάχυν
1406 1809 1660 1881 κομῶντα
1687 1808 1950 1863 ἐκϐαλοῦ-

249 1916 385 1961 σαν,
435 1899 533 1952 καί¹
564 1899 827 1970 πέπειρον
859 1897 951 1951 τὸν
989 1896 1189 1970 βότρυν
1220 1898 1541 1969 γενόμενον;
1589 1897 1734 1952 Ἰδοὺ
1773 1898 1952 1967 ὕδωρ,

251 1988 441 2058 φησίν.
501 1990 578 2042 Οὐ
621 1988 838 2058 τοίχους
867 1987 1132 2058 ἐζήτησεν
1155 2027 1170 2051 ,
1208 1988 1309 2041 οὐκ
1333 1988 1530 2059 δροφον
1548 1987 1792 2058 ’χρυσοῦν
1812 2029 1827 2054 ,
1854 1990 1952 2060 οὐχ

255 2077 492 2146 ἰματίων
523 2074 894 2146 κατασκευὴν,
924 2075 1024 2144 οὐχ
1051 2075 1374 2148 ὑποδήματα
1399 2092 1411 2106 ·
1444 2075 1558 2129 ἀλλ’
1588 2076 1777 2145 ἐπειδὴ
1808 2077 1941 2144 γνώ-

266 2181 372 2234 μην
394 2159 506 2233 εἶχε
531 2162 1060 2235 παρεσκευασμένην
1085 2164 1177 2216 καὶ
1199 2163 1319 2227 έςεε
1343 2163 1420 2233 τῷ
1441 2163 1592 2233 πόθῳ
1617 2163 1713 2216 καὶ
1735 2163 1951 2235 ἀνήφθη

270 2255 338 2321 τῇ
366 2251 635 2323 προθυμία
659 2294 673 2317 ,
705 2253 796 2305 ἐπὶ
823 2253 924 2323 τὴν
955 2252 1114 2322 χάριν
1150 2252 1350 2316 εὐθέως
1388 2250 1591 2322 έδραμε
1615 2292 1629 2318 ,
1672 2253 1766 2304 καὶ
1824 2270 1954 2306 κατ-

269 2339 585 2407 επείγειτδν
603 2341 916 2396 διδάσκαλον
942 2340 1078 2413 πρὸς
1103 2339 1200 2411 τὴν
1223 2340 1610 2411 μυσταγωγίαν
1621 2341 1786 2394 αὐτὸν
1812 2357 1954 2412 χειρ-

265 2430 588 2499 αγωγῆσαι,
621 2432 714 2483 καὶ
749 2428 1072 2501 μεταδοῦναι
1118 2427 1228 2481 τῶν
1276 2427 1560 2482 ἀθανάτων
1602 2427 1825 2482 ἐκείνων
1859 2431 1953 2481 καὶ

261 2515 508 2587 φρικτῶν
538 2518 878 2588 μυστηρίων.
911 2517 1003 2571 Διὸ
1025 2517 1277 2580 κάκεῖνος
1307 2514 1508 2580 εὐθέως
1541 2516 1825 2579 ἐπένευσε,
1853 2515 1952 2587 τὴν

260 2604 575 2673 προθυμίαν
628 2606 1073 2675 ἀποδεξάμενος,
1137 2607 1232 2658 καὶ⁵
1287 2604 1581 2658 ἐϐάπτισεν
1631 2603 1813 2657 αὐτόν.
1854 2603 1954 2658 Διά

261 2693 416 2744 τοῦτο
446 2693 711 2763 θερισμὸν
761 2695 822 2747 τὸ
849 2692 1178 2761 Εὐαγγέλιον
1217 2691 1406 2756 καλεῖ,
1454 2691 1543 2746 διὰ
1574 2691 1672 2764 τὴν
1702 2691 1954 2745 εὐκολίαν

260 2780 324 2849 ἣν
354 2784 621 2853 παρεῖχεν
667 2783 871 2844 αὐτοῖς.
908 2782 1017 2835 Καὶ
1050 2780 1159 2852 γάρ
1211 2781 1304 2834 καὶ
1347 2779 1583 2850 ἀλλαχοῦ
1632 2797 1799 2850 φησιν
1821 2822 1836 2846 ,
1871 2780 1952 2833 ὅτι

260 2874 550 2940 προσεῖχον
585 2873 700 2933 τοῖς
741 2871 1055 2940 λεγομένοις
1089 2869 1193 2924 ὑπὸ
1218 2869 1312 2923 τοῦ
1352 2869 1568 2923 Παύλου
1589 2885 1604 2901 ⁸
1647 2870 1740 2924 καὶ
1787 2868 1896 2940 γάρ
1926 2871 1954 2922 ό

259 2957 465 3028 Κύριος
500 2957 738 3028 διήνοιξε
777 2958 874 3027 τὴν
903 2957 1130 3028 καρδίαν
1161 2955 1338 3009 αὐτῶν
1383 2957 1674 3030 προσέχειν
1709 2958 1823 3020 τοῖς
1853 2954 1950 3008 λα-

260 3043 546 3116 λουμένοις
579 3047 671 3098 ὐπ’
698 3045 888 3101 αὐτοῦ.
916 3046 1082 3099 Ὅταν
1106 3045 1164 3098 δέ
1194 3045 1434 3116 ἀκούσῃς
1459 3083 1476 3108 ,
1518 3045 1603 3098 ὅτι
1631 3044 1732 3115 ὅρη
1765 3059 1956 3098 ταπει-

260 3137 361 3200 νοῖ,
385 3134 483 3187 καὶ
523 3133 785 3206 θερισμὸν
813 3132 1131 3204 ἐργάζεται,
1160 3134 1253 3187 καί⁸
1281 3131 1490 3204 ὦριμον
1526 3134 1672 3186 ποιεῖ
1697 3132 1788 3185 τὸν
1818 3148 1960 3204 καρ-

262 3223 384 3288 πὸν,
410 3223 507 3275 καὶ
537 3221 739 3275 πολλὴν
772 3220 1175 3286 κατασκευάζει
1195 3220 1294 3292 τὴν
1322 3219 1593 3288 εὐκολίαν,
1616 3217 1691 3292 μὴ
1718 3221 1955 3274 ἀποστε-

866 3429 1300 3440 _.—————____.

1401 3431 1810 3440 .——.————_—

1098 366 1168 422 ΧΙ
1208 365 1510 433 llOMILlA,
1544 365 1630 421 DE
1675 365 2043 422 ELEAZARO
2082 367 2169 422 ET
2213 363 2488 424 SEPTEM
2530 367 2805 425 PUEBIS.

2052 481 2224 552 ρήσῃς
2251 481 2377 545 τοὺς
2411 481 2765 546 πιστεύοντας
2795 483 2902 535 τῶν
2950 483 3222 552 μεγίστων
3253 486 3692 558 κατορθωμάτων
3719 507 3729 518 ·

2049 569 2171 622 οὐδέ
2209 569 2316 642 γὰρ
2366 570 2614 634 ἐϐιάζετο
2650 570 2749 641 τὴν
2798 569 3114 641 ἐλευθερίαν
3167 573 3267 642 τῆς
3316 575 3572 648 γνώμης,
3615 578 3732 632 οὐδὲ

2049 655 2368 725 ἐλυμαίνετο
2399 658 2461 710 τὸ
2489 658 2868 726 αὐτεξούσιον,
2900 659 3036 712 ἀλλά
3070 659 3408 732 συνέπραττε
3452 666 3550 717 καὶ
3579 667 3735 737 ἐϐοή-

2052 742 2134 795 θει
2190 745 2283 798 καὶ
2311 747 2470 816 χεῖρα
2509 745 2738 818 ὤρεγεν.
2770 748 2834 800 Εἰ
2872 747 2981 819 γὰρ
3009 748 3071 802 τὸ
3106 751 3216 803 πᾶν
3239 752 3407 804 αὐτοῦ
3439 749 3510 825 ἦν
3530 798 3544 818 ,
3581 757 3734 811 οὐδὲν

2051 830 2288 885 ἐκώλυεν
2334 833 2580 898 ἅπαντας
2625 835 2924 900 σώζεσθαι*
2968 837 3064 890 νῦν
3108 839 3165 892 δὲ
3198 840 3258 892 τὸ
3292 841 3392 911 μέν
3423 843 3589 896 αὐτοῦ
3619 846 3735 914 ἐγί-

2052 937 2206 985 νετο,
2240 921 2302 974 τὸ
2349 921 2407 975 δέ
2443 922 2551 975 τῶν
2588 924 2924 994 προσιόντων
2948 940 2963 956 °
3006 926 3116 980 τῶν
3169 926 3269 998 μὲν
3311 932 3646 1001 προσιόντων
3679 937 3741 987 τὸ

2055 1009 2380 1082 βουληθῆναι
2412 1013 2506 1065 καὶ
2549 1012 2799 1078 ἑλέσθαι,
2855 1016 2950 1069 καί
2993 1017 3196 1090 πολλὴν
3233 1019 3607 1086 ἐπιδείξασθαι
3645 1023 3744 1092 τὴν

2052 1098 2362 1170 προθυμίαν
2396 1102 2489 1154 καὶ
2532 1103 2786 1170 γενναίαν
2820 1103 2917 1175 τὴν
2959 1105 3178 1173 πίστιν,
3237 1107 3332 1160 τοῦ
3378 1109 3436 1161 δέ
3490 1109 3552 1163 τὸ
3599 1128 3743 1182 παρ-

2055 1189 2201 1258 έχειν
2227 1188 2295 1241 τὰ
2327 1188 2477 1260 δῶρα
2499 1229 2514 1252 ,
2551 1189 2646 1243 καλ⁸
2683 1189 2925 1262 εὔσημον
2953 1193 3176 1263 ποιῆσαι
3216 1194 3308 1247 τὸν
3339 1194 3495 1263 λόγον
3526 1198 3620 1250 καί
3649 1215 3744 1250 σα-

2056 1279 2131 1348 φῆ
2176 1277 2276 1349 τὴν
2326 1277 2717 1343 διδασκαλίαν,
2759 1280 2855 1333 καὶ
2912 1280 2980 1333 τά
3036 1281 3329 1352 σπέρματα
3375 1284 3741 1348 καταϐαλεῖν,

2056 1367 2151 1420 καὶ
2183 1365 2448 1437 βοηθῆσαι
2485 1367 2621 1438 πρὸς
2666 1367 2728 1421 τὸ
2781 1369 2992 1440 ὥριμον
3041 1369 3742 1442 γενέσθαιιτὴνάκρόασιν.

2056 1453 2222 1507 Ταῦτ’
2250 1450 2344 1508 οῦν
2390 1455 2607 1508 ἅπαντα
2645 1457 2997 1521 ἐννοοῦντες,
3043 1460 3136 1512 καὶ
3192 1461 3273 1521 εἰς
3321 1459 3414 1512 τὸν
3454 1459 3596 1529 ὑπὲρ
3643 1461 3746 1530 τῆς

2055 1542 2259 1611 ἀρετῆς
2291 1543 2453 1595 πόνον
2491 1543 2651 1596 αὐτὸν
2679 1542 2938 1616 λάϐωμεν
2979 1545 3271 1616 σύμμαχον
3292 1549 3391 1599 ¹καὶ
3425 1546 3648 1618 βοηθὸν,
3679 1550 3758 1603 τὰ

2057 1632 2188 1701 παρ’
2216 1630 2426 1683 ἑαυτῶν
2461 1632 2636 1684 πάντα
2664 1632 3034 1702 εἰσφέροντες.
3063 1634 3126 1686 Εἰ
3151 1634 3258 1704 γάρ
3285 1637 3517 1706 πρᾶγμα
3549 1636 3747 1688 τοσαύ-

2057 1735 2158 1787 την
2186 1717 2309 1789 έχον
2344 1719 2661 1784 δυσκολίαν,
2699 1719 2844 1774 οὕτω
2883 1720 3085 1791 ῥαδίως
3130 1720 3521 1793 κατώρθωσεν,
3561 1724 3660 1777 οὐκ
3693 1727 3752 1778 ἐν

2064 1808 2164 1877 μιᾷ
2193 1807 2401 1862 καὶδύο
2423 1808 2517 1861 καὶ
2549 1807 2726 1861 εἴκοσι
2766 1808 3005 1874 πόλεσιν,
3051 1808 3192 1863 ἀλλά
3241 1811 3517 1883 πανταχοῦ
3542 1813 3640 1883 τῆς
3673 1815 3756 1867 οἰ-

2061 1894 2355 1966 κουμένης,
2404 1895 2547 1963 λέγω
2579 1895 2644 1966 δὴ
2682 1896 2744 1948 τὺ
2782 1896 3049 1968 κήρυγμα
3096 1897 3192 1950 καὶ
3241 1897 3342 1970 τὴν
3380 1899 3748 1969 διδασκαλίαν,

2061 1983 2154 2034 καὶ
2181 1984 2261 2045 εἰς
2301 1984 2434 2052 ὅσην
2470 1983 2620 2053 ἥλιος
2653 1985 2828 2056 ἐφορᾷ
2857 1984 2961 2054 γῆν
2988 1985 3177 2039 ἅπασα
3205 1983 3345 2054 αὕτη
3376 1985 3751 2057 κατέσπαρται

2060 2070 2155 2123 καὶ
2184 2069 2434 2142 βρύειτῷ
2474 2071 2748 2143 καλλίστῳ
2802 2071 2979 2143 τούτῳ
3027 2071 3608 2145 καρπῷ·εῦδηλον-ὅτι
3657 2077 3752 2128 καὶ

2060 2159 2139 2222 εἰς
2169 2160 2294 2222 τοὺς
2331 2160 2468 2231 ὑπὲρ
2515 2160 2613 2231 τῆς
2653 2160 2857 2231 ἀρετῆς
2905 2159 3140 2233 ἱδρῶτας
3195 2161 3563 2230 συνεφάψεται
3597 2165 3750 2234 ἡμῖν,

2063 2247 2223 2317 μόνον
2262 2248 2357 2302 ἐάν
2391 2249 2464 2320 μὴ
2515 2249 2696 2303 ὕπτιοι
2743 2251 2838 2302 καὶ
2878 2250 3334 2314 ἀναπεπτωκότες
3387 2244 3540 2322 ὦμεν
3569 2253 3749 2322 ἡμεῖς,

2064 2335 2212 2407 [595]
2245 2335 2381 2390 ἀλλά
2406 2336 2473 2390 τὰ
2502 2338 2630 2409 παρ’
2664 2337 2876 2392 ἑαυτῶν
2908 2339 3376 2410 συνεισφέρωμεν,
3419 2341 3751 2412 προθυμίαν,

2063 2423 2330 2494 σπουδὴν,
2389 2423 2665 2495 βούλησιν,
2700 2425 2947 2497 γνώμην,
2992 2427 3338 2498 ἀγρυπνίαν,
3378 2427 3656 2499 φροντίδα,
3692 2428 3753 2480 τὸ

2060 2513 2169 2566 τῶν
2209 2513 2477 2583 βιωτικῶν
2506 2514 2922 2585 ἀπαλλαχθῆναι
2969 2517 3334 2587 πραγμάτων,
3383 2515 3444 2570 τὸ
3473 2515 3656 2586 ζητεῖν
3685 2517 3753 2569 τά

2064 2601 2346 2671 μέλλοντα,
2382 2603 2442 2656 τὸ
2467 2602 2590 2656 καθ’
2621 2604 2860 2674 ἑκάστην
2881 2604 3094 2675 ἡμέραν
3123 2604 3302 2658 αὐτῶν
3329 2604 3480 2676 ἐρᾷν.
3515 2607 3612 2659 Ἂν
3645 2606 3753 2678 γάρ

2059 2690 2231 2745 ταῦτα
2262 2691 2400 2763 μετά
2440 2691 2726 2763 ἀκριϐείας
2773 2692 3126 2763 παρέχωμεν,
3180 2691 3274 2745 καὶ
3304 2693 3372 2746 τά
3411 2695 3543 2764 παρ’
3583 2693 3758 2746 αὐτοῦ

2062 2782 2241 2835 πάντα
2299 2779 2523 2850 ἕψεται·
2577 2780 2673 2834 καὶ
2700 2780 3007 2848 γενομένων
3051 2779 3275 2834 ἐκείνων
3315 2780 3619 2852 τευξόμεθα
3647 2781 3765 2836 τῶν·

2060 2869 2328 2940 οὐρανίων
2360 2868 2581 2937 ἀγαθῶν
2613 2884 2625 2896 ·
2677 2862 2752 2922 ὧν
2784 2869 2997 2936 γένοιτο
3029 2870 3236 2934 πάντας
3280 2871 3425 2940 ἡμᾶς
3455 2872 3756 2941 ἐπιτυχεῖν,

2061 2961 2242 3030 χάριτι
2278 2959 2372 3012 καὶ
2407 2957 2788 3029 φιλανθρωπίᾳ
2821 2957 2917 3011 τοῦ
2957 2957 3160 3030 Κυρίου
3198 2958 3359 3030 ἡμῶν
3402 2959 3756 3032 ἸησοῦΧρι-

2063 3048 2213 3114 στοῦ,
2231 3041 2275 3115 ᾧ
2296 3048 2329 3118 ἡ
2358 3047 2484 3115 δόξα
2510 3047 2605 3100 καὶ
2623 3046 2683 3100 τὸ
2703 3047 2902 3119 κράτος
2924 3049 3002 3110 εἰς
3021 3047 3146 3113 τοὺς
3166 3047 3370 3113 αἰῶνας
3389 3048 3498 3102 τῶν
3522 3047 3769 3106 αἰώνων..

2076 3136 2280 3208 Ἀμην-

1873 3695 2120 3750 OMIAIA
2149 3694 2248 3748 lA’.

268 3856 380 3912 Τοῦ
433 3856 627 3914 αὐτοῦ
679 3857 886 3926 ὁμιλία
927 3855 1236 3926 λεχθεῖσα,
1288 3852 1494 3926 ἑτέρου
1535 3852 1962 3926 προειρηκότος

332 3927 578 4050 σερεξρα
627 3923 968 3996 πρεσϐύτου
989 3923 1036 3993 ,“’
1057 3927 1192 3998 περὶ
1252 3923 1608 3994 Ἐλεαζάρου
1665 3923 1766 3977 καὶ
1810 3923 1962 3977 ἑπτὰ

332 4014 440 4052 παι
486 4015 590 4054 ων.

331 4083 404 4143 α’.
447 4085 540 4150 Ὠς
574 4087 752 4158 ὡραία
778 4088 812 4158 ή
845 4085 1192 4159 πνευματικὴ
1219 4084 1377 4140 ἐλαία
1401 4084 1572 4155 αῦτηί
1600 4084 1710 4138 τῶν
1753 4082 1962 4137 κλάδων

259 4173 436 4244 αὐτῆς
462 4174 875 4245 γεγηρακότων,
895 4172 1103 4246 ῶριμον
1127 4173 1259 4244 ἡμῖν
1284 4172 1484 4243 ἧνεγκε
1506 4171 1598 4224 τὸν
1623 4169 1857 4242 καρπόν.
1884 4169 1960 4222 Οὐ

261 4261 375 4332 γὰρ
394 4260 626 4315 τοιαῦτα
642 4261 713 4314 τὰ
733 4262 874 4332 φυτά
897 4261 998 4332 τῆς
1019 4261 1143 4332 γῆς,
1172 4256 1261 4316 οἷα
1283 4262 1350 4315 τά
1379 4261 1571 4334 δένδρα
1599 4260 1700 4331 τῆς
1733 4259 1962 4330 Ἐκκλη-

263 4350 434 4412 σίας·
497 4352 683 4405 ἐκεῖνα
737 4352 836 4422 μὲν
883 4350 992 4424 γὰρ
1051 4353 1132 4416 εἰς
1181 4350 1361 4423 γῆρας
1423 4350 1669 4417 ἐλθόντα,
1727 4351 1849 4403 τότε
1891 4348 1964 4403 τά

262 4439 492 4493 πλείονα
527 4440 635 4494 τῶν
665 4441 878 4511 φύλλων
924 4440 1264 4508 ἀποτίθεται,
1293 4441 1385 4495 τόν
1431 4457 1491 4495 τε
1534 4441 1768 4513 καρπὸν,
1803 4441 1862 4496 ὃν
1893 4441 1964 4495 ἂν

263 4528 491 4600 ἐνέγκῃ,
526 4527 718 4582 τοῦτον
756 4529 958 4601 ἔξωρόν
1004 4547 1066 4584 τε
1112 4529 1268 4601 φέρει
1305 4530 1400 4584 καὶ
1444 4530 1637 4602 ἀραιόν
1659 4547 1670 4559 ·
1707 4529 1878 4584 ταῦτα
1905 4529 1964 4584 δὲ

263 4616 396 4669 ὅταν
423 4618 508 4682 είς
538 4617 715 4689 γῆρας
741 4617 888 4689 ἔλθῃ,
926 4619 1048 4672 τότε
1093 4617 1330 4689 μάλιστα
1351 4617 1431 4689 τῷ
1459 4616 1658 4690 καρπῷ
1693 4617 1960 4690 βρίθεται.

270 4706 336 4758 Ὃ
358 4706 425 4776 δὴ
457 4706 552 4759 καὶ
579 4709 673 4760 ἐπὶ
692 4709 786 4760 τοῦ
815 4708 1057 4780 σήμερον
1086 4707 1369 4779 εἰρηκότος
1389 4707 1536 4760 ἐστὶν
1567 4707 1695 4762 ἰδεῖν
1720 4724 1732 4736 ⁸
1764 4705 1845 4759 διὸ
1873 4707 1964 4760 καὶ

267 4792 429 4862 σιγᾷν
472 4791 646 4861 ἔγνων
671 4807 685 4822 ’
734 4792 840 4846 ἔδει
869 4794 1000 4865 γὰρ,
1052 4793 1323 4848 τοσούτων
1365 4794 1638 4866 γερόντων
1680 4794 1964 4864 παρόντων

264 4879 360 4929 καὶ
383 4878 566 4947 λέγειν
588 4879 826 4944 εἰδότων,
861 4881 953 4936 τὸν
989 4881 1107 4935 νέον
1135 4881 1366 4953 ἡσυχίαν
1398 4882 1574 4950 ἄγειν.
1602 4880 1759 4935 Οῦτω
1786 4882 1881 4936 καὶ
1907 4883 1963 4934 αἰ

263 4963 406 5017 θεῖαι
442 4967 662 5039 Γραφαὶ
695 4968 1043 5022 παιδεύουσιν
1068 4970 1215 5039 ἡμᾶς
1235 4985 1248 4998 ·
1273 4971 1400 5023 ὅταν
1434 4969 1534 5040 μὲν
1563 4969 1672 5041 γὰρ
1711 4970 1817 5040 νέῳ
1849 4969 1966 5022 δια-

263 5051 556 5119 λέγωνται,
611 5055 778 5124 φασί’
830 5056 1143 5125 Λάλησον,
1181 5057 1489 5121 νεανίσκε,
1527 5060 1580 5110 εὶ
1621 5057 1793 5126 χρεία
1822 5073 1962 5122 σοι’,

257 5143 441 5209 μόλις
472 5143 567 5208 δὶς
595 5145 705 5198 ἐὰν
733 5145 1113 5214 ἐπερωτηθῇς
1131 5162 1144 5174 ·
1183 5147 1608 5216 κεφαλαίωσωλ
1633 5146 1704 5199 ἐν
1732 5146 1958 5215 ὀλίγοις

263 5232 488 5286 πολλά.
534 5233 626 5305 Τῷ
663 5234 720 5288 δέ
753 5235 1034 5308 πρεσϐύτῃ
1064 5237 1125 5290 οὐ
1176 5236 1314 5309 μετὰ
1353 5236 1462 5290 τῶν
1505 5235 1764 5290 τοιούτων
1794 5237 1959 5307 διορι-

264 5318 422 5385 σμῶν
451 5321 783 5392 διαλέγεται,
815 5323 931 5380 ἀλλ’
961 5326 1119 5394 ἀφεὶς
1164 5325 1256 5377 τὸν
1298 5324 1462 5378 αὐτὸν
1491 5325 1585 5378 καὶ
1635 5324 1804 5396 χωρὶς
1848 5323 1958 5377 τῶν

262 5405 526 5459 τοιούτων
563 5409 710 5480 ὅρων
735 5414 1008 5484 συγχωρεῖ
1029 5411 1244 5484 τρέχειν
1265 5427 1278 5440 ·
1298 5411 1392 5464 καὶ
1423 5409 1520 5482 τὴν
1551 5410 1744 5482 ἡδονὴν
1770 5411 1826 5464 δὲ
1856 5411 1960 5465 πά·-

263 5484 348 5541 λιν
375 5491 485 5544 τῶν
523 5493 854 5568 λεγομένων,
903 5499 1032 5552 ὅταν
1086 5497 1225 5570 μετά
1254 5497 1520 5560 συνέσεως
1549 5498 1799 5569 λέγηται,
1831 5497 1960 5551 θαυ-

266 5578 537 5647 μάζουσα,
567 5583 741 5650 οὕτως
772 5586 878 5658 ἔφη
903 5603 916 5615 ·
963 5585 1273 5654 Λάλησον,
1313 5587 1700 5655 πρεσϐύτερε,
1747 5587 1960 5655 πρέπει

264 5663 378 5732 γάρ
417 5683 539 5735 σοι,
581 5668 652 5722 ἐν
686 5671 914 5740 ἀκριϐεῖ
945 5670 1015 5724 δὲ
1058 5669 1381 5741 ἐπιστήμῃ,
1427 5669 1526 5724 καί
1567 5670 1961 5740 ιέζιιποὸίοειςιιι

328 5769 354 5796 ⁸
382 5771 539 5836 Biblia
569 5772 754 5824 habent.
776 5776 857 5838 καὶ
879 5776 942 5838 μὴ
979 5774 1260 5838 ἐμποδίσῃς,
1279 5773 1427 5838 quod
1455 5771 1504 5838 in
1528 5775 1820 5838 conuariam
1842 5786 1960 5820 son-

264 5833 472 5882 tenliam
496 5839 745 5888 convertit
764 5833 934 5899 Chrys.
974 5833 1026 5888 lli
1053 5833 1228 5887 iisdem
1249 5833 1389 5887 abésl
1414 5836 1465 5885 δέ
1490 5844 1599 5898 post
1625 5837 1825 5900 ἅκριὸεἱ.

2062 3847 2349 3921 μουσικά.
2386 3848 2451 3901 Τί
2487 3849 2655 3913 ἐστιν,
2687 3847 2795 3901 Καὶ
2825 3846 3172 3918 ἐμποδίσέις
3204 3847 3474 3917 μουσικά
3493 3867 3512 3915 ;
3540 3851 3760 3905 Δείκνυ-

2066 3955 2151 3992 σιν
2177 3939 2242 3990 ἐκ
2259 3936 2473 4002 τούτου,
2495 3937 2578 3990 ὅτι
2603 3935 2703 4007 οὐχ
2727 3936 2898 4001 οὕτως
2921 3937 3082 4001 αὐλὸς
3104 3937 3198 3990 καὶ
3219 3936 3420 4009 κιθάρα
3451 3940 3546 3992 καὶ
3572 3937 3762 4012 σύριγ-ε

2064 4043 2158 4095 γες
2185 4025 2285 4096 ἡδὺ
2308 4025 2423 4088 τοῖς
2453 4021 2765 4088 ἀκούουσιν,
2802 4023 2880 4088 ὡς
2917 4023 3225 4095 πρεσϐύτου
3268 4025 3589 4082 διδασκαλία
3622 4028 3762 4098 μετά

2063 4111 2328 4186 ἀκριϐοῦς
2360 4113 2676 4183 ἐπιστήμης
2713 4111 3123 4184 προφερομένη.
3165 4113 3358 4186 Ἡδονῇ
3408 4114 3518 4186 γάρ
3562 4114 3760 4186 ἡδονὴν

2065 4199 2414 4272 παραϐάλλου
2422 4217 2510 4263 σα,
2529 4199 2663 4254 πολὺ
2678 4199 2882 4271 ταύτην
2896 4199 3112 4270 ἐκείνης
3123 4203 3598 4273 τυραννικωτέραν
3621 4199 3760 4256 εἷναί

2064 4307 2218 4361 φησι,
2238 4289 2334 4342 καὶ
2360 4288 2461 4360 τὴν
2489 4288 2590 4359 μὲν
2621 4289 2864 4359 κρατεῖν,
2891 4287 2990 4359 τὴν
3013 4287 3070 4341 δὲ
3093 4290 3229 4360 αὐτῇ
3260 4293 3615 4362 παραχωρεῖν
3641 4310 3654 4323 ο
3680 4291 3764 4345 διὸ

2065 4379 2160 4432 καί
2192 4395 2382 4450 φησιν,
2423 4376 2807 4447 Ἔμποδίσεις
2823 4377 3123 4446 μουσικά·
3158 4377 3457 4442 τουτέστιν,
3485 4378 3586 4432 οὐκ
3609 4378 3760 4433 ἐάσει

2067 4465 2128 4540 [ί.
2160 4465 2365 4538 ἐάσεις]
2389 4467 2529 4522 αὐτά
2548 4465 2858 4537 φαίνεσθαι,
2880 4467 3263 4539 ἐπισκοτήσεις
3291 4467 3496 4532 αὐτοῖς,
3530 4469 3758 4524 συσκιάο

2067 4572 2183 4620 σεις
2207 4555 2369 4610 αὐτά.

2047 4715 2058 4724 ς-
2109 4668 2238 4736 ’Διά
2261 4680 2326 4754 δὴ
2354 4681 2527 4736 ταῦτα
2571 4682 2663 4737 καὶ
2703 4683 2852 4753 ἡμᾶς
2897 4683 2995 4752 μὲν
3050 4682 3156 4735 ἔδει
3191 4683 3350 4754 σιγᾷν
3387 4685 3481 4737 καὶ
3514 4684 3756 4749 ἀκούειν,

2067 4770 2256 4824 τοῦτον
2288 4770 2346 4824 δὲ
2373 4770 2555 4839 λέγειν
2597 4771 2691 4824 καὶ
2733 4769 3007 4825 διδάσκειν
3034 4787 3047 4800 ·
3089 4771 3203 4824 ἀλλ’
3230 4770 3258 4824 ὃ
3288 4771 3551 4836 πολλάκις
3583 4768 3758 4836 εἷπον,

2067 4856 2225 4911 τοῦτο
2255 4859 2350 4912 καί
2371 4859 2468 4913 νῦν
2498 4858 2635 4930 ἐρῶ·
2665 4857 2789 4912 οὔτε
2813 4859 2966 4928 ὑμῶν
2990 4859 3141 4930 φέρω
3171 4859 3268 4930 τὴν
3300 4860 3610 4932 τυραννίδα,
3635 4859 3760 4914 οὔτε

2067 4946 2272 5000 τούτων
2303 4947 2402 5019 τὴν
2443 4947 2694 5018 ἀνάγκην
2718 4965 2731 4978 ·
2765 4947 2846 5000 διὸ
2875 4947 2939 5019 δὴ
2972 4947 3133 5001 πάλιν
3167 4948 3304 5018 πρὸς
3352 4950 3478 5010 τοὺς
3509 4949 3760 5019 συνήθεις

2068 5033 2374 5104 ἀποδύομαι
2409 5034 2666 5105 δρόμους,
2699 5035 2931 5106 πρᾶγμα
2971 5033 3246 5097 ἐπίπονον,
3283 5034 3345 5087 τὸ
3391 5034 3593 5102 λέγειν,
3621 5036 3759 5106 μετά

2069 5121 2269 5192 πολλῆς
2297 5122 2396 5192 τῆς
2446 5122 2696 5187 εὐκολίας
2732 5122 3149 5194 μεταχειρίζων,
3182 5123 3242 5175 οὐ
3264 5123 3353 5177 διὰ
3385 5123 3484 5194 τὴν
3516 5124 3756 5194 ἐμαυτοῦ

2067 5209 2318 5282 δύναμιν,
2351 5210 2488 5266 ἀλλά
2513 5211 2601 5265 διὰ
2629 5211 2729 5280 τὴν
2769 5211 3079 5284 προθυμίαν
3121 5211 3275 5282 ὑμῶν
3305 5213 3413 5266 τῶν
3465 5214 3759 5284 ἀκροωμέ-

2068 5317 2195 5354 νων.
2238 5301 2391 5352 Ἐπεὶ
2421 5301 2514 5354 καὶ
2549 5299 2741 5372 πρῴην
2773 5301 2910 5372 πρὸς
2943 5300 3196 5356 τοσοῦτον
3218 5301 3383 5372 βάθος
3410 5302 3760 5372 κατενεχθεὶς

2066 5389 2096 5441 ό
2129 5387 2286 5457 λόγος
2315 5389 2417 5441 οὐκ
2451 5389 2751 5460 ἀπεπνίγη,
2783 5390 2876 5442 καὶ
2909 5389 3096 5462 μακρά
3126 5390 3268 5445 οῦτω
3301 5391 3517 5462 πελάγη
3547 5391 3760 5445 διαϐαί-

2066 5493 2196 5540 νων,
2232 5473 2469 5546 οὐδαμοῦ
2512 5476 2771 5542 ναυάγιον
2796 5477 2926 5549 ὐμῖν
2954 5478 3213 5550 ὑπέμεινε
3236 5497 3250 5510 ·
3279 5473 3342 5532 τὸ
3365 5480 3421 5534 δὲ
3443 5479 3636 5546 αἴτιον,
3663 5479 3758 5532 οὐ·

2065 5561 2239 5634 δαμοῦ
2271 5562 2547 5630 σπιλάδες,
2580 5564 2702 5618 οὐδὲ
2736 5565 2949 5636 ὕφαλοι,
2991 5568 3114 5622 οὐδέ
3148 5568 3422 5632 σκόπελοι,
3455 5567 3593 5622 ἀλλά
3622 5583 3761 5620 παν-

2065 5651 2235 5722 ταχοῦ
2317 5651 2535 5722 λιμένος
2590 5655 2951 5730 γαληνότερον
3014 5655 3240 5730 εὕρισκε
3320 5657 3556 5726 πέλαγος
3582 5671 3593 5683 ’
3663 5655 3757 5709 καὶ

2064 5739 2257 5812 ὥσπερ
2293 5740 2398 5795 ὐπὸ
2421 5739 2660 5814 ζεφύρου
2695 5744 2839 5810 τινὸς
2890 5748 2985 5800 ἐπὶ
3033 5747 3290 5818 πρύμνης
3339 5744 3628 5816 ἱσταμένου
3659 5742 3754 5795 τοῦ

2070 5828 2234 5882 πόθου
2283 5829 2380 5900 τῆς
2429 5830 2702 5903 ὑμετέρας
2745 5835 3062 5906 ἀκροάσεως
3089 5876 3102 5903 ,
3149 5835 3285 5907 πρὸς
3345 5833 3516 5887 εὐδιον
3559 5829 3754 5902 λιμένα
