4138 6446
382 394 487 448 5‘25

382 530 491 565 non
526 505 822 562 suffocatus
849 507 930 553 est
954 539 967 559 ,
1002 506 1054 549 ct
1084 501 1290 547 tantum
1322 486 1542 557 pelagus
1569 498 1841 541 emensu-,
1880 492 1981 528 non

383 603 727 669 nau'ragium
756 604 946 663 passus
973 598 1077 642 est.
1129 585 1304 637 Causa
1344 589 1522 633 autem
1560 586 1644 629 est
1673 572 1815 641 quod
1861 583 1987 620 nus-

383 711 547 767 quam
578 658 745 762 petrae
765 728 781 753 ,
806 701 907 740 nec
931 697 1058 736 saxa
1090 674 1334 739 latentia,
1363 685 1463 726 nec
1492 666 1697 737 scopuli
1732 664 1861 726 sint,
1890 658 1983 713 sed

392 752 597 857 tibique
625 752 777 837 mare
799 779 916 850 ipso
938 782 1093 844 portu
1115 765 1455 839 tranquillius
1482 760 1683 816 invenit
1717 775 1729 811 :
1757 765 1811 810 et
1831 752 1983 822 quasi

390 880 636 950 zephyro
657 873 893 945 quodam
920 867 987 923 ad
1006 858 1562 936 proraminsufllautc,
1588 861 1769 908 vestro
1795 862 1986 915 nempe

386 941 645 1029 audiendi
666 941 870 1026 studio,
887 961 953 1015 ad
971 954 1316 1027 tranquillum
1335 959 1545 1022 portum
1561 941 1982 1015 appellebamus.

386 1066 587 1124 Statim
634 1061 780 1117 enim
821 1066 984 1126 atque
1012 1067 1079 1107 ex
1105 1063 1203 1104 ore
1230 1054 1419 1101 nostro
1459 1056 1638 1096 sermo
1681 1033 1989 1106 profereba-

392 1171 515 1225 tur,
589 1166 781 1209 omnes
839 1125 1048 1217 supinis
1102 1142 1254 1196 illum
1320 1133 1568 1191 manibus
1624 1125 1984 1197 excipiebant,

388 1217 605 1309 etiamsi
653 1245 876 1302 multam
927 1239 1153 1293 haberet
1206 1227 1578 1288 difficultatem
1619 1240 1635 1281 ι
1675 1222 1807 1317 tali:
1844 1217 1988 1317 enim

399 1359 576 1415 nuper
606 1347 725 1396 erat
754 1332 1146 1392 sententiarum
1196 1332 1386 1380 natura
1419 1338 1437 1378 :
1463 1325 1697 1371 attamen
1724 1308 1984 1365 alacrita—

394 1404 868 1505 tis.magnitudine
892 1435 947 1481 ct
988 1420 1185 1479 mentis
1228 1416 1458 1473 attentio
1489 1427 1609 1467 cum
1660 1404 1986 1462 accurationi

392 1502 612 1600 magna,
643 1533 698 1581 et
721 1524 773 1578 in
812 1518 997 1575 labore
1023 1514 1180 1571 nobis
1207 1510 1460 1567 solatium
1487 1502 1763 1566 attulistis,
1792 1509 1844 1553 et
1876 1511 1992 1567 qua:

395 1592 640 1678 difficilia
666 1622 842 1678 erant,
871 1610 1043 1665 facilia
1072 1603 1405 1662 reddidistis.
1436 1598 1621 1668 Neque
1649 1594 1791 1648 enim
1819 1592 1869 1645 iu
1900 1604 1993 1658 pc-

396 1726 560 1778 tram,
593 1722 770 1779 neque
800 1706 852 1759 iu
877 1703 1085 1772 Spinas,
1108 1711 1282 1767 neque
1303 1707 1459 1748 secus
1478 1689 1615 1744 viam
1633 1685 1825 1741 cadere
1852 1683 1997 1735 sine-

398 1807 559 1867 batis;
581 1802 677 1858 sed
711 1797 891 1854 omnia
922 1796 974 1848 in
1000 1792 1193 1862 pingue
1213 1796 1267 1843 et
1292 1781 1613 1857 profundum
1638 1791 1825 1832 arvum
1855 1771 1998 1829 exci-

410 1896 667 1969 piebatis,
711 1892 766 1946 in
806 1883 1127 1960 profundum
1160 1894 1353 1947 nempe
1392 1885 1586 1930 vestra:
1628 1869 1842 1924 mentis.
1870 1866 1994 1919 ldeo

397 1959 625 2059 singulis
642 1959 833 2040 diebus
849 1986 1086 2035 eomatas
1103 1983 1312 2043 segetes
1331 1967 1592 2029 videmus,
1616 1960 1836 2032 zephyri
1856 1959 1994 2020 loco,

410 2049 646 2152 Spiritus
674 2075 822 2131 auris
852 2069 1162 2133 inuutritas,
1192 2074 1246 2119 et
1282 2062 1550 2116 theatrum
1571 2054 1726 2108 nobis
1756 2049 1997 2121 quoddie

405 2146 747 2244 splendidum
799 2166 1076 2223 effectum.
1127 2159 1355 2227 Ideoque
1399 2152 1561 2207 hodie
1605 2146 1999 2221 prmtermissas

412 2238 656 2334 reliquias
675 2273 954 2316 resumere
967 2253 1235 2309 volebam.
1260 2248 1365 2305 Sed
1388 2244 1515 2317 quid
1536 2242 1763 2299 faciam?
1783 2238 2001 2295 Macha-

418 2331 645 2409 bmorum
673 2351 873 2407 chorus
894 2356 1000 2402 stat
1017 2354 1142 2399 ante
1169 2340 1355 2397 oculos
1383 2352 1555 2402 meos,
1576 2346 1631 2391 et
1648 2335 1854 2404 fulgore
1882 2331 2000 2385 vul-

410 2462 595 2502 nerum
622 2459 845 2501 suorum
879 2447 1117 2494 mentem
1149 2450 1323 2490 meam
1352 2431 1649 2489 illustrans,
1680 2425 1745 2479 ad
1771 2423 2001 2493 pulchri-

403 2539 643 2593 tudinem
692 2550 848 2592 suam
901 2534 1137 2603 linguam
1180 2534 1417 2581 nostram
1467 2528 1643 2575 vocat.
1689 2517 1796 2575 Sed
1838 2531 1999 2572 nemo

398 2646 709 2686 sermonem
763 2638 821 2682 ut
867 2621 1308 2694 intempestivum
1363 2615 1667 2688 improbet,
1715 2612 1839 2682 quia
1876 2624 1997 2665 cum

398 2724 594 2778 horum
620 2720 980 2777 certaminum
1012 2716 1130 2771 dies
1155 2711 1426 2770 crastinus
1453 2710 1552 2777 sit,
1584 2705 1741 2761 hodie
1769 2717 2001 2759 coronas

397 2814 672 2869 nectimus
698 2852 713 2877 ,
767 2820 822 2865 et
846 2820 973 2863 ante
1018 2805 1143 2862 belli
1192 2812 1403 2872 tempus
1446 2810 1707 2869 tropaeum
1739 2795 1999 2866 prmdica-

396 2923 538 2962 mus.
588 2906 646 2962 Si
702 2905 847 2960 enim
900 2916 1023 2957 cum
1080 2897 1280 2967 nuptia:
1323 2895 1696 2955 celebrantur,
1747 2890 1836 2959 qui
1893 2903 1996 2941 una

396 3007 636 3064 coeunt,
672 3006 799 3051 ante
840 2994 984 3049 diem
1034 2992 1365 3059 assignatum
1398 2994 1453 3041 et
1499 2985 1764 3039 thalamos
1809 2988 2000 3050 parant

396 3105 453 3149 et
485 3092 706 3149 coronis
728 3090 923 3146 domos
946 3094 1144 3141 ornant
1173 3092 1334 3152 atque
1365 3079 1553 3133 aulmis
1588 3094 1601 3129 :
1638 3077 1805 3130 multo
1830 3075 2000 3145 magis

396 3202 498 3241 nos
539 3186 646 3240 hoc
691 3186 867 3254 ipsum
899 3180 1160 3235 faciemus
1185 3218 1199 3241 ,
1244 3183 1446 3246 quanto
1491 3172 1650 3226 etiam
1692 3170 1864 3237 magis
1888 3166 2000 3236 Spi-

400 3280 623 3335 rituales
655 3285 780 3332 sunt
806 3274 891 3329 ιιεε
919 3272 1121 3340 ηυριίω
1147 3311 1161 3335 ,
1205 3284 1312 3322 non
1347 3266 1567 3321 homine
1599 3277 1822 3317 uxorem
1850 3302 1864 3324 ,
1900 3258 1998 3325 sed

398 3373 512 3426 Deo
539 3370 751 3424 animas
780 3364 1059 3421 hominum
1099 3361 1201 3417 sibi
1243 3359 1625 3428 desponsautc.
1661 3355 2001 3425 Quapropter

400 3479 511 3517 non
570 3458 911 3516 aberraverit
954 3456 1044 3527 qui
1096 3461 1393 3525 martyrum
1450 3449 1685 3504 animam
1742 3460 1996 3515 sponsam

398 3555 634 3619 dixerit,
668 3565 923 3621 sponsam
968 3562 1163 3617 nempe
1202 3543 1537 3616 spiritualem
1570 3539 1870 3609 :siquidem
1903 3551 1999 3606 pro

398 3650 528 3701 dote
568 3649 883 3717 sanguinem
928 3640 1194 3707 afferunt,
1240 3638 1423 3693 dotem
1486 3648 1777 3704 numquam
1829 3631 1992 3684 absu-

401 3739 677 3795 mendam.
726 3737 838 3794 Sed
886 3734 1104 3790 laudum
1157 3742 1368 3802 tempus
1407 3728 1473 3783 ad
1514 3728 1655 3783 diem
1711 3723 1999 3780 crastinam

403 3849 507 3887 nos
541 3838 822 3902 exspectet
850 3847 863 3884 :
899 3828 1058 3883 hodie
1082 3840 1212 3880 vero
1243 3823 1567 3879 infirmiores
1590 3821 1808 3874 fratrum
1835 3816 2004 3873 corri-

400 3941 619 3995 gemus.
670 3923 807 3991 Quia
859 3921 1003 3977 enim
1053 3918 1208 3974 multi
1255 3933 1321 3972 ex
1353 3913 1771 3985 simplicioribus
1821 3916 2004 3965 mente

402 4015 795 4079 claudicantes,
828 4012 895 4067 ab
924 4010 1181 4065 Ecclesim
1213 4007 1445 4062 inimicis
1475 4003 1707 4067 attracti,
1741 4016 1846 4055 non
1875 4013 2004 4055 con-

402 4117 690 4180 gruentem
741 4106 809 4161 de
858 4106 1060 4158 sanctis
1092 4101 1240 4179 hisce
1282 4098 1591 4169 opinionem
1632 4094 1857 4157 habent;
1910 4106 2006 4146 ne-

403 4218 512 4272 que
554 4200 676 4255 illos
723 4198 776 4252 iu
826 4198 1036 4267 reliquo
1079 4176 1377 4265 martyrum
1416 4191 1585 4244 choro
1611 4191 2003 4253 annumeraut,

402 4293 650 4347 dicentes
669 4332 685 4358 ,
719 4304 824 4344 non
855 4304 951 4359 pro
981 4285 1195 4341 Christo
1247 4286 1393 4353 ipsos
1421 4294 1736 4351 sanguinem
1765 4276 2001 4341 fudisse,

404 4384 501 4440 sed
532 4399 629 4452 pro
655 4382 773 4452 lege
798 4390 852 4436 et
880 4395 976 4451 pro
1006 4377 1289 4448 scripturis
1320 4391 1439 4446 qua:
1470 4374 1523 4427 in
1551 4373 1668 4442 lege
1690 4378 1866 4435 erant,
1906 4382 2003 4439 pro

409 4475 589 4529 suillis
624 4472 877 4528 carnibus
914 4469 1186 4540 jugulatos
1233 4483 1247 4520 :
1298 4480 1395 4534 age
1446 4477 1575 4534 ergo
1623 4462 2005 4532 cogitationem

405 4568 625 4622 illorum
643 4564 997 4633 corrigamus.
1024 4560 1204 4629 Turpe
1234 4572 1467 4627 namque
1492 4563 1638 4610 esset
1667 4554 1788 4607 illos
1817 4552 2009 4606 festum

405 4658 766 4721 celebrantes,
798 4653 1130 4709 celebritatis
1158 4665 1375 4707 causam
1412 4648 1688 4719 ignorare.

479 4750 535 4804 2.
560 4749 629 4805 Ut
653 4764 719 4804 ne
739 4763 866 4818 ergo
896 4747 929 4801 ii
954 4747 1043 4817 qui
1072 4746 1160 4799 tali
1184 4744 1374 4799 morbo
1394 4743 1639 4797 laborant
1668 4742 1720 4795 in
1739 4738 2011 4795 communi

408 4845 651 4898 omnium
680 4841 864 4896 hetitia
884 4841 981 4895 soli
1013 4839 1247 4902 doleant,
1274 4837 1368 4893 sed
1386 4838 1592 4892 sincera
1612 4847 1789 4890 mente
1810 4834 2012 4904 pugiles

410 4937 534 4990 illos
562 4934 981 5002 amplectantur,
1010 4931 1230 5002 ctpuris
1270 4930 1439 4985 oculis
1461 4928 1579 4983 illos
1610 4928 1821 4981 videant
1847 4944 1860 4979 :
1886 4924 2012 4994 quid

409 5028 624 5081 illorum
654 5034 860 5081 mentes
885 5022 1413 5079 concitaverithodie
1433 5020 1796 5081 traducentes,
1822 5018 1872 5072 id
1895 5016 2011 5071 effi-

409 5121 619 5175 ciemus
637 5127 693 5173 ut
706 5132 826 5172 cras
839 5117 1048 5171 sincera.
1064 5124 1242 5170 mente
1258 5124 1308 5167 et
1327 5129 1457 5183 puro
1474 5113 1653 5165 animo
1672 5110 1929 5165 accedant
1944 5107 2013 5163 ad

409 5212 746 5283 Spiritualem
769 5210 1156 5265 celebritatem.
1188 5207 1478 5261 Enimvero
1506 5219 1606 5273 ego
1631 5214 1835 5257 tantum
1863 5201 2017 5255 abest

412 5314 471 5360 ut
511 5318 756 5359 reensem
799 5301 1128 5356 lllaccabatos
1165 5298 1374 5353 creteris
1406 5296 1728 5366 martyribus
1760 5308 2018 5347 annume-

412 5412 557 5459 rare,
579 5406 632 5450 ut
646 5396 805 5450 etiam
824 5390 1214 5462 Splendidiores
1233 5390 1351 5444 illos
1364 5404 1482 5444 esse
1494 5388 1689 5441 dicam.
1706 5387 1855 5439 Tunc
1869 5384 2015 5439 enim

409 5495 883 5550 concertth-runt,
900 5498 1018 5537 cum
1035 5481 1269 5535 nondum
1289 5491 1453 5550 portu:
1472 5496 1627 5532 terea:
1649 5479 2018 5531 fraetau‘sceut

413 5597 589 5652 neque
614 5580 780 5634 vectis
798 5577 1009 5633 ferreus
1038 5578 1340 5630 abstractus
1365 5595 1376 5627 :
1403 5590 1522 5630 eum
1543 5574 1716 5627 adlmc
1741 5582 2015 5641 peccatum

410 5677 806 5736 dominaretur,
840 5683 891 5728 et
914 5669 1220 5725 maledictio
1249 5669 1481 5737 vigeret;
1507 5677 1660 5737 atque
1681 5683 1800 5721 eum
1822 5666 2014 5719 diaboli

413 5784 509 5821 arx
536 5764 712 5819 adhuc
732 5772 921 5825 staret,
956 5759 1186 5815 necdum
1217 5758 1335 5811 talis
1358 5758 1570 5811 virtutis
1602 5758 1681 5808 via
1705 5757 1823 5811 trita
1849 5765 2012 5810 28:0l.

414 5858 564 5914 [\nue
606 5855 750 5910 enim
803 5854 887 5909 vel
919 5851 1205 5908 admodum
1247 5850 1452 5923 pueruli
1493 5859 1543 5905 et
1574 5849 1803 5921 virgines
1835 5856 2013 5903 tuu‘ta:

1173 379 1236 424 tu
1280 367 1714 428 thitlLl.\,'llE
1757 360 2124 419 ELEAZARO
2165 360 2254 415 ΕΤ
2296 360 2567 416 SEPTEM
2608 360 2876 417 PUElllS.

3578 358 3679 410 5‘26

2092 487 2287 528 tt'ttt‘rtt?
2319 487 2369 528 et
2400 478 2634 545 innupta:
2666 477 2714 529 in
2754 474 3004 528 oumibus
3030 474 3174 529 orbis
3203 475 3457 543 partibus,
3490 488 3675 527 contra

2089 579 2275 618 tuortts
2323 568 2654 637 tyrannidem
2702 577 3085 621 eoucertavcre
3127 584 3141 621 :
3176 576 3301 621 tunc
3345 578 3523 621 autem
3557 579 3683 620 aute

2089 658 2285 711 Christi
2316 660 2624 721 adventum,
2655 661 2817 713 etiam
2849 661 2878 712 ii
2904 661 2993 728 qui
3020 659 3149 727 justi
3177 669 3363 723 erant,
3397 660 3684 713 admodum

2092 751 2233 805 illam
2265 751 2636 804 formidabant.
2665 752 2873 823 Moyses
2890 752 3031 806 enim
3053 751 3208 821 hujus
3231 752 3421 805 timore
3446 753 3648 821 aufugit
3672 771 3684 804 :

2090 843 2272 898 llclias
2298 860 2392 910 per
2418 845 2764 913 quadraginta
2796 845 3001 897 dierum
3033 845 3173 898 viam
3202 854 3483 913 propterea
3513 844 3643 913 fugit
3670 864 3681 895 :

2092 949 2144 993 et
2176 938 2442 991 Abraham
2485 936 2782 1004 patriarcha
2825 936 2945 991 ideo
2981 951 3201 990 uxorem
3236 936 3488 989 manebat
3516 946 3571 989 ιιι
3616 952 3677 990 se

2091 1046 2330 1084 sororem
2360 1029 2593 1092 diceret,
2649 1045 2751 1082 non
2785 1044 3024 1082 uxorem.
3057 1028 3250 1098 Ecquis
3293 1038 3506 1096 oportet
3547 1028 3684 1082 alios

2092 1124 2305 1179 dicere?
2353 1124 2466 1191 ipse
2522 1140 2749 1190 namque
2793 1123 2978 1177 l'etrus
3028 1123 3098 1177 ita
3153 1134 3379 1177 mortem
3423 1124 3682 1189 timebat,
3724 1126 3727 1131 ’

2093 1225 2154 1272 ιιι
2180 1234 2245 1272 ne
2271 1218 2506 1270 Osliztrizt!
2539 1217 2756 1285 quidem
2784 1217 2957 1271 minas
2990 1217 3173 1270 tulerit
3200 1233 3213 1269 :
3246 1217 3499 1271 terribilis
3532 1233 3685 1271 nam-

2093 1325 2198 1380 que
2244 1325 2389 1363 mors
2418 1317 2532 1363 erat
2559 1320 2611 1363 et
2645 1310 2941 1374 inaccessa,
2973 1324 3094 1363 cum
3123 1309 3358 1362 nondum
3392 1309 3537 1361 nervi
3571 1309 3685 1378 ejus

2094 1402 2296 1456 exsccti
2330 1400 2551 1455 fuissent
2582 1417 2679 1454 nec
2717 1412 2952 1470 potestas
2981 1400 3099 1470 ejus
3120 1400 3318 1454 soluta.
3355 1403 3601 1455 Attamen
3634 1399 3685 1453 hi

2094 1503 2255 1560 tunc,
2308 1495 2521 1565 quando
2572 1497 2659 1549 illa
2715 1505 2819 1548 tam
2879 1494 3496 1563 terribiliterspirabat,
3544 1494 3685 1547 illam

2097 1599 2535 1658 expugnaverunt
2567 1596 2620 1641 et
2649 1588 2984 1643 devicerunt.
3015 1586 3150 1655 Quia
3191 1586 3333 1641 enim
3365 1586 3476 1655 jam
3507 1587 3584 1639 sol
3604 1587 3687 1655 ju-

2098 1681 2256 1735 stitire
2280 1680 2514 1733 oriturus
2544 1690 2679 1745 erat,
2704 1680 2843 1749 quod
2866 1679 2919 1733 in
2940 1679 3140 1747 vulgari
3159 1678 3247 1734 die
3276 1680 3352 1741 fit,
3379 1678 3541 1732 etiam
3566 1686 3691 1731 tunc

2098 1771 2322 1840 Contigit
2352 1788 2364 1824 :
2410 1773 2547 1824 sicut
2577 1772 2719 1824 enim
2749 1772 2862 1824 sole
2893 1770 3128 1824 nondum
3161 1778 3474 1839 apparente,
3509 1768 3690 1823 Letum

2102 1872 2279 1917 utmeu
2339 1862 2493 1917 nobis
2542 1862 2832 1916 diluculum
2883 1869 3150 1931 apparet,
3196 1871 3251 1915 et
3290 1875 3412 1915 cum
3456 1860 3692 1915 nondum

2101 1955 2306 2009 Solares
2334 1954 2467 2009 radii
2519 1955 2622 2008 sint
2656 1952 2968 2018 manifesti,
3023 1953 3111 2007 lux
3178 1952 3449 2005 radiorum
3507 1952 3690 2020 procul

2103 2048 2291 2101 orbem
2326 2047 2589 2101 illuminat
2626 2066 2637 2099 :
2671 2046 2811 2100 idem
2842 2054 2895 2097 et
2923 2053 3049 2099 tunc
3094 2043 3334 2113 contigit.
3367 2043 3501 2110 Quia
3546 2042 3689 2096 enim

2101 2144 2429 2196 adventtuus
2457 2152 2572 2195 erat
2591 2140 2935 2209 Soljustitiae,
2959 2137 3172 2193 tandem
3194 2135 3430 2191 diuturni
3461 2137 3693 2205 torpor-is

2101 2235 2338 2289 tenebra:
2397 2233 2773 2298 solvebantur,
2831 2231 2932 2287 etsi
2979 2229 3217 2284 nondum
3270 2238 3592 2299 apparuerat
3640 2229 3691 2281 iu

2100 2342 2285 2393 carne,
2318 2328 2410 2383 sed
2442 2342 2608 2397 prope
2639 2338 2755 2382 erat
2778 2338 2832 2381 et
2873 2323 3025 2397 quasi
3052 2325 3104 2379 in
3134 2322 3439 2395 promutiis,
3486 2332 3541 2376 et
3578 2321 3692 2391 jam

2101 2436 2190 2477 res
2218 2422 2359 2491 ipsas
2383 2420 2651 2489 tangebat.

2177 2515 2436 2570 Probatur
2464 2514 2789 2570 Mar/iubeas
2818 2531 2908 2585 pro
2924 2512 3126 2569 Christo
3149 2528 3323 2580 passos
3340 2508 3691 2576 esse—Quod

2104 2609 2266 2680 igitur
2319 2624 2567 2680 magnam
2623 2608 2973 2663 exhibuerint
3026 2607 3280 2660 virtutem
3313 2645 3327 2669 ,
3391 2604 3442 2657 in
3500 2603 3692 2656 talibus

2103 2713 2479 2759 concertautes
2527 2701 2882 2771 temporibus,
2916 2699 3137 2755 oumino
3176 2698 3352 2769 palam
3398 2706 3481 2750 est
3509 2712 3520 2746 :
3553 2691 3692 2761 quod

2103 2813 2232 2852 vero
2258 2797 2417 2852 etiam
2448 2811 2543 2866 pro
2590 2794 2806 2850 Christo
2847 2793 3070 2847 vulnera
3102 2790 3431 2859 acceperint,
3458 2786 3558 2839 huc
3583 2785 3693 2853 jam

2102 2893 2476 2948 demonstrare
2503 2892 2762 2947 conabor.
2789 2889 2898 2943 Cur
2919 2888 3086 2951 enim,
3107 2884 3194 2939 dic
3212 2883 3366 2948 mihi,
3389 2886 3527 2950 passi
3547 2878 3696 2933 sunt?

2102 2984 2234 3054 legis
2265 2999 2422 3039 causa
2452 3025 2466 3048 ,
2501 2983 2732 3052 inquies,
2790 2990 2845 3035 et
2895 2980 3286 3049 scripturarum
3332 2990 3452 3045 quae
3501 2974 3551 3026 in
3607 2971 3696 3027 illa

2102 3086 2275 3134 erant.
2301 3077 2358 3131 Si
2386 3091 2513 3146 ergo
2554 3074 2866 3145 apparuerit
2889 3071 3164 3126 Christum
3200 3069 3374 3139 legem
3421 3067 3565 3120 illam
3598 3064 3697 3117 tle-

2102 3170 2270 3237 disse,
2300 3185 2479 3225 annon
2510 3168 2861 3237 coitspicuum
2893 3175 2974 3221 est
2997 3163 3118 3217 illos
3146 3177 3243 3232 pro
3273 3163 3387 3229 lege
3411 3161 3694 3230 patientes,

2104 3280 2203 3336 pro
2228 3264 2534 3335 legislature
2564 3271 2728 3316 totam
2760 3261 2902 3315 illam
2932 3257 3289 3314 constantiam
3312 3267 3362 3311 et
3389 3254 3695 3325 patientiam

2103 3354 2455 3423 exhibuisse?
2483 3356 2598 3425 Age
2619 3368 2770 3423 ergo,
2796 3352 2897 3406 hoc
2917 3350 3076 3406 hodie
3100 3349 3407 3420 probemus,
3424 3346 3696 3402 Christum

2104 3465 2298 3520 nempe
2327 3463 2450 3504 esse
2490 3448 2578 3519 qui
2609 3447 2780 3517 legem
2809 3445 2974 3500 dedit.
3016 3442 3288 3513 Quisergo
3315 3441 3430 3495 lucc
3450 3439 3623 3493 dixit?
3653 3438 3699 3493 ls

2104 3546 2192 3613 qui
2229 3545 2342 3598 lucc
2386 3543 2551 3612 probe
2583 3540 2786 3595 sciebat
2812 3548 2866 3593 et
2894 3553 3029 3593 nova
3056 3548 3109 3591 et
3135 3547 3337 3598 vetera,
3364 3534 3579 3598 Paulus,
3611 3550 3700 3585 or-

2105 3641 2187 3695 bis
2212 3640 2398 3693 doctor
2421 3658 2433 3690 :
2458 3636 2751 3692 Corinthiis
2774 3648 3004 3702 namque
3024 3632 3289 3695 scribens,
3315 3630 3393 3683 sic
3419 3629 3654 3698 loquitur
3682 3643 3695 3679 :

2107 3732 2247 3786 Nolo
2278 3741 2446 3784 autem
2488 3746 2573 3784 vos
2617 3730 2871 3798 ignorare,
2918 3730 3123 3796 fratres,
3168 3724 3288 3793 quia
3330 3731 3496 3791 patres
3540 3720 3701 3773 nostri

2107 3841 2276 3879 omnes
2316 3822 2406 3876 sub
2448 3820 2578 3874 nube
2603 3821 2842 3889 fuerunt,
2873 3828 2918 3871 et
2942 3832 3115 3871 omnes
3157 3832 3245 3885 per
3277 3831 3417 3867 mare
3466 3811 3699 3866 Rubrum

2108 3915 2438 3976 transierunt,
2474 3923 2519 3967 et
2542 3928 2713 3966 omnes
2737 3911 2790 3964 in
2814 3908 2866 3963 Μ
2875 3926 2994 3981 eyse
3018 3907 3258 3980 baptizati
3282 3916 3397 3959 sunt
3423 3904 3474 3958 in
3506 3905 3635 3957 nube
3656 3913 3700 3955 rt

2108 4009 2159 4061 iu
2188 4007 2333 4072 mari,
2363 4015 2409 4059 et
2432 4022 2603 4059 omnes
2621 4004 2848 4058 eumdem
2873 4003 3038 4056 cibum
3073 3998 3394 4068 spiritualem
3422 4001 3702 4048 utendum-

2108 4109 2282 4155 veruut
2307 4100 2323 4170 (
2354 4102 2403 4155 1.
2423 4097 2541 4154 Cor.
2568 4097 2654 4153 10.
2679 4096 2775 4151 1-5
2801 4095 2844 4167 ),
2867 4094 2934 4149 de
2962 4109 3154 4147 manna
3179 4091 3429 4158 loquens,
3457 4100 3502 4142 et
3530 4104 3702 4142 euntes

2108 4193 2338 4248 eumdem
2390 4200 2563 4261 potum
2603 4189 2919 4263 spirituatem
2972 4184 3220 4247 biberunt,
3272 4197 3464 4250 aquatn
3516 4180 3703 4233 diCCIIS

2113 4286 2280 4347 illam,
2305 4299 2424 4354 qua:
2446 4301 2474 4338 e
2499 4292 2645 4351 petra
2670 4280 2841 4335 ﬂuxit.
2865 4275 3066 4332 Deinde
3085 4286 3365 4345 postquam
3392 4273 3705 4327 ostenderat

2111 4376 2383 4431 Christum
2416 4374 2531 4428 lucc
2562 4371 2828 4427 mirabilia
2858 4370 3048 4424 fecisse
3069 4408 3084 4432 ,
3112 4366 3387 4435 subjuuxit
3419 4382 3431 4417 :
3463 4364 3705 4418 Bibebaut

2112 4469 2242 4523 enim
2277 4483 2340 4521 ea:
2375 4464 2629 4537 spirituali
2655 4471 2988 4533 consequente
3024 4475 3110 4515 eos
3150 4468 3330 4527 petra:
3354 4467 3497 4528 petra
3540 4469 3703 4508 autem

2114 4571 2219 4615 erat
2247 4560 2477 4615 Christus
2506 4559 2525 4625 (
2553 4555 2693 4611 Ibid.
2726 4572 2778 4609 υ.
2810 4555 2843 4609 4
2870 4553 2912 4627 ).
2942 4554 3007 4608 Ει
3032 4552 3155 4622 jure
3184 4559 3332 4606 certe
3369 4566 3383 4602 :
3420 4567 3523 4604 non
3565 4550 3706 4604 enim

2014 4712 2029 4713 ί
2115 4662 2281 4723 petra:
2311 4661 2498 4705 natura
2529 4648 2807 4705 emittebat
2846 4662 3041 4717 aquatn
3092 4654 3147 4699 et
3186 4644 3375 4697 fluvios
3432 4644 3572 4703 illos.
3613 4643 3705 4696 5θί

2116 4744 2313 4799 Christi
2341 4758 2410 4812 op
2445 4743 2582 4796 ratio
2612 4739 2840 4809 lapidem
2891 4738 3203 4809 percutiens
3256 4734 3433 4789 fontes
3461 4735 3710 4788 emittere

2117 4839 2315 4908 coegit.
2348 4836 2471 4891 Ideo
2529 4836 2691 4889 etiam
2742 4833 3073 4904 spiritualem
3131 4840 3336 4899 petram
3390 4829 3620 4889 vocavit,
3655 4838 3708 4881 et

2120 4930 2265 4998 ipsos
2308 4938 2586 4998 sequutum
2619 4940 2741 4980 esse
2767 4924 2943 4978 dixit:
2983 4923 3200 4977 sensilis
3231 4935 3360 4975 vero
3409 4930 3569 4988 petra
3602 4934 3705 4971 nou

2119 5020 2381 5087 sequitur,
2413 5017 2506 5070 sed
2537 5017 2587 5070 in
2619 5016 2737 5070 loco
2763 5029 2868 5068 uno
2898 5013 3105 5067 stabilis
3132 5021 3214 5065 est
3248 5027 3261 5061 :
3292 5010 3386 5063 sed
3408 5012 3576 5063 virtus
3598 5010 3706 5068 illa,

2118 5128 2237 5181 quae
2270 5110 2461 5178 ubique
2488 5108 2639 5162 adest
2678 5118 2732 5163 et
2758 5106 2937 5159 omnia
2962 5112 3133 5167 creat,
3170 5104 3285 5170 ipsa.
3310 5113 3513 5170 petram
3547 5102 3714 5166 rupit.

2119 5201 2271 5270 Quod
2298 5202 2342 5255 si
2374 5201 2488 5254 hate
2515 5200 2677 5255 verba
2710 5213 2816 5252 non
2841 5196 2974 5251 ferat
3000 5194 3237 5256 Judaeus,
3269 5208 3367 5261 age
3394 5194 3504 5247 suis
3535 5193 3705 5261 ipsum

2121 5295 2285 5349 armis
2304 5293 2599 5361 capiamus,
2633 5290 2855 5345 nihilex
2880 5289 3068 5354 Paulo,
3096 5287 3256 5341 Petro
3278 5296 3331 5341 ct
3360 5286 3589 5348 Joanne.
3611 5288 3704 5341 sed

2121 5402 2185 5441 ex
2214 5382 2489 5456 prophetis
2517 5398 2636 5438 cum
2682 5381 2774 5434 illo
2825 5379 3181 5448 disputantes,
3217 5389 3273 5433 ιιι
3321 5379 3491 5435 discat
3531 5380 3711 5434 literas

2123 5492 2288 5548 penes
2313 5476 2481 5536 illum.
2512 5489 2667 5529 sensa
2697 5488 2825 5528 vero
2851 5488 3018 5542 penes
3045 5487 3141 5527 nos
3170 5488 3310 5527 esse.
3694 5524 3703 5529 -

2196 5570 2247 5621 5.
2278 5568 2407 5633 Quis
2451 5582 2580 5636 ergo
2625 5565 3009 5635 prephetarum
3060 5563 3173 5619 hac
3213 5564 3379 5631 dicit,
3410 5564 3551 5634 quod
3601 5565 3713 5633 ipse

2124 5668 2277 5713 \‘t'lttS
2301 5658 2706 5714 Testamentum
2738 5656 2985 5711 dederit?
3013 5656 3276 5712 Jeremias
3305 5657 3396 5726 qui
3425 5673 3492 5711 ex
3524 5668 3705 5714 veutze

2124 5753 2485 5831 sanctificatus
2529 5759 2644 5816 est,
2687 5752 2775 5820 qui
2826 5750 2878 5804 in
2927 5752 3206 5820 juventute
3254 5749 3466 5804 claruit.
3517 5748 3615 5804 Ubi
3663 5760 3718 5804 et

2125 5846 2431 5920 quomodo?
2461 5844 2596 5900 Audi
2630 5846 2787 5901 verba
2827 5844 2966 5915 ejus,
2997 5854 3050 5901 et
3080 5858 3145 5901 ex
3176 5843 3331 5900 dictis
3362 5842 3504 5899 clare
3542 5841 3707 5898 disce.
