4138 6516
453 382 562 439 527

457 497 719 563 Qtuenatn
783 497 942 568 igitur
1004 504 1132 551 sunt
1186 493 1382 551 verba?
1441 489 1575 547 Ecce
1628 489 1736 546 dies
1799 489 2047 554 veniunt,

459 585 585 641 dicit
633 585 901 643 Dominus.
930 587 1014 642 Ab
1044 587 1195 641 initio
1225 586 1407 641 statim
1451 583 1752 640 auditorem
1784 581 1962 652 erigit,
1994 588 2048 634 et

461 678 791 733 audientium
819 694 1037 735 sensum
1080 679 1300 745 excitat,
1331 676 1625 733 ostendens
1652 690 1758 730 non
1800 690 1896 730 sua
1927 688 2049 729 esse

462 773 646 839 verba,
664 773 758 829 sed
784 789 844 831 se
872 772 1132 828 mittentis
1164 774 1278 827 Dei.
1304 772 1436 827 Ecce
1460 771 1569 825 dies
1588 770 1815 826 veniunt.
1844 766 2050 822 Deinde

461 866 728 939 signiﬁcat
751 882 810 922 se
840 866 910 923 de
955 866 1143 922 ﬁtturis
1180 867 1340 922 rebus
1381 865 1550 937 loqui.
1582 861 1866 931 Quomodo
1894 875 2045 931 ergo,

462 963 508 1013 si
560 958 631 1015 de
688 959 878 1013 futuris
927 959 1203 1029 loquitur,
1238 958 1405 1015 Vetus
1468 957 1872 1012 Testamentum
1936 954 2053 1021 ipse

465 1049 655 1105 dedit?
696 1044 962 1120 Exspecta
1020 1059 1076 1105 et
1120 1067 1191 1104 ne
1247 1049 1483 1105 turberis
1535 1057 1769 1118 tuncque
1814 1045 2056 1100 veritatis

464 1143 808 1215 splendorem
859 1144 1090 1200 videbis.
1141 1143 1277 1200 Cum
1333 1144 1478 1199 enim
1535 1141 1653 1197 haec
1699 1139 2052 1207 dicebantur,

466 1238 550 1293 lex
577 1236 698 1290 data
728 1245 845 1292 erat
883 1246 938 1292 et
979 1237 1174 1292 violata
1205 1233 1400 1303 fuerat,
1424 1233 1630 1290 Novum
1682 1249 1811 1288 vero
1860 1232 2054 1288 Testa-

466 1339 706 1385 mentum
756 1328 1017 1385 noudum.
1051 1329 1146 1384 His
1189 1345 1321 1401 ergo
1371 1329 1515 1384 clare
1546 1328 1598 1381 in
1644 1336 1825 1381 mente
1875 1333 2053 1379 vestra

463 1424 766 1493 depositis,
826 1424 1152 1479 solutionem
1218 1423 1446 1493 accipite
1495 1420 1867 1476 difﬁcultatum
1920 1431 2056 1488 quas

467 1515 623 1570 multi
669 1514 953 1584 objiciunt.
1010 1514 1139 1570 Ecce
1180 1515 1288 1569 dies
1328 1514 1565 1578 ueniunt,
1620 1512 1741 1566 dicit
1780 1510 2056 1575 Dominus,

469 1623 710 1677 prursens
757 1617 972 1678 tempus
1014 1607 1342 1678 signiﬁcans,
1393 1616 1441 1661 et
1476 1605 1748 1676 disponant
1793 1603 1929 1658 vobis
1980 1612 2056 1657 te-

468 1711 773 1755 stamentum
814 1716 1017 1766 novum,
1061 1716 1166 1754 non
1203 1698 1483 1755 secundum
1521 1708 1875 1754 testamentum
1923 1695 2060 1766 quod

469 1792 699 1861 disposui
740 1791 969 1862 patribus
1006 1793 1181 1847 uestris
1229 1792 1379 1863 (λεν.
1420 1792 1510 1847 5|.
1552 1791 1644 1847 3|.
1697 1792 1768 1846 52
1794 1792 1833 1861 ).
1889 1789 2063 1845 luter-

472 1899 605 1956 rrgo
655 1884 939 1947 Judmum,
990 1884 1263 1956 interrogo
1314 1885 1583 1939 inﬁrmum
1633 1882 1875 1948 fratrem,
1931 1881 2064 1950 Quis

473 1993 668 2033 novum
720 1976 870 2033 dedit
912 1976 1357 2033 Testamentum?
1387 1977 1578 2032 Procul
1636 1975 1801 2031 dubio
1839 1989 2067 2046 respon-

469 2070 676 2126 debunt
704 2070 888 2139 ambo,
920 2071 1062 2139 quod
1088 2070 1338 2127 Christus
1365 2069 1595 2127 dederit.
1622 2070 1766 2141 Ergo
1798 2068 1886 2125 hic
1910 2078 2064 2125 vetns

471 2165 633 2219 etiam
682 2165 851 2221 dedit.
911 2165 1046 2221 Nam
1088 2166 1178 2237 qui
1236 2164 1372 2221 dixit
1402 2207 1416 2230 ,
1464 2164 1749 2237 Disponam
1796 2173 2068 2219 testamen-

473 2268 579 2310 tum
607 2272 810 2323 novum,
837 2274 939 2311 non
966 2258 1243 2312 secundum
1275 2266 1626 2312 testamentum
1653 2256 1791 2326 quod
1816 2255 2064 2326 disposui,

473 2352 710 2408 ostendit
736 2367 796 2408 se
823 2353 985 2409 etiam
1031 2352 1159 2407 illud
1197 2351 1412 2408 dedisse
1442 2369 1456 2406 :
1484 2367 1614 2422 ergo
1652 2353 1931 2423 utriusque
1963 2350 2070 2406 Te-

473 2447 725 2501 stamenti
756 2462 894 2502 unus
916 2446 1195 2517 legislator
1214 2453 1316 2501 est.
1353 2446 1418 2500 Et
1442 2444 1804 2516 quandonam,
1838 2459 2024 2515 quteso
2052 2485 2068 2511 ,

475 2547 631 2593 vetus
658 2538 1061 2594 Testamentum
1086 2536 1390 2608 disposuit?
1423 2535 1492 2591 In
1529 2537 1611 2591 die
1650 2553 1752 2605 qua
1792 2552 1947 2590 manu
1972 2552 2071 2606 ap-

478 2629 722 2700 prehendi
742 2647 848 2695 eos,
869 2639 928 2684 ut
952 2629 1217 2684 educerem
1240 2629 1358 2684 illos
1378 2629 1440 2683 de
1461 2637 1595 2682 terra
1617 2626 1838 2700 (Egypti
1860 2627 2068 2699 (Ibid.).

478 2724 615 2780 Vide
664 2723 937 2794 quomodo
980 2732 1037 2779 et
1073 2722 1384 2778 facilitatem
1421 2722 1657 2777 Ostendit
1703 2721 1988 2789 educendi,
2019 2730 2075 2777 et

478 2814 821 2871 dilectionem
863 2829 1038 2880 suam,
1067 2822 1124 2871 et
1147 2812 1448 2869 eductionis
1491 2814 1859 2880 securitatem,
1904 2813 2075 2885 quod-

478 2922 586 2978 que
620 2908 734 2977 ipse
759 2907 812 2961 in
845 2905 1080 2978 Egypk‘
1129 2907 1300 2965 smnia
1345 2906 1599 2961 miracula
1640 2913 1898 2976 patraret.
1937 2904 2072 2962 Cum

482 2999 627 3054 enim
652 2998 801 3065 dicit,
833 2998 1049 3053 Manum
1068 3015 1241 3054 eorum
1269 2999 1603 3070 apprehendi,
1628 3007 1683 3052 ut
1705 2999 1965 3053 educerem
1990 3014 2076 3053 eos

484 3092 550 3145 de
583 3100 719 3146 terra
747 3090 989 3163 Egypti,
1033 3091 1290 3147 miracula
1331 3091 1511 3146 omnia
1557 3090 1822 3162 signiﬁcat
1855 3109 1868 3147 :
1900 3090 2075 3146 exitus

476 3184 630 3239 enim
660 3182 751 3240 ille
795 3199 895 3255 per
934 3183 1025 3239 illa
1061 3183 1325 3254 stupenda
1370 3183 1625 3240 miracula
1657 3181 1832 3239 factus
1875 3190 1976 3239 est.
2010 3181 2078 3237 Et

478 3275 586 3345 ipsi
612 3291 716 3331 non
754 3284 1140 3353 permanserunt
1182 3276 1239 3331 in
1283 3286 1576 3332 testamento
1613 3293 1724 3332 meo
1751 3294 1769 3343 ;
1796 3286 1845 3332 et
1871 3293 1962 3348 ego
1991 3294 2079 3333 ne-

478 3367 625 3436 glexi
651 3383 758 3434 eos,
797 3367 920 3422 dicit
958 3366 1209 3423 Dominus
1235 3366 1451 3440 (Ibid).
1493 3367 1647 3435 Quod
1671 3369 1831 3439 igitur
1861 3368 1984 3424 novi
2022 3378 2080 3425 et

485 3458 685 3516 veteris
712 3459 1041 3517 Testamenti
1077 3473 1214 3516 unus
1241 3461 1314 3516 sit
1360 3460 1669 3531 legislator,
1703 3459 1828 3516 hinc
1856 3460 2081 3517 manife-

480 3561 628 3607 stum
673 3562 776 3609 est.
823 3551 921 3608 llic
960 3567 1091 3608 vero
1121 3552 1167 3609 si
1194 3552 1313 3624 quis
1339 3552 1539 3608 dictum
1564 3561 1821 3609 accurate
1866 3553 2079 3624 prospi-

484 3645 612 3708 ciat,
657 3644 853 3700 videbit
897 3645 1070 3714 ipsum
1109 3659 1215 3699 non
1259 3644 1469 3700 modica
1512 3644 1830 3701 difﬁcultate
1859 3645 2078 3716 plenum

484 3753 628 3794 esse.
660 3738 792 3794 Nam
827 3754 948 3795 cum
975 3754 1192 3797 causam
1237 3740 1386 3804 dicit,
1415 3740 1486 3796 ob
1515 3755 1676 3812 quam
1706 3740 1851 3795 aliud
1888 3739 2081 3796 Testa-

482 3839 727 3886 mentum
755 3830 976 3887 daturus
1001 3839 1106 3896 est,
1149 3846 1346 3886 novum
1377 3830 1506 3886 illud
1551 3838 1725 3893 vocat,
1754 3830 1805 3884 id
1834 3838 1933 3895 est,
1963 3838 2081 3886 stu-

484 3922 720 3993 pendum
748 3940 764 3977 :
793 3937 938 3988 nam,
959 3920 1266 3992 Disponam.
1287 3921 1477 3993 inquit,
1498 3931 1850 3976 testmnentum
1871 3938 2079 3987 novum,

488 4030 591 4069 non
653 4015 931 4069 secundum
978 4024 1334 4070 testamentum
1376 4015 1514 4085 quod
1570 4015 1802 4085 disposui
1844 4015 2081 4087 patribus

486 4123 682 4174 eorum,
728 4107 969 4178 quoniam
1013 4106 1113 4176 ipsi
1141 4122 1244 4161 non
1273 4115 1659 4177 permanserunt
1703 4107 1754 4161 in
1785 4115 2082 4162 testamento

486 4214 642 4263 meo;
684 4208 732 4254 et
766 4215 859 4270 ego
901 4199 1101 4269 neglexi
1144 4214 1267 4263 eos,
1297 4197 1422 4253 dicit
1451 4196 1720 4252 Dominus.
1769 4198 1927 4269 Atqui
1960 4199 2081 4254 ideo

488 4290 610 4344 illos
631 4290 805 4361 puniri
832 4290 1136 4360 oportebat,
1160 4297 1539 4361 extremasque
1573 4305 1759 4358 pcenas
1788 4290 2079 4346 intoleran-

487 4380 724 4449 dumque
759 4379 945 4437 subire
987 4379 1332 4450 supplicium,
1376 4380 1522 4451 quod
1567 4389 1689 4451 post
1728 4389 1870 4435 tanta
1919 4382 1971 4436 in
1996 4381 2082 4437 sui

487 4471 717 4543 gratiam
747 4470 885 4526 facta
908 4470 1183 4537 miracula,
1204 4479 1259 4525 et
1281 4470 1402 4542 lege
1423 4481 1662 4541 accepta,
1689 4487 1797 4526 non
1826 4474 2083 4529 meliores

488 4563 776 4617 evaserint.
808 4562 1007 4618 Verum
1051 4561 1139 4618 hie
1184 4576 1290 4617 non
1338 4578 1525 4633 pmnas
1571 4562 1639 4619 ab
1689 4564 1794 4619 illis
1834 4568 2080 4635 expetit;

490 4656 601 4710 imo
630 4663 686 4711 et
711 4655 912 4726 majora
944 4671 1104 4726 quam
1136 4654 1283 4724 prius
1311 4655 1614 4728 pollicetur.
1646 4648 1933 4725 oporteret
1960 4659 2082 4727 qui-

488 4749 613 4806 dem
641 4749 816 4804 adhuc
847 4749 1004 4805 hodie
1034 4749 1195 4821 hujus
1217 4748 1550 4805 difﬁcultatis
1575 4750 1900 4805 solutionem
1922 4750 2083 4806 affer-

490 4856 592 4906 re;
618 4840 715 4895 sed
749 4840 872 4911 quia
901 4840 969 4895 ad
999 4841 1158 4897 aliam
1184 4855 1301 4896 rem
1325 4856 1424 4896 nos
1455 4856 1635 4896 sermo
1662 4841 1873 4907 invitat,
1907 4852 1955 4897 et
2009 4843 2080 4898 ita

491 4932 744 4987 volumus
772 4947 867 4987 vos
897 4932 1198 4996 instituere,
1229 4941 1287 4987 ut
1314 4946 1425 4988 nea
1453 4932 1607 4987 nobis
1635 4933 1812 4987 omnia
1839 4932 2078 5002 discatis,

493 5024 588 5079 sed
610 5033 666 5081 et
693 5040 723 5079 a
751 5024 902 5081 vobis
924 5024 1053 5095 ipsis
1084 5024 1390 5089 inveniatis,
1423 5025 1524 5078 hoc
1547 5024 1701 5078 vobis
1731 5027 2079 5095 quaerendum

490 5125 546 5172 et
572 5116 951 5173 inveniendum
999 5117 1265 5187 relinquo.
1311 5114 1368 5171 Si
1412 5123 1593 5170 autem
1643 5116 1933 5172 viderimus
1983 5133 2080 5173 vos

493 5208 874 5279 perquisivisse
899 5223 1001 5264 nec
1019 5207 1310 5270 invenisse,
1342 5214 1469 5261 tunc
1488 5214 1543 5261 et
1563 5207 1663 5275 ipsi
1688 5222 1878 5262 manus
1903 5209 2079 5277 porri-

491 5315 680 5371 gemus
712 5316 728 5356 :
760 5310 818 5355 ut
845 5315 977 5355 vero
1019 5300 1182 5354 etiam
1223 5298 1431 5353 facilius
1472 5298 1714 5354 invenire
1760 5299 1996 5369 possitis.
2027 5308 2082 5354 et

491 5394 785 5466 apostolica
814 5392 952 5455 loca,
985 5393 1038 5447 in
1065 5393 1220 5463 queis
1249 5393 1480 5447 maxime
1508 5392 1826 5447 thesaurum
1857 5402 1912 5448 et
1933 5392 2079 5448 difﬁ-

488 5484 706 5539 cultatis
719 5481 882 5551 hujus
901 5482 1225 5538 solutionem
1253 5483 1497 5539 invenire
1520 5492 1624 5550 est,
1645 5481 1758 5554 jam
1779 5483 1928 5538 vobis
1945 5500 2084 5555 prae-

489 5578 680 5631 nuntio
707 5592 721 5627 :
750 5575 802 5628 in
835 5574 1079 5643 epistolis
1102 5588 1295 5644 nempe
1329 5574 1396 5629 ad
1424 5574 1720 5639 Romanos,
1754 5574 1820 5629 ad
1863 5574 2081 5630 Galatas

490 5677 545 5724 et
564 5667 632 5722 ad
659 5665 917 5721 Hebraeos
936 5666 1035 5722 hoc
1051 5676 1422 5738 argumentum
1443 5676 1679 5722 tractans
1702 5667 1793 5722 ille
1810 5666 2079 5722 dissolvit.

491 5758 560 5814 Et
588 5756 811 5812 studiosi
841 5756 1036 5829 quique
1068 5767 1345 5829 poterunt,
1366 5758 1621 5828 epistolas
1650 5758 1771 5812 illas
1792 5756 2077 5824 adeuntes,

492 5847 820 5907 solutionem
878 5849 1023 5908 illam
1067 5851 1351 5921 invenire,
1404 5850 1453 5907 si
1504 5850 1916 5924 insequentibus
1967 5853 2081 5912 die-

1208 380 1268 436 S.
1307 375 1587 436 JOANNIS
1621 368 2100 431 CllRYSOSTOMl
2140 368 2459 427 AllClllEP.
2500 370 3036 433 CONSTANTINOP.

3633 382 3741 437 523

2157 482 2276 548 bus,
2325 484 2719 557 intempestivis
2765 490 2999 546 coetibus
3040 499 3101 550 et
3136 493 3420 552 inutilibus
3462 499 3749 571 colloquiis

2156 591 2263 631 non
2294 593 2390 633 vos
2414 579 2691 648 dederitis,
2720 582 2816 638 sed
2846 582 3114 641 dictorum
3141 586 3493 646 meditatione
3522 606 3748 661 operam

2157 672 2352 731 dantes
2377 676 2687 736 thesaurum
2713 681 3032 742 etl'oderitis.
3058 685 3172 744 Hoc
3217 688 3432 746 interim
3459 691 3748 750 iusolutum

2160 768 2543 839 relinquentes,
2589 774 2656 829 ad
2692 778 2971 846 sequentia
3017 781 3447 852 progrediamur.
3490 785 3752 853 Qumnam

2163 858 2252 913 illa
2293 862 2462 915 sunt?
2514 863 2767 929 Quoniam
2796 869 2894 923 hoc
2917 879 2990 925 est
3016 879 3385 941 testamentum,
3408 878 3547 948 quod
3575 878 3756 947 dispo-

2161 969 2280 1006 nant
2315 955 2473 1019 vobis,
2502 958 2628 1012 dicit
2658 959 2908 1017 Dominus
2941 977 2963 1016 :
2995 962 3141 1033 Dans
3156 965 3290 1037 leges
3310 983 3446 1023 meas
3494 969 3546 1022 in
3591 980 3756 1025 mente

2161 1062 2359 1112 eorum,
2391 1058 2435 1101 et
2466 1050 2519 1102 in
2548 1052 2702 1106 corde
2729 1069 2900 1108 eorum
2930 1054 3213 1112 describam
3238 1075 3343 1113 eas.
3375 1059 3442 1113 Et
3470 1078 3573 1116 non
3601 1062 3755 1117 doceo

2164 1139 2286 1192 bunt
2334 1143 2677 1214 unusquisque
2704 1147 2859 1202 civem
2893 1165 3073 1219 suum,
3104 1160 3152 1204 et
3174 1155 3514 1224 unusquisque
3542 1159 3757 1227 fratrem

2161 1246 2333 1303 suam,
2364 1233 2537 1291 dicens
2567 1251 2587 1292 :
2610 1237 2872 1310 Cognosce
2896 1239 3177 1297 Dominum
3206 1259 3228 1299 :
3254 1245 3376 1316 quia
3395 1263 3571 1302 omnes
3595 1249 3756 1304 scient

2162 1339 2244 1378 me
2271 1341 2302 1377 a
2330 1342 2486 1395 parvo
2526 1345 2682 1400 usque
2705 1330 2776 1385 ad
2815 1342 3060 1405 magnum
3086 1350 3261 1390 eorum
3281 1377 3299 1405 ,
3338 1338 3459 1409 quia
3504 1341 3758 1411 propitius

2164 1431 2250 1469 ero
2278 1416 2627 1484 iniquitatibus
2654 1437 2827 1475 eorum
2872 1432 2919 1478 et
2958 1426 3181 1499 peccqtis
3226 1443 3423 1495 eorum,
3478 1441 3525 1485 et
3567 1432 3759 1499 iniqui.-

2167 1516 2326 1562 tatum
2374 1525 2549 1564 eorum
2580 1528 2683 1567 non
2729 1515 3037 1572 recordabar
3081 1520 3305 1590 amplius
3341 1520 3507 1595 (λετ.
3540 1525 3630 1580 '51.
3665 1524 3757 1581 5'5.

2165 1599 2236 1655 3i
2266 1602 2304 1662 ).
2359 1599 2493 1656 Cum
2541 1604 2768 1661 dixisset
2819 1616 2977 1664 vetus
3023 1609 3426 1669 Testamentum
3467 1615 3609 1685 quod
3658 1616 3759 1673 de-

2166 1689 2282 1758 dit;
2310 1706 2431 1748 cum
2480 1693 2709 1752 dixisset
2753 1713 2951 1755 novum
2996 1704 3139 1772 quod
3182 1703 3405 1761 daturus
3446 1718 3566 1775 est;
3598 1708 3763 1780 hujus

2163 1781 2277 1851 jam
2307 1783 2762 1853 pulchritudinem
2808 1790 3087 1862 describit,
3114 1794 3390 1868 ipsiusque
3418 1798 3762 1857 characteres

2167 1877 2436 1945 ostendit,
2486 1889 2547 1935 et
2599 1880 2828 1953 insignia
2870 1884 3170 1956 frequentia
3213 1892 3456 1962 apponit,
3509 1900 3570 1947 ut
3618 1895 3763 1954 scias

2167 1977 2368 2039 quanta
2394 1970 2464 2025 sit
2493 1971 2794 2030 differentia
2823 1991 3017 2033 novum
3040 1979 3181 2035 inter
3206 1991 3479 2051 etvetus;
3508 1985 3765 2045 diﬁeren-

2170 2062 2265 2127 tia,
2288 2077 2395 2118 non
2412 2067 2791 2135 contrarietas;
2810 2081 3008 2141 quanta
3028 2074 3154 2128 novi
3178 2078 3574 2147 exsuperantia,
3593 2097 3766 2153 quan-

2172 2164 2259 2211 tus
2296 2158 2569 2227 splendor,
2597 2171 2828 2231 quantus
2855 2164 3031 2236 fulgor
3054 2166 3319 2223 donorum
3350 2179 3405 2226 et
3445 2175 3651 2243 gratia).

2245 2248 2301 2303 4.
2327 2248 2557 2317 Quinam
2585 2268 2719 2324 ergo
2741 2263 2867 2310 sunt
2893 2258 3017 2312 novi
3049 2259 3433 2318 characteres?
3457 2263 3603 2319 Dans
3632 2266 3767 2339 leges

2170 2358 2311 2397 meas
2332 2343 2386 2397 in
2409 2355 2574 2399 mente
2594 2361 2788 2413 eorum,
2828 2358 2876 2402 et
2904 2348 2957 2403 in
2984 2350 3136 2405 corde
3157 2367 3331 2406 eorum
3357 2354 3629 2410 inscribam
3658 2376 3764 2414 eas.

2176 2434 2344 2492 Vetus
2386 2437 2528 2493 enim
2570 2438 2656 2494 lex
2704 2440 2756 2494 in
2799 2441 2995 2499 tabulis
3038 2443 3265 2516 lapideis
3308 2448 3506 2519 scripta
3534 2461 3684 2517 erat;
3713 2463 3769 2507 et

2174 2529 2300 2599 quia
2351 2531 2536 2599 prima:
2585 2533 2782 2588 tabulae
2836 2536 3125 2593 confracta:
3181 2537 3365 2608 fuere,
3397 2542 3530 2599 alias
3580 2561 3767 2602 rursus

2176 2622 2416 2691 paravit;
2450 2632 2649 2679 etcum
2699 2625 2773 2682 ibi
2818 2627 3003 2686 literas
3051 2631 3442 2703 insculpsisset,
3492 2636 3770 2694 descendit

2174 2710 2406 2784 Moyses,
2453 2714 2852 2772 insensibilitati
2894 2722 3270 2793 recipientium
3330 2736 3518 2782 natura
3562 2730 3769 2786 similes

2179 2804 2386 2860 tabulas
2436 2804 2661 2863 bibens.
2720 2808 2927 2866 Novum
2969 2822 3146 2870 autem
3174 2831 3281 2872 non
3323 2817 3395 2873 ita
3430 2836 3443 2872 :
3473 2836 3579 2875 non
3624 2823 3768 2877 enim

2179 2896 2373 2952 tabula:
2400 2898 2678 2970 insculptze
2708 2900 2943 2969 fuerunt,
2974 2921 3096 2961 cum
3127 2923 3323 2964 novum
3365 2910 3768 2969 Testamentum

2177 2985 2359 3043 datum
2406 2999 2527 3057 est;
2592 2991 2689 3048 sed
2735 2995 3004 3064 quomodo
3060 3007 3116 3054 et
3167 3015 3271 3070 qua
3327 3002 3576 3059 ratione?
3632 3006 3769 3061 Audi

2178 3078 2380 3134 Lucam
2408 3094 2713 3139 narrantem
2744 3104 2756 3139 :
2795 3085 2961 3142 Erant
2981 3106 3155 3145 omnes
3184 3094 3491 3150 unanimiter
3514 3097 3567 3151 in
3597 3099 3772 3153 eodem

2179 3176 2312 3242 loco,
2343 3176 2511 3246 inquit
2540 3196 2552 3231 :
2588 3187 2636 3233 et
2661 3183 2827 3252 factus
2864 3190 2939 3237 est
2968 3194 3173 3254 repente
3199 3186 3263 3240 de
3288 3186 3413 3242 ctelo
3445 3206 3601 3245 sonus
3637 3202 3771 3245 tam-

2178 3285 2331 3339 quam
2367 3270 2680 3327 advenientis
2716 3273 2927 3343 spiritus
2974 3276 3277 3333 vehementis
3306 3294 3327 3333 :
3350 3291 3398 3335 et
3426 3294 3775 3353 apparuerunt

2174 3361 2285 3416 illis
2325 3361 2607 3434 dispertita:
2647 3363 2837 3435 lingua:
2866 3376 3122 3438 tamquam
3170 3370 3302 3441 ignis
3323 3388 3344 3426 :
3369 3382 3418 3427 et
3447 3374 3577 3429 sedit
3616 3392 3778 3446 supra

2182 3454 2410 3523 singulos
2437 3469 2646 3521 eorum;
2684 3465 2731 3510 et
2778 3458 2961 3529 repleti
2985 3469 3104 3514 sunt
3146 3478 3319 3518 omnes
3350 3463 3551 3535 Spiritu
3573 3478 3773 3532 sancto,

2182 3553 2230 3598 et
2267 3555 2526 3614 eruperunt
2550 3547 2689 3617 loqui
2727 3548 2881 3604 variis
2910 3550 3136 3622 linguis,
3163 3564 3314 3625 prout
3358 3555 3585 3626 Spiritus
3622 3559 3777 3614 dabat

2182 3638 2350 3705 eloqui
2375 3638 2480 3693 illis
2524 3640 2543 3709 (
2575 3639 2689 3695 Act.
2719 3639 2773 3694 2.
2805 3641 2907 3696 1-4
2931 3645 2974 3714 ).
3010 3642 3194 3699 Viden'
3219 3648 3489 3715 quomodo
3504 3649 3615 3719 jam
3645 3651 3775 3705 olim

2178 3731 2444 3798 Propheta
2477 3735 2579 3788 hoc
2606 3732 2752 3789 clare
2783 3737 3193 3805 praenuntiavit,
3229 3738 3300 3794 ita
3331 3742 3555 3811 loquens
3588 3759 3601 3795 :
3630 3741 3777 3797 Daus

2181 3821 2317 3893 leges
2357 3839 2496 3877 meas
2540 3824 2593 3878 in
2641 3836 2806 3880 mente
2837 3842 3049 3894 eorum,
3082 3836 3129 3882 et
3168 3827 3225 3883 in
3262 3831 3414 3885 corde
3459 3848 3633 3887 eorum
3688 3834 3776 3886 in-

2181 3913 2400 3968 scribam
2424 3914 2564 3970 illas.
2608 3914 2840 3985 Spiritus
2883 3918 3023 3973 enim
3054 3921 3222 3990 gratia
3252 3938 3281 3976 a
3310 3921 3420 3977 Deo
3449 3923 3569 3979 data
3593 3965 3609 3991 ,
3640 3933 3698 3980 ut
3723 3926 3774 3981 in

2185 4008 2454 4061 mentibus
2481 4022 2668 4062 eorum
2701 4007 2923 4078 habitet,
2956 4012 3235 4068 columnas
3253 4014 3375 4069 illos
3398 4015 3776 4073 eﬁ'ecitvivett«

2183 4105 2285 4164 tes,
2329 4106 2385 4155 et
2427 4099 2594 4169 gloria
2642 4111 2877 4156 mentem
2931 4102 3236 4170 adumbrat,
3287 4107 3411 4177 quia
3456 4109 3651 4164 missus
3694 4119 3779 4166 est

2176 4189 2250 4246 ad
2294 4189 2712 4260 prmdieandum,
2767 4190 2889 4248 Non
2934 4195 2991 4248 in
3037 4196 3287 4267 sapientia
3340 4198 3508 4265 verbi,
3567 4208 3624 4253 ut
3674 4217 3779 4255 non

2180 4293 2448 4339 evacuetttr
2474 4301 2604 4340 crus:
2627 4284 2815 4341 Christi
2837 4305 2859 4352 ;
2886 4296 2940 4344 et
2978 4303 3186 4357 rursus,
3220 4288 3449 4345 Stultum
3479 4294 3596 4363 fecit
3638 4291 3778 4348 Deus

2182 4375 2489 4445 sapientiam
2537 4377 2690 4447 hujus
2736 4377 2914 4432 mundi
2947 4377 3024 4449 (Ι.
3055 4377 3173 4433 Cor.
3226 4380 3280 4437 1.
3325 4382 3413 4437 Π.
3468 4393 3514 4437 et
3560 4383 3691 4454 20);
3722 4396 3778 4440 et

2178 4467 2381 4536 ubique
2428 4480 2642 4521 crucem
2695 4468 2902 4524 circum
2932 4483 3134 4529 versat.
3169 4473 3436 4541 Quoniam
3469 4475 3634 4541 enim,
3690 4479 3777 4530 in-

2182 4559 2318 4629 quit,
2349 4554 2522 4612 ἰαιάωὶ
2554 4559 2700 4629 signa
2736 4566 2912 4628 petunt
2936 4600 2950 4615 .
2978 4570 3023 4613 et
3072 4559 3238 4616 (ἐγωεὶ
3289 4564 3588 4632 sapientiam
3632 4583 3777 4635 quae-

2186 4659 2301 4705 runt
2324 4666 2344 4715 ;
2392 4666 2483 4703 nos
2534 4660 2703 4704 autem
2752 4650 3090 4719 prwdteamus
3142 4650 3404 4708 Christum
3449 4658 3774 4727 cruciﬁxum,

2183 4740 2383 4795 Iudicis
2410 4741 2612 4810 quidem
2656 4741 2976 4806 scandalum,
3010 4744 3239 4812 gentibus
3269 4757 3437 4801 autem
3460 4750 3731 4803 stultitiam
3755 4769 3776 4819 ;

2183 4835 2309 4901 ipsis
2340 4850 2454 4888 vero
2478 4834 2667 4887 vocatis
2694 4831 2896 4885 Juda‘is
2923 4843 2969 4887 et
2995 4836 3224 4906 gentibus
3250 4836 3508 4893 Christum
3546 4839 3643 4895 Dei
3670 4844 3776 4895 vir-

2186 4936 2342 4982 tutent
2385 4936 2430 4981 et
2463 4925 2562 4981 Dei
2604 4926 3089 4997 sapientiam:quia
3132 4930 3268 4998 quod
3302 4933 3514 4985 stultum
3558 4943 3630 4988 est
3679 4934 3779 4989 Dei

2184 5019 2462 5088 sapientius
2504 5016 2789 5070 [tonantibus
2838 5026 2947 5078 est;
2987 5028 3034 5071 et
3074 5020 3213 5088 quod
3260 5021 3521 5090 inﬁrmum
3564 5035 3636 5079 est
3681 5024 3780 5080 Dei

2187 5112 2368 5179 fortius
2399 5119 2471 5162 est
2497 5107 2784 5162 hominibus
2822 5106 2927 5180 (Ib.
2952 5125 3000 5162 υ.
3031 5109 3267 5181 22-25);
3320 5114 3541 5169 stultum
3588 5116 3679 5171 Dei
3723 5128 3779 5172 et

2186 5204 2455 5259 inﬁrmum
2486 5202 2578 5256 Dei
2610 5217 2827 5257 crucem
2848 5217 3066 5271 vocans,
3091 5207 3342 5276 nonquia
3362 5207 3622 5275 stultum;
3654 5226 3777 5265 nam

2185 5299 2313 5370 qttid
2360 5298 2463 5352 hoc
2513 5296 2844 5367 Sapientius?
2895 5313 3069 5367 neque
3112 5299 3237 5368 quia
3284 5298 3597 5367 inﬁrmum;
3647 5304 3778 5372 quid

2185 5394 2328 5449 enim
2361 5393 2465 5445 hoc
2508 5388 2744 5444 fortius?
2773 5390 2866 5445 sed
2916 5390 3313 5446 incredulornm
3353 5394 3660 5463 opinionem
3692 5414 3780 5453 re-

2186 5483 2386 5547 ferens,
2427 5496 2586 5550 quam
2615 5495 2677 5534 ea
2702 5479 2769 5534 de
2799 5495 2855 5535 re
2895 5479 3215 5535 habuerunt.
3251 5483 3588 5555 Quapropter
3610 5489 3776 5542 etiam

2186 5573 2432 5644 superius
2459 5571 2669 5627 dicebat
2701 5589 2716 5626 :
2751 5571 2936 5627 Sermo
2957 5572 3089 5626 enim
3116 5575 3277 5628 crucis
3297 5577 3619 5645 pereuntibus
3641 5580 3775 5633 stul-

2191 5664 2303 5718 titia
2346 5672 2445 5728 est,
2496 5663 2710 5717 salutem
2763 5663 3175 5733 consequentibus
3215 5664 3315 5720 Dei
3358 5667 3517 5724 virtus
3561 5680 3632 5724 est
3677 5670 3774 5740 (l.

2192 5756 2311 5812 Cor.
2338 5757 2390 5813 1.
2422 5757 2532 5827 18).
2563 5755 2667 5813 Sed
2690 5771 2796 5812 non
2828 5773 2858 5811 a
2883 5759 3238 5827 pereuntibus
3263 5760 3333 5816 de
3384 5764 3546 5820 rebus
3570 5765 3773 5835 judicia

2190 5852 2409 5912 tuenda
2440 5860 2601 5914 sunt:
2636 5849 3067 5923 quandoquidem
3095 5851 3134 5919 ii
3164 5853 3255 5928 qui
3292 5854 3633 5918 inﬁrmantur
3660 5864 3771 5920 mel
