4138 6452
197 361 292 420 δεῖ
1033 358 1098 413 xu
1142 357 1452 424 HOMILIA,
1497 360 1584 414 DE
1625 356 1990 412 ELEAZARO
2031 356 2120 413 F'!‘
2161 357 2437 418 SEPTEM
2476 366 2748 426 Ρυειιις.

194 481 501 551 ἔρχονται,
551 479 716 548 λέγει
756 479 998 546 Κύριος.
1051 477 1145 531 Ἐκ
1193 478 1494 550 προοιμίων
1544 477 1747 540 εὐθέως
1791 477 1888 528 ἀν-

197 567 376 638 ίστησι
411 567 507 620 τὸν
541 565 844 638 ἀκροατὴν,
881 567 973 620 καὶ
1005 565 1261 636 διεγείρει
1309 566 1377 619 τά
1411 568 1736 638 φρονήματα
1779 565 1890 617 τῶν

193 655 534 720 ἀκουόντων,
582 653 799 717 δεικνὺς
863 653 944 707 ὅτι
986 654 1085 707 οὐκ
1131 652 1297 707 αὐτοῦ
1341 653 1409 708 τά
1454 654 1694 725 ῥήματα,
1736 649 1888 723 [598]

194 745 324 799 ἀλλά
345 743 446 797 τοῦ
474 743 885 808 ἀπεσταλκότος
911 744 1072 798 αὐτὸν
1095 745 1252 798 Θεοῦ.
1281 745 1427 799 Ἰδοὺ
1449 745 1661 814 ήμέραι
1683 745 1890 813 ἔρχον-

191 854 302 889 ται.
342 829 485 889 Εἶτα
525 833 818 895 δείκνυσιν,
849 833 930 886 ὅτι
970 834 1098 905 περί⁴
1139 833 1440 905 μελλόντων
1478 835 1608 905 ἡμῖν
1639 833 1888 902 διαλέγε-

190 941 278 977 ται
321 922 699 993 πραγμάτων.
738 921 864 985 Πῶς
894 917 1007 987 οῦν,
1039 925 1088 975 εἰ
1135 923 1264 992 περί⁴
1315 921 1617 993 μελλόντων
1645 923 1889 989 διαλέγε-

189 1029 298 1075 ται,
332 1013 436 1082 τὴν
472 1010 746 1075 Παλαιὰν,
779 1011 964 1082 φησὶν,
1003 1011 1164 1075 αὐτὸς
1202 1011 1407 1077 ἐδωκε;
1453 1011 1769 1082 Ἀνάμεινον
1795 1011 1888 1064 καὶ

194 1101 265 1172 μὴ
290 1100 544 1171 θορύὸει,
585 1101 680 1153 καὶ
708 1100 831 1152 τότε
859 1099 978 1169 ὄψει
1013 1100 1201 1169 σαφῶς
1223 1103 1322 1172 τῆς
1352 1100 1611 1170 ἀληθείας
1637 1099 1735 1170 τὴν
1755 1099 1890 1170 λαμ-

192 1190 420 1260 πηδόνα.
458 1190 592 1242 ’Ὀτε
631 1191 740 1260 γάρ
772 1189 944 1242 ταῦτα
971 1189 1208 1258 ἐλέγετο,
1245 1191 1274 1242 6
1307 1190 1470 1260 νόμος
1498 1185 1566 1260 ἦν
1603 1187 1888 1260 δεδομένος

193 1279 282 1333 καὶ
318 1278 696 1351 παραόαθεὶς,
730 1280 764 1348 ή
799 1277 856 1331 δέ
884 1277 1061 1350 Καινὴ
1092 1278 1325 1332 οὐδέπω.
1360 1277 1546 1331 Ταῦτα
1572 1277 1751 1330 τοίνυν
1786 1294 1886 1330 σα-

193 1368 305 1438 φῶς
334 1368 433 1421 ἐπὶ
466 1369 592 1430 ταῖς
616 1366 882 1430 διανοίαις
915 1366 1070 1437 ὑμῶν
1097 1365 1508 1436 ἐναποθέμενοι,
1531 1364 1750 1436 δέχεσθε
1788 1365 1887 1437 τὴν

191 1455 340 1510 λύσιν
365 1455 482 1507 τῶν
506 1454 724 1518 πολλοῖς
745 1453 1214 1526 διαπορουμένων.
1257 1453 1413 1508 Ἰδοὺ
1439 1453 1651 1523 ἡμέραι
1679 1453 1889 1522 ἔρχον-

191 1563 300 1609 ται,
332 1545 504 1616 λέγει
536 1543 782 1613 Κύριος,
813 1543 902 1597 τὸν
927 1545 1171 1614 παρόντα
1202 1542 1394 1615 καιρὸν
1421 1543 1617 1613 δηλῶν,
1643 1543 1740 1595 καί
1769 1542 1889 1596 δια-

189 1635 454 1702 θήσομαι
494 1633 642 1702 ὑμῖν
679 1632 980 1701 διαθήκην
1030 1631 1269 1700 καινὴν,
1310 1634 1382 1686 οὐ
1433 1631 1586 1686 κατὰ
1623 1631 1738 1699 τὴν
1763 1631 1888 1684 δια-

187 1723 387 1792 θήκην
412 1722 498 1791 ἢν
527 1721 811 1792 διεθέμην
845 1722 970 1788 τοῖς
993 1723 1295 1790 πατράσιν
1319 1721 1505 1792 ὑμῶν.
1551 1722 1771 1792 Ἐρωτῶ
1794 1721 1886 1775 τὸν

199 1813 484 1878 Ἰουδαῖον,
518 1811 711 1883 ἐρωτῶ
741 1811 835 1864 τὸν
867 1811 1199 1865 ἀσθενοῦντα
1239 1811 1486 1880 ἀδελφὺν,
1526 1812 1608 1874 τίς
1643 1810 1740 1882 τὴν
1765 1827 1888 1864 και-

187 1899 285 1971 νὴν
320 1898 496 1954 ἔδωκε
533 1899 847 1970 διαθήκην;
883 1899 1109 1963 Πάντως
1145 1900 1262 1970 ἐρεῖ
1288 1901 1414 1964 πᾶς,
1444 1900 1524 1952 ὅτι
1561 1900 1592 1952 6
1628 1897 1882 1968 Χριστός.

190 1989 404 2044 Οὐκοῦν
439 1980 600 2052 οὗτος
633 1988 731 2041 καὶ
771 1986 871 2058 τὴν
911 1987 1145 2042 παλαιάν
1167 2005 1182 2019 ο
1216 1990 1246 2041 6
1271 1989 1380 2056 γάρ
1419 1987 1610 2051 εἰπὼν,
1641 1987 1722 2039 ὅτι
1756 1989 1887 2038 Δια-

194 2078 454 2146 θήσομαι
481 2076 780 2144 διαθήκην
808 2076 1051 2144 καινὴν,
1081 2079 1154 2131 οὐ
1175 2075 1326 2130 κατὰ
1350 2075 1465 2145 τὴν
1487 2075 1782 2142 διαθήκην
1809 2073 1887 2142 ἣν

203 2168 501 2236 διεθέμην,
546 2167 748 2234 ἔδειξεν
783 2167 865 2220 ὅτι
908 2167 1170 2239 κάκείνην
1205 2169 1364 2231 αὐτὸς
1414 2167 1651 2220 διέθετο⁸
1691 2167 1886 2221 οὐκοῦν

208 2257 534 2325 ἀμφοτέρων
575 2257 682 2309 τῶν
731 2255 1010 2326 διαθηκῶν
1051 2249 1134 2317 εἷς
1180 2258 1209 2310 6
1245 2256 1558 2327 νομοθέτης.
1612 2255 1721 2309 Καὶ
1754 2256 1884 2310 πότε

203 2345 417 2399 διέθετο
441 2346 538 2417 τὴν
564 2346 812 2411 παλαιάν,
845 2346 968 2399 εἰπέ
1005 2363 1094 2417 μοι
1121 2363 1136 2412 ;
1185 2348 1283 2400 Ἐν
1310 2345 1500 2416 ήμέρῃ
1533 2346 1885 2416 ἐπιλαϐομέ-

198 2451 316 2488 νου
344 2453 472 2502 μου
499 2433 600 2502 τῆς
632 2435 833 2504 χειρὸς
859 2434 1060 2490 αὐτῶν
1087 2434 1404 2505 ἐξαγαγεῖν
1439 2435 1663 2501 αὐτοὺς
1683 2437 1751 2489 ἑκ
1773 2433 1888 2505 γῆς

195 2525 522 2592 Αἰγύπτου.
569 2524 666 2578 ’1δέ
697 2524 818 2586 πῶς
841 2524 939 2578 καὶ
961 2522 1060 2594 τὴν
1086 2523 1333 2577 εὐκολίαν
1363 2522 1531 2590 ἔδειξε
1557 2523 1657 2595 τῆς
1679 2523 1882 2589 ἐξόδου,

196 2611 289 2666 καὶ
321 2611 422 2682 τὴν
474 2611 864 2683 φιλοστοργίαν
895 2611 994 2683 τὴν
1038 2609 1228 2676 αὐτοῦ,
1265 2611 1362 2665 καὶ
1409 2611 1508 2683 τὴν
1552 2610 1738 2665 ἄδειαν
1787 2613 1887 2682 τῆς

193 2701 312 2754 τότε
342 2700 708 2772 διεξαγωγῆς,
737 2701 834 2754 καὶ
861 2701 944 2755 ὅτι
967 2701 1146 2756 πάντα
1177 2701 1340 2763 αὐτὸς
1360 2700 1794 2773 ἐθαυματούργει
1818 2701 1888 2755 τά

195 2791 251 2843 ἐν
274 2791 565 2861 Αἰγύπτῳ.
599 2789 693 2860 Τῷ
725 2789 837 2861 γὰρ
873 2792 1069 2855 εἰπεῖν,
1113 2790 1584 2860 Ἐπιλαόομένου
1622 2807 1742 2859 μου
1777 2788 1888 2858 τῆς

196 2879 392 2949 χειρὸς
419 2876 629 2933 αὐτῶν
645 2879 967 2949 ἐξαγαγεῖν
994 2877 1219 2944 αὐτοὺς
1242 2879 1310 2937 ἐκ
1333 2877 1449 2948 γῆς
1467 2878 1792 2948 Αἰγύπτου,
1815 2878 1886 2931 τὰ

194 2966 452 3038 θαύματα
474 2966 659 3021 πάντα
685 2967 990 3038 ἐδήλωσεν’
1025 2967 1060 3038 ἡ
1088 2967 1197 3038 γάρ
1227 2965 1405 3032 ἔξοδος
1440 2965 1744 3037 ἐκείνηδιά
1774 2965 1886 3021 τῶν

189 3057 438 3128 σημείων
488 3055 600 3109 τῶν
643 3054 968 3126 παραδόξων
1005 3055 1232 3109 ἐκείνων
1279 3054 1510 3124 ἐγίνετο.
1559 3054 1670 3108 Καὶ
1716 3055 1887 3110 αὐτοὶ

192 3147 300 3200 οὐκ
331 3143 660 3213 ἐνέμειναν
687 3143 766 3212 τῇ
808 3141 1062 3212 διαθήκῃ
1090 3161 1232 3213 μου,
1273 3142 1434 3212 κάγὼ
1470 3143 1753 3213 ἠμέλησα
1777 3145 1888 3199 αὺ-

191 3235 329 3302 τῶν,
362 3235 532 3307 λέγει
575 3236 817 3304 Κύριος.
851 3235 976 3291 Ὀτι
1013 3235 1114 3306 μὲν
1158 3231 1253 3290 οῦν
1288 3235 1483 3308 καινῆς
1510 3237 1606 3291 καὶ
1649 3237 1887 3302 παλαιᾶς

187 3324 462 3396 διαθήκης
491 3319 575 3388 εἷς
606 3326 636 3378 6
670 3324 992 3396 νομοθέτης,
1029 3323 1280 3378 ἐντεῦθεν
1309 3325 1487 3397 δῆλον.
1532 3325 1802 3382 Ἐνταῦθα
1829 3329 1886 3382 δὲ

187 3415 349 3478 εἴτις
395 3411 650 3484 ἀκριϐῶς
697 3412 932 3465 κατεῖδεκ
959 3412 1022 3466 τὸ
1054 3413 1361 3485 εἰρημένον,
1391 3409 1531 3468 οἶδεν
1564 3417 1647 3470 ὅτι
1696 3417 1757 3470 οὐ
1789 3418 1887 3488 τῆς

189 3502 466 3574 τυχούσης
499 3501 739 3574 ἀπορίας
769 3502 932 3572 γέμει
951 3518 966 3532 ο
1009 3501 1184 3571 λέγων
1224 3502 1333 3574 γάρ
1364 3505 1463 3573 τὴν
1493 3506 1692 3571 αἰτίαν,
1724 3505 1790 3558 δι’
1821 3508 1886 3578 ἦν

195 3593 376 3662 μέλλει
435 3589 644 3646 διδόναι
697 3590 964 3662 διαθήκην
997 3592 1210 3656 ἑτέραν,
1251 3593 1446 3664 καινήν
1490 3594 1660 3664 αὐτὴν
1709 3590 1883 3659 εἷπεν,

190 3682 442 3735 τουτέστι
474 3678 810 3752 παράδοξον·
839 3681 1204 3750 Διαθήσομαι
1240 3681 1368 3752 γάρ,
1407 3683 1565 3752 φησι,
1594 3683 1887 3752 διαθήκην

191 3770 434 3840 καινὴν,
474 3771 552 3825 οὐ
583 3770 737 3824 κατὰ
763 3769 881 3837 τὴν
899 3769 1196 3838 διαθήκην
1219 3770 1300 3839 ἣν
1328 3771 1607 3842 διεθέμην
1629 3773 1754 3840 τοῖς
1776 3791 1888 3828 παρ

189 3860 411 3930 τράσιν
445 3858 670 3922 αὐτῶν,
703 3859 793 3912 ὅτι
821 3859 993 3914 αὐτοί
1025 3860 1137 3913 οὐκ
1167 3859 1480 3928 ἐνέμειναν
1510 3860 1587 3931 τῇ
1630 3861 1886 3933 διαθήκῃ

185 3965 302 4016 μου
326 3964 341 3978 °
371 3945 541 4015 κάγὼ
580 3946 867 4015 ἠμέλησα
902 3945 1123 4010 αὐτῶν,
1155 3947 1318 4018 λέγει
1362 3950 1596 4017 Κύριος.
1633 3951 1744 4004 Καὶ
1780 3951 1887 4022 μὴν

187 4034 273 4089 διὰ
301 4034 473 4088 τοῦτο
505 4033 706 4098 αὐτοὺς
736 4034 1068 4104 κολασθῆναι
1095 4035 1222 4100 ἔδει,
1253 4036 1348 4089 καὶ
1371 4037 1470 4108 τὴν
1498 4037 1737 4110 ἐσχάτην
1768 4039 1888 4093 δοῦ-

186 4139 274 4178 ναι
314 4121 506 4193 δίκην,
550 4121 645 4176 καὶ
677 4119 947 4193 τιμωρίαν
996 4121 1296 4194 ὑποστῆναι
1335 4123 1438 4196 τήν
1474 4125 1770 4198 ἀφόρητον,
1805 4128 1888 4182 ὃτι

185 4213 472 4266 τοσούτων
503 4209 915 4275 ἀπολαύσαντες
945 4210 1261 4282 θαυμάτων,
1292 4212 1388 4265 καὶ
1416 4212 1581 4282 νόμον
1608 4213 1885 4280 λαϐόντες,

184 4298 502 4370 οὐδαμόθεν
529 4297 779 4367 ἐγένοντο
818 4296 1083 4368 βελτίους.
1127 4298 1268 4352 Ἀλλ’
1291 4295 1396 4356 ὦδε
1435 4300 1536 4370 μὲν
1571 4301 1768 4365 αὐτοὺς
1788 4302 1890 4356 οὐκ

183 4387 421 4440 ἀπαιτεῖ
451 4385 628 4455 δίκην,
660 4384 798 4440 ἀλλὰ
826 4386 921 4439 καὶ
953 4384 1176 4456 μείζονα
1203 4385 1596 4455 ἐπαγγέλλεται
1618 4389 1727 4445 τῶν
1755 4406 1890 4462 προ-

181 4475 391 4547 τέρων.
423 4475 576 4528 Ἔδει
610 4474 708 4546 μὲν
738 4469 833 4528 οῦν
872 4474 968 4528 καὶ
1007 4475 1245 4547 σήμερον
1273 4475 1577 4545 ἐπαγαγεῖν
1608 4481 1676 4549 τῇ
1707 4478 1891 4533 διαπο-

187 4565 355 4636 ρήσει
399 4561 581 4635 ταύτη
613 4563 716 4635 τήν
768 4561 944 4629 λύσιν,
990 4563 1106 4617 ἀλλ’
1137 4565 1322 4634 ἐπειδὴ
1372 4565 1467 4618 καὶ
1512 4565 1650 4638 πρὸς
1702 4565 1889 4639 ἕτερον

181 4655 324 4724 ἡμῖν
353 4653 383 4705 6
409 4651 572 4719 λόγος
601 4652 909 4720 ἐπείγεται,
940 4653 1036 4706 καὶ
1068 4651 1371 4723 βουλόμεθα
1399 4653 1546 4724 ὑμᾶς
1589 4654 1886 4722 παιδεύειν,

182 4745 336 4799 ῶστε
374 4743 454 4817 μὴ
504 4744 634 4815 παρ’
661 4743 820 4814 ήμῶν
854 4745 1032 4799 πάντα
1085 4745 1401 4816 μανθάνειν,
1434 4745 1568 4800 ἀλλά
1605 4747 1702 4800 καὶ
1747 4748 1891 4800 οἴκοι

184 4833 283 4888 θεν
315 4847 344 4874 ι
391 4832 690 4905 εὑρίσκειν,
736 4831 896 4886 τοῦτο
929 4833 1060 4902 ὑμῖν
1093 4833 1490 4904 καταλιμπάνω
1530 4834 1762 4905 ζητῆσαι
1796 4835 1890 4888 καὶ

183 4925 399 4995 εὑρεῖν.
452 4923 581 4976 Ἐἀν
629 4921 686 4975 δὲ
727 4922 927 4993 ἴδωμεν
955 4920 1296 4993 ζητήσαντας
1331 4922 1452 4993 μὲν,
1484 4923 1582 4994 οὐχ
1631 4925 1891 4996 εὑρόντας

183 4999 266 5075 δὲ,
300 5011 424 5064 τότε
457 5010 556 5063 καὶ
596 5010 753 5064 αὐτοὶ
781 5013 969 5081 χεῖρας
1001 5010 1263 5080 ὀρέξομεν
1292 5025 1306 5040 ·
1338 5009 1481 5065 ὥστε
1514 5012 1573 5065 δὲ
1615 5013 1710 5066 καὶ
1734 5015 1891 5066 εὐκο-

185 5097 449 5172 λωτέραν
497 5100 628 5171 ὑμῖν
661 5099 916 5168 γενέσθαι
957 5098 1056 5170 τὴν
1093 5098 1334 5170 εὕρεσιν,
1363 5101 1459 5154 καὶ
1504 5101 1572 5156 τά
1616 5102 1793 5174 χωρία
1823 5101 1893 5156 τά

186 5188 559 5252 ἀποστολικά,
606 5189 665 5241 ἐν
704 5183 787 5252 οἷς
837 5189 1076 5259 μάλιστά
1115 5190 1230 5242 ἐστι
1273 5189 1364 5242 τὸν
1398 5189 1672 5260 θησαυρὸν
1709 5190 1892 5261 εὑρεῖν

188 5278 292 5329 καὶ
328 5277 431 5344 τῆς
463 5277 864 5347 ὲπαπορήσεως
901 5276 1102 5348 ταύτης
1124 5275 1224 5346 τὴν
1265 5263 1442 5340 λύσιν,
1471 5277 1571 5347 ἤδη
1601 5277 1727 5347 ὑμῖν
1755 5295 1890 5348 προ-

186 5363 484 5434 αγορεύωο
517 5365 576 5416 ἐν
617 5365 685 5433 τῇ
719 5362 747 5402 b
775 5363 914 5433 πρὸς
953 5362 1256 5433 Ῥωμαίους
1299 5363 1580 5434 ἐπιστολῇ,
1617 5365 1710 5417 καὶ
1754 5365 1892 5435 πρὸς

189 5453 475 5515 Γαλάτας,
517 5451 614 5505 καὶ
655 5450 790 5521 πρὸς
826 5449 1131 5521 Ἐϐραίους,
1173 5451 1324 5503 τουτὶ
1361 5451 1421 5505 τὸ
1450 5451 1743 5520 κεφάλαιον
1781 5453 1893 5516 θεὶς

189 5542 438 5595 διέλυσε.
475 5540 584 5593 Καὶ
605 5540 720 5593 ὅσοι
745 5538 1043 5608 φιλόπονοι,
1079 5539 1398 5608 δυνήσονται
1445 5539 1764 5604 ἐπελθόντες
1796 5543 1893 5604 τάς

192 5627 500 5691 ἐπιστολάς
547 5627 648 5699 τὴν
678 5627 833 5681 λύσιν
864 5629 1117 5698 φωρᾶσαι
1153 5626 1379 5698 ταύτην,
1416 5628 1509 5682 ἐάν
1539 5629 1638 5693 τὰς
1688 5631 1890 5700 μεταξὺ

263 5795 293 5825 ⁸
324 5793 459 5843 Fort.
486 5793 671 5840 οἴκοθέν
694 5809 739 5840 τι
765 5791 1014 5854 εὑρίσκειν.

259 5855 293 5899 ΙΙ
321 5857 610 5910 ιεαριιιίυω
632 5856 939 5911 προαγορεύω
963 5857 1034 5904 ὅτι
1060 5856 1105 5904 ἐν
1130 5863 1204 5913 τῇ.

3575 369 3678 429 5ἳὸ

1996 472 2202 539 ταύτας
2227 477 2443 548 ἡμέρας
2484 479 2558 552 μὴ
2586 481 2864 550 συλλόγοις
2894 483 3146 554 ἀκαίροις
3185 486 3319 556 μηδὲ
3342 487 3680 558 ἀδολεσχίαις

1992 563 2272 635 ἀνονήτοις
2321 567 2548 631 ἑαυτοὺς
2600 568 2756 634 δῶτε,
2809 570 2946 626 ἀλλά
2991 575 3058 643 τῇ
3097 574 3338 648 μερίμνῃ
3381 575 3490 628 τῶν
3527 575 3678 649 159ξί1

1994 653 2300 724 εἰρημένων
2348 656 2799 728 προσηλωμένοι,
2851 659 2942 714 τὸν
3001 661 3279 734 θησαυρὸν
3321 663 3676 736 ἀνορύττητε.

1995 741 2167 796 Τοῦτο
2216 743 2355 808 τέως
2391 746 2584 800 ἄλυτον
2628 749 2876 818 ἀφέντες,
2909 749 3004 804 ἐπὶ
3052 751 3121 804 τὰ
3154 752 3282 824 ἑξῆς
3325 752 3673 825 βαδιούμεθα.

1994 831 2128 885 Τίνα
2169 833 2225 888 δέ
2250 834 2318 889 τά
2361 835 2517 907 ἐξῆς;
2563 839 2682 891 Ὅτι
2710 838 2861 905 αῦτη
2896 841 2934 908 ή
2974 839 3252 911 διαθήκη,
3291 840 3371 910 ἣν
3395 840 3678 908 διαθήσο-

1987 936 2097 988 μαι
2124 921 2286 988 ὑμῖν,
2312 921 2474 992 λέγει
2505 925 2754 993 Κύριοςο
2783 925 2988 994 διδοὺς
3023 931 3247 997 νόμους
3270 947 3391 998 μου
3425 931 3513 995 εἰς
3545 928 3676 982 διὰ-

1992 1024 2166 1061 νοιαν
2190 1008 2409 1074 αὐτῶν,
2445 1011 2542 1064 καί
2579 1013 2677 1065 ἐπὶ
2717 1014 2964 1082 καρδίας
2991 1015 3190 1070 αὐτῶν
3227 1016 3534 1088 ἐπιγράψω
3564 1020 3674 1072 αὐ-

1992 1096 2154 1162 τούς.
2191 1094 2306 1150 Καὶ
2351 1100 2422 1152 οὐ
2447 1097 2533 1168 μὴ
2570 1097 2928 1165 διδάξουσιν
2958 1103 3216 1171 ἕκαστος
3264 1105 3371 1159 τὸν
3415 1108 3676 1172 πολ.·’την

1992 1184 2200 1249 αὐτοῦ,
2251 1185 2349 1239 καί
2407 1186 2670 1254 ἕκαστος
2718 1189 2825 1242 τὸν
2875 1190 3143 1260 ἀδελφὸν
3188 1193 3398 1258 αὐτοῦ,
3443 1193 3673 1264 λέγων’

1992 1272 2184 1328 Γνῶθι
2215 1274 2322 1329 τὸν
2345 1277 2587 1344 Κύριονο
2629 1277 2718 1332 ὅτι
2743 1279 2967 1346 πάντες
2989 1281 3311 1350 εἰδήσουσί
3333 1299 3408 1352 με
3435 1283 3550 1336 ἀπὸ
3575 1301 3676 1352 μι-

1993 1360 2142 1430 κροῦ
2169 1362 2282 1428 ἕως
2297 1363 2568 1434 μεγάλου
2588 1365 2809 1431 αὐτῶν,
2837 1367 2925 1421 ὅτι
2954 1370 3129 1434 ἵλεως
3159 1371 3370 1439 ἔσομαι
3399 1369 3530 1436 ταῖς
3550 1370 3679 1426 ἁδι-

1993 1449 2151 1516 κίαις
2178 1451 2398 1518 αὐτῶν,
2431 1454 2528 1508 καί
2563 1454 2681 1508 τῶν
2711 1457 3012 1525 ἁμαρτιῶν
3039 1458 3238 1512 αὐτῶν
3264 1459 3361 1512 καί
3391 1457 3512 1512 τῶν
3536 1459 3679 1515 ἀνο-

1987 1537 2144 1608 μιῶν
2180 1540 2473 1596 αὐτῶνού
2508 1543 2589 1611 μὴ
2633 1545 2888 1614 μνησθῶ
2920 1546 3026 1602 ἔτι.
3067 1546 3250 1601 Εἰπὼν
3285 1546 3518 1601 παλαιὰν
3555 1547 3676 1601 δια⁴

1994 1628 2186 1699 θήκην,
2223 1631 2290 1702 ἢν
2343 1631 2577 1686 ἔδωκεν·
2619 1633 2788 1689 εἰπὼν
2834 1636 2928 1688 καὶ
2969 1635 3116 1699 νέαν,
3141 1637 3210 1706 ἢν
3242 1636 3424 1706 μέλλει
3455 1636 3677 1702 διδόναι,

1994 1716 2303 1789 ὑπογράφει
2331 1719 2394 1791 δὴ
2422 1721 2518 1775 καὶ
2545 1723 2645 1792 τὴν
2691 1723 2997 1794 εὐμορφίαν
3035 1725 3226 1794 αὐτῆς,
3261 1725 3357 1778 καὶ
3405 1724 3680 1779 δείκνυσιν

1991 1806 2162 1879 αὐτῆς
2190 1809 2316 1872 τοὺς
2343 1814 2720 1882 χαρακτῆρας,
2749 1811 2841 1865 καὶ
2863 1811 2932 1865 τά
2963 1813 3268 1884 παράσημα
3297 1813 3577 1884 ἐπάλληλα
3603 1813 3682 1868 τίς

1993 1894 2172 1966 θησιν,
2198 1897 2285 1950 ἴνα
2310 1899 2489 1969 μάθῃς
2515 1901 2682 1954 πόσον
2706 1900 2764 1954 τὸ
2795 1901 3052 1972 διάφορον
3077 1902 3178 1972 τῆς
3198 1903 3390 1972 καινῆς
3418 1901 3557 1973 πρὸς
3577 1901 3680 1974 τήν

1993 1985 2254 2052 παλαιάν,
2282 1987 2344 2041 τὸ
2373 1989 2651 2062 διάφορον,
2683 1992 2744 2044 οὐ
2776 1991 2836 2045 τὸ
2863 1990 3104 2044 ἐναντίον
3123 2007 3137 2022 ·
3170 1991 3314 2062 πόση
3344 1993 3378 2061 ή
3407 1990 3674 2063 ὑπεροχὴ,

1992 2074 2134 2144 πόση
2162 2076 2195 2146 ή
2215 2075 2538 2146 λαμπηδὼν,
2573 2077 2717 2148 πόση
2743 2078 2780 2146 ἡ
2801 2077 3058 2148 ἀστραπὴ
3078 2077 3186 2132 τῶν
3209 2077 3427 2150 δωρεῶν
3457 2079 3677 2150 καὶτῆς

1991 2161 2232 2234 χάριτος.

2060 2252 2124 2308 6'.
2166 2252 2320 2317 Τίνες
2349 2247 2442 2307 οὖν
2479 2253 2530 2306 οἰ
2561 2254 2910 2326 χαρακτῆρες
2941 2255 3040 2326 τῆς
3071 2255 3297 2326 καινῆς;
3327 2253 3539 2323 Διδοῦς
3570 2255 3675 2311 νό-

1987 2359 2144 2410 μους
2166 2360 2288 2412 μου
2330 2345 2418 2410 εἰς
2453 2343 2726 2398 διάνοιαν
2753 2343 2972 2409 αὐτῶν,
3009 2345 3108 2399 καί
3139 2345 3236 2399 ἐπὶ
3269 2345 3544 2414 καρδίαις
3567 2347 3679 2401 αὐο

1991 2427 2110 2481 τῶν
2140 2427 2449 2500 ἐπιγράψω
2485 2432 2726 2498 αὐτούς.
2779 2433 2840 2485 ὐ
2877 2431 2977 2504 μὲν
3014 2432 3122 2504 γάρ
3162 2433 3392 2498 παλαιὸς
3424 2434 3588 2505 νόμος
3616 2435 3676 2489 ἐν

1993 2517 2157 2582 πλαξὶ
2187 2517 2418 2582 λιθίναις
2458 2520 2696 2591 ἐγράφη,
2731 2521 2827 2575 καὶ
2864 2521 3050 2592 ἐπειδὴ
3082 2523 3138 2576 αἰ
3181 2522 3396 2591 πρῶται
3425 2523 3678 2594 συνετρί-

1993 2604 2169 2676 ϐησαν
2195 2605 2419 2670 πλάκες.
2449 2607 2642 2678 ἐτέρας
2663 2608 2826 2662 πάλιν
2851 2608 3107 2680 ἐκόλαψε,
3143 2611 3236 2664 καὶ
3263 2611 3381 2664 ἐκεῖ
3403 2611 3470 2665 τά
3501 2611 3680 2684 γράμ-

1997 2711 2142 2764 ματα
2172 2694 2505 2766 ἐγχαράξας,
2536 2696 2821 2750 κατέόαινε
2847 2697 3100 2769 Μωῦσῆς,
3136 2697 3372 2767 συγγενῆ
3402 2698 3501 2769 τῆς
3526 2699 3681 2752 ἀναι-

1995 2781 2225 2852 σθησίας
2251 2782 2359 2836 τῶν
2393 2782 2699 2853 δεχομένων
2735 2783 2832 2851 τὴν
2861 2782 3022 2854 φύσιν
3055 2785 3163 2838 τῶν
3182 2785 3381 2840 δέλτων
3407 2786 3567 2857 ἔχων.
3609 2787 3678 2841 Ἥ

1991 2867 2048 2923 δὲ
2081 2871 2242 2942 καινὴ
2285 2871 2384 2941 οὐχ
2422 2870 2623 2935 οὕτως’
2669 2872 2730 2925 οὐ
2764 2873 2871 2943 γὰρ
2908 2872 3116 2937 πλάκες
3153 2874 3552 2946 ἐκολάφθησαν,
3587 2876 3679 2931 ὅτε

1993 2958 2026 3024 ἡ
2061 2959 2223 3030 καινὴ
2265 2958 2498 3030 διαθήκη
2548 2959 2770 3024 ἐδίδοτο,
2815 2961 2953 3015 ἀλλά
3006 2962 3125 3027 πῶς
3165 2964 3261 3018 καὶ
3304 2963 3412 3017 τίνι
3450 2965 3676 3038 τρόπῳς

1996 3048 2194 3100 Ἄκουε
2225 3046 2319 3100 τοῦ
2344 3048 2528 3101 Λουκᾶ
2555 3047 2916 3118 διηγουμένου
2939 3065 2955 3081 ·
2987 3045 3186 3105 τΗσαν
3211 3050 3437 3119 πάντες
3465 3057 3684 3123 ὁμοθυο
3711 3066 3718 3071 “

1986 3134 2188 3204 μαδύν
2216 3135 2316 3189 ἐπὶ
2349 3134 2417 3188 τὸ
2451 3134 2624 3198 αὐτὸ.
2659 3137 2793 3208 φησί
2820 3154 2834 3168 ’
2862 3137 2963 3191 καὶ
2989 3137 3226 3208 ἐγένετο
3267 3139 3438 3209 ἄφνω
3463 3141 3532 3195 ἐκ
3571 3142 3681 3198 τοῦ

1991 3223 2257 3292 οὐρανοῦ
2305 3223 2476 3293 φωνὴ
2521 3225 2660 3279 ὡσεὶ
2695 3226 3030 3294 φερομένης
3066 3227 3263 3296 πνοῆς
3304 3229 3546 3296 ,βιαίαςο
3578 3231 3677 3285 καί

1990 3310 2285 3381 ὤφθησαν
2324 3311 2532 3376 αὐτοῖς
2574 3311 3042 3381 διαμεριζῒτμεναι
3080 3314 3355 3384 γλῶσσαι
3392 3315 3534 3371 ὠσεί
3563 3333 3680 3373 πυ-

1984 3400 2097 3465 ρός
2121 3415 2134 3427 ·
2168 3394 2413 3451 ἐκάθισε
2439 3412 2504 3450 τε
2529 3395 2622 3464 ἐφ’
2653 3396 2763 3450 ἕνα
2797 3395 3064 3451 ἕκαστον
3093 3397 3312 3462 αὐτῶν,
3354 3399 3453 3454 καί
3485 3399 3678 3470 ἐπλή-

1991 3489 2238 3552 σθησαν
2268 3486 2615 3554 Πνεύματος
2656 3484 2851 3554 ἁγίου,
2887 3485 2985 3539 καί
3023 3485 3286 3553 ἤρξαντο
3314 3485 3679 3557 φθέγγεσθαι

1991 3571 2322 3641 γλώσσαις,
2359 3570 2555 3636 καθὼς
2588 3571 2654 3624 τὸ
2697 3571 2942 3640 Πνεῦμα
2982 3572 3186 3626 ἐδίδου
3241 3574 3464 3640 αὐτοῖς.
3512 3574 3682 3646 Ὁρᾷς

1993 3657 2111 3722 πῶς
2153 3657 2311 3711 τοῦτο
2340 3659 2546 3712 ἄνωθεν
2574 3659 2604 3711 6
2633 3661 2922 3730 προφήτης
2964 3659 3152 3728 σαφῶς
3198 3659 3676 3733 πρωνεφὼνησεν,

1992 3744 2166 3807 οὑτως
2189 3744 2360 3799 εἰπών
2378 3761 2392 3776 ·
2415 3743 2626 3811 Διδοὺς
2651 3746 2876 3813 νόμους
2903 3763 3024 3815 μου
3048 3749 3136 3811 εἰς
3159 3746 3431 3802 διάνοιαν
3456 3746 3680 3815 αὐτῶν,

1993 3832 2094 3888 καί
2137 3833 2237 3887 ἐπὶ
2279 3832 2551 3902 καρδίαις
2585 3833 2786 3888 αὐτῶν
2826 3833 3137 3904 ἐπιγράψω
3179 3836 3425 3902 αὐτούς.
3472 3836 3535 3888 Ἦ
3568 3835 3680 3910 γάρ

1992 3921 2096 3979 τοῦ,
2120 3921 2437 3991 Πνεύματος
2466 3922 2626 3994 χάρις
2656 3925 2688 3994 ὴ
2718 3923 2869 3994 παρά
2892 3923 2986 3977 τοῦ
3014 3923 3148 3978 Θεοῦ
3179 3923 3394 3978 δοθεῖσα
3418 3927 3539 3987 ταῖς
3569 3925 3683 3979 δια-

1994 4010 2166 4076 νοίαις
2214 4009 2395 4065 αὐτῶν
2444 4011 2791 4082 ἐγκαθῆσθαι·
2824 4021 2876 4076 α,
2925 4011 3126 4083 στήλας
3171 4013 3368 4075 αὐτοὺς
3421 4013 3681 4084 ἐποίησεν

1995 4103 2295 4175 ἐμψύχους.
2331 4105 2395 4128 ⁸⁸·
2429 4105 2524 4158 καὶ
2552 4106 2620 4175 τῇ
2652 4103 2861 4176 διανοίᾳ
2892 4103 3204 4168 ἐπισκιάζει
3238 4107 3304 4176 τῇ
3329 4103 3457 4176 δόξῃ
3486 4103 3678 4159 αὐτοῦ’

1993 4192 2075 4245 διὸ
2104 4193 2196 4248 καὶ
2228 4191 2434 4260 ἔλεγεν,
2470 4193 2557 4246 ὃτι
2593 4185 2874 4263 ἀπεστάλη
2908 4191 3219 4263 κηρύττειν,
3250 4194 3362 4246 οὐκ
3390 4192 3462 4245 ἐν
3489 4193 3682 4262 σοφίᾳ

1993 4283 2203 4350 λόγου,
2244 4281 2346 4334 ἵνα
2382 4281 2469 4350 μὴ
2499 4279 2732 4349 κενωθῇ
2759 4283 2792 4334 o'
2812 4279 3076 4348 σταυρὸς
3099 4280 3208 4334 τοῦ
3249 4281 3511 4350 Χριστοῦ
3533 4297 3548 4312 ·
3579 4282 3678 4336 καὶ

1995 4369 2186 4437 πάλιν,
2229 4369 2565 4440 Ἐμώρανεν
2600 4372 2634 4424 ό
2673 4368 2820 4435 Θεὸς
2865 4367 2983 4437 τὴν
3023 4370 3251 4438 σοφίαν
3285 4369 3392 4424 τοῦ
3440 4369 3680 4439 κόσμου

1994 4459 2214 4514 τούτου
2235 4475 2249 4489 ⁶
2281 4460 2377 4514 καὶ
2415 4458 2528 4514 άνω
2559 4460 2654 4514 καὶ
2701 4459 2852 4513 κάτω
2885 4459 2974 4512 τὸν
3010 4459 3246 4530 σταυρόν
3297 4459 3677 4532 περιστρέφει.

2009 4546 2244 4616 Ἐπειδὴ
2275 4546 2405 4618 γάρ,
2464 4547 2651 4618 φησὶν,
2691 4545 2960 4602 Ἰουδαῖοι
3012 4546 3234 4615 σημεῖα
3277 4547 3534 4610 αἰτοῦσι,
3578 4546 3681 4600 καὶ
3717 4587 3721 4590 -

1997 4630 2299 4702 Ἕλληνες
2342 4633 2569 4700 σοφίαν
2611 4629 2917 4699 ζητοῦσιν,
2969 4631 3142 4700 ἡμεῖς
3189 4631 3259 4684 δὲ
3311 4633 3683 4700 κηρύττωμεν

1995 4721 2256 4789 Χριστόν
2287 4720 2768 4790 ἐσταυρωμένον,
2816 4719 3131 4786 Ἰουδαίοις
3159 4719 3276 4788 μὲν
3303 4719 3679 4783 σκάνδαλον,

1997 4808 2204 4864 ἔθνεσι
2231 4809 2300 4862 δὲ
2319 4809 2570 4878 μωρίαν,
2597 4808 2804 4873 αὐτοῖς
2829 4807 2898 4861 δὲ
2917 4807 3046 4874 τοῖς
3064 4807 3334 4876 κλητοῖς,
3369 4807 3683 4874 Ἰουδαίοις

1998 4898 2099 4952 καί
2140 4899 2420 4963 Ἕλλησι,
2470 4895 2730 4966 Χριστόν
2764 4896 2913 4950 Θεοῦ
2962 4896 3220 4965 δύναμιν
3251 4896 3348 4950 καί
3385 4896 3535 4950 Θεοῦ
3571 4910 3680 4950 οό-

1997 4985 2145 5055 ερίαν
2167 5001 2180 5016 ·
2211 4985 2301 5038 ὅτι
2327 4985 2395 5038 τό
2413 4984 2616 5053 μωρὸν
2637 4983 2742 5038 τοῦ
2768 4983 2917 5038 Θεοῦ
2947 4983 3293 5052 σοφώτερον
3312 4981 3432 5036 τῶν
3458 4981 3684 5051 ἀνθρώ-

1999 5091 2128 5127 πων
2152 5073 2305 5139 ἐστὶ,
2333 5073 2432 5128 καί
2464 5073 2529 5128 τὸ
2559 5073 2814 5139 ἀσθενὲς
2841 5073 2947 5127 τοῦ
2978 5072 3126 5126 Θεοῦ
3153 5073 3542 5141 ἰσχυρότερον
3562 5068 3683 5124 τῶν

1999 5162 2328 5232 ἀνθρώπων
2381 5163 2550 5218 ἐστί’
2591 5163 2773 5235 μωρὸν
2819 5160 2954 5216 Θεοῦ
3009 5159 3105 5215 καὶ
3157 5160 3382 5225 ἀσθενὲς
3427 5159 3562 5214 Θεοῦ
3589 5161 3682 5216 τὸν

2002 5251 2237 5322 σταυρὸν
2283 5249 2588 5322 ὀνομάζων,
2631 5254 2732 5306 οὐκ
2765 5252 2951 5324 ἐπειδὴ
2996 5253 3210 5324 μωρόνο
3247 5251 3300 5305 τί
3332 5251 3442 5323 γάρ
3490 5249 3681 5304 τούτου

2003 5339 2351 5411 σοφώτερον;
2393 5340 2512 5392 οὐδὲ
2546 5340 2731 5412 ἐπειδὴ
2777 5341 3031 5404 ἀσθενέςο
3069 5341 3122 5394 τί
3156 5340 3266 5412 γὰρ
3307 5339 3497 5393 τούτου
3533 5341 3686 5410 ἰσχυ-

2002 5427 2257 5500 ρότερον;
2291 5427 2426 5480 ἀλλὰ
2452 5427 2554 5499 τὴν
2585 5429 2694 5481 τῶν
2731 5429 2974 5484 ἀπίστων
3014 5429 3270 5482 ὑπόνοιαν
3296 5428 3682 5496 ἀπαγγέλλων,

2001 5515 2069 5586 ήν
2106 5512 2252 5586 εἶχον
2281 5517 2410 5588 περὶ
2435 5515 2528 5570 τοῦ
2566 5518 2910 5588 πράγματος.
2947 5518 3036 5572 Διὸ
3065 5519 3158 5572 καὶ
3188 5515 3448 5588 ἀνωτέρω
3476 5516 3682 5584 ἔλεγενο

2014 5603 2069 5656 Ὀ
2102 5606 2288 5674 λόγος
2314 5603 2423 5674 γὰρ
2457 5607 2490 5658 ό
2523 5604 2628 5658 τοῦ
2662 5605 2931 5674 σταυροῦ
2957 5606 3080 5673 τοῖς
3100 5605 3219 5676 μὲν
3239 5603 3686 5674 ἀπολλυμένοις

2068 5738 2090 5764 ε
2118 5734 2236 5802 C_od.
2264 5735 2558 5802 ἐγκαθέσθαι.
2584 5736 3020 5802 ιιιιᾷθᾼέγκαθῆσθαι
3045 5739 3206 5789 facere
3232 5737 3466 5802 Oporluit.
3495 5735 3684 5800 Perpe-

2006 5809 2107 5845 ram
2135 5797 2434 5844 Benediclini
2461 5797 2812 5851 ἐγκαθεσθεῖσα.
2838 5801 2970 5850 Ευιτ.

2072 5857 2136 5877 ⁸⁵·
2164 5857 2416 5908 Μλιιίΐυςειι
2439 5861 2609 5909 ἶιιυιιιιιι
