4138 6482
258 454 367 507 seu

257 590 536 646 acerbum
554 603 677 645 esse
698 595 917 660 putant;
943 602 1128 641 verum
1153 588 1254 641 hoc
1274 588 1444 641 morhi
1472 588 1625 657 culpa
1646 600 1746 642 est.
1772 605 1877 642 non

256 684 443 739 mellis
473 683 709 738 crimen.
746 680 824 736 lta
853 690 907 736 et
929 697 1059 736 crux
1088 681 1328 736 externis
1358 683 1520 736 stulta
1554 698 1637 736 res
1666 681 1879 736 videtur

254 796 409 846 esse,
461 777 561 833 sed
610 793 720 832 non
767 787 871 831 est.
918 775 1121 831 Deinde
1163 786 1449 848 postquam
1482 780 1719 832 ostendit
1770 795 1877 833 non

254 875 427 931 modo
454 888 568 928 non
610 872 832 926 stultam
870 886 983 925 rem
1012 886 1156 936 esse,
1184 869 1279 925 sed
1329 868 1619 925 admodum
1665 871 1877 939 sapien-

255 980 391 1033 tem,
424 981 530 1021 nec
556 963 722 1020 modo
752 978 858 1019 non
891 962 1181 1024 infirmam,
1215 961 1309 1017 sed
1340 961 1631 1017 admodum
1659 963 1873 1028 fortem,

250 1068 378 1136 ejus
398 1062 667 1133 praeclara
697 1067 848 1130 gesta
878 1065 1153 1127 comparat
1172 1072 1293 1111 cum
1314 1057 1611 1124 creatione,
1630 1072 1753 1111 cum
1778 1073 1869 1112 ve-

251 1162 356 1215 tcri
382 1160 749 1214 Testamento
771 1162 826 1209 et
849 1169 971 1207 cum
993 1161 1215 1207 externa
1236 1150 1521 1222 sapientia;
1539 1159 1594 1206 et
1614 1151 1873 1216 ostendit,

249 1253 404 1326 quod
449 1266 518 1307 ea
549 1265 674 1318 quae
705 1260 879 1318 neque
910 1244 1122 1300 interna
1168 1244 1433 1314 sapientia
1463 1244 1668 1299 invenit
1701 1259 1874 1314 neque

250 1354 506 1406 externa,
559 1355 737 1407 neque
767 1354 797 1393 a
826 1338 1100 1393 creatione
1141 1337 1295 1391 multi
1347 1336 1623 1391 hominum
1670 1336 1876 1393 didice-

251 1449 399 1503 runt,
451 1450 633 1507 neque
661 1449 692 1487 a
722 1432 893 1488 veteri
940 1431 1289 1487 Testamento
1333 1429 1523 1485 lucrati
1563 1449 1577 1485 :
1610 1430 1759 1497 haec,
1792 1430 1873 1485 iu-

249 1549 442 1605 quam,
496 1528 628 1586 illud
679 1529 855 1598 ipsum
904 1525 1048 1598 quod
1096 1527 1318 1581 stultum
1348 1535 1403 1581 et
1432 1525 1702 1581 infirmum
1751 1541 1871 1583 esse

248 1633 474 1687 videtur
517 1629 792 1700 potuerit;
823 1626 966 1698 quod
1006 1626 1243 1695 videtur,
1299 1627 1539 1697 inquam,
1580 1642 1686 1682 non
1729 1628 1870 1697 quod

249 1738 355 1781 est.
390 1726 761 1795 Quapropter,
790 1738 914 1778 cum
964 1737 1030 1777 ex
1080 1721 1242 1777 rebus
1274 1722 1404 1792 ipsis
1448 1721 1871 1778 demonstratio-

250 1838 377 1876 nem
437 1818 658 1882 habeat,
711 1832 833 1871 cum
876 1815 1067 1871 fiducia
1116 1816 1280 1870 miilta
1322 1816 1387 1871 ad
1440 1832 1670 1888 pugnam
1719 1819 1866 1885 csit,

252 1930 287 1984 p
320 1913 430 1967 imo
462 1922 653 1965 contra
686 1919 969 1963 externam
1012 1910 1353 1978 sapientiam,
1403 1910 1609 1976 dicens,
1644 1909 1742 1965 Ubi
1784 1929 1865 1966 sa-

254 2010 398 2078 piens
428 2005 596 2079 (ibid.
631 2020 680 2058 υ.
713 2003 806 2074 20)
825 2003 849 2057 l
870 2003 1008 2072 Quid
1034 2004 1133 2059 sibi
1164 2004 1277 2058 vult
1307 2004 1460 2072 illud,
1494 2004 1594 2060 Ubi
1621 2006 1824 2075 sapiens
1844 2006 1871 2060 .9

260 2106 335 2157 Ac
361 2102 405 2155 si
429 2101 662 2165 diceret,
689 2098 792 2154 Ubi
834 2107 963 2153 sunt
990 2098 1079 2152 illa
1109 2098 1600 2168 philosophorum?
1627 2100 1714 2154 ubi
1745 2099 1870 2156 rhe-

266 2205 465 2259 torum,
504 2193 592 2248 ubi
635 2191 1028 2262 sophistarum,
1075 2190 1164 2245 ubi
1212 2191 1528 2245 oratorum?
1574 2191 1869 2248 Facessunt

274 2288 450 2340 munia
480 2301 539 2339 ac
574 2285 850 2355 perierunt
879 2293 934 2338 et
963 2299 1256 2339 evanuere.
1287 2283 1420 2338 Nam
1469 2284 1539 2338 ita
1585 2284 1865 2353 Splendida

268 2381 366 2435 fuit
400 2379 629 2446 victoria,
661 2389 719 2432 ut
749 2378 962 2448 illajam
988 2394 1056 2433 ne
1084 2386 1436 2449 compareant
1464 2378 1707 2449 quidem.
1740 2379 1866 2434 ldeo

260 2478 368 2532 illis
398 2473 650 2528 omnibus
683 2484 960 2541 tamquam
1000 2472 1174 2543 pulvis
1204 2472 1503 2543 dissipatis,
1538 2472 1608 2528 ita
1637 2474 1868 2528 interro-

253 2579 339 2638 gat
364 2576 417 2622 et
447 2568 523 2621 ait
553 2584 566 2620 :
605 2563 706 2620 Ubi
732 2564 987 2635 sapiens?
1016 2564 1282 2635 Apparuit
1307 2580 1462 2629 crux,
1488 2574 1543 2619 et
1569 2566 1654 2620 illa
1682 2567 1865 2623 omnia

254 2664 428 2717 soluta
478 2669 607 2716 sunt
634 2678 649 2714 :
680 2659 922 2715 insonuit
972 2660 1314 2729 prmdicatio,
1350 2670 1404 2716 et
1451 2659 1658 2716 facilius
1702 2678 1862 2731 quam

252 2770 464 2809 araneae
496 2753 605 2809 tela
634 2752 892 2821 dissipata
924 2762 1073 2807 sunt.
1112 2751 1211 2807 Ubi
1258 2753 1461 2823 sapiens
1482 2754 1508 2807 ?
1534 2752 1636 2809 Ubi
1667 2753 1863 2810 verbo-

252 2864 364 2902 rum
410 2847 631 2902 fastus?
662 2844 753 2900 ubi
798 2844 1061 2901 facundiae
1113 2844 1506 2915 pulchritudo?
1536 2846 1624 2900 ubi
1674 2847 1862 2915 sophi—

249 2952 482 2997 sinatum
532 2939 812 3011 gravitas?
882 2937 969 2994 ubi
1020 2939 1314 2993 verborum
1361 2939 1488 2993 vis?
1542 2940 1629 2994 ubi
1682 2941 1860 3011 lingua

249 3046 398 3092 acuta
418 3037 443 3089 ?
476 3035 566 3091 ubi
601 3042 905 3090 conventus
924 3042 974 3088 et
994 3032 1327 3088 consessus?
1356 3033 1448 3087 llla
1470 3034 1649 3087 omnia
1682 3033 1863 3089 detra-

249 3142 328 3186 cta
377 3139 526 3196 sunt,
573 3129 884 3200 perierunt,
918 3136 1170 3197 corrupta
1202 3135 1346 3191 sunt,
1392 3127 1661 3193 abierunt,
1712 3136 1861 3197 terga

247 3224 537 3279 dederunt.
590 3221 693 3277 Ubi
734 3221 939 3277 scriba?
966 3219 1065 3277 Ubi
1116 3235 1204 3275 res
1251 3218 1594 3283 Judmorum,
1646 3219 1862 3289 inquit?

247 3319 331 3373 illa
373 3321 541 3373 etiam
589 3317 721 3371 vicit
760 3315 1074 3385 prmdicatio
1099 3358 1114 3381 ,
1166 3323 1220 3369 et
1261 3314 1554 3368 occultavit
1593 3314 1734 3368 sicut
1778 3312 1861 3369 sol

245 3412 520 3465 tunhram.
554 3409 691 3464 Nam
737 3423 857 3478 qua:
890 3423 986 3476 per
1034 3416 1237 3461 tantum
1269 3414 1481 3477 tempus
1509 3405 1593 3460 lex
1625 3420 1729 3460 non
1758 3420 1858 3474 po-

245 3509 342 3562 luit
372 3508 427 3560 iu
464 3520 569 3559 una
618 3513 803 3573 gente,
856 3502 975 3557 haec
1024 3517 1147 3554 eum
1198 3500 1387 3570 majori
1443 3500 1681 3570 potentia
1728 3514 1861 3555 crux

240 3601 445 3671 ubique
470 3597 718 3668 perfecit,
740 3604 958 3665 peccata
982 3595 1220 3659 solvens,
1235 3594 1497 3665 justitiam
1519 3594 1857 3664 impertiens,

242 3701 469 3747 sanctos
497 3689 733 3745 reddens
762 3688 1032 3752 homines,
1089 3687 1180 3741 Dei
1232 3686 1593 3756 cognitionem
1622 3685 1857 3754 docens,

241 3787 306 3841 ad
355 3786 557 3842 caelum
589 3799 752 3838 manu
806 3783 1032 3838 ducens.
1080 3781 1284 3836 Deinde
1330 3781 1567 3837 Judaicis
1604 3782 1809 3837 relictis
1840 3824 1855 3846 ,

237 3882 304 3935 ad
334 3879 604 3951 gentilitia
628 3879 801 3933 venit:
825 3875 925 3932 Ubi
940 3876 1254 3947 conquisitor
1270 3876 1426 3944 hujus
1445 3876 1620 3930 saeculi
1637 3875 1860 3946 (Ibid)?

240 3976 340 4030 llic
370 3973 662 4029 haereticos
687 3970 1016 4035 subindicat,
1051 3980 1103 4023 et
1133 3984 1227 4025 eos
1256 3969 1346 4039 qui
1375 3968 1701 4040 syllogismis
1725 3969 1859 4024 abu-

236 4080 428 4124 tuntur
465 4089 479 4124 :
513 4069 601 4141 qui
635 4067 868 4123 antehac
910 4064 1126 4137 quidem
1153 4064 1345 4134 gladiis
1366 4064 1632 4119 acutiores
1657 4072 1813 4118 erant
1838 4104 1853 4128 ,

234 4173 527 4231 postquam
559 4171 739 4214 autem
783 4174 914 4214 crux
959 4157 1225 4227 apparuit,
1257 4155 1464 4210 facilius
1493 4171 1657 4227 quam
1687 4156 1862 4211 lutum

230 4255 437 4323 dejecti
481 4262 628 4307 sunt.
681 4251 866 4306 Annon
912 4251 1124 4306 stultam
1182 4249 1300 4318 fecit
1344 4247 1485 4303 Deus
1546 4249 1855 4317 sapientiam

230 4347 397 4416 hujus
432 4346 615 4398 mundi
646 4347 664 4415 (
697 4343 833 4399 Ibid.
868 4344 928 4413 )?
955 4343 1164 4398 Rursus
1208 4350 1394 4395 contra
1423 4338 1653 4409 gentiles
1680 4354 1739 4394 se
1765 4353 1855 4395 ac-

228 4441 428 4509 cingit.
483 4437 622 4506 Quid
653 4438 755 4493 sibi
788 4436 923 4503 vult,
970 4435 1197 4492 Stultam
1225 4434 1390 4505 fecit?
1436 4431 1665 4487 Stultam
1699 4446 1854 4485 mon-

229 4532 434 4585 stravit
469 4548 481 4585 :
516 4530 635 4584 talis
679 4530 825 4584 enim
866 4537 1005 4584 erat.
1054 4527 1119 4582 Et
1160 4526 1392 4597 ipsorum
1435 4534 1482 4579 et
1530 4531 1854 4594 peccatorum

226 4624 448 4678 illorum
494 4632 541 4676 et
581 4623 909 4693 iniquitatum
953 4638 1056 4676 non
1090 4618 1396 4675 recordabar
1422 4618 1644 4686 amplius
1688 4615 1823 4688 (Jer.

225 4715 323 4770 51.
356 4714 475 4784 54).
512 4713 621 4769 Sed
670 4713 932 4784 pr0pheta
966 4712 1185 4782 quidem
1234 4710 1446 4767 Veteris
1474 4710 1630 4765 nobis
1670 4710 1849 4764 laetam

225 4807 476 4877 speciem
506 4804 792 4861 describit:
815 4804 1321 4875 Apostolusautem,
1350 4803 1476 4872 quia
1498 4817 1619 4857 cum
1647 4801 1851 4858 Judteis

225 4908 474 4969 pugnat,
504 4914 535 4953 e
575 4899 799 4969 regione
842 4908 1070 4966 utraque
1119 4896 1309 4965 ponit:
1340 4895 1589 4966 superius
1632 4896 1849 4965 quidem

227 4994 394 5045 nobis
417 4991 573 5053 dixit,
601 4989 724 5044 Non
740 4991 791 5043 in
820 4990 1004 5044 tabulis
1028 4989 1262 5059 lapideis,
1282 4989 1375 5043 sed
1398 4989 1450 5043 in
1472 4988 1658 5043 tabulis
1680 4990 1850 5043 cordis

225 5083 533 5138 carnalibus
562 5101 581 5150 ;
608 5083 694 5137 hic
714 5091 917 5147 autem,
954 5081 1076 5136 Non
1105 5082 1282 5148 litera,
1321 5082 1409 5135 sed
1432 5082 1672 5151 spiritus;
1703 5082 1849 5136 litera

225 5178 372 5231 enim
404 5176 613 5242 occidit,
647 5176 861 5245 spiritus
887 5184 1056 5230 autem
1087 5173 1310 5243 vivi/icat
1340 5173 1417 5244 (2.
1450 5172 1567 5227 Cor.
1600 5174 1653 5229 5.
1684 5175 1737 5229 3.
1766 5172 1844 5244 6).

306 5271 363 5326 5.
402 5269 456 5324 In
485 5270 713 5324 sabbato
750 5269 970 5337 collegit
1010 5268 1128 5339 quis
1165 5268 1337 5337 ligna,
1373 5277 1427 5323 et
1460 5268 1722 5338 lapidatus
1763 5276 1849 5323 est

228 5365 428 5438 (Nam.
460 5364 546 5422 15.
581 5364 671 5421 ⁸52.
702 5362 815 5437 56).
843 5363 1103 5419 Vidistine
1128 5361 1398 5434 quomodo
1425 5362 1577 5417 litera
1610 5362 1842 5431 occidat,

1071 448 1137 503 XI
1176 448 1482 513 ll0.\llLl.\,
1530 445 1616 501 DE
1658 442 2027 505 ELEAIARO
2068 446 2157 503 ET
2197 449 2473 507 SEPTEM
2515 451 2781 509 PUERlS.

3481 464 3581 517 530

1993 589 2040 641 id
2072 599 2174 656 est,
2213 591 2297 645 lex
2327 594 2554 663 puniat?
2594 595 2741 649 disce
2768 597 3038 666 quomodo
3081 599 3301 668 Spiritus
3330 602 3584 659 vivificet.

1992 681 2269 751 Ingressus
2297 693 2379 740 est
2407 686 2671 754 quispiam
2706 689 2853 742 mille
2882 691 3038 744 malis
3072 692 3280 759 plenus,
3314 696 3402 763 qui
3433 710 3585 750 scor-

1990 780 2129 828 tatns
2161 786 2264 841 est,
2295 779 2492 846 rapuit,
2521 795 2715 833 avarus
2744 781 2867 848 fuit,
2898 783 3128 849 adulter,
3157 788 3303 840 omni
3333 792 3585 859 nequitia:

1986 872 2169 938 generi
2189 871 2469 938 obnoxius,
2486 873 2594 943 jam
2619 886 2893 930 emortuus
2916 887 3137 947 peccato
3159 898 3170 931 :
3192 880 3364 950 ipsum
3390 886 3585 953 accipit

1984 965 2216 1034 Spiritus
2256 968 2425 1037 gratia
2472 969 2539 1023 ad
2586 970 2897 1035 lavacrum,
2943 981 2995 1025 et
3026 982 3378 1029 scortatorem
3415 976 3582 1031 lilium

1989 1059 2081 1115 Dei
2113 1060 2313 1128 ellieit,
2347 1070 2402 1117 et
2440 1078 2562 1117 eum
2589 1105 2602 1125 ,
2636 1062 2727 1133 qui
2771 1066 2821 1117 in
2870 1066 3104 1134 peccatis
3143 1076 3391 1123 mortuus
3426 1080 3577 1136 erat,

1984 1153 2242 1213 vivificat.
2275 1155 2386 1210 lloc
2416 1156 2520 1211 sibi
2550 1157 2664 1211 vult
2692 1157 2828 1212 illud
2855 1201 2870 1223 ,
2904 1158 3132 1230 Spiritus
3161 1161 3401 1233 uiviﬁcat.
3429 1162 3580 1229 Quu—

1983 1247 2145 1303 modo
2170 1258 2350 1304 autcm
2382 1249 2654 1307 viviﬁcat?
2679 1251 2797 1308 Non
2831 1267 3018 1324 ptenas
3050 1264 3392 1326 peccatorum
3419 1274 3580 1327 repe-

1985 1354 2126 1411 tens,
2156 1345 2451 1401 secundum
2484 1346 2611 1401 illud
2634 1348 2918 1417 Propheta)
2945 1348 3148 1404 dictum
3171 1368 3184 1405 :
3207 1350 3471 1423 PrOpitius
3496 1368 3582 1406 ero

1980 1438 2331 1509 iniquitatibus
2359 1455 2535 1493 eorum
2562 1481 2573 1501 ,
2608 1450 2654 1493 et
2700 1450 3024 1509 peccatorum
3066 1458 3238 1497 eorum
3268 1452 3315 1497 et
3339 1443 3583 1515 iniquita-

1980 1544 2086 1584 tum
2125 1548 2299 1585 eorum
2328 1548 2430 1585 non
2458 1532 2763 1587 recordabar
2788 1535 3032 1604 amplius.
3076 1536 3355 1608 Interroga
3394 1551 3583 1592 rursus

1977 1625 2244 1691 Judaeum,
2270 1626 2487 1680 ubinam
2514 1625 2619 1682 hoc
2641 1625 2839 1682 factum
2865 1629 2935 1683 sit
2958 1629 3012 1683 in
3038 1629 3157 1700 lege
3179 1630 3305 1686 :scd
3328 1630 3377 1685 id
3401 1639 3584 1686 osten-

1977 1719 2106 1774 dere
2138 1736 2243 1773 uon
2275 1720 2468 1790 possit.
2499 1719 2628 1775 Nam
2658 1730 2712 1777 et
2738 1722 2826 1792 qui
2860 1721 2999 1793 ligna
3032 1723 3345 1795 collegerat,
3376 1724 3584 1796 lapida-

1977 1820 2064 1866 tus
2107 1811 2224 1879 fuit,
2268 1821 2323 1866 et
2360 1810 2676 1868 fornicatrix
2720 1814 3160 1883 comhurcbatur,
3191 1815 3479 1889 ctMoyscs
3510 1820 3579 1873 ob

1977 1913 2254 1977 peccatum
2283 1920 2446 1961 unum
2470 1921 2501 1961 a
2529 1915 2671 1962 terra
2699 1908 3076 1979 promissionis
3097 1909 3303 1966 excidit
3329 1928 3342 1965 :
3367 1911 3420 1965 in
3451 1927 3578 1983 gra-

1976 2000 2063 2054 tiae
2093 2007 2272 2054 autem
2302 2006 2545 2072 tempore
2565 2042 2579 2065 ,
2613 2001 2703 2071 qui
2744 2000 2891 2057 mille
2917 2003 3127 2058 scelera
3161 2017 3533 2073 perpetrat-unt
3558 2048 3573 2073 ,

1975 2110 2072 2166 per
2098 2094 2350 2164 baptismi
2379 2096 2699 2151 beneficium
2732 2096 3094 2163 viviﬁcantur,
3130 2098 3384 2170 nullaque
3412 2115 3579 2169 expe-

1976 2188 2107 2242 titur
2135 2188 2403 2243 scelerum
2431 2203 2612 2258 poma.
2644 2187 2875 2259 Ideoque
2899 2188 3095 2243 Paulus
3116 2188 3331 2245 dicebat
3355 2208 3368 2245 :
3396 2189 3575 2245 Nolite

1970 2298 2144 2337 errare
2173 2297 2192 2337 :
2219 2298 2377 2353 neque
2403 2282 2672 2354 fornicarii
2690 2324 2704 2350 ,
2738 2299 2897 2353 neque
2925 2283 3103 2337 molles
3128 2326 3144 2350 ,
3183 2300 3342 2355 neque
3369 2301 3574 2339 mascu-

1973 2376 2140 2430 lorum
2170 2375 2539 2443 concubitores,
2570 2392 2732 2447 neque
2756 2377 2999 2441 adulteri,
3033 2394 3191 2448 neque
3220 2379 3380 2448 fures,
3415 2396 3575 2450 neque

1970 2469 2133 2534 avari,
2163 2485 2323 2538 neque
2352 2468 2557 2536 ebriosi,
2586 2486 2748 2537 neque
2775 2470 3031 2537 maledici,
3062 2487 3221 2541 neque
3245 2488 3456 2543 rapaces
3486 2491 3572 2527 re-

1968 2578 2125 2633 gnum
2147 2559 2243 2615 Dei
2265 2561 2610 2633 possidebunt.
2638 2561 2704 2616 Et
2726 2563 2834 2617 Itazc
2853 2564 3062 2634 quidam
3082 2566 3237 2620 eratis
3262 2580 3280 2619 :
3300 2566 3391 2620 sed
3410 2565 3573 2621 abluti

1969 2655 2109 2714 estis,
2138 2654 2226 2708 sed
2251 2654 2557 2723 sanctiﬁcati
2578 2655 2714 2723 estis,
2741 2655 2834 2709 sed
2846 2656 3123 2725 justi/icati
3146 2658 3265 2712 estis
3291 2659 3344 2712 in
3367 2660 3572 2715 nomine

1967 2744 2179 2800 Domini
2202 2746 2327 2801 Iesu
2356 2747 2470 2802 etin
2488 2746 2683 2821 Spiritu
2704 2747 2804 2803 Dei
2824 2751 2983 2804 nostri
3010 2752 3030 2823 (
3060 2751 3111 2806 1.
3141 2750 3258 2806 Cor.
3284 2752 3337 2807 6.
3363 2751 3489 2808 9-H
3526 2754 3568 2824 ).

1973 2839 2243 2905 Vidistin’,
2267 2856 2427 2910 quam
2457 2841 2741 2912 splendeat
2769 2844 3142 2914 pmpheticum
3168 2845 3299 2901 illud
3330 2865 3343 2902 :
3375 2846 3570 2919 I’rOpi-

1968 2930 2068 2990 tius
2090 2953 2175 2990 ero
2198 2937 2548 3007 iniquitatibus
2568 2954 2742 2992 eorum
2763 2939 2787 2992 ?
2808 2954 2969 3009 quam
2995 2939 3193 3011 fulgeat
3214 2942 3568 3011 apostolicum
3632 3018 3635 3019 ν

1967 3030 2094 3085 illud
2118 3072 2132 3095 ,
2168 3030 2398 3101 Spiritus
2423 3032 2686 3103 viviﬁcat?
2714 3034 2806 3089 Vis
2832 3044 2885 3090 et
2914 3035 3060 3090 aliud
3089 3035 3319 3103 discere,
3349 3049 3570 3107 aposto-

1967 3122 2076 3177 lum
2107 3139 2301 3193 nempe
2328 3124 2550 3179 Paulum
2583 3126 2893 3197 loquentem
2915 3169 2931 3195 ,
2967 3128 3239 3199 quomodo
3284 3130 3373 3185 ille
3416 3130 3567 3185 brevi

1968 3224 2212 3287 tempore
2228 3218 2415 3273 orbem
2436 3233 2575 3289 pene
2604 3228 2772 3275 totum
2799 3222 3146 3292 peragravit?
3175 3224 3299 3279 audi
3320 3224 3466 3279 illum
3486 3224 3570 3280 di-

1963 3319 2176 3364 contem
2212 3329 2225 3365 :
2255 3308 2343 3364 Ita
2373 3321 2429 3365 ut
2459 3312 2521 3367 ab
2550 3312 2839 3367 Jerusalem
2866 3315 2936 3368 ad
2962 3314 3236 3387 Illyricum
3268 3317 3568 3387 repleverim

1944 3400 2283 3475 Evangelium
2299 3421 2319 3469 ;
2345 3416 2399 3460 et
2426 3422 2640 3461 rursum
2666 3449 2681 3473 ,
2715 3407 2872 3462 Nunc
2896 3426 3011 3465 vero
3036 3412 3249 3465 ulterius
3274 3411 3440 3466 locant
3466 3429 3568 3466 non

1965 3496 2155 3552 habens
2185 3500 2237 3552 in
2264 3499 2344 3553 Itis
2371 3502 2683 3571 regionibus,
2716 3504 3046 3573 cupiditatem
3076 3515 3244 3559 autem
3270 3505 3460 3560 habens
3489 3508 3569 3560 vi-

1964 3590 2120 3643 dendi
2146 3608 2233 3644 ros
2256 3631 2273 3658 ,
2307 3609 2421 3645 cum
2450 3594 2503 3646 in
2532 3593 2842 3665 Hispaniam
2872 3596 3132 3665 proﬁcisci
3155 3614 3384 3663 coepero,
3418 3615 3568 3669 spero

1964 3698 2043 3734 me
2074 3681 2242 3736 videre
2270 3698 2357 3737 vos
2385 3727 2399 3751 ,
2434 3685 2479 3738 si
2504 3684 2642 3739 vobis
2672 3687 2895 3755 primum
2934 3705 2998 3743 ea:
3028 3700 3174 3759 parte
3204 3691 3393 3761 fruitus
3419 3695 3567 3761 fuero

1968 3773 2143 3843 (Rom.
2176 3776 2264 3830 15.
2292 3775 2377 3831 19.
2403 3775 2518 3847 25).
2542 3777 2695 3845 Quod
2725 3779 3076 3850 siApostolus
3104 3797 3242 3836 unus
3272 3792 3378 3836 tam
3414 3783 3564 3839 brevi

1965 3873 2207 3935 tempore
2229 3867 2486 3936 majorem
2512 3869 2659 3924 orbis
2681 3882 2889 3940 partem
2917 3873 3202 3942 percurrit,
3228 3875 3401 3943 cogita
3425 3891 3564 3947 quo-

1963 3961 2125 4013 modo
2149 3960 2309 4014 etiam
2339 3962 2431 4015 alii
2462 3964 2648 4019 orbem
2680 3975 2850 4019 totum
2880 3966 3029 4036 quasi
3059 3981 3259 4038 sagena
3280 3977 3561 4037 ceperunt.

1960 4052 2299 4124 Quapropter
2325 4055 2559 4123 dicebat,
2588 4057 2852 4128 Evangelii
2881 4060 3019 4131 quod
3045 4062 3377 4130 pra’dicatnm
3408 4072 3482 4117 est
3510 4063 3565 4117 in

1961 4147 2099 4198 onmi
2141 4157 2375 4201 creatura
2412 4165 2525 4217 quae
2567 4150 2660 4203 sub
2707 4151 2830 4205 caelo
2862 4160 2960 4215 est;
2999 4152 3375 4222 propheticum
3429 4156 3559 4210 illud

1960 4236 2322 4306 interpretans
2346 4258 2356 4292 :
2386 4239 2520 4305 Quia
2547 4258 2720 4295 omnes
2747 4244 2907 4296 scient
2934 4260 3014 4298 me
3040 4260 3071 4297 a
3100 4246 3287 4299 minori
3311 4262 3467 4316 usque
3494 4248 3563 4300 ad

1957 4345 2218 4400 magnum.
2245 4331 2348 4387 Sed
2372 4332 2513 4402 quod
2533 4333 2781 4389 Christus
2805 4335 2977 4406 legem
2997 4335 3208 4392 dederit
3232 4337 3359 4392 hinc
3382 4339 3559 4408 palam

1958 4431 2061 4486 est,
2091 4434 2143 4477 et
2171 4424 2313 4493 quod
2334 4424 2628 4480 Machabmi
2659 4443 2756 4497 pro
2780 4427 2899 4499 lege
2921 4429 3149 4499 jugulati
3172 4474 3185 4496 ,
3211 4446 3309 4502 pro
3341 4431 3559 4503 legisla-

1958 4520 2076 4570 tore
2097 4516 2416 4585 Sanguinem
2438 4517 2698 4586 fuderint,
2722 4518 2826 4574 hoc
2844 4536 3060 4592 quoque
3082 4522 3427 4578 manifestum
3457 4543 3468 4578 :
3491 4523 3560 4579 de

1954 4616 2156 4662 caetero
2173 4617 2351 4664 autem
2371 4610 2650 4666 caritatem
2679 4620 2913 4667 vestram
2944 4629 3097 4684 rogo,
3131 4625 3184 4669 ut
3215 4631 3335 4670 cum
3365 4617 3558 4672 alacri-

1958 4707 2066 4754 tate
2094 4701 2257 4755 multa
2290 4702 2358 4757 ad
2380 4702 2577 4758 festum
2607 4705 2879 4760 accedatis
2905 4723 2918 4758 :
2942 4707 3083 4762 sicut
3116 4722 3247 4778 apes
3277 4711 3344 4764 ab
3373 4710 3556 4765 alvca-

1956 4791 2102 4848 ribus
2115 4795 2326 4849 exsilite
2353 4795 2419 4850 ad
2449 4806 2743 4867 martyrum
2760 4797 3001 4861 vulnera,
3021 4814 3324 4871 eorumque
3342 4804 3554 4855 crucia-

1957 4894 2042 4940 tus
2061 4888 2505 4956 complectimtni,
2543 4889 2675 4943 nihil
2714 4901 2968 4945 curantes
3011 4890 3111 4945 via:
3138 4891 3551 4962 longitudinem.

1952 4977 2087 5033 Nam
2119 4980 2162 5034 si
2180 4980 2465 5035 Eleazarus
2495 4996 2659 5037 senex
2692 4981 2866 5051 ignem
2890 4996 3054 5036 ausus
3069 4983 3384 5052 cstaggredi
3403 5024 3417 5045 ,
3438 4995 3490 5037 et
3512 4985 3555 5038 si

1954 5071 2238 5127 beatorum
2269 5073 2460 5127 horum
2494 5083 2667 5128 mater
2705 5074 2758 5128 in
2789 5082 3031 5128 extrema
3062 5084 3341 5129 senectute
3373 5084 3549 5131 tantos

1956 5180 2110 5234 passa
2140 5174 2225 5220 est
2253 5165 2470 5220 dolores
2496 5182 2508 5219 :
2534 5181 2695 5236 quam
2724 5164 3115 5232 defensionem,
3146 5180 3306 5237 quam
3334 5167 3549 5221 veniam

1954 5256 2238 5321 habebitis,
2265 5257 2308 5311 si
2338 5272 2436 5311 nec
2464 5272 2632 5327 pauca
2659 5256 2829 5313 stadia
2858 5258 3182 5327 percurratis
3205 5257 3271 5315 ad
3295 5258 3386 5313 illa
3406 5274 3544 5315 eou-

1952 5354 2222 5423 spiclemla
2249 5353 2542 5409 certamina
2558 5353 2625 5408 ?..
2641 5392 2655 5406 .
