4138 6450
630 387 730 445 551
1729 386 2107 444 SEVEBIAM
2170 387 2524 444 GADALOR.
2568 387 2783 447 EPISC.
3790 398 3904 456 551

1090 807 1447 869 MONITUM
1484 808 1565 870 IN
1609 809 1991 871 HOMILIAM
2035 809 2482 882 SEVERIANI,
2526 808 2998 872 GABALORUM
3039 809 3431 886 EPISCOPI,

691 1024 846 1100 [402]
894 1022 1179 1080 Severiaui
1215 1039 1337 1080 esse
1372 1025 1513 1080 bane
1547 1025 1662 1081 sive
1701 1024 2006 1080 orationem
2037 1027 2152 1080 sive
2201 1025 2482 1081 bomiliam
2515 1025 2675 1082 docet
2709 1025 3084 1082 Theodoretus
3115 1025 3330 1096 dialogo
3360 1027 3522 1082 tertio
3565 1027 3704 1098 Περὶ
3736 1028 3888 1082 ἀπα-

620 1145 770 1211 θοῦς,
802 1144 880 1199 De
915 1145 1223 1216 intpatibili,
1266 1154 1401 1202 tom.
1432 1143 1522 1212 IV,
1554 1161 1676 1217 pag.
1709 1146 1835 1211 169,
1889 1147 2145 1202 editionis
2178 1145 2596 1212 Sirmondianre,
2636 1155 2694 1200 ut
2725 1145 3084 1200 indicabimus
3116 1144 3253 1200 inira
3283 1159 3384 1201 suo
3426 1144 3544 1200 loco
3576 1145 3737 1216 paulo
3768 1154 3900 1202 ante

619 1257 782 1313 ﬁnem
813 1257 1085 1324 homilim;
1125 1259 1178 1313 iu
1219 1258 1604 1329 manuscriptis
1633 1273 1760 1314 vero
1785 1258 2044 1315 omnibus
2069 1259 2243 1315 sancti
2277 1257 2507 1314 Joannis
2546 1257 2919 1328 Chrysostomi
2952 1272 3149 1314 nomen
3177 1272 3290 1328 pra:
3331 1271 3393 1314 ee
3428 1256 3570 1316 fert:
3599 1259 3710 1314 imo
3736 1259 3850 1328 jam
3877 1275 3908 1316 ι

620 1375 810 1431 multis
841 1374 1054 1430 saeculis
1078 1374 1457 1446 Chrysostomi
1491 1375 1711 1430 nomine
1756 1373 2166 1431 circumfertur.
2216 1374 2350 1429 Nam
2385 1375 2438 1428 in
2468 1373 2698 1445 epistola
2743 1373 2966 1430 Adriani
3000 1373 3213 1445 'papael
3271 1377 3338 1430 ad
3382 1374 3800 1432 Constantinum
3853 1386 3913 1433 et

621 1489 835 1555 lreueu,
872 1487 1079 1544 Concil.
1125 1495 1257 1544 tom.
1293 1484 1405 1553 νυ,
1437 1502 1563 1559 pag.
1589 1485 1726 1554 H2,
1767 1487 2026 1544 editionis
2053 1485 2250 1553 Labb.,
2290 1488 2441 1544 locus
2487 1488 2716 1544 all‘ertur
2742 1489 2961 1547 nomine
2991 1489 3166 1546 sancti
3206 1487 3436 1547 Joannis
3489 1490 3907 1564 Cbrysostomi,

621 1607 715 1678 qui
743 1622 806 1662 ex
839 1608 938 1662 bac
967 1606 1218 1663 oratione
1245 1617 1538 1678 excerptas
1569 1607 1796 1663 omnino
1822 1607 2061 1676 videtur,
2093 1622 2160 1663 ex

2290 1623 2498 1672 mone,
2536 1617 2595 1663 ut
2638 1607 2711 1663 ibi
2759 1607 2985 1674 dicitur,
3029 1607 3128 1662 τοῦ
3169 1609 3250 1672 εἰς
3294 1606 3398 1680 τὴν
3445 1605 3768 1680 παραϐολὴν
3810 1606 3909 1662 τοῦ

623 1724 849 1798 σπόρου,
878 1725 933 1780 in
969 1722 1296 1780 Parabolam
1325 1725 1562 1780 seminis.
1601 1724 1776 1781 Verba
1805 1735 1987 1782 autem
2025 1727 2105 1782 sic
2131 1726 2183 1780 h:

2290 1734 2367 1782 ll:
2408 1724 2654 1796 Ἔνδυμα
2690 1723 2975 1796 βασιλικὸν
3022 1723 3118 1778 ἐὰν
3150 1722 3401 1796 ὑϐρίσῃς,
3438 1721 3560 1794 οὐχ).
3587 1721 3682 1776 τὸν
3710 1721 3911 1776 ἐνδυό-

625 1864 790 1919 μενον
821 1845 986 1902 αὐτὸν
1015 1846 1290 1919 ῠὸρίζεις;
1322 1847 1424 1901 οὐκ
1453 1843 1606 1912 οἶδας
1636 1847 1720 1902 ὅτι
1751 1848 1901 1910 ὅστις
1949 1847 2053 1920 τὴν
2098 1845 2287 1902 εἰκόνα
2310 1845 2410 1917 τὴν
2454 1846 2522 1900 ὲκ
2561 1843 2722 1912 ξύλου
2769 1843 2865 1898 καὶ
2896 1843 3205 1916 χρωμάτων
3249 1840 3502 1914 λοιδορεῖ,
3531 1839 3631 1911 οὐχ
3656 1838 3734 1904 ὡς
3768 1838 3914 1911 πρὸς

619 1969 830 2040 ἄψυχον
853 1969 1135 2042 τολμήσας
1163 1969 1438 2042 κρίνεται,
1473 1968 1612 2024 am
1636 1969 1780 2024 κατὰ
1801 1967 1896 2024 τοῦ
1925 1967 2233 2040 βασιλέως;
2267 1968 2470 2033 δισσῶς
2495 1967 2607 2039 γὰρ
2647 1965 2726 2038 τῷ
2755 1965 2971 2037 βασιλεῖ
3021 1963 3332 2037 προσφέρει
3381 1960 3484 2034 τὴν
3529 1958 3710 2032 ὓϐριν.
3777 1957 3912 2026 Qum

621 2089 820 2144 ibidem
853 2090 932 2146 sic
966 2086 1158 2146 Latine
1190 2088 1490 2145 habentur:
1534 2086 1915 2144 Indumentum
1939 2087 2214 2157 imperiale
2243 2087 2289 2142 si
2333 2086 2673 2142 contumeliis
2704 2085 2974 2157 affeceris,
3008 2100 3182 2140 nonne
3214 2083 3264 2138 ei
3290 2082 3382 2154 qui
3431 2080 3675 2136 induitur
3712 2089 3910 2135 contu-

619 2212 810 2266 melias
849 2212 1096 2284 irrogas?
1129 2213 1300 2267 nescis
1325 2213 1452 2284 quia
1475 2212 1522 2266 si
1559 2213 1677 2283 quis
1708 2211 1931 2282 imagini
1962 2209 2299 2280 imperatoris
2336 2209 2595 2281 injuriam
2620 2210 2803 2280 infert,
2835 2210 2903 2262 ad
2933 2209 3106 2278 ipsum
3154 2207 3550 2277 imperatorem,
3592 2201 3648 2254 id
3705 2210 3806 2266 est,
3837 2201 3910 2253 ad

619 2331 794 2403 ipsum
826 2335 1175 2405 principalem
1207 2346 1256 2390 et
1286 2335 1356 2388 ad
1397 2334 1512 2404 ejus
1539 2335 1854 2405 dignitatem
1884 2334 2044 2402 refert
2067 2334 2326 2403 injuriam
2351 2335 2377 2389 ?
2411 2333 2581 2387 nescis
2617 2332 2758 2403 quod
2777 2331 2826 2385 si
2848 2331 2971 2402 quis
3005 2329 3246 2401 imagini,
3276 2345 3396 2399 qua:
3415 2344 3481 2384 ea:
3512 2327 3656 2400 ligno
3679 2338 3728 2381 et
3756 2321 3906 2379 colo.

619 2457 766 2512 ribus
797 2470 894 2522 est,
929 2457 1219 2527 maledicit,
1255 2477 1359 2514 non
1397 2459 1671 2524 iudicatur
1696 2457 1852 2512 relati
1885 2457 1931 2512 si
1982 2466 2165 2511 contra
2189 2456 2548 2512 inanimatam
2580 2453 2836 2524 quiddam
2861 2461 3282 2523 praesumptuose
3309 2465 3366 2506 se
3387 2448 3630 2522 gesserit,
3655 2447 3747 2502 sed
3780 2453 3906 2499 tan-

631 2797 1788 2812 μ-ο--ε--σ-ν-συ-μ-
1805 2795 2152 2806 ——--——-

1300 3241 1531 3297 SERMO

605 3359 680 3415 De
711 3359 911 3429 Sigillis
938 3358 1180 3412 librorum
1199 3397 1214 3420 ,
1246 3364 1293 3410 et
1317 3353 1570 3426 quomodo
1600 3349 1768 3405 Filius
1810 3346 1999 3412 Patri,
2033 3342 2192 3398 Pater

710 3452 849 3508 Filio
875 3450 1086 3520 offerat,
1113 3467 1175 3504 ac
1201 3450 1265 3504 de
1291 3447 1575 3504 Seroatoris
1601 3442 1955 3500 incarnatione
1984 3437 2083 3512 (a).

679 3551 728 3604 ι.
759 3548 1003 3618 Magnum
1027 3545 1093 3600 ad
1122 3545 1349 3598 salutem
1377 3541 1570 3596 animae
1595 3538 1850 3592 viaticum
1878 3541 2004 3588 sunt
2026 3544 2194 3586 sacrae

604 3644 922 3714 disciplinze.
972 3637 1378 3696 Ferrum.enim
1420 3637 1600 3701 ferro,
1633 3633 1813 3688 anima
1856 3645 1987 3686 vero
2030 3626 2195 3682 verbo

601 3736 785 3791 divino
830 3735 1090 3788 acuitur:
1125 3747 1260 3802 pane
1304 3743 1504 3800 corpus
1549 3727 1752 3791 alitur,
1799 3723 1964 3779 verbo
2009 3721 2192 3776 divino

595 3830 773 3883 anima
820 3828 1062 3880 ﬁrmatur
1086 3843 1100 3880 :
1125 3834 1180 3878 ut
1217 3822 1346 3878 dicit
1373 3822 1535 3876 etiam
1575 3818 1823 3888 Moyses,
1851 3814 2050 3870 divinze
2075 3811 2180 3867 do-

595 3921 786 3974 ctriuze
823 3921 928 3972 vim
969 3917 1210 3972 altricem
1246 3912 1594 3969 subindicans
1628 3929 1642 3966 :
1677 3907 1800 3962 Non
1831 3909 1883 3960 in
1923 3906 2032 3960 solo
2061 3919 2193 3974 pane

595 4013 712 4066 vicit
744 4013 914 4075 homo,
947 4010 1036 4066 sed
1062 4011 1114 4064 in
1140 4007 1276 4063 omni
1306 4006 1454 4062 verbo
1477 4004 1612 4076 quod
1643 4001 1870 4073 procedit
1899 3999 1963 4054 de
1989 4015 2077 4052 ore
2099 3995 2193 4050 Dei

599 4105 757 4171 (Deut
806 4106 861 4160 8.
892 4103 974 4173 5).
1018 4103 1346 4156 Alimentum
1391 4099 1552 4166 igitur
1586 4095 1780 4150 animae
1823 4090 2045 4147 verbum
2094 4088 2190 4143 Dei

592 4207 698 4253 est.
725 4196 856 4265 Quae
877 4195 1022 4250 enim
1047 4193 1114 4248 ad
1142 4191 1430 4262 imaginem
1453 4187 1615 4244 Verbi
1636 4186 1897 4242 creatoris
1923 4182 2061 4238 facta
2082 4190 2186 4247 est,

594 4290 804 4346 ratione
835 4295 1024 4343 ornata
1051 4327 1066 4351 ,
1099 4294 1154 4342 et
1182 4282 1492 4340 rationabili
1519 4281 1735 4352 dignata
1765 4279 2013 4333 libertate
2036 4315 2049 4340 ,
2081 4287 2188 4344 quo

597 4382 766 4452 magis
789 4381 1008 4452 proprio
1024 4379 1283 4434 alimento
1305 4385 1500 4437 utatur,
1523 4387 1684 4444 quam
1707 4369 1872 4426 verbo
1894 4367 2184 4430 nutriente,

594 4475 929 4536 iustituente,
958 4481 1013 4526 et
1036 4470 1101 4525 ad
1127 4467 1399 4540 propriam
1427 4465 1528 4521 sibi
1557 4463 1863 4518 libertatem
1890 4460 2000 4515 cito
2027 4457 2187 4512 resti-

593 4567 816 4621 tuente?
843 4564 1079 4619 Verbum
1123 4577 1289 4632 porro
1330 4559 1582 4624 dicimus,
1615 4555 1828 4618 fratres,
1864 4568 1971 4606 non
2000 4549 2187 4620 sortiti-

590 4659 726 4712 Stica
757 4657 1020 4727 gravitate
1053 4655 1118 4708 ad
1169 4651 1572 4723 persuasionem
1621 4647 2041 4707 concinnatum;
2087 4639 2183 4694 sed

589 4751 732 4820 quod
766 4750 885 4805 lidei
917 4746 1267 4819 simplicitate
1296 4742 1540 4799 veritatis
1569 4739 1934 4795 testimonium
1964 4733 2178 4789 habeat.

588 4844 779 4912 Spuria
822 4843 1019 4913 quippe
1048 4840 1342 4912 reputanda
1377 4846 1460 4893 est
1490 4835 1666 4890 omnis
1695 4834 1867 4886 virtus
1896 4839 1951 4886 et
1979 4829 2102 4883 vitae
2128 4836 2183 4883 et

589 4938 768 5004 verbi,
797 4948 919 5010 qua!
945 4953 974 4988 a
1003 4934 1184 4989 divino
1213 4932 1469 5002 Magistro
1498 4927 1763 4999 primitias
1794 4940 1900 4980 non
1928 4920 2138 4991 accepit
2163 4937 2176 4974 :

591 5043 638 5085 et
666 5042 924 5102 quanttttn
953 5027 1137 5082 umbra
1167 5041 1194 5079 a
1225 5039 1472 5094 corpore,
1501 5032 1555 5077 et
1579 5019 1846 5075 somnium
1875 5035 1903 5072 a
1932 5018 2176 5079 veritate,

587 5135 790 5177 tantum
818 5121 980 5177 distat
1002 5135 1032 5173 a
1055 5135 1179 5173 vera
1209 5116 1299 5170 Dei
1327 5114 1607 5184 sapientia,
1639 5112 1725 5166 illa
1753 5126 1872 5181 quae
1900 5110 1951 5163 in
1980 5105 2178 5161 mundo

585 5215 847 5284 sapientia
881 5221 1180 5282 reputatur.
1215 5211 1556 5278 Quapropter
1591 5205 1778 5259 l'eatus
1814 5201 2011 5257 Paulus
2036 5241 2051 5262 ,
2083 5213 2176 5253 vas

583 5305 865 5361 electionis
890 5346 903 5368 ,
936 5303 1027 5373 qui
1058 5299 1348 5371 aliquando
1383 5311 1638 5368 egressus
1676 5303 1735 5349 ut
1775 5301 1990 5348 sanctos
2034 5289 2174 5346 male

583 5408 794 5465 caperet
819 5437 836 5462 ,
880 5397 994 5466 ipse
1039 5394 1260 5465 pulchre
1291 5400 1478 5462 captus
1505 5399 1589 5445 est
1617 5389 1682 5444 ad
1723 5389 1949 5443 salutem
1998 5385 2174 5440 homi-

584 5505 749 5554 num,
781 5489 919 5557 piam
959 5497 1014 5541 et
1058 5501 1237 5541 ventu
1281 5483 1582 5540 doctrinam
1627 5482 1826 5552 spuria:
1855 5494 2171 5549 opponens,

580 5586 726 5638 clare
753 5581 966 5636 dicebat
999 5597 1012 5633 :
1049 5579 1371 5648 Sapientiam
1395 5584 1566 5631 autem
1595 5575 1850 5646 loquimur
1888 5574 2020 5626 inter
2059 5589 2175 5642 per-

640 5788 713 5850 (a)
724 5785 900 5839 Collata
917 5799 1026 5850 cum
1040 5783 1231 5850 duobus
1241 5796 1356 5850 mss.
1369 5782 1684 5850 regiis.Unus
1696 5783 1766 5850 sic
1781 5779 1972 5850 titulum
1987 5779 2125 5829 ede-rt
2152 5816 2161 5826 .

560 5850 618 5897 Pi
633 5841 661 5900 ὁ
674 5841 794 5914 festo
804 5844 1126 5916 generationis
1139 5845 1335 5910 Christi,
1351 5841 1716 5908 Chrysostomns
1731 5845 1792 5895 de
1804 5841 2007 5908 sigillis.

2310 3261 2473 3330 fectos
2503 3277 2523 3316 .'
2549 3261 2866 3330 sapientiam
2890 3275 3008 3313 vero
3034 3275 3133 3312 non
3160 3246 3552 3325 Imjns'sieculi,
3575 3253 3664 3309 sed
3687 3253 3784 3307 Dei
3808 3270 3899 3306 sa-

2304 3344 2548 3412 pientiam
2591 3345 2644 3394 in
2695 3341 2932 3411 mysterio
2976 3341 3052 3407 (Ι.
3085 3340 3202 3396 Cor.
3235 3340 3290 3395 2.
3319 3341 3402 3414 6).
3449 3343 3716 3414 Sapientia
3767 3361 3896 3416 ergo

2301 3434 2455 3487 nobis
2484 3441 2568 3487 est
2605 3430 2918 3502 pr0phetica
2967 3432 3144 3503 lingua
3194 3441 3249 3488 et
3288 3433 3580 3505 apmtolica
3623 3435 3897 3500 doctrina.

2299 3535 2460 3596 atque
2499 3524 2832 3594 evangelium
2875 3525 3024 3595 regni
3055 3566 3071 3591 ,
3116 3540 3326 3581 summa
3370 3527 3699 3582 rationabilis
3744 3541 3900 3600 pote-

2298 3619 2472 3673 statis.
2504 3617 2776 3688 Evangelii
2823 3633 3019 3672 nomen
3068 3634 3190 3672 cum
3238 3620 3521 3686 audimus,
3555 3623 3782 3690 fratres,
3814 3624 3900 3678 di-

2297 3725 2458 3780 gnum
2484 3707 2642 3778 hujus
2666 3709 2900 3764 nominis
2921 3725 3137 3764 sensum
3165 3710 3546 3780 percipiamus.
3575 3712 3719 3767 Multi
3745 3731 3898 3770 nam-

2296 3816 2402 3871 que
2429 3801 2646 3855 nomina
2676 3814 2821 3870 saepe
2849 3815 2914 3855 ex
2942 3801 3149 3869 vulgari
3195 3817 3295 3856 usu
3343 3802 3644 3873 cogitantes
3667 3847 3680 3862 .
3713 3822 3894 3864 rerum

2297 3893 2535 3962 ipsarum
2568 3892 2673 3946 vim
2708 3893 2979 3962 ignorant.
3023 3892 3299 3964 Evangelii
3347 3903 3526 3949 autem
3573 3912 3770 3951 nomen
3804 3915 3894 3957 res

2296 3986 2408 4056 ipsa
2431 3984 2558 4056 quid
2579 3985 2649 4040 sit
2671 3985 2871 4039 indicat
2891 4003 2904 4039 :
2926 3985 3239 4056 praeclaram
3263 3987 3406 4042 enim
3427 3988 3571 4043 illam
3589 3989 3890 4048 Servatoris

2294 4077 2651 4134 oeconomiam
2680 4078 2834 4133 nobis
2857 4077 3158 4144 annuntiat,
3184 4079 3326 4148 quod
3353 4079 3493 4136 Deus
3513 4096 3609 4152 per
3625 4097 3892 4138 summam

2296 4170 2680 4241 benignitatem
2709 4169 2849 4241 apud
2879 4169 3126 4227 homines
3154 4172 3224 4228 sit
3250 4181 3515 4241 versatus,
3547 4190 3652 4229 non
3684 4187 3889 4231 :eterna

2295 4265 2382 4318 illa
2415 4265 2684 4335 dignitate
2724 4280 2820 4320 sua
2865 4264 3147 4336 deposita,
3201 4266 3297 4321 sed
3345 4267 3567 4323 salutari
3615 4282 3876 4343 assnmpu

2293 4356 2664 4412 incarnatione
2690 4373 2702 4410 :
2728 4355 2971 4412 declarat
2999 4357 3154 4411 nobis
3171 4355 3523 4428 Evangelium
3553 4401 3569 4424 ,
3598 4360 3743 4430 quod
3775 4379 3889 4416 tne-

2291 4449 2441 4504 dicus
2476 4464 2647 4520 aegros
2682 4449 2914 4515 adierit,
2952 4465 3056 4502 non
3098 4449 3400 4519 pharmacis
3437 4462 3724 4508 curaturus
3749 4496 3763 4518 ,
3793 4455 3886 4510 sed

2291 4550 2422 4595 nutu
2446 4540 2747 4596 clementia:
2771 4557 2883 4596 sua:
2907 4541 3268 4596 Valetudinem
3296 4542 3888 4602 inditnrus:annuntiat

2292 4633 2468 4705 nobis,
2497 4633 2640 4704 quod
2673 4633 2979 4688 errantibus
3010 4635 3088 4686 via
3121 4645 3417 4690 monstrata
3443 4637 3532 4702 sit,
3563 4638 3613 4692 in
3649 4641 3884 4694 tenebris

2289 4725 2605 4796 degentibus
2639 4725 2727 4780 lux
2760 4726 3067 4796 apparuerit
3095 4766 3110 4792 ,
3142 4727 3444 4798 desperatis
3471 4731 3621 4784 salus
3647 4731 3884 4788 advene-

2287 4819 2376 4873 rit.
2411 4817 2541 4885 Quia
2588 4817 2730 4872 enim
2773 4831 2804 4871 a
2852 4817 2966 4887 lege
3016 4818 3242 4872 instituti
3293 4833 3398 4874 non
3450 4821 3796 4892 resipuimus.
3830 4833 3884 4878 et

2289 4911 2562 4980 prophetis
2605 4910 3035 4964 monstrantibus
3067 4927 3173 4966 non
3207 4915 3440 4968 revocati
3473 4928 3656 4970 sumus
3692 4916 3760 4970 ad
3791 4931 3882 4971 eoo

2283 5004 2576 5075 gnitionem
2633 5003 2916 5068 veritatis,
2964 5020 3084 5058 cum
3140 5006 3380 5075 ingratus
3427 5018 3612 5063 noster
3664 5011 3880 5067 animus

2284 5096 2461 5150 omnia
2497 5095 2548 5149 in
2580 5095 2878 5164 periculum
2910 5097 3204 5166 conjiceret
3235 5097 3572 5169 humanaque
3598 5101 3878 5157 subverte-

2284 5197 2396 5253 ret;
2426 5187 2512 5241 ubi
2544 5188 2638 5242 Dei
2667 5186 2968 5258 benignitas
2998 5205 3094 5243 nos
3123 5190 3293 5256 vidit,
3325 5200 3378 5244 et
3407 5207 3438 5244 a
3471 5192 3602 5261 legis
3633 5192 3877 5246 instituto

2281 5279 2562 5345 deiecisse,
2584 5288 2638 5334 et
2654 5295 2682 5334 a
2709 5279 3088 5349 pr0phetarum
3106 5281 3269 5336 ductu
3287 5279 3592 5344 deﬂexisse,
3614 5283 3876 5338 immensa

2283 5373 2520 5427 bonitate
2564 5389 2657 5426 sua
2697 5374 3046 5442 pervicaciam
3083 5383 3326 5428 nostram
3372 5373 3570 5429 derit-it
3595 5418 3607 5440 ,
3632 5379 3873 5448 Exauge-

2282 5468 2515 5536 liumque
2539 5465 2687 5536 regni
2715 5479 2816 5520 cett
2843 5464 3108 5534 quoddam
3139 5465 3342 5535 regium
3368 5465 3563 5519 mu'nus
3589 5482 3682 5536 per
3705 5479 3872 5522 totum

2279 5559 2464 5612 orbem
2497 5557 2802 5627 proposuit,
2838 5558 2993 5612 nobis
3024 5557 3259 5627 indignis
3289 5557 3472 5613 omnia
3505 5559 3735 5630 benigne
3764 5561 3872 5616 lar-

2277 5653 2417 5719 gitus
2447 5657 2548 5704 est.
2584 5650 2784 5704 l’rodiit
2813 5665 2944 5720 ergo
2975 5649 3227 5704 salutaris
3263 5652 3432 5721 gratia
3461 5691 3477 5717 ,
3521 5668 3640 5722 qu:e
3682 5668 3872 5710 omnes

2281 5743 2574 5808 beneficiis,
2600 5743 2767 5814 iisque
2791 5743 2974 5807 variis,
3003 5741 3202 5808 aliecit,
3229 5757 3416 5798 servos
3443 5743 3712 5809 liberavit,
3745 5761 3870 5815 pau-

2283 5849 2438 5904 pnx-es
2489 5833 2710 5900 ditavit,
2766 5833 2983 5890 exsules
3034 5831 3282 5901 reduxit,
3335 5834 3574 5906 captivos
3616 5835 3864 5891 redemit.
