4138 6494
1634 419 1721 475 DE
1758 417 2055 475 SlGlLLlS
2109 420 2369 481 SERMO.

3373 601 3639 615 ﬁ

348 600 3637 638 mm“

1545 838 1642 900 DE
1688 838 2008 898 SIGlLLIS
2053 837 2483 901 LIBRORUM.

326 1088 500 1147 quam
530 1071 581 1128 is
615 1070 711 1143 qui
742 1076 932 1124 contra
974 1069 1351 1138 imperatorem
1380 1062 1592 1137 egerit?
1623 1062 1911 1134 dupliciter
1936 1062 2079 1119 enim
2109 1062 2429 1134 imperatori
2456 1063 2834 1120 contumeliam
2867 1064 3052 1136 infert.
3108 1063 3328 1123 Titulus
3354 1082 3464 1123 non
3505 1068 3651 1122 idem

328 1205 443 1263 est,
483 1201 541 1251 et
579 1192 752 1247 verba
787 1187 1065 1243 tantillum
1106 1183 1324 1239 variant
1346 1184 1450 1239 sub
1474 1182 1638 1238 ﬁnem
1668 1197 1684 1247 ;
1714 1194 1905 1236 verum
1953 1176 2046 1235 illa
2072 1177 2319 1236 varietas
2347 1180 2554 1250 passim
2603 1179 2935 1238 observatur
2983 1181 3037 1238 in
3070 1180 3206 1239 locis
3230 1182 3374 1251 aliis,
3412 1200 3533 1256 qua:
3564 1196 3650 1241 vel

326 1332 360 1371 α
394 1312 663 1370 Patribus
691 1309 775 1365 vel
804 1309 856 1365 in
884 1305 1111 1379 synodie
1143 1320 1212 1362 ex
1241 1304 1475 1360 aliorum
1512 1301 1735 1372 scriptis
1766 1298 2099 1359 aleruntur.
2147 1297 2253 1356 Hic
2308 1298 2495 1372 itaque
2520 1298 2950 1372 Cbrysostomus
2988 1318 3088 1375 pro
3116 1302 3417 1362 Severiano
3450 1306 3653 1361 allatus

327 1432 574 1487 videtur.

406 1546 533 1617 Ipse
568 1557 703 1599 vero
725 1540 902 1615 stylus
933 1540 1297 1598 Severianum
1322 1539 1571 1611 apprime
1599 1536 1790 1594 refert.
1850 1537 1952 1595 Est
1990 1537 2140 1596 enim
2168 1538 2351 1595 oratio
2385 1553 2585 1597 carens
2613 1540 2885 1609 numeris,
2918 1540 3171 1611 horrida,
3203 1556 3422 1614 aspera,
3451 1551 3643 1613 atque,

329 1679 393 1726 ut
437 1664 635 1722 Savilii
666 1662 836 1721 verbo
861 1673 1006 1726 utar,
1033 1669 1145 1717 tcta
1183 1659 1387 1717 ferrea.
1450 1658 1827 1716 lnventionem
1859 1658 1908 1714 si
1945 1672 2183 1730 quaeras,
2214 1657 2308 1716 hic
2349 1672 2486 1716 sane
2514 1660 2799 1733 reperies;
2825 1659 2920 1717 sed
2947 1674 3070 1733 qua:
3094 1662 3149 1715 in
3177 1660 3341 1717 unius
3371 1659 3655 1718 Severiani

327 1796 579 1847 mentem
608 1782 812 1841 cadere
830 1782 1027 1856 possit,
1052 1796 1307 1854 saepeque
1338 1780 1551 1837 [utilem
1590 1778 1931 1849 salebrisque
1963 1776 2213 1851 plenam.
2269 1775 2508 1846 Titulus,
2537 1778 2607 1835 de
2660 1776 2869 1849 Sigillis
2906 1776 3200 1845 librorum,
3225 1778 3512 1835 concionis
3563 1795 3656 1835 ar-

330 1915 660 1982 gumentum
693 1920 801 1962 non
834 1911 961 1975 apte
982 1904 1283 1975 exprimit;
1318 1903 1408 1959 hic
1431 1902 1576 1959 enim
1610 1902 1678 1958 de
1720 1898 1929 1973 Sigillis
1964 1899 2022 1957 in
2072 1898 2257 1956 medio
2280 1898 2553 1958 orationis
2599 1907 2813 1957 tantum
2860 1898 3065 1971 agitur.
3115 1898 3177 1955 In
3204 1900 3478 1973 principio
3505 1901 3654 1957 enim

332 2041 521 2082 sermo
548 2024 789 2081 habetur
811 2023 879 2081 de
917 2023 1096 2094 primo
1128 2022 1366 2078 adventu
1398 2020 1628 2089 Christi,
1674 2020 1742 2077 de
1794 2021 2126 2076 necessitate
2177 2018 2600 2086 incarnationis,
2659 2019 2838 2093 deque
2866 2018 3153 2092 prophetis
3189 2017 3340 2075 illam
3396 2034 3655 2092 pra'nun-

338 2143 640 2198 nantibus:
673 2141 805 2197 hinc
826 2151 1021 2197 contra
1051 2140 1353 2197 Anomoeos
1378 2140 1513 2210 agit,
1540 2152 1664 2209 quae
1700 2137 1928 2193 haeresis
1971 2146 2102 2193 tunc
2132 2135 2379 2208 vigebat,
2418 2145 2476 2193 et
2519 2135 2591 2193 ad
2622 2135 2787 2194 linem
2839 2153 3012 2212 usque
3058 2140 3360 2201 Anomceos
3417 2141 3650 2214 impetit.

348 2260 861 2333 interpretationem
891 2261 1145 2318 Latinam
1174 2261 1401 2318 Joannis
1433 2259 1623 2317 Jacobi
1654 2258 1907 2326 Beureri,
1941 2266 2131 2330 utpote
2155 2274 2266 2316 non
2290 2268 2611 2318 accuratam
2648 2270 2706 2318 et
2736 2262 3100 2337 paraphrasin
3125 2263 3456 2337 sapientem,
3502 2259 3650 2334 reje-

351 2388 547 2452 cimus,
579 2402 885 2458 novamque
920 2388 1332 2445 adornavimus.

852 2827 1005 2906 [ξοδ]
1047 2829 1270 2887 ΛΟΓΟΣ

247 2936 345 3001 εἰς
375 2936 483 3004 τὰς
515 2936 895 3011 σφραπῖδαςδ
920 2937 1039 3011 τῶν
1067 2939 1345 3011 βιϐλίων,
1371 2939 1469 2993 καί
1498 2938 1645 3011 ῥπερ
1668 2943 1937 3011 προσφέ-

306 3024 393 3081 per
435 3011 470 3062 ό
496 3010 632 3081 Υξὸς
660 3006 982 3081 τῷψΠατρί,
1010 3009 1108 3062 καί
1151 3013 1184 3081 ό
1224 3011 1426 3080 Πατὴρ
1451 3006 1528 3081 τῷ
1559 3006 1689 3079 Υἰῷ,
1708 3006 1939 3081 ’παίεις

314 3078 429 3147 τὴν
457 3078 569 3133 τοῦ
598 3078 879 3149 Σωτῆρος
901 3080 1271 3150 οἰκονομίαν.

311 3205 379 3253 α’.
423 3200 589 3269 Μέγα
630 3200 732 3270 τῆς
768 3200 947 3271 ψυχῆς
988 3200 1198 3270 ἐφόδιον
1244 3203 1326 3267 εἰς
1364 3203 1648 3276 σωτηρίαν
1688 3204 1765 3260 τὰ
1811 3204 1933 3279 ἱερά

249 3288 568 3359 μαθήματα.
619 3289 847 3361 Σίδηρος
892 3290 991 3361 μὲν
1023 3291 1133 3362 γὰρ
1170 3292 1387 3365 σίδηρον
1438 3294 1639 3362 ὀξύνει,
1679 3296 1837 3366 λόγος
1881 3298 1939 3351 δὲ

246 3377 382 3441 θεῖος
408 3377 594 3450 ψυχὴν
619 3380 794 3451 ἀκονᾷ.
812 3395 828 3411 ο
867 3381 963 3432 καὶ
988 3379 1140 3451 ἀρτῳ
1175 3381 1273 3450 μὲν
1310 3382 1468 3453 σῶμα
1487 3384 1766 3455 τρέφεται,
1794 3384 1940 3458 λόγῳ

242 3466 297 3518 δὲ
330 3466 461 3537 θείῳ
499 3464 649 3536 ψυχὴ
685 3465 1030 3537 στηρίζεται”
1062 3466 1245 3532 καθὼς
1286 3470 1382 3522 καὶ
1409 3470 1437 3523 ὁ
1464 3471 1734 3544 μακάριος
1771 3474 1940 3528 Μωῠο

245 3555 363 3627 σῆς,
398 3554 464 3608 τὸ
503 3555 786 3627 τρόφιμον
802 3556 902 3626 τῆς
932 3554 1086 3620 θείας
1130 3555 1484 3621 διδασκαλίας
1527 3560 1935 3632 ὑποτιθέμενος,

244 3642 406 3713 φησίν
427 3657 443 3672 °
482 3644 607 3697 Οὐκ
644 3642 739 3696 ἐπ’
779 3642 937 3711 ἄρτῳ
974 3645 1143 3713 μόνῳ
1172 3643 1411 3711 ζήσεται
1436 3646 1767 3716 ἅνθρωπος,
1798 3650 1937 3704 ἀλλ’

243 3732 311 3784 ὲν
333 3730 561 3786 παντίιι
579 3729 806 3800 ,ῥήματι
836 3731 1289 3802 ἐκπορευομένῳ
1316 3733 1415 3788 διὰ
1441 3736 1742 3805 στόματος
1767 3738 1934 3795 Θεοῦ.

244 3820 431 3891 Τροφὴ
465 3820 649 3874 τοίνυν
674 3819 853 3892 ψυχῆς
884 3819 1042 3890 λόγος
1073 3821 1211 3874 Θεοῦ
1233 3832 1279 3877 α.
1329 3824 1410 3895 Τῇ
1452 3823 1563 3899 γὰρ
1597 3827 1716 3879 κατ’
1753 3827 1941 3883 εἰκόνα

242 3905 333 3959 τοῦ
361 3907 703 3978 κοσμοποιοῦ
730 3908 997 3981 γενομένῃ
1035 3909 1231 3978 Λόγου,
1268 3911 1363 3965 καὶ
1404 3912 1544 3983 λόγῳ
1572 3915 1937 3987 τετιμημένῃ,

245 3996 337 4049 καὶ
363 3995 597 4067 λογικῆς
625 3995 942 4069 ἐλευθερίας
971 3995 1252 4071 ἠξιωμένῃ
1272 4039 1287 4065 ,
1320 4001 1372 4055 τί
1403 4001 1469 4055 ἂν
1497 4002 1825 4073 οἰκειότερον
1846 4004 1941 4073 γέ-

242 4101 387 4137 νοιτο
427 4084 593 4153 λόγου
623 4084 920 4157 τρέφοντος
949 4086 1122 4158 αὐτὴν
1169 4088 1267 4142 καὶ
1298 4088 1649 4155 παιδεύοντος
1672 4091 1769 4145 καὶ
1801 4092 1940 4162 πρὸς

240 4174 300 4227 τὸ
325 4174 532 4228 οἰκεῖον
558 4174 780 4245 ἀξίωμα
811 4175 1023 4247 ταχέως
1047 4176 1449 4247 ἐπανάγοντοςς
1477 4180 1652 4250 Λόγον
1681 4180 1758 4246 δὲ,
1783 4180 1939 4235 ἀδελ-

242 4263 355 4331 φοὶ,
381 4261 572 4333 φαμὲν
595 4263 775 4334 ἡμεῖς,
807 4264 868 4318 οὐ
896 4264 987 4318 τὸν
1014 4268 1304 4338 σοφιστικῇ
1334 4266 1601 4341 δεινότητι
1627 4268 1940 4340 κεκομψευ-

245 4351 408 4420 μένον
434 4352 517 4414 εἰς
544 4349 904 4423 πιθανότητα,
933 4352 1071 4407 ἀλλὰ
1102 4352 1194 4407 τὸν
1224 4353 1489 4426 ἁπλότητι
1519 4356 1758 4420 πίστεως
1778 4354 1807 4396 ἀ
1838 4374 1940 4428 με·

244 4438 679 4511 μαρτυρημένον
726 4441 808 4504 εἰς
853 4441 1134 4513 ἀλήθειαν.
1184 4441 1359 4497 Νόθον
1406 4444 1517 4515 γὰρ
1562 4445 1814 4514 ἡγεῖσθαι
1860 4445 1940 4500 δεῖ

241 4529 429 4582 πᾶσαν
476 4526 682 4600 ἀρετὴν
726 4528 821 4582 καὶ
861 4527 978 4599 βίου
1013 4530 1108 4584 καὶ
1149 4529 1333 4599 λόγου,
1379 4532 1501 4602 ἥτις
1543 4532 1618 4603 μὴ
1657 4536 1808 4605 παρὰ
1842 4533 1937 4588 τοῦ

240 4612 389 4669 θείου
413 4614 746 4668 διδασκάλου
777 4614 876 4680 τὰς
907 4616 1163 4688 ἀπαρχὰς
1186 4616 1484 4684 ὑπεδέξατο
1504 4635 1517 4649 ·
1551 4620 1647 4673 καὶ
1669 4620 1794 4673 καθ’
1814 4621 1939 4675 ὅσον

240 4702 373 4756 σκιά
410 4700 669 4773 σώματος
693 4742 708 4768 ,
746 4703 840 4756 καὶ
886 4702 1020 4775 ὐναρ
1060 4706 1159 4775 τῆς
1209 4703 1470 4776 ἀληθείας
1506 4706 1937 4778 ἀπεσχοίνισται,

236 4791 502 4845 τοσοῦτον
534 4790 792 4862 διέστηκε
827 4791 926 4863 τῆς
971 4793 1236 4866 ἀληθινῆς
1264 4793 1359 4849 τοῦ
1392 4795 1527 4849 Θεοῦ
1560 4797 1753 4867 σοφίας
1787 4799 1819 4868 ή
1855 4816 1939 4852 νε-

235 4880 557 4952 νομισμένη
605 4878 702 4933 τοῦ
746 4880 955 4951 κόσμου
1002 4882 1182 4948 σοφία.
1234 4882 1395 4937 Ὅθεν
1456 4886 1551 4939 καὶ
1593 4887 1621 4939 ὁ
1666 4887 1941 4959 μακάριος

236 4968 499 5033 Παῦλος,
538 4968 600 5021 τὸ
647 4968 841 5033 σκεῦος
872 4972 972 5041 τῆς
1016 4970 1271 5042 ἐκλογῆς,
1312 4975 1341 5027 ό
1385 4974 1516 5028 ποτὲ
1563 4974 1662 5045 μὲν
1707 4975 1940 5043 ἐξελθὼν

234 5057 433 5121 κακῶς
482 5056 579 5110 ἐπὶ
630 5055 777 5128 θήρᾳ.
818 5057 925 5111 τῶν
973 5059 1163 5128 ἁγίων,
1203 5060 1464 5133 θηραθεὶς
1511 5062 1568 5117 δὲ
1623 5064 1807 5129 καλῶς
1846 5065 1941 5120 ἐπὶ

235 5146 494 5219 σωτηρίᾳ
538 5146 868 5218 ἀνθρώπων,
913 5149 1209 5222 διαρρήδην
1237 5153 1374 5224 πρὸς
1419 5152 1510 5206 τὸν
1539 5153 1693 5207 νόθον
1723 5153 1815 5206 τὸν
1844 5153 1938 5206 εὐ-

236 5237 379 5307 σεϐῆ
416 5238 514 5290 καὶ
539 5236 720 5309 ἀληθῆ
742 5237 901 5306 λόγον
931 5239 1241 5306 ἐπεισάγων
1274 5240 1429 5311 ἔλεγε
1448 5258 1461 5272 ·
1490 5243 1719 5311 Σοφίαν
1746 5241 1815 5295 δὲ
1833 5246 1942 5298 λα-

234 5323 479 5394 λοῦμεν
504 5324 577 5378 ἐν
609 5324 737 5391 τοῖς
775 5326 1051 5394 τελείοις,
1084 5329 1310 5397 σοφίαν
1338 5328 1406 5382 δὲ
1434 5332 1505 5386 οὐ
1540 5330 1654 5399 τὴν
1682 5330 1789 5385 τοῦ
1813 5330 1941 5385 αἰῶ-

298 5552 417 5625 ‘_ln
446 5570 544 5625 uno
566 5570 657 5606 ms.
680 5558 915 5625 Beg._sic
938 5558 1090 5625 habet
1116 5557 1326 5625 litulus:
1360 5560 1463 5625 Πρὸ
1498 5560 1663 5624 ἑορτῆς
1697 5566 1782 5619 τῆς
1821 5562 1938 5625 Χρι-

299 5576 327 5581 -
365 5576 417 5605 ιι]
446 5576 544 5604 uno
567 5576 657 5606 ms.
689 5576 812 5621 neg.
843 5576 915 5607 διο
940 5576 1090 5607 naoet
1117 5576 1326 5607 murus:
1363 5576 1401 5607 ιι
1437 5576 1463 5607 ο
1498 5578 1505 5607 l

235 5618 373 5686 ατοῦ-
385 5620 1023 5686 γεννήσεως-Χγρυσόστομος
1046 5622 1109 5686 εἰς
1132 5622 1215 5677 τὰς
1235 5576 1505 5686 σφραγῖδας.

305 5682 334 5718 b
358 5681 501 5730 Unus
523 5682 627 5729 ἀλλ’
661 5681 736 5730 ἐπῖ
756 5684 913 5731 παντί.
940 5681 948 5684 ⁷
1078 5684 1081 5689 ’
1278 5681 1313 5686 ’“
1372 5681 1380 5684 “
1770 5696 1774 5703 η

304 5746 331 5817 ξ
358 5743 498 5817 εἰμες,
516 5745 919 5817 Τροφῄἔοὶγγν....
943 5743 1143 5817 ξλεοῦηε
1171 5743 1333 5817 S‘av-il.
1350 5744 1589 5817 suppleta.
1612 5749 1744 5794 sunt.
1771 5745 1909 5817 Enrr.

301 5804 331 5845 ἀ
358 5804 445 5855 Sic
468 5804 584 5854 mss)
611 5804 664 5854 ὁὶ
685 5805 836 5856 Savil.
859 5808 926 5857 At
951 5808 1124 5857 Morel.
1149 5806 1230 5854 τὸν
1252 5804 1518 5856 ἁπλότατον
1539 5808 1761 5863 πίστεως,
1788 5811 1935 5858 male.

240 5867 406 5938 Paulo
431 5876 544 5929 post
565 5874 876 5938 lllllli‘t'tﬂaav
897 5871 1206 5938 νομιζομένην
1235 5870 1465 5938 ἀρετήντ.
1496 5870 1688 5938 τούτου,
1714 5871 1825 5917 οὐδέ
1843 5874 1938 5918 τῶν

238 5932 495 5996 ἀρχόντων
518 5932 605 5978 τοῦ
629 5932 801 5987 αἰῶνος
833 5932 1003 5981 τούτου
1023 5934 1118 5980 τῶν
1142 5932 1552 5996 καταργουμένων,
1575 5934 1714 5993 ἀλλὰ,
1738 5941 1831 5980 etc.

2027 2871 2135 2921 νος
2171 2853 2413 2919 τούτου,
2444 2852 2606 2908 ἀλλὰ
2639 2853 2788 2909 Θεοῦ
2822 2853 3055 2924 σοφίαν
3091 2851 3162 2906 ἐν
3183 2846 3524 2928 μυστηρίῳ.
3553 2845 3727 2917 Σοφία

2039 2944 2220 2999 τοίνυν
2264 2946 2397 3016 ἡμῖν
2434 2948 2466 3018 ἡ
2518 2944 2834 3016 προφητικὴ
2878 2944 3116 3014 γλῶττα,
3160 2944 3256 2998 καὶ
3309 2945 3343 3017 ἡ
3388 2938 3727 3015 ἀποστολικὴ

2038 3033 2377 3097 διδασκαλία,
2408 3035 2502 3087 καὶ
2528 3034 2590 3087 τὸ
2616 3033 2933 3103 εὐαγγέλιον
2972 3034 3072 3104 τῆς
3105 3032 3407 3105 βασιλείας,
3441 3035 3475 3104 ή
3510 3031 3730 3103 κορυφὴ

2038 3120 2142 3193 τῆς
2192 3121 2417 3193 λογικῆς
2467 3121 2737 3189 ἐξουσίας.
2784 3120 3120 3190 Εὐαγγέλιον
3164 3121 3241 3184 δὲ,
3296 3120 3549 3189 ἀδελφοὶ,
3599 3120 3729 3172 ὅταν

2039 3209 2385 3283 ἀκούσωμεν,
2423 3211 2581 3276 ἀξίαν
2613 3211 2712 3282 τῆς
2751 3209 3124 3282 προσηγορίας
3156 3209 3256 3280 τὴν
3290 3207 3499 3262 ἔννοιαν
3524 3207 3727 3261 ἀναλά-
3793 3216 3796 3218 ⁷

2041 3294 2246 3366 ϐωμεν.
2273 3294 2467 3349 Πολλοὶ
2496 3295 2603 3366 γὰρ
2632 3294 2895 3359 πολλάκις
2929 3297 2994 3367 τῇ
3029 3292 3287 3365 συνηθείᾳ
3315 3292 3422 3346 τῶν
3445 3292 3730 3364 ὀνομάτων

2040 3382 2515 3454 ἐμμελετήσαντες
2541 3424 2555 3446 ,
2589 3383 2690 3454 τὴν
2723 3382 2953 3454 δύναμιν
2996 3381 3176 3435 αὐτῶν
3224 3379 3333 3435 τῶν
3386 3379 3729 3450 πραγμάτων

2039 3475 2504 3545 ὴγνόησαν.Ἔστι
2526 3475 2583 3527 δέ
2608 3473 2927 3544 εὐαγγέλιον
2951 3471 3221 3544 ἑρμηνεία
3241 3470 3335 3525 τοῦ
3361 3471 3689 3543 πράγματος
3711 3486 3728 3502 ⁸

2040 3561 2453 3630 εὐαγγελίζεται
2473 3561 2582 3633 γὰρ
2601 3564 2748 3633 ἡμᾶς
2774 3572 2797 3601 θ
2819 3561 2918 3633 τὴν
2937 3558 3319 3633 πολυύμνητον
3350 3558 3445 3613 τοῦ
3475 3558 3733 3629 Σωτῆρος

2040 3650 2373 3721 οἰκονομίαν,
2416 3651 2499 3703 ὅτι
2525 3650 2554 3701 ὁ
2582 3649 2716 3713 Θεὸς
2743 3651 2801 3703 ἐν
2840 3647 3154 3721 ἀνθρώποις
3181 3648 3395 3716 ἐγένετο
3422 3647 3511 3701 διὰ
3536 3646 3730 3716 φιλαν-

2042 3736 2314 3808 θρωπίαν,
2348 3737 2409 3791 οὐ
2429 3738 2530 3810 τὴν
2557 3736 2879 3808 προαιώνιον
2912 3736 3072 3802 ἀξίαν
3096 3735 3562 3808 προαποθέμενος.
3593 3732 3731 3789 ἀλλά

2038 3826 2139 3898 τὴν
2176 3828 2443 3899 σωτήριον
2473 3824 2786 3897 οἰκονομίαν
2826 3823 3189 3895 ἐνδυσάμενος
3214 3824 3233 3863 τ
3260 3839 3274 3853 ⁸
3307 3822 3726 3892 εὐαγγελίζεται

2040 3917 2191 3987 ἡμᾶς
2221 3916 2281 3969 τὸ
2315 3914 2657 3984 εὐαγγέλιον,
2688 3914 2772 3967 ὅτι
2804 3915 2921 3976 τοῖς
2958 3913 3261 3985 κάμνουσιν
3296 3910 3481 3983 ἰατρὸς
3531 3911 3729 3983 ἐπεδή-

2044 4020 2239 4075 μησεν,
2270 4004 2330 4056 οὐ
2366 4003 2684 4075 φαρμάκοις
2728 3999 3072 4073 θεραπεύων,
3105 3999 3241 4054 ἀλλὰ
3267 3999 3496 4071 νεύματι
3539 3998 3731 4069 φιλαν-

2042 4089 2289 4162 θρωπίας
2320 4088 2551 4161 ἰώμενος
2575 4106 2588 4120 ·
2618 4088 3032 4159 εὐαγγελίζεται
3061 4089 3231 4160 ἡμᾶς,
3259 4088 3342 4142 ὅτι
3374 4089 3490 4151 τοῖς
3513 4086 3725 4142 πεπλα-

2042 4178 2298 4250 νημένοις
2345 4178 2462 4242 ὁδὸς
2504 4177 2821 4250 ἀνεδείχθη,
2878 4179 2992 4242 τοϊς
3039 4175 3450 4248 ἐσκοτισμένοις
3507 4176 3570 4228 τὸ
3612 4174 3732 4244 φῶς

2041 4265 2248 4338 ἔλαμψε
2268 4267 2314 4331 ε,
2344 4266 2459 4329 τοῖς
2486 4264 2934 4336 ἀπεγνωσμένοις
2993 4265 3028 4336 ή
3063 4263 3330 4337 σωτηρία.
3369 4262 3588 4334 Ἐπειδὴ
3619 4261 3731 4334 γὰρ

2041 4353 2193 4425 νόμῳ
2214 4352 2601 4417 παιδευθέντες
2625 4351 2728 4407 οὐκ
2761 4352 3211 4424 ἐπεστράφημεν,
3239 4351 3336 4405 καὶ
3359 4350 3729 4423 προφητείαις

2041 4440 2400 4514 όδηγηθέντες
2442 4441 2543 4496 οὐκ
2572 4440 2955 4512 ἀνεκλήθημεν
2993 4440 3130 4513 πρὸς
3160 4440 3263 4513 τὴν
3295 4439 3592 4509 ἐπίγνωσιν
3630 4437 3731 4509 τῆς

2042 4528 2330 4600 ἀληθείας,
2383 4529 2478 4583 καὶ
2526 4527 2900 4583 ἐκινδυνεύετο
2956 4530 3025 4600 τῇ
3074 4528 3321 4600 ἡμετέρα
3366 4524 3730 4598 ἀγνωμοσύνῃ

2043 4615 2317 4688 φθαρῆναι
2368 4617 2438 4671 τά
2491 4617 2692 4681 πάντα,
2732 4617 2826 4669 καὶ
2878 4615 3105 4687 λυθῆναι
3151 4615 3218 4670 τά
3264 4615 3606 4687 ἀνθρώπινα,
3654 4615 3730 4678 ὡς

2043 4701 2184 4760 εἶδεν
2218 4707 2367 4778 ἡμᾶς
2396 4707 2430 4778 ὴ
2462 4705 2557 4759 τοῦ
2597 4704 2736 4759 Θεοῦ
2769 4704 3175 4778 φιλανθρωπία,
3212 4703 3308 4758 καὶ
3338 4704 3478 4777 πρὸς
3509 4703 3609 4775 τὴν
3636 4702 3730 4757 τοῦ

2042 4794 2209 4865 νόμου
2246 4794 2498 4848 παιδείαν
2528 4793 2901 4865 ἀπειρηκότας
2919 4832 2932 4856 ,
2965 4793 3060 4846 καὶ
3086 4792 3223 4861 πρὸς
3251 4792 3354 4863 τὴν
3383 4791 3491 4845 τῶν
3518 4808 3732 4861 προφη-

2041 4882 2152 4936 τῶν
2202 4880 2352 4955 [404]
2400 4881 2623 4953 ὁδηγίαν
2663 4880 3038 4945 ὀκλάσαντας,
3074 4880 3373 4951 ἀγαθότητι
3419 4879 3587 4949 πολλῇ
3638 4880 3731 4931 καὶ

2042 4971 2269 5042 ἀμέτρῳ
2315 4970 2414 5041 τὴν
2457 4969 2853 5042 ἀγνωμοσύνην
2881 4970 3124 5041 ἐνίκησε,
3176 4969 3273 5022 καὶ
3317 4968 3378 5021 τὸ
3411 4967 3730 5037 εὐαγγέλιον

2043 5060 2142 5130 τῆς
2189 5059 2497 5130 βασιλείας,
2535 5055 2645 5114 οἷόν
2673 5077 2796 5114 τινα
2830 5059 3117 5132 βασιλικὴν
3168 5056 3379 5130 δωρεάν
3423 5058 3505 5119 εἰς
3544 5058 3727 5109 πᾶσαν

2044 5148 2267 5220 προθεὶς
2298 5149 2398 5220 τὴν
2420 5148 2769 5221 οἰκουμένην,
2804 5149 2982 5203 πάντα
3014 5150 3127 5211 τοῖς
3156 5145 3397 5213 ἀναξίοις
3432 5145 3730 5215 ἐχαρίσατο

2042 5237 2132 5292 διὰ
2154 5237 2588 5309 φιλανθρωπίαν.
2618 5236 2865 5309 Προῆλθε
2891 5236 3021 5307 γοῦν
3056 5237 3088 5307 ἡ
3123 5234 3392 5306 σωτήριος
3421 5234 3581 5306 χάρις
3608 5232 3729 5286 δια-

2045 5326 2229 5397 φόρως
2260 5327 2469 5390 πάντας
2499 5325 2864 5399 εὐεργετοῦσά
2890 5367 2904 5390 ,
2943 5325 3070 5389 τοὺς
3098 5324 3318 5388 δούλους
3344 5321 3730 5394 ἐλευθεροῦσα,

2044 5415 2170 5477 τοὺς
2201 5415 2454 5485 πτωχοὺς
2488 5413 2873 5479 πλουτίζουσα,
2906 5414 3031 5477 τοὺς
3067 5412 3382 5485 ἐξορίστους
3431 5410 3731 5465 ἀνακαλου-

2050 5505 2210 5575 μένη,
2244 5506 2371 5568 τοὺς
2404 5502 2783 5575 αἰχμαλώτους
2817 5504 3250 5577 ἐξαγοράζουσα,
3279 5504 3460 5559 πάντα
3486 5504 3599 5563 τοῖς
3630 5503 3732 5555 πᾶ-

2047 5610 2131 5645 σιν
2164 5592 2416 5662 ἐγένετο,
2451 5595 2511 5646 οὐ
2553 5593 2640 5647 διὰ
2672 5593 2768 5664 τὴν
2804 5594 3083 5666 ἡμετέραν
3113 5593 3290 5659 ἀξίαν,
3328 5592 3465 5647 ἀλλὰ
3514 5590 3602 5645 διὰ
3632 5591 3735 5662 τὴν

2044 5681 2214 5753 αὐτὴν
2249 5681 2325 5753 τῷ
2370 5682 2635 5754 εὐεργέτῃ
2682 5683 3000 5755 πρέπουσαν
3030 5682 3375 5754 ἀγαθότητα,
3425 5680 3483 5744 ὃς
3526 5678 3731 5743 ἁπλοῦς

2108 5809 2131 5869 ’ἲ
2172 5806 2304 5855 [dem
2328 5806 2441 5869 ἡμῖν
2466 5813 2517 5855 et
2547 5808 2616 5856 sic
2636 5807 2776 5859 infra.

2110 5867 2129 5906 τ
2165 5870 2296 5918 Idem
2321 5867 2676 5930 ἀναδεξάμενος.

2109 5932 2133 5971 ε
2155 5930 2288 5979 idem
2316 5931 2573 5995 ἐπέλαμψα
