  <div class='ocr_page' id='page_1' title='image "/cluster/home/n/w/nwhite01/storage/ocr_20150623/63:no.12/coo.31924054869635/428.png"; bbox 0 0 4138 6450; ppageno 0'>
   <div class='ocr_carea' id='block_1_1' title="bbox 288 346 395 405">
    <p class='ocr_par' dir='ltr' id='par_1_1' title="bbox 288 346 395 405">
     <span class='ocr_line' id='line_1_1' title="bbox 288 346 395 405; baseline -0.047 0"><span class='ocrx_word' id='word_1_1' title='bbox 288 346 395 405; x_wconf 65' lang='grc' dir='ltr'><strong>εδδ</strong></span> 
     </span>
    </p>
   </div>
   <div class='ocr_carea' id='block_1_2' title="bbox 292 447 1897 525">
    <p class='ocr_par' dir='ltr' id='par_1_2' title="bbox 292 447 1897 525">
     <span class='ocr_line' id='line_1_2' title="bbox 292 447 1897 525; baseline -0.016 -2"><span class='ocrx_word' id='word_1_2' title='bbox 292 466 476 525; x_wconf 80' lang='lat' dir='ltr'><strong>omnia</strong></span> <span class='ocrx_word' id='word_1_3' title='bbox 506 463 761 519; x_wconf 87' lang='lat' dir='ltr'><strong>omnibus</strong></span> <span class='ocrx_word' id='word_1_4' title='bbox 792 460 927 517; x_wconf 80' lang='lat' dir='ltr'><strong>facta</strong></span> <span class='ocrx_word' id='word_1_5' title='bbox 956 467 1038 512; x_wconf 82' lang='lat' dir='ltr'><strong>est</strong></span> <span class='ocrx_word' id='word_1_6' title='bbox 1066 475 1078 511; x_wconf 88' lang='lat'><strong>:</strong></span> <span class='ocrx_word' id='word_1_7' title='bbox 1110 470 1214 511; x_wconf 88' lang='lat' dir='ltr'><strong>non</strong></span> <span class='ocrx_word' id='word_1_8' title='bbox 1256 450 1397 524; x_wconf 89' lang='lat' dir='ltr'><strong>quod</strong></span> <span class='ocrx_word' id='word_1_9' title='bbox 1440 463 1539 505; x_wconf 91' lang='lat' dir='ltr'><strong>nos</strong></span> <span class='ocrx_word' id='word_1_10' title='bbox 1576 447 1721 517; x_wconf 80' lang='lat' dir='ltr'><strong>digni</strong></span> <span class='ocrx_word' id='word_1_11' title='bbox 1748 459 1897 500; x_wconf 89' lang='lat' dir='ltr'><strong>esse-</strong></span> 
     </span>
    </p>
   </div>
   <div class='ocr_carea' id='block_1_3' title="bbox 287 539 1894 627">
    <p class='ocr_par' dir='ltr' id='par_1_3' title="bbox 287 539 1894 627">
     <span class='ocr_line' id='line_1_3' title="bbox 287 539 1894 627; baseline -0.015 -12"><span class='ocrx_word' id='word_1_12' title='bbox 287 578 412 615; x_wconf 86' lang='lat' dir='ltr'><strong>mus</strong></span> <span class='ocrx_word' id='word_1_13' title='bbox 441 604 457 624; x_wconf 96' lang='lat'><strong>,</strong></span> <span class='ocrx_word' id='word_1_14' title='bbox 488 558 585 613; x_wconf 80' lang='lat' dir='ltr'><strong>sed</strong></span> <span class='ocrx_word' id='word_1_15' title='bbox 616 568 838 627; x_wconf 84' lang='lat' dir='ltr'><strong>prepter</strong></span> <span class='ocrx_word' id='word_1_16' title='bbox 866 554 1159 608; x_wconf 74' lang='lat' dir='ltr'><strong>bonitatem</strong></span> <span class='ocrx_word' id='word_1_17' title='bbox 1187 564 1308 618; x_wconf 64' lang='lat' dir='ltr'><strong>quae</strong></span> <span class='ocrx_word' id='word_1_18' title='bbox 1338 543 1640 599; x_wconf 85' lang='lat' dir='ltr'><strong>beneﬁcum</strong></span> <span class='ocrx_word' id='word_1_19' title='bbox 1668 539 1857 595; x_wconf 89' lang='lat' dir='ltr'><strong>deceat</strong></span> <span class='ocrx_word' id='word_1_20' title='bbox 1882 556 1894 591; x_wconf 92' lang='lat'>:</span> 
     </span>
    </p>
   </div>
   <div class='ocr_carea' id='block_1_4' title="bbox 256 631 1898 722">
    <p class='ocr_par' dir='ltr' id='par_1_4' title="bbox 256 631 1898 722">
     <span class='ocr_line' id='line_1_4' title="bbox 256 631 1898 722; baseline -0.015 -15"><span class='ocrx_word' id='word_1_21' title='bbox 256 656 380 722; x_wconf 71' lang='lat' dir='ltr'><strong>&#39;qui</strong></span> <span class='ocrx_word' id='word_1_22' title='bbox 412 668 536 705; x_wconf 89' lang='lat' dir='ltr'><strong>cum</strong></span> <span class='ocrx_word' id='word_1_23' title='bbox 569 652 640 703; x_wconf 92' lang='lat' dir='ltr'><strong>sit</strong></span> <span class='ocrx_word' id='word_1_24' title='bbox 670 659 858 702; x_wconf 90' lang='lat' dir='ltr'><strong>natura</strong></span> <span class='ocrx_word' id='word_1_25' title='bbox 901 644 1130 713; x_wconf 77' lang='lat' dir='ltr'><strong>simplex</strong></span> <span class='ocrx_word' id='word_1_26' title='bbox 1156 684 1170 705; x_wconf 93' lang='lat'><strong>,</strong></span> <span class='ocrx_word' id='word_1_27' title='bbox 1219 637 1557 694; x_wconf 89' lang='lat' dir='ltr'><strong>iudivisibilis</strong></span> <span class='ocrx_word' id='word_1_28' title='bbox 1583 678 1597 701; x_wconf 90' lang='lat'><strong>,</strong></span> <span class='ocrx_word' id='word_1_29' title='bbox 1631 634 1719 704; x_wconf 88' lang='lat' dir='ltr'><strong>qui</strong></span> <span class='ocrx_word' id='word_1_30' title='bbox 1753 631 1898 686; x_wconf 89' lang='lat' dir='ltr'><strong>nn!la</strong></span> 
     </span>
    </p>
   </div>
   <div class='ocr_carea' id='block_1_5' title="bbox 295 722 1901 812">
    <p class='ocr_par' dir='ltr' id='par_1_5' title="bbox 295 722 1901 812">
     <span class='ocr_line' id='line_1_5' title="bbox 295 722 1901 812; baseline -0.016 -13"><span class='ocrx_word' id='word_1_31' title='bbox 295 750 469 812; x_wconf 84' lang='lat' dir='ltr'><strong>ﬁgura</strong></span> <span class='ocrx_word' id='word_1_32' title='bbox 497 743 863 810; x_wconf 73' lang='lat' dir='ltr'><strong>exprimatur,</strong></span> <span class='ocrx_word' id='word_1_33' title='bbox 895 739 1009 807; x_wconf 85' lang='lat' dir='ltr'><strong>ipse</strong></span> <span class='ocrx_word' id='word_1_34' title='bbox 1042 737 1182 789; x_wconf 85' lang='lat' dir='ltr'><strong>Deus</strong></span> <span class='ocrx_word' id='word_1_35' title='bbox 1206 732 1274 786; x_wconf 84' lang='lat' dir='ltr'><strong>de</strong></span> <span class='ocrx_word' id='word_1_36' title='bbox 1307 732 1436 791; x_wconf 90' lang='lat' dir='ltr'><strong>Deo,</strong></span> <span class='ocrx_word' id='word_1_37' title='bbox 1468 729 1641 797; x_wconf 80' lang='lat' dir='ltr'><strong>imago</strong></span> <span class='ocrx_word' id='word_1_38' title='bbox 1670 722 1901 779; x_wconf 84' lang='lat' dir='ltr'><strong>invisibi-</strong></span> 
     </span>
    </p>
   </div>
   <div class='ocr_carea' id='block_1_6' title="bbox 292 814 1898 905">
    <p class='ocr_par' dir='ltr' id='par_1_6' title="bbox 292 814 1898 905">
     <span class='ocr_line' id='line_1_6' title="bbox 292 814 1898 905; baseline -0.014 -14"><span class='ocrx_word' id='word_1_39' title='bbox 292 839 384 902; x_wconf 85' lang='lat' dir='ltr'><strong>lis,</strong></span> <span class='ocrx_word' id='word_1_40' title='bbox 417 835 682 905; x_wconf 79' lang='lat' dir='ltr'><strong>Splendor</strong></span> <span class='ocrx_word' id='word_1_41' title='bbox 715 832 892 903; x_wconf 77' lang='lat' dir='ltr'><strong>gloria:</strong></span> <span class='ocrx_word' id='word_1_42' title='bbox 918 841 964 883; x_wconf 86' lang='lat' dir='ltr'><strong>et</strong></span> <span class='ocrx_word' id='word_1_43' title='bbox 992 830 1157 897; x_wconf 80' lang='lat' dir='ltr'><strong>figura</strong></span> <span class='ocrx_word' id='word_1_44' title='bbox 1186 822 1481 878; x_wconf 72' lang='lat' dir='ltr'><strong>substantia:</strong></span> <span class='ocrx_word' id='word_1_45' title='bbox 1512 818 1699 889; x_wconf 87' lang='lat' dir='ltr'><strong>(llebr.</strong></span> <span class='ocrx_word' id='word_1_46' title='bbox 1734 818 1784 869; x_wconf 88' lang='lat'>1.</span> <span class='ocrx_word' id='word_1_47' title='bbox 1819 814 1898 883; x_wconf 84' lang='lat'><strong>5),</strong></span> 
     </span>
    </p>
   </div>
   <div class='ocr_carea' id='block_1_7' title="bbox 292 918 1901 993">
    <p class='ocr_par' dir='ltr' id='par_1_7' title="bbox 292 918 1901 993">
     <span class='ocr_line' id='line_1_7' title="bbox 292 918 1901 993; baseline -0.016 -9"><span class='ocrx_word' id='word_1_48' title='bbox 292 928 531 984; x_wconf 76' lang='lat' dir='ltr'><strong>diversis</strong></span> <span class='ocrx_word' id='word_1_49' title='bbox 559 926 868 993; x_wconf 85' lang='lat' dir='ltr'><strong>appellatur</strong></span> <span class='ocrx_word' id='word_1_50' title='bbox 893 918 1228 981; x_wconf 83' lang='lat' dir='ltr'><strong>nominibus,</strong></span> <span class='ocrx_word' id='word_1_51' title='bbox 1257 930 1365 969; x_wconf 90' lang='lat' dir='ltr'><strong>non</strong></span> <span class='ocrx_word' id='word_1_52' title='bbox 1394 929 1512 983; x_wconf 69' lang='lat' dir='ltr'><strong>qum</strong></span> <span class='ocrx_word' id='word_1_53' title='bbox 1542 919 1746 964; x_wconf 78' lang='lat' dir='ltr'><strong>naturae</strong></span> <span class='ocrx_word' id='word_1_54' title='bbox 1772 922 1901 961; x_wconf 88' lang='lat' dir='ltr'><strong>con—</strong></span> 
     </span>
    </p>
   </div>
   <div class='ocr_carea' id='block_1_8' title="bbox 290 1000 1899 1087">
    <p class='ocr_par' dir='ltr' id='par_1_8' title="bbox 290 1000 1899 1087">
     <span class='ocr_line' id='line_1_8' title="bbox 290 1000 1899 1087; baseline -0.013 -13"><span class='ocrx_word' id='word_1_55' title='bbox 290 1022 538 1084; x_wconf 86' lang='lat' dir='ltr'><strong>veniant,</strong></span> <span class='ocrx_word' id='word_1_56' title='bbox 566 1019 663 1073; x_wconf 88' lang='lat' dir='ltr'><strong>sed</strong></span> <span class='ocrx_word' id='word_1_57' title='bbox 691 1032 809 1087; x_wconf 63' lang='lat' dir='ltr'><strong>qua;</strong></span> <span class='ocrx_word' id='word_1_58' title='bbox 840 1012 1210 1068; x_wconf 75' lang='lat' dir='ltr'><strong>beneﬁcentia:</strong></span> <span class='ocrx_word' id='word_1_59' title='bbox 1232 1014 1561 1076; x_wconf 74' lang='lat' dir='ltr'><strong>competant.</strong></span> <span class='ocrx_word' id='word_1_60' title='bbox 1593 1004 1728 1069; x_wconf 89' lang='lat' dir='ltr'><strong>Quia</strong></span> <span class='ocrx_word' id='word_1_61' title='bbox 1755 1000 1899 1054; x_wconf 87' lang='lat' dir='ltr'><strong>enim</strong></span> 
     </span>
    </p>
   </div>
   <div class='ocr_carea' id='block_1_9' title="bbox 291 1097 1903 1172">
    <p class='ocr_par' dir='ltr' id='par_1_9' title="bbox 291 1097 1903 1172">
     <span class='ocr_line' id='line_1_9' title="bbox 291 1097 1903 1172; baseline -0.014 -2"><span class='ocrx_word' id='word_1_62' title='bbox 291 1117 478 1169; x_wconf 82' lang='lat' dir='ltr'><strong>omnia</strong></span> <span class='ocrx_word' id='word_1_63' title='bbox 506 1114 739 1167; x_wconf 90' lang='lat' dir='ltr'><strong>humana</strong></span> <span class='ocrx_word' id='word_1_64' title='bbox 764 1109 1137 1172; x_wconf 86' lang='lat' dir='ltr'><strong>conciderunt,</strong></span> <span class='ocrx_word' id='word_1_65' title='bbox 1159 1108 1211 1159; x_wconf 91' lang='lat' dir='ltr'><strong>in</strong></span> <span class='ocrx_word' id='word_1_66' title='bbox 1241 1120 1299 1158; x_wconf 91' lang='lat' dir='ltr'><strong>se</strong></span> <span class='ocrx_word' id='word_1_67' title='bbox 1322 1101 1502 1157; x_wconf 83' lang='lat' dir='ltr'><strong>omnia</strong></span> <span class='ocrx_word' id='word_1_68' title='bbox 1527 1097 1751 1165; x_wconf 83' lang='lat' dir='ltr'><strong>suscipit</strong></span> <span class='ocrx_word' id='word_1_69' title='bbox 1780 1111 1903 1164; x_wconf 91' lang='lat' dir='ltr'><strong>pro-</strong></span> 
     </span>
    </p>
   </div>
   <div class='ocr_carea' id='block_1_10' title="bbox 293 1191 1904 1277">
    <p class='ocr_par' dir='ltr' id='par_1_10' title="bbox 293 1191 1904 1277">
     <span class='ocr_line' id='line_1_10' title="bbox 293 1191 1904 1277; baseline -0.011 -20"><span class='ocrx_word' id='word_1_70' title='bbox 293 1208 528 1277; x_wconf 85' lang='lat' dir='ltr'><strong>prietate</strong></span> <span class='ocrx_word' id='word_1_71' title='bbox 557 1203 793 1274; x_wconf 88' lang='lat' dir='ltr'><strong>quadam</strong></span> <span class='ocrx_word' id='word_1_72' title='bbox 840 1199 1234 1271; x_wconf 88' lang='lat' dir='ltr'><strong>appellationes</strong></span> <span class='ocrx_word' id='word_1_73' title='bbox 1267 1196 1382 1249; x_wconf 91' lang='lat' dir='ltr'><strong>illas</strong></span> <span class='ocrx_word' id='word_1_74' title='bbox 1412 1191 1715 1261; x_wconf 88' lang='lat' dir='ltr'><strong>suscipiens</strong></span> <span class='ocrx_word' id='word_1_75' title='bbox 1735 1230 1750 1253; x_wconf 94' lang='lat'><strong>,</strong></span> <span class='ocrx_word' id='word_1_76' title='bbox 1783 1203 1904 1257; x_wconf 75' lang='lat' dir='ltr'><strong>qua:</strong></span> 
     </span>
    </p>
   </div>
   <div class='ocr_carea' id='block_1_11' title="bbox 289 1282 1903 1369">
    <p class='ocr_par' dir='ltr' id='par_1_11' title="bbox 289 1282 1903 1369">
     <span class='ocr_line' id='line_1_11' title="bbox 289 1282 1903 1369; baseline -0.011 -17"><span class='ocrx_word' id='word_1_77' title='bbox 289 1298 488 1369; x_wconf 61' lang='lat' dir='ltr'><strong>gratia:</strong></span> <span class='ocrx_word' id='word_1_78' title='bbox 535 1296 717 1349; x_wconf 88' lang='lat' dir='ltr'><strong>omnia</strong></span> <span class='ocrx_word' id='word_1_79' title='bbox 763 1293 1043 1349; x_wconf 90' lang='lat' dir='ltr'><strong>renovauti</strong></span> <span class='ocrx_word' id='word_1_80' title='bbox 1084 1296 1417 1358; x_wconf 89' lang='lat' dir='ltr'><strong>competant.</strong></span> <span class='ocrx_word' id='word_1_81' title='bbox 1466 1285 1662 1339; x_wconf 82' lang='lat' dir='ltr'><strong>Fames</strong></span> <span class='ocrx_word' id='word_1_82' title='bbox 1705 1282 1903 1353; x_wconf 86' lang='lat' dir='ltr'><strong>quippe</strong></span> 
     </span>
    </p>
   </div>
   <div class='ocr_carea' id='block_1_12' title="bbox 291 1379 1905 1460">
    <p class='ocr_par' dir='ltr' id='par_1_12' title="bbox 291 1379 1905 1460">
     <span class='ocr_line' id='line_1_12' title="bbox 291 1379 1905 1460; baseline -0.012 -17"><span class='ocrx_word' id='word_1_83' title='bbox 291 1404 492 1460; x_wconf 86' lang='lat' dir='ltr'><strong>magna</strong></span> <span class='ocrx_word' id='word_1_84' title='bbox 521 1398 673 1453; x_wconf 85' lang='lat' dir='ltr'><strong>erat,</strong></span> <span class='ocrx_word' id='word_1_85' title='bbox 705 1388 876 1440; x_wconf 81' lang='lat' dir='ltr'><strong>fames</strong></span> <span class='ocrx_word' id='word_1_86' title='bbox 912 1384 1079 1438; x_wconf 91' lang='lat' dir='ltr'><strong>divini</strong></span> <span class='ocrx_word' id='word_1_87' title='bbox 1121 1380 1312 1445; x_wconf 76' lang='lat' dir='ltr'><strong>verbi,</strong></span> <span class='ocrx_word' id='word_1_88' title='bbox 1348 1379 1516 1434; x_wconf 85' lang='lat' dir='ltr'><strong>fames</strong></span> <span class='ocrx_word' id='word_1_89' title='bbox 1546 1391 1705 1446; x_wconf 91' lang='lat' dir='ltr'><strong>quam</strong></span> <span class='ocrx_word' id='word_1_90' title='bbox 1745 1389 1905 1443; x_wconf 83' lang='lat' dir='ltr'><strong>syna-</strong></span> 
     </span>
    </p>
   </div>
   <div class='ocr_carea' id='block_1_13' title="bbox 217 1464 1903 1551">
    <p class='ocr_par' dir='ltr' id='par_1_13' title="bbox 217 1464 1903 1551">
     <span class='ocr_line' id='line_1_13' title="bbox 217 1464 1903 1551; baseline -0.009 -19"><span class='ocrx_word' id='word_1_91' title='bbox 217 1512 227 1523; x_wconf 77' lang='grc' dir='ltr'><strong>ο</strong></span> <span class='ocrx_word' id='word_1_92' title='bbox 289 1498 446 1551; x_wconf 75' lang='lat' dir='ltr'><strong>goga:</strong></span> <span class='ocrx_word' id='word_1_93' title='bbox 485 1478 857 1533; x_wconf 79' lang='lat' dir='ltr'><strong>comminatus</strong></span> <span class='ocrx_word' id='word_1_94' title='bbox 885 1485 968 1530; x_wconf 90' lang='lat' dir='ltr'><strong>est</strong></span> <span class='ocrx_word' id='word_1_95' title='bbox 1000 1475 1140 1529; x_wconf 91' lang='lat' dir='ltr'><strong>Deus</strong></span> <span class='ocrx_word' id='word_1_96' title='bbox 1162 1512 1178 1539; x_wconf 90' lang='lat'><strong>,</strong></span> <span class='ocrx_word' id='word_1_97' title='bbox 1209 1472 1397 1525; x_wconf 89' lang='lat' dir='ltr'><strong>dicens</strong></span> <span class='ocrx_word' id='word_1_98' title='bbox 1423 1489 1436 1525; x_wconf 88' lang='lat'><strong>:</strong></span> <span class='ocrx_word' id='word_1_99' title='bbox 1462 1466 1665 1521; x_wconf 82' lang='lat' dir='ltr'><strong>Mittam</strong></span> <span class='ocrx_word' id='word_1_100' title='bbox 1697 1464 1767 1518; x_wconf 87' lang='lat' dir='ltr'><strong>eis</strong></span> <span class='ocrx_word' id='word_1_101' title='bbox 1803 1479 1903 1516; x_wconf 87' lang='lat' dir='ltr'><strong>non</strong></span> 
     </span>
    </p>
   </div>
   <div class='ocr_carea' id='block_1_14' title="bbox 290 1555 1905 1647">
    <p class='ocr_par' dir='ltr' id='par_1_14' title="bbox 290 1555 1905 1647">
     <span class='ocr_line' id='line_1_14' title="bbox 290 1555 1905 1647; baseline -0.012 -20"><span class='ocrx_word' id='word_1_102' title='bbox 290 1578 486 1647; x_wconf 77' lang='lat' dir='ltr'><strong>{autem</strong></span> <span class='ocrx_word' id='word_1_103' title='bbox 519 1573 694 1643; x_wconf 84' lang='lat' dir='ltr'><strong>panis,</strong></span> <span class='ocrx_word' id='word_1_104' title='bbox 742 1586 905 1639; x_wconf 84' lang='lat' dir='ltr'><strong>neque</strong></span> <span class='ocrx_word' id='word_1_105' title='bbox 944 1568 1082 1621; x_wconf 86' lang='lat' dir='ltr'><strong>sitim</strong></span> <span class='ocrx_word' id='word_1_106' title='bbox 1126 1580 1293 1637; x_wconf 64' lang='lat' dir='ltr'><strong>aqua,</strong></span> <span class='ocrx_word' id='word_1_107' title='bbox 1326 1562 1415 1617; x_wconf 90' lang='lat' dir='ltr'><strong>sed</strong></span> <span class='ocrx_word' id='word_1_108' title='bbox 1447 1565 1635 1633; x_wconf 80' lang='lat' dir='ltr'><strong>fantem</strong></span> <span class='ocrx_word' id='word_1_109' title='bbox 1660 1555 1905 1611; x_wconf 80' lang='lat' dir='ltr'><strong>audiendi</strong></span> 
     </span>
    </p>
   </div>
   <div class='ocr_carea' id='block_1_15' title="bbox 292 1659 1128 1733">
    <p class='ocr_par' dir='ltr' id='par_1_15' title="bbox 292 1659 1128 1733">
     <span class='ocr_line' id='line_1_15' title="bbox 292 1659 1128 1733; baseline -0.01 -12"><span class='ocrx_word' id='word_1_110' title='bbox 292 1666 434 1721; x_wconf 80' lang='lat' dir='ltr'><strong>verbi</strong></span> <span class='ocrx_word' id='word_1_111' title='bbox 470 1664 677 1719; x_wconf 78' lang='lat' dir='ltr'><strong>Domini</strong></span> <span class='ocrx_word' id='word_1_112' title='bbox 708 1663 907 1733; x_wconf 82' lang='lat' dir='ltr'><strong>(Amos.</strong></span> <span class='ocrx_word' id='word_1_113' title='bbox 936 1661 990 1715; x_wconf 89' lang='lat'><strong>8.</strong></span> <span class='ocrx_word' id='word_1_114' title='bbox 1018 1659 1128 1730; x_wconf 87' lang='lat'>1|).</span> 
     </span>
    </p>
   </div>
   <div class='ocr_carea' id='block_1_16' title="bbox 365 1744 1899 1827">
    <p class='ocr_par' dir='ltr' id='par_1_16' title="bbox 365 1744 1899 1827">
     <span class='ocr_line' id='line_1_16' title="bbox 365 1744 1899 1827; baseline -0.011 -13"><span class='ocrx_word' id='word_1_115' title='bbox 365 1760 420 1814; x_wconf 73' lang='grc' dir='ltr'><strong>Ξ.</strong></span> <span class='ocrx_word' id='word_1_116' title='bbox 454 1758 590 1814; x_wconf 89' lang='lat' dir='ltr'><strong>Cum</strong></span> <span class='ocrx_word' id='word_1_117' title='bbox 614 1772 745 1827; x_wconf 88' lang='lat' dir='ltr'><strong>ergo</strong></span> <span class='ocrx_word' id='word_1_118' title='bbox 771 1756 1112 1825; x_wconf 78' lang='lat' dir='ltr'><strong>cOnSpiceret</strong></span> <span class='ocrx_word' id='word_1_119' title='bbox 1145 1762 1313 1808; x_wconf 88' lang='lat' dir='ltr'><strong>totum</strong></span> <span class='ocrx_word' id='word_1_120' title='bbox 1343 1751 1533 1805; x_wconf 89' lang='lat' dir='ltr'><strong>orbem</strong></span> <span class='ocrx_word' id='word_1_121' title='bbox 1581 1746 1723 1801; x_wconf 85' lang='lat' dir='ltr'><strong>fame</strong></span> <span class='ocrx_word' id='word_1_122' title='bbox 1744 1744 1899 1799; x_wconf 92' lang='lat' dir='ltr'><strong>labo-</strong></span> 
     </span>
    </p>
   </div>
   <div class='ocr_carea' id='block_1_17' title="bbox 296 1837 1902 1919">
    <p class='ocr_par' dir='ltr' id='par_1_17' title="bbox 296 1837 1902 1919">
     <span class='ocr_line' id='line_1_17' title="bbox 296 1837 1902 1919; baseline -0.011 -11"><span class='ocrx_word' id='word_1_123' title='bbox 296 1870 418 1908; x_wconf 83' lang='lat' dir='ltr'><strong>rare</strong></span> <span class='ocrx_word' id='word_1_124' title='bbox 446 1862 502 1905; x_wconf 87' lang='lat' dir='ltr'><strong>et</strong></span> <span class='ocrx_word' id='word_1_125' title='bbox 526 1851 798 1914; x_wconf 84' lang='lat' dir='ltr'><strong>deﬁcere;</strong></span> <span class='ocrx_word' id='word_1_126' title='bbox 831 1848 972 1919; x_wconf 91' lang='lat' dir='ltr'><strong>quod</strong></span> <span class='ocrx_word' id='word_1_127' title='bbox 997 1847 1141 1901; x_wconf 89' lang='lat' dir='ltr'><strong>enim</strong></span> <span class='ocrx_word' id='word_1_128' title='bbox 1169 1854 1252 1900; x_wconf 89' lang='lat' dir='ltr'><strong>est</strong></span> <span class='ocrx_word' id='word_1_129' title='bbox 1271 1844 1375 1899; x_wconf 88' lang='lat' dir='ltr'><strong>cibi</strong></span> <span class='ocrx_word' id='word_1_130' title='bbox 1409 1840 1628 1913; x_wconf 89' lang='lat' dir='ltr'><strong>penuria</strong></span> <span class='ocrx_word' id='word_1_131' title='bbox 1662 1837 1902 1908; x_wconf 89' lang='lat' dir='ltr'><strong>corpori,</strong></span> 
     </span>
    </p>
   </div>
   <div class='ocr_carea' id='block_1_18' title="bbox 296 1932 1905 2013">
    <p class='ocr_par' dir='ltr' id='par_1_18' title="bbox 296 1932 1905 2013">
     <span class='ocr_line' id='line_1_18' title="bbox 296 1932 1905 2013; baseline -0.011 -14"><span class='ocrx_word' id='word_1_132' title='bbox 296 1946 534 2013; x_wconf 82' lang='lat' dir='ltr'><strong>itlipsum</strong></span> <span class='ocrx_word' id='word_1_133' title='bbox 581 1952 667 1997; x_wconf 90' lang='lat' dir='ltr'><strong>est</strong></span> <span class='ocrx_word' id='word_1_134' title='bbox 720 1941 1021 2012; x_wconf 79' lang='lat' dir='ltr'><strong>ignorantia</strong></span> <span class='ocrx_word' id='word_1_135' title='bbox 1060 1939 1292 2002; x_wconf 66' lang='lat' dir='ltr'><strong>animas;</strong></span> <span class='ocrx_word' id='word_1_136' title='bbox 1340 1935 1460 1990; x_wconf 79' lang='lat' dir='ltr'><strong>fons</strong></span> <span class='ocrx_word' id='word_1_137' title='bbox 1508 1933 1599 1988; x_wconf 91' lang='lat' dir='ltr'><strong>ille</strong></span> <span class='ocrx_word' id='word_1_138' title='bbox 1640 1932 1905 1986; x_wconf 88' lang='lat' dir='ltr'><strong>bonorum</strong></span> 
     </span>
    </p>
   </div>
   <div class='ocr_carea' id='block_1_19' title="bbox 299 2022 1909 2108">
    <p class='ocr_par' dir='ltr' id='par_1_19' title="bbox 299 2022 1909 2108">
     <span class='ocr_line' id='line_1_19' title="bbox 299 2022 1909 2108; baseline -0.014 -13"><span class='ocrx_word' id='word_1_139' title='bbox 299 2056 394 2108; x_wconf 67' lang='lat' dir='ltr'><strong>prr</strong></span> <span class='ocrx_word' id='word_1_140' title='bbox 427 2035 719 2107; x_wconf 74' lang='lat' dir='ltr'><strong>Evangelia</strong></span> <span class='ocrx_word' id='word_1_141' title='bbox 748 2035 980 2089; x_wconf 86' lang='lat' dir='ltr'><strong>clamat:</strong></span> <span class='ocrx_word' id='word_1_142' title='bbox 1015 2030 1126 2103; x_wconf 81' lang='lat' dir='ltr'><strong>Ego</strong></span> <span class='ocrx_word' id='word_1_143' title='bbox 1153 2046 1265 2084; x_wconf 88' lang='lat' dir='ltr'><strong>sum</strong></span> <span class='ocrx_word' id='word_1_144' title='bbox 1294 2030 1444 2099; x_wconf 87' lang='lat' dir='ltr'><strong>panis</strong></span> <span class='ocrx_word' id='word_1_145' title='bbox 1467 2026 1551 2097; x_wconf 88' lang='lat' dir='ltr'><strong>qui</strong></span> <span class='ocrx_word' id='word_1_146' title='bbox 1576 2024 1638 2078; x_wconf 89' lang='lat' dir='ltr'><strong>de</strong></span> <span class='ocrx_word' id='word_1_147' title='bbox 1654 2024 1779 2077; x_wconf 71' lang='lat' dir='ltr'><strong>caelo</strong></span> <span class='ocrx_word' id='word_1_148' title='bbox 1818 2022 1909 2075; x_wconf 88' lang='lat' dir='ltr'><strong>de-</strong></span> 
     </span>
    </p>
   </div>
   <div class='ocr_carea' id='block_1_20' title="bbox 298 2115 1908 2196">
    <p class='ocr_par' dir='ltr' id='par_1_20' title="bbox 298 2115 1908 2196">
     <span class='ocr_line' id='line_1_20' title="bbox 298 2115 1908 2196; baseline -0.011 -13"><span class='ocrx_word' id='word_1_149' title='bbox 298 2131 526 2191; x_wconf 81' lang='lat' dir='ltr'><strong>scendit,</strong></span> <span class='ocrx_word' id='word_1_150' title='bbox 557 2138 608 2182; x_wconf 83' lang='lat' dir='ltr'><strong>et</strong></span> <span class='ocrx_word' id='word_1_151' title='bbox 647 2128 734 2196; x_wconf 90' lang='lat' dir='ltr'><strong>qui</strong></span> <span class='ocrx_word' id='word_1_152' title='bbox 775 2128 863 2179; x_wconf 89' lang='lat' dir='ltr'><strong>dat</strong></span> <span class='ocrx_word' id='word_1_153' title='bbox 891 2125 1045 2178; x_wconf 74' lang='lat' dir='ltr'><strong>vitam</strong></span> <span class='ocrx_word' id='word_1_154' title='bbox 1087 2121 1277 2175; x_wconf 87' lang='lat' dir='ltr'><strong>mundo</strong></span> <span class='ocrx_word' id='word_1_155' title='bbox 1316 2119 1493 2191; x_wconf 87' lang='lat' dir='ltr'><strong>(Joan.</strong></span> <span class='ocrx_word' id='word_1_156' title='bbox 1523 2117 1576 2172; x_wconf 88' lang='grc'><strong>6.</strong></span> <span class='ocrx_word' id='word_1_157' title='bbox 1599 2117 1715 2186; x_wconf 75' lang='grc' dir='ltr'><strong>Η).</strong></span> <span class='ocrx_word' id='word_1_158' title='bbox 1748 2115 1908 2169; x_wconf 79' lang='lat' dir='ltr'><strong>Panis</strong></span> 
     </span>
    </p>
   </div>
   <div class='ocr_carea' id='block_1_21' title="bbox 309 2206 1906 2294">
    <p class='ocr_par' dir='ltr' id='par_1_21' title="bbox 309 2206 1906 2294">
     <span class='ocr_line' id='line_1_21' title="bbox 309 2206 1906 2294; baseline -0.011 -17"><span class='ocrx_word' id='word_1_159' title='bbox 309 2225 498 2294; x_wconf 77' lang='lat' dir='ltr'><strong>quippe</strong></span> <span class='ocrx_word' id='word_1_160' title='bbox 543 2221 761 2277; x_wconf 61' lang='lat' dir='ltr'><strong>sensilis</strong></span> <span class='ocrx_word' id='word_1_161' title='bbox 788 2236 855 2274; x_wconf 82' lang='lat' dir='ltr'><strong>ex</strong></span> <span class='ocrx_word' id='word_1_162' title='bbox 886 2230 1026 2273; x_wconf 89' lang='lat' dir='ltr'><strong>terra</strong></span> <span class='ocrx_word' id='word_1_163' title='bbox 1083 2216 1298 2287; x_wconf 80' lang='lat' dir='ltr'><strong>prodit,</strong></span> <span class='ocrx_word' id='word_1_164' title='bbox 1332 2222 1392 2267; x_wconf 91' lang='lat' dir='ltr'><strong>ut</strong></span> <span class='ocrx_word' id='word_1_165' title='bbox 1437 2212 1639 2267; x_wconf 89' lang='lat' dir='ltr'><strong>dictum</strong></span> <span class='ocrx_word' id='word_1_166' title='bbox 1675 2218 1793 2274; x_wconf 90' lang='lat' dir='ltr'><strong>est,</strong></span> <span class='ocrx_word' id='word_1_167' title='bbox 1838 2206 1906 2261; x_wconf 87' lang='lat' dir='ltr'><strong>Ut</strong></span> 
     </span>
    </p>
   </div>
   <div class='ocr_carea' id='block_1_22' title="bbox 315 2302 1908 2385">
    <p class='ocr_par' dir='ltr' id='par_1_22' title="bbox 315 2302 1908 2385">
     <span class='ocr_line' id='line_1_22' title="bbox 315 2302 1908 2385; baseline -0.01 -16"><span class='ocrx_word' id='word_1_168' title='bbox 315 2318 493 2369; x_wconf 76' lang='lat' dir='ltr'><strong>edurus</strong></span> <span class='ocrx_word' id='word_1_169' title='bbox 520 2330 699 2385; x_wconf 75' lang='lat' dir='ltr'><strong>panem</strong></span> <span class='ocrx_word' id='word_1_170' title='bbox 728 2313 792 2366; x_wconf 90' lang='lat' dir='ltr'><strong>de</strong></span> <span class='ocrx_word' id='word_1_171' title='bbox 822 2322 956 2366; x_wconf 84' lang='lat' dir='ltr'><strong>terra</strong></span> <span class='ocrx_word' id='word_1_172' title='bbox 992 2309 1163 2381; x_wconf 86' lang='lat' dir='ltr'><strong>(Psul.</strong></span> <span class='ocrx_word' id='word_1_173' title='bbox 1195 2308 1318 2362; x_wconf 82' lang='lat'>105.</span> <span class='ocrx_word' id='word_1_174' title='bbox 1346 2305 1433 2374; x_wconf 73' lang='grc'><strong>14)</strong></span> <span class='ocrx_word' id='word_1_175' title='bbox 1462 2323 1473 2357; x_wconf 88' lang='lat'><strong>:</strong></span> <span class='ocrx_word' id='word_1_176' title='bbox 1503 2302 1737 2356; x_wconf 68' lang='lat' dir='ltr'><strong>cwlestis</strong></span> <span class='ocrx_word' id='word_1_177' title='bbox 1778 2314 1908 2353; x_wconf 86' lang='lat' dir='ltr'><strong>vero</strong></span> 
     </span>
    </p>
   </div>
   <div class='ocr_carea' id='block_1_23' title="bbox 314 2390 1908 2477">
    <p class='ocr_par' dir='ltr' id='par_1_23' title="bbox 314 2390 1908 2477">
     <span class='ocr_line' id='line_1_23' title="bbox 314 2390 1908 2477; baseline -0.009 -18"><span class='ocrx_word' id='word_1_178' title='bbox 314 2408 465 2477; x_wconf 87' lang='lat' dir='ltr'><strong>panis</strong></span> <span class='ocrx_word' id='word_1_179' title='bbox 489 2423 548 2461; x_wconf 73' lang='lat' dir='ltr'><strong>ex</strong></span> <span class='ocrx_word' id='word_1_180' title='bbox 590 2407 727 2460; x_wconf 64' lang='lat' dir='ltr'><strong>caelo</strong></span> <span class='ocrx_word' id='word_1_181' title='bbox 775 2404 1003 2458; x_wconf 81' lang='lat' dir='ltr'><strong>scaturit</strong></span> <span class='ocrx_word' id='word_1_182' title='bbox 1032 2418 1047 2457; x_wconf 90' lang='lat'>:</span> <span class='ocrx_word' id='word_1_183' title='bbox 1083 2401 1195 2471; x_wconf 86' lang='lat' dir='ltr'><strong>Ego</strong></span> <span class='ocrx_word' id='word_1_184' title='bbox 1223 2398 1365 2453; x_wconf 86' lang='lat' dir='ltr'><strong>enim</strong></span> <span class='ocrx_word' id='word_1_185' title='bbox 1412 2412 1524 2449; x_wconf 86' lang='lat' dir='ltr'><strong>sum</strong></span> <span class='ocrx_word' id='word_1_186' title='bbox 1553 2394 1701 2464; x_wconf 84' lang='lat' dir='ltr'><strong>panis</strong></span> <span class='ocrx_word' id='word_1_187' title='bbox 1729 2392 1814 2462; x_wconf 85' lang='lat' dir='ltr'><strong>qui</strong></span> <span class='ocrx_word' id='word_1_188' title='bbox 1844 2390 1908 2444; x_wconf 84' lang='lat' dir='ltr'><strong>de</strong></span> 
     </span>
    </p>
   </div>
   <div class='ocr_carea' id='block_1_24' title="bbox 304 2484 1909 2565">
    <p class='ocr_par' dir='ltr' id='par_1_24' title="bbox 304 2484 1909 2565">
     <span class='ocr_line' id='line_1_24' title="bbox 304 2484 1909 2565; baseline -0.01 -13"><span class='ocrx_word' id='word_1_189' title='bbox 304 2501 427 2552; x_wconf 73' lang='lat' dir='ltr'><strong>ett-lo</strong></span> <span class='ocrx_word' id='word_1_190' title='bbox 441 2497 721 2552; x_wconf 79' lang='lat' dir='ltr'><strong>descendit.</strong></span> <span class='ocrx_word' id='word_1_191' title='bbox 742 2496 964 2550; x_wconf 86' lang='lat' dir='ltr'><strong>Deserta</strong></span> <span class='ocrx_word' id='word_1_192' title='bbox 990 2494 1188 2565; x_wconf 82' lang='lat' dir='ltr'><strong>quippe</strong></span> <span class='ocrx_word' id='word_1_193' title='bbox 1206 2500 1324 2546; x_wconf 87' lang='lat' dir='ltr'><strong>erat</strong></span> <span class='ocrx_word' id='word_1_194' title='bbox 1339 2501 1477 2543; x_wconf 90' lang='lat' dir='ltr'><strong>terra</strong></span> <span class='ocrx_word' id='word_1_195' title='bbox 1501 2487 1711 2550; x_wconf 84' lang='lat' dir='ltr'><strong>sitiens,</strong></span> <span class='ocrx_word' id='word_1_196' title='bbox 1725 2484 1909 2539; x_wconf 88' lang='lat' dir='ltr'><strong>divino</strong></span> 
     </span>
    </p>
   </div>
   <div class='ocr_carea' id='block_1_25' title="bbox 303 2575 1909 2657">
    <p class='ocr_par' dir='ltr' id='par_1_25' title="bbox 303 2575 1909 2657">
     <span class='ocr_line' id='line_1_25' title="bbox 303 2575 1909 2657; baseline -0.01 -12"><span class='ocrx_word' id='word_1_197' title='bbox 303 2592 559 2645; x_wconf 84' lang='lat' dir='ltr'><strong>destituta</strong></span> <span class='ocrx_word' id='word_1_198' title='bbox 587 2590 793 2654; x_wconf 88' lang='lat' dir='ltr'><strong>verbo,</strong></span> <span class='ocrx_word' id='word_1_199' title='bbox 844 2588 1106 2657; x_wconf 90' lang='lat' dir='ltr'><strong>spirituali</strong></span> <span class='ocrx_word' id='word_1_200' title='bbox 1154 2583 1467 2654; x_wconf 88' lang='lat' dir='ltr'><strong>irrigatione</strong></span> <span class='ocrx_word' id='word_1_201' title='bbox 1508 2580 1735 2650; x_wconf 88' lang='lat' dir='ltr'><strong>privata.</strong></span> <span class='ocrx_word' id='word_1_202' title='bbox 1769 2575 1909 2643; x_wconf 82' lang='lat' dir='ltr'><strong>Quid</strong></span> 
     </span>
    </p>
   </div>
   <div class='ocr_carea' id='block_1_26' title="bbox 302 2670 1908 2753">
    <p class='ocr_par' dir='ltr' id='par_1_26' title="bbox 302 2670 1908 2753">
     <span class='ocr_line' id='line_1_26' title="bbox 302 2670 1908 2753; baseline -0.009 -15"><span class='ocrx_word' id='word_1_203' title='bbox 302 2684 474 2753; x_wconf 81' lang='lat' dir='ltr'><strong>ergo?</strong></span> <span class='ocrx_word' id='word_1_204' title='bbox 504 2684 595 2736; x_wconf 84' lang='lat' dir='ltr'><strong>illa</strong></span> <span class='ocrx_word' id='word_1_205' title='bbox 629 2684 743 2750; x_wconf 91' lang='lat' dir='ltr'><strong>ipsa</strong></span> <span class='ocrx_word' id='word_1_206' title='bbox 785 2681 976 2750; x_wconf 90' lang='lat' dir='ltr'><strong>gratia,</strong></span> <span class='ocrx_word' id='word_1_207' title='bbox 1009 2694 1131 2749; x_wconf 77' lang='lat' dir='ltr'><strong>qua:</strong></span> <span class='ocrx_word' id='word_1_208' title='bbox 1159 2674 1419 2732; x_wconf 82' lang='lat' dir='ltr'><strong>beneﬁcia</strong></span> <span class='ocrx_word' id='word_1_209' title='bbox 1451 2672 1683 2737; x_wconf 88' lang='lat' dir='ltr'><strong>emittit,</strong></span> <span class='ocrx_word' id='word_1_210' title='bbox 1726 2670 1908 2724; x_wconf 78' lang='lat' dir='ltr'><strong>excla-</strong></span> 
     </span>
    </p>
   </div>
   <div class='ocr_carea' id='block_1_27' title="bbox 303 2762 1907 2838">
    <p class='ocr_par' dir='ltr' id='par_1_27' title="bbox 303 2762 1907 2838">
     <span class='ocr_line' id='line_1_27' title="bbox 303 2762 1907 2838; baseline -0.007 -9"><span class='ocrx_word' id='word_1_211' title='bbox 303 2785 409 2829; x_wconf 89' lang='lat' dir='ltr'><strong>mat</strong></span> <span class='ocrx_word' id='word_1_212' title='bbox 438 2790 453 2826; x_wconf 89' lang='lat'><strong>:</strong></span> <span class='ocrx_word' id='word_1_213' title='bbox 490 2773 554 2828; x_wconf 89' lang='lat' dir='ltr'><strong>Si</strong></span> <span class='ocrx_word' id='word_1_214' title='bbox 584 2775 698 2838; x_wconf 85' lang='lat' dir='ltr'><strong>quis</strong></span> <span class='ocrx_word' id='word_1_215' title='bbox 723 2773 851 2833; x_wconf 87' lang='lat' dir='ltr'><strong>sitit,</strong></span> <span class='ocrx_word' id='word_1_216' title='bbox 880 2772 1046 2824; x_wconf 80' lang='lat' dir='ltr'><strong>veniat</strong></span> <span class='ocrx_word' id='word_1_217' title='bbox 1070 2770 1138 2822; x_wconf 85' lang='lat' dir='ltr'><strong>ad</strong></span> <span class='ocrx_word' id='word_1_218' title='bbox 1166 2786 1245 2823; x_wconf 86' lang='lat' dir='ltr'><strong>me</strong></span> <span class='ocrx_word' id='word_1_219' title='bbox 1264 2780 1309 2821; x_wconf 89' lang='lat' dir='ltr'><strong>et</strong></span> <span class='ocrx_word' id='word_1_220' title='bbox 1340 2767 1475 2820; x_wconf 86' lang='lat' dir='ltr'><strong>bibat</strong></span> <span class='ocrx_word' id='word_1_221' title='bbox 1503 2763 1686 2833; x_wconf 85' lang='lat' dir='ltr'><strong>(Joan.</strong></span> <span class='ocrx_word' id='word_1_222' title='bbox 1715 2764 1766 2818; x_wconf 91' lang='lat'><strong>7.</strong></span> <span class='ocrx_word' id='word_1_223' title='bbox 1792 2762 1907 2833; x_wconf 83' lang='lat'>57).</span> 
     </span>
    </p>
   </div>
   <div class='ocr_carea' id='block_1_28' title="bbox 303 2855 1910 2934">
    <p class='ocr_par' dir='ltr' id='par_1_28' title="bbox 303 2855 1910 2934">
     <span class='ocr_line' id='line_1_28' title="bbox 303 2855 1910 2934; baseline -0.007 -14"><span class='ocrx_word' id='word_1_224' title='bbox 303 2868 436 2934; x_wconf 90' lang='lat' dir='ltr'><strong>Quia</strong></span> <span class='ocrx_word' id='word_1_225' title='bbox 482 2866 631 2920; x_wconf 90' lang='lat' dir='ltr'><strong>enim</strong></span> <span class='ocrx_word' id='word_1_226' title='bbox 687 2865 905 2919; x_wconf 85' lang='lat' dir='ltr'><strong>diverso</strong></span> <span class='ocrx_word' id='word_1_227' title='bbox 947 2862 1108 2916; x_wconf 89' lang='lat' dir='ltr'><strong>modo</strong></span> <span class='ocrx_word' id='word_1_228' title='bbox 1147 2860 1455 2913; x_wconf 89' lang='lat' dir='ltr'><strong>clamabant</strong></span> <span class='ocrx_word' id='word_1_229' title='bbox 1506 2855 1821 2928; x_wconf 66' lang='lat' dir='ltr'><strong>prophetae,</strong></span> <span class='ocrx_word' id='word_1_230' title='bbox 1855 2863 1910 2909; x_wconf 91' lang='lat' dir='ltr'><strong>et</strong></span> 
     </span>
    </p>
   </div>
   <div class='ocr_carea' id='block_1_29' title="bbox 301 2949 1907 3025">
    <p class='ocr_par' dir='ltr' id='par_1_29' title="bbox 301 2949 1907 3025">
     <span class='ocr_line' id='line_1_29' title="bbox 301 2949 1907 3025; baseline -0.011 -7"><span class='ocrx_word' id='word_1_231' title='bbox 301 2964 481 3018; x_wconf 89' lang='lat' dir='ltr'><strong>omnis</strong></span> <span class='ocrx_word' id='word_1_232' title='bbox 510 2971 825 3016; x_wconf 88' lang='lat' dir='ltr'><strong>sanctorum</strong></span> <span class='ocrx_word' id='word_1_233' title='bbox 859 2958 1057 3012; x_wconf 88' lang='lat' dir='ltr'><strong>chorus</strong></span> <span class='ocrx_word' id='word_1_234' title='bbox 1098 2956 1217 3025; x_wconf 89' lang='lat' dir='ltr'><strong>ejus</strong></span> <span class='ocrx_word' id='word_1_235' title='bbox 1245 2955 1533 3007; x_wconf 80' lang='lat' dir='ltr'><strong>adventum</strong></span> <span class='ocrx_word' id='word_1_236' title='bbox 1580 2949 1907 3019; x_wconf 76' lang='lat' dir='ltr'><strong>expetebat,</strong></span> 
     </span>
    </p>
   </div>
   <div class='ocr_carea' id='block_1_30' title="bbox 301 3042 1912 3118">
    <p class='ocr_par' dir='ltr' id='par_1_30' title="bbox 301 3042 1912 3118">
     <span class='ocr_line' id='line_1_30' title="bbox 301 3042 1912 3118; baseline -0.011 -6"><span class='ocrx_word' id='word_1_237' title='bbox 301 3058 526 3112; x_wconf 90' lang='lat' dir='ltr'><strong>dicens:</strong></span> <span class='ocrx_word' id='word_1_238' title='bbox 561 3054 735 3118; x_wconf 83' lang='lat' dir='ltr'><strong>Deus,</strong></span> <span class='ocrx_word' id='word_1_239' title='bbox 770 3051 909 3105; x_wconf 84' lang='lat' dir='ltr'><strong>Deus</strong></span> <span class='ocrx_word' id='word_1_240' title='bbox 952 3067 1092 3104; x_wconf 85' lang='lat' dir='ltr'><strong>meus</strong></span> <span class='ocrx_word' id='word_1_241' title='bbox 1120 3048 1190 3102; x_wconf 86' lang='lat' dir='ltr'><strong>ad</strong></span> <span class='ocrx_word' id='word_1_242' title='bbox 1220 3056 1269 3102; x_wconf 86' lang='lat' dir='ltr'><strong>te</strong></span> <span class='ocrx_word' id='word_1_243' title='bbox 1292 3046 1356 3100; x_wconf 90' lang='lat' dir='ltr'><strong>de</strong></span> <span class='ocrx_word' id='word_1_244' title='bbox 1397 3047 1511 3099; x_wconf 89' lang='lat' dir='ltr'><strong>luce</strong></span> <span class='ocrx_word' id='word_1_245' title='bbox 1541 3043 1693 3115; x_wconf 87' lang='lat' dir='ltr'><strong>vigilo</strong></span> <span class='ocrx_word' id='word_1_246' title='bbox 1719 3063 1736 3096; x_wconf 89' lang='lat'><strong><em>:</em></strong></span> <span class='ocrx_word' id='word_1_247' title='bbox 1756 3042 1912 3096; x_wconf 76' lang='lat' dir='ltr'><strong>sitivit</strong></span> 
     </span>
    </p>
   </div>
   <div class='ocr_carea' id='block_1_31' title="bbox 304 3135 1908 3212">
    <p class='ocr_par' dir='ltr' id='par_1_31' title="bbox 304 3135 1908 3212">
     <span class='ocr_line' id='line_1_31' title="bbox 304 3135 1908 3212; baseline -0.009 -11"><span class='ocrx_word' id='word_1_248' title='bbox 304 3149 482 3201; x_wconf 83' lang='lat' dir='ltr'><strong>anima</strong></span> <span class='ocrx_word' id='word_1_249' title='bbox 539 3163 654 3199; x_wconf 86' lang='lat' dir='ltr'><strong>mea</strong></span> <span class='ocrx_word' id='word_1_250' title='bbox 682 3146 751 3197; x_wconf 88' lang='lat' dir='ltr'><strong>ad</strong></span> <span class='ocrx_word' id='word_1_251' title='bbox 797 3144 961 3197; x_wconf 76' lang='lat' dir='ltr'><strong>Deum</strong></span> <span class='ocrx_word' id='word_1_252' title='bbox 1010 3143 1176 3196; x_wconf 81' lang='lat' dir='ltr'><strong>vivum</strong></span> <span class='ocrx_word' id='word_1_253' title='bbox 1207 3139 1385 3212; x_wconf 88' lang='lat' dir='ltr'><strong>(Psal.</strong></span> <span class='ocrx_word' id='word_1_254' title='bbox 1413 3138 1505 3193; x_wconf 75' lang='grc'><strong>62.</strong></span> <span class='ocrx_word' id='word_1_255' title='bbox 1532 3137 1587 3190; x_wconf 73' lang='grc'><strong>2.</strong></span> <span class='ocrx_word' id='word_1_256' title='bbox 1624 3147 1669 3190; x_wconf 89' lang='lat' dir='ltr'><strong>et</strong></span> <span class='ocrx_word' id='word_1_257' title='bbox 1692 3137 1782 3191; x_wconf 76' lang='grc'><strong>41.</strong></span> <span class='ocrx_word' id='word_1_258' title='bbox 1808 3135 1865 3205; x_wconf 73' lang='lat'><strong>2)</strong></span> <span class='ocrx_word' id='word_1_259' title='bbox 1892 3152 1908 3202; x_wconf 91' lang='lat'><strong>;</strong></span> 
     </span>
    </p>
   </div>
   <div class='ocr_carea' id='block_1_32' title="bbox 304 3230 1910 3305">
    <p class='ocr_par' dir='ltr' id='par_1_32' title="bbox 304 3230 1910 3305">
     <span class='ocr_line' id='line_1_32' title="bbox 304 3230 1910 3305; baseline -0.008 -12"><span class='ocrx_word' id='word_1_260' title='bbox 304 3251 359 3294; x_wconf 94' lang='lat' dir='ltr'><strong>ut</strong></span> <span class='ocrx_word' id='word_1_261' title='bbox 386 3237 704 3293; x_wconf 88' lang='lat' dir='ltr'><strong>ostenderet</strong></span> <span class='ocrx_word' id='word_1_262' title='bbox 728 3237 965 3305; x_wconf 89' lang='lat' dir='ltr'><strong>seipsum</strong></span> <span class='ocrx_word' id='word_1_263' title='bbox 993 3250 1116 3289; x_wconf 89' lang='lat' dir='ltr'><strong>esse</strong></span> <span class='ocrx_word' id='word_1_264' title='bbox 1146 3249 1306 3304; x_wconf 88' lang='lat' dir='ltr'><strong>quem</strong></span> <span class='ocrx_word' id='word_1_265' title='bbox 1329 3231 1583 3286; x_wconf 85' lang='lat' dir='ltr'><strong>sitiebant</strong></span> <span class='ocrx_word' id='word_1_266' title='bbox 1611 3230 1910 3299; x_wconf 68' lang='lat' dir='ltr'><strong>prophetae,</strong></span> 
     </span>
    </p>
   </div>
   <div class='ocr_carea' id='block_1_33' title="bbox 306 3321 1914 3401">
    <p class='ocr_par' dir='ltr' id='par_1_33' title="bbox 306 3321 1914 3401">
     <span class='ocr_line' id='line_1_33' title="bbox 306 3321 1914 3401; baseline -0.007 -15"><span class='ocrx_word' id='word_1_267' title='bbox 306 3348 398 3401; x_wconf 79' lang='lat' dir='ltr'><strong>per</strong></span> <span class='ocrx_word' id='word_1_268' title='bbox 432 3328 723 3398; x_wconf 80' lang='lat' dir='ltr'><strong>Evangelia</strong></span> <span class='ocrx_word' id='word_1_269' title='bbox 755 3328 990 3382; x_wconf 90' lang='lat' dir='ltr'><strong>clamat:</strong></span> <span class='ocrx_word' id='word_1_270' title='bbox 1025 3325 1087 3380; x_wconf 91' lang='lat' dir='ltr'><strong>Si</strong></span> <span class='ocrx_word' id='word_1_271' title='bbox 1111 3326 1224 3396; x_wconf 89' lang='lat' dir='ltr'><strong>quis</strong></span> <span class='ocrx_word' id='word_1_272' title='bbox 1251 3324 1391 3387; x_wconf 84' lang='lat' dir='ltr'><strong>sitit,</strong></span> <span class='ocrx_word' id='word_1_273' title='bbox 1435 3324 1600 3376; x_wconf 83' lang='lat' dir='ltr'><strong>ueniat</strong></span> <span class='ocrx_word' id='word_1_274' title='bbox 1625 3321 1693 3375; x_wconf 88' lang='lat' dir='ltr'><strong>ad</strong></span> <span class='ocrx_word' id='word_1_275' title='bbox 1737 3337 1836 3385; x_wconf 87' lang='lat' dir='ltr'><strong>me,</strong></span> <span class='ocrx_word' id='word_1_276' title='bbox 1867 3328 1914 3374; x_wconf 86' lang='lat' dir='ltr'><strong>et</strong></span> 
     </span>
    </p>
   </div>
   <div class='ocr_carea' id='block_1_34' title="bbox 303 3414 1912 3491">
    <p class='ocr_par' dir='ltr' id='par_1_34' title="bbox 303 3414 1912 3491">
     <span class='ocr_line' id='line_1_34' title="bbox 303 3414 1912 3491; baseline -0.006 -14"><span class='ocrx_word' id='word_1_277' title='bbox 303 3426 463 3477; x_wconf 83' lang='lat' dir='ltr'><strong>bibat.</strong></span> <span class='ocrx_word' id='word_1_278' title='bbox 500 3421 559 3475; x_wconf 91' lang='lat' dir='ltr'><strong>Si</strong></span> <span class='ocrx_word' id='word_1_279' title='bbox 586 3421 707 3491; x_wconf 84' lang='lat' dir='ltr'><strong>quis</strong></span> <span class='ocrx_word' id='word_1_280' title='bbox 736 3427 823 3473; x_wconf 90' lang='lat' dir='ltr'><strong>est</strong></span> <span class='ocrx_word' id='word_1_281' title='bbox 850 3419 934 3471; x_wconf 89' lang='lat' dir='ltr'><strong>illa</strong></span> <span class='ocrx_word' id='word_1_282' title='bbox 970 3417 1196 3472; x_wconf 74' lang='lat' dir='ltr'><strong>allectus</strong></span> <span class='ocrx_word' id='word_1_283' title='bbox 1226 3416 1520 3486; x_wconf 89' lang='lat' dir='ltr'><strong>cupiditate</strong></span> <span class='ocrx_word' id='word_1_284' title='bbox 1564 3430 1684 3486; x_wconf 65' lang='lat' dir='ltr'><strong>qua:</strong></span> <span class='ocrx_word' id='word_1_285' title='bbox 1713 3414 1790 3468; x_wconf 92' lang='lat' dir='ltr'><strong>sic</strong></span> <span class='ocrx_word' id='word_1_286' title='bbox 1818 3429 1912 3468; x_wconf 80' lang='lat' dir='ltr'><strong>ex-</strong></span> 
     </span>
    </p>
   </div>
   <div class='ocr_carea' id='block_1_35' title="bbox 305 3506 1915 3586">
    <p class='ocr_par' dir='ltr' id='par_1_35' title="bbox 305 3506 1915 3586">
     <span class='ocr_line' id='line_1_35' title="bbox 305 3506 1915 3586; baseline -0.004 -19"><span class='ocrx_word' id='word_1_287' title='bbox 305 3516 584 3586; x_wconf 85' lang='lat' dir='ltr'><strong>primitur,</strong></span> <span class='ocrx_word' id='word_1_288' title='bbox 620 3513 793 3568; x_wconf 84' lang='lat' dir='ltr'><strong>Sitivit</strong></span> <span class='ocrx_word' id='word_1_289' title='bbox 820 3513 874 3566; x_wconf 86' lang='lat' dir='ltr'><strong>in</strong></span> <span class='ocrx_word' id='word_1_290' title='bbox 904 3521 951 3565; x_wconf 90' lang='lat' dir='ltr'><strong>te</strong></span> <span class='ocrx_word' id='word_1_291' title='bbox 978 3512 1150 3564; x_wconf 88' lang='lat' dir='ltr'><strong>anima</strong></span> <span class='ocrx_word' id='word_1_292' title='bbox 1181 3528 1324 3575; x_wconf 84' lang='lat' dir='ltr'><strong>mea,</strong></span> <span class='ocrx_word' id='word_1_293' title='bbox 1359 3509 1539 3563; x_wconf 88' lang='lat' dir='ltr'><strong>veniat</strong></span> <span class='ocrx_word' id='word_1_294' title='bbox 1587 3508 1654 3562; x_wconf 92' lang='lat' dir='ltr'><strong>ad</strong></span> <span class='ocrx_word' id='word_1_295' title='bbox 1686 3523 1793 3562; x_wconf 85' lang='lat' dir='ltr'><strong>tne.</strong></span> <span class='ocrx_word' id='word_1_296' title='bbox 1824 3506 1915 3561; x_wconf 74' lang='lat' dir='ltr'><strong>Vi-</strong></span> 
     </span>
    </p>
   </div>
   <div class='ocr_carea' id='block_1_36' title="bbox 302 3601 1912 3673">
    <p class='ocr_par' dir='ltr' id='par_1_36' title="bbox 302 3601 1912 3673">
     <span class='ocr_line' id='line_1_36' title="bbox 302 3601 1912 3673; baseline -0.003 -10"><span class='ocrx_word' id='word_1_297' title='bbox 302 3610 470 3663; x_wconf 84' lang='lat' dir='ltr'><strong>debat</strong></span> <span class='ocrx_word' id='word_1_298' title='bbox 491 3621 682 3661; x_wconf 90' lang='lat' dir='ltr'><strong>rursus</strong></span> <span class='ocrx_word' id='word_1_299' title='bbox 703 3605 890 3660; x_wconf 88' lang='lat' dir='ltr'><strong>orbem</strong></span> <span class='ocrx_word' id='word_1_300' title='bbox 911 3605 1130 3667; x_wconf 92' lang='lat' dir='ltr'><strong>nudum,</strong></span> <span class='ocrx_word' id='word_1_301' title='bbox 1160 3618 1265 3657; x_wconf 87' lang='lat' dir='ltr'><strong>non</strong></span> <span class='ocrx_word' id='word_1_302' title='bbox 1293 3617 1541 3673; x_wconf 86' lang='lat' dir='ltr'><strong>eorpore,</strong></span> <span class='ocrx_word' id='word_1_303' title='bbox 1568 3601 1661 3656; x_wconf 91' lang='lat' dir='ltr'><strong>sed</strong></span> <span class='ocrx_word' id='word_1_304' title='bbox 1688 3604 1912 3658; x_wconf 86' lang='lat' dir='ltr'><strong>virtute:</strong></span> 
     </span>
    </p>
   </div>
   <div class='ocr_carea' id='block_1_37' title="bbox 306 3694 1916 3769">
    <p class='ocr_par' dir='ltr' id='par_1_37' title="bbox 306 3694 1916 3769">
     <span class='ocr_line' id='line_1_37' title="bbox 306 3694 1916 3769; baseline -0.003 -16"><span class='ocrx_word' id='word_1_305' title='bbox 306 3701 529 3756; x_wconf 75' lang='lat' dir='ltr'><strong>videbat</strong></span> <span class='ocrx_word' id='word_1_306' title='bbox 555 3698 829 3769; x_wconf 85' lang='lat' dir='ltr'><strong>Opiﬁcium</strong></span> <span class='ocrx_word' id='word_1_307' title='bbox 853 3713 1009 3751; x_wconf 88' lang='lat' dir='ltr'><strong>suum</strong></span> <span class='ocrx_word' id='word_1_308' title='bbox 1033 3737 1049 3763; x_wconf 92' lang='lat'><strong>,</strong></span> <span class='ocrx_word' id='word_1_309' title='bbox 1094 3706 1151 3751; x_wconf 90' lang='lat' dir='ltr'><strong>et</strong></span> <span class='ocrx_word' id='word_1_310' title='bbox 1177 3697 1433 3749; x_wconf 88' lang='lat' dir='ltr'><strong>misertus</strong></span> <span class='ocrx_word' id='word_1_311' title='bbox 1461 3704 1545 3748; x_wconf 91' lang='lat' dir='ltr'><strong>est</strong></span> <span class='ocrx_word' id='word_1_312' title='bbox 1568 3694 1685 3764; x_wconf 86' lang='lat' dir='ltr'><strong>ejus</strong></span> <span class='ocrx_word' id='word_1_313' title='bbox 1705 3736 1719 3758; x_wconf 93' lang='lat'><strong>,</strong></span> <span class='ocrx_word' id='word_1_314' title='bbox 1751 3710 1916 3764; x_wconf 86' lang='lat' dir='ltr'><strong>seque</strong></span> 
     </span>
    </p>
   </div>
   <div class='ocr_carea' id='block_1_38' title="bbox 306 3786 1913 3866">
    <p class='ocr_par' dir='ltr' id='par_1_38' title="bbox 306 3786 1913 3866">
     <span class='ocr_line' id='line_1_38' title="bbox 306 3786 1913 3866; baseline -0.006 -18"><span class='ocrx_word' id='word_1_315' title='bbox 306 3795 486 3866; x_wconf 91' lang='lat' dir='ltr'><strong>ipsum</strong></span> <span class='ocrx_word' id='word_1_316' title='bbox 510 3791 607 3847; x_wconf 91' lang='lat' dir='ltr'><strong>dat</strong></span> <span class='ocrx_word' id='word_1_317' title='bbox 634 3790 793 3845; x_wconf 91' lang='lat' dir='ltr'><strong>nudis</strong></span> <span class='ocrx_word' id='word_1_318' title='bbox 819 3788 1217 3853; x_wconf 87' lang='lat' dir='ltr'><strong>indumentum,</strong></span> <span class='ocrx_word' id='word_1_319' title='bbox 1247 3797 1301 3841; x_wconf 92' lang='lat' dir='ltr'><strong>ut</strong></span> <span class='ocrx_word' id='word_1_320' title='bbox 1321 3786 1433 3857; x_wconf 90' lang='lat' dir='ltr'><strong>jam</strong></span> <span class='ocrx_word' id='word_1_321' title='bbox 1479 3796 1604 3841; x_wconf 90' lang='lat' dir='ltr'><strong>ante</strong></span> <span class='ocrx_word' id='word_1_322' title='bbox 1633 3786 1868 3840; x_wconf 73' lang='lat' dir='ltr'><strong>diximus</strong></span> <span class='ocrx_word' id='word_1_323' title='bbox 1899 3805 1913 3840; x_wconf 91' lang='lat'><strong>:</strong></span> 
     </span>
    </p>
   </div>
   <div class='ocr_carea' id='block_1_39' title="bbox 312 3878 1916 3956">
    <p class='ocr_par' dir='ltr' id='par_1_39' title="bbox 312 3878 1916 3956">
     <span class='ocr_line' id='line_1_39' title="bbox 312 3878 1916 3956; baseline -0.005 -16"><span class='ocrx_word' id='word_1_324' title='bbox 312 3888 640 3956; x_wconf 76' lang='lat' dir='ltr'><strong>Quicumque</strong></span> <span class='ocrx_word' id='word_1_325' title='bbox 664 3884 718 3937; x_wconf 86' lang='lat' dir='ltr'><strong>in</strong></span> <span class='ocrx_word' id='word_1_326' title='bbox 767 3882 1028 3937; x_wconf 81' lang='lat' dir='ltr'><strong>Christum</strong></span> <span class='ocrx_word' id='word_1_327' title='bbox 1057 3880 1305 3951; x_wconf 78' lang='lat' dir='ltr'><strong>baptizati</strong></span> <span class='ocrx_word' id='word_1_328' title='bbox 1355 3880 1472 3934; x_wconf 89' lang='lat' dir='ltr'><strong>estis</strong></span> <span class='ocrx_word' id='word_1_329' title='bbox 1497 3921 1513 3945; x_wconf 92' lang='lat'><strong>,</strong></span> <span class='ocrx_word' id='word_1_330' title='bbox 1545 3878 1801 3933; x_wconf 83' lang='lat' dir='ltr'><strong>Christum</strong></span> <span class='ocrx_word' id='word_1_331' title='bbox 1831 3879 1916 3932; x_wconf 84' lang='lat' dir='ltr'><strong>in-</strong></span> 
     </span>
    </p>
   </div>
   <div class='ocr_carea' id='block_1_40' title="bbox 306 3973 1916 4048">
    <p class='ocr_par' dir='ltr' id='par_1_40' title="bbox 306 3973 1916 4048">
     <span class='ocr_line' id='line_1_40' title="bbox 306 3973 1916 4048; baseline -0.005 -15"><span class='ocrx_word' id='word_1_332' title='bbox 306 3980 497 4034; x_wconf 87' lang='lat' dir='ltr'><strong>duistis</strong></span> <span class='ocrx_word' id='word_1_333' title='bbox 526 3976 673 4048; x_wconf 84' lang='lat' dir='ltr'><strong>(Cal.</strong></span> <span class='ocrx_word' id='word_1_334' title='bbox 704 3977 759 4033; x_wconf 76' lang='grc'><strong>5.</strong></span> <span class='ocrx_word' id='word_1_335' title='bbox 789 3974 910 4046; x_wconf 75' lang='grc'><strong>27).</strong></span> <span class='ocrx_word' id='word_1_336' title='bbox 940 3973 1237 4030; x_wconf 88' lang='lat' dir='ltr'><strong>Erraverat</strong></span> <span class='ocrx_word' id='word_1_337' title='bbox 1269 3981 1407 4027; x_wconf 89' lang='lat' dir='ltr'><strong>terra</strong></span> <span class='ocrx_word' id='word_1_338' title='bbox 1438 3973 1577 4027; x_wconf 90' lang='lat' dir='ltr'><strong>viam</strong></span> <span class='ocrx_word' id='word_1_339' title='bbox 1627 3988 1876 4043; x_wconf 68' lang='lat' dir='ltr'><strong>quaerens</strong></span> <span class='ocrx_word' id='word_1_340' title='bbox 1901 4014 1916 4038; x_wconf 96' lang='lat'><strong>,</strong></span> 
     </span>
    </p>
   </div>
   <div class='ocr_carea' id='block_1_41' title="bbox 309 4064 1919 4136">
    <p class='ocr_par' dir='ltr' id='par_1_41' title="bbox 309 4064 1919 4136">
     <span class='ocr_line' id='line_1_41' title="bbox 309 4064 1919 4136; baseline -0.006 -10"><span class='ocrx_word' id='word_1_341' title='bbox 309 4088 415 4127; x_wconf 87' lang='lat' dir='ltr'><strong>nec</strong></span> <span class='ocrx_word' id='word_1_342' title='bbox 443 4071 731 4127; x_wconf 89' lang='lat' dir='ltr'><strong>inveniens</strong></span> <span class='ocrx_word' id='word_1_343' title='bbox 773 4088 788 4123; x_wconf 93' lang='lat'>:</span> <span class='ocrx_word' id='word_1_344' title='bbox 824 4068 1001 4123; x_wconf 91' lang='lat' dir='ltr'><strong>omnis</strong></span> <span class='ocrx_word' id='word_1_345' title='bbox 1042 4066 1244 4136; x_wconf 86' lang='lat' dir='ltr'><strong>quippe</strong></span> <span class='ocrx_word' id='word_1_346' title='bbox 1276 4065 1453 4119; x_wconf 90' lang='lat' dir='ltr'><strong>anima</strong></span> <span class='ocrx_word' id='word_1_347' title='bbox 1488 4079 1673 4119; x_wconf 87' lang='lat' dir='ltr'><strong>semen</strong></span> <span class='ocrx_word' id='word_1_348' title='bbox 1708 4064 1919 4121; x_wconf 89' lang='lat' dir='ltr'><strong>theolo-</strong></span> 
     </span>
    </p>
   </div>
   <div class='ocr_carea' id='block_1_42' title="bbox 310 4158 1917 4235">
    <p class='ocr_par' dir='ltr' id='par_1_42' title="bbox 310 4158 1917 4235">
     <span class='ocr_line' id='line_1_42' title="bbox 310 4158 1917 4235; baseline -0.003 -18"><span class='ocrx_word' id='word_1_349' title='bbox 310 4168 417 4235; x_wconf 77' lang='lat' dir='ltr'><strong>gia:</strong></span> <span class='ocrx_word' id='word_1_350' title='bbox 448 4166 501 4218; x_wconf 91' lang='lat' dir='ltr'><strong>in</strong></span> <span class='ocrx_word' id='word_1_351' title='bbox 552 4178 611 4218; x_wconf 86' lang='lat' dir='ltr'><strong>se</strong></span> <span class='ocrx_word' id='word_1_352' title='bbox 643 4162 838 4226; x_wconf 81' lang='lat' dir='ltr'><strong>habet;</strong></span> <span class='ocrx_word' id='word_1_353' title='bbox 870 4172 923 4216; x_wconf 90' lang='lat' dir='ltr'><strong>et</strong></span> <span class='ocrx_word' id='word_1_354' title='bbox 954 4161 1080 4214; x_wconf 88' lang='lat' dir='ltr'><strong>licet</strong></span> <span class='ocrx_word' id='word_1_355' title='bbox 1120 4160 1170 4213; x_wconf 90' lang='lat' dir='ltr'><strong>in</strong></span> <span class='ocrx_word' id='word_1_356' title='bbox 1202 4173 1262 4213; x_wconf 91' lang='lat' dir='ltr'><strong>se</strong></span> <span class='ocrx_word' id='word_1_357' title='bbox 1292 4158 1515 4213; x_wconf 89' lang='lat' dir='ltr'><strong>haberet</strong></span> <span class='ocrx_word' id='word_1_358' title='bbox 1542 4200 1557 4224; x_wconf 94' lang='lat'><strong>,</strong></span> <span class='ocrx_word' id='word_1_359' title='bbox 1604 4159 1879 4213; x_wconf 84' lang='lat' dir='ltr'><strong>nesciebat</strong></span> <span class='ocrx_word' id='word_1_360' title='bbox 1900 4200 1917 4224; x_wconf 89' lang='lat'><strong>,</strong></span> 
     </span>
    </p>
   </div>
   <div class='ocr_carea' id='block_1_43' title="bbox 308 4251 1920 4327">
    <p class='ocr_par' dir='ltr' id='par_1_43' title="bbox 308 4251 1920 4327">
     <span class='ocr_line' id='line_1_43' title="bbox 308 4251 1920 4327; baseline -0.002 -17"><span class='ocrx_word' id='word_1_361' title='bbox 308 4255 592 4327; x_wconf 87' lang='lat' dir='ltr'><strong>quomodo</strong></span> <span class='ocrx_word' id='word_1_362' title='bbox 623 4255 673 4308; x_wconf 91' lang='lat' dir='ltr'><strong>id</strong></span> <span class='ocrx_word' id='word_1_363' title='bbox 704 4252 847 4323; x_wconf 86' lang='lat' dir='ltr'><strong>quod</strong></span> <span class='ocrx_word' id='word_1_364' title='bbox 876 4251 1217 4307; x_wconf 88' lang='lat' dir='ltr'><strong>desiderabat</strong></span> <span class='ocrx_word' id='word_1_365' title='bbox 1244 4251 1600 4321; x_wconf 88' lang='lat' dir='ltr'><strong>perquireret.</strong></span> <span class='ocrx_word' id='word_1_366' title='bbox 1630 4252 1763 4318; x_wconf 86' lang='lat' dir='ltr'><strong>Quia</strong></span> <span class='ocrx_word' id='word_1_367' title='bbox 1791 4267 1920 4321; x_wconf 86' lang='lat' dir='ltr'><strong>ergo</strong></span> 
     </span>
    </p>
   </div>
   <div class='ocr_carea' id='block_1_44' title="bbox 307 4340 1920 4416">
    <p class='ocr_par' dir='ltr' id='par_1_44' title="bbox 307 4340 1920 4416">
     <span class='ocr_line' id='line_1_44' title="bbox 307 4340 1920 4416; baseline -0.003 -13"><span class='ocrx_word' id='word_1_368' title='bbox 307 4357 564 4403; x_wconf 86' lang='lat' dir='ltr'><strong>errantes</strong></span> <span class='ocrx_word' id='word_1_369' title='bbox 599 4348 739 4401; x_wconf 90' lang='lat' dir='ltr'><strong>viam</strong></span> <span class='ocrx_word' id='word_1_370' title='bbox 770 4344 1106 4416; x_wconf 79' lang='lat' dir='ltr'><strong>ignorabant,</strong></span> <span class='ocrx_word' id='word_1_371' title='bbox 1134 4342 1243 4413; x_wconf 81' lang='lat' dir='ltr'><strong>Ego</strong></span> <span class='ocrx_word' id='word_1_372' title='bbox 1269 4359 1380 4396; x_wconf 90' lang='lat' dir='ltr'><strong>sum</strong></span> <span class='ocrx_word' id='word_1_373' title='bbox 1406 4342 1486 4395; x_wconf 85' lang='lat' dir='ltr'><strong>via</strong></span> <span class='ocrx_word' id='word_1_374' title='bbox 1518 4340 1695 4412; x_wconf 86' lang='lat' dir='ltr'><strong>(Joan.</strong></span> <span class='ocrx_word' id='word_1_375' title='bbox 1722 4344 1882 4412; x_wconf 69' lang='lat'>14.6)</span> <span class='ocrx_word' id='word_1_376' title='bbox 1903 4386 1920 4411; x_wconf 92' lang='lat'><strong>,</strong></span> 
     </span>
    </p>
   </div>
   <div class='ocr_carea' id='block_1_45' title="bbox 312 4434 1919 4511">
    <p class='ocr_par' dir='ltr' id='par_1_45' title="bbox 312 4434 1919 4511">
     <span class='ocr_line' id='line_1_45' title="bbox 312 4434 1919 4511; baseline -0.002 -16"><span class='ocrx_word' id='word_1_377' title='bbox 312 4442 514 4511; x_wconf 86' lang='lat' dir='ltr'><strong>inquit.</strong></span> <span class='ocrx_word' id='word_1_378' title='bbox 555 4442 625 4495; x_wconf 80' lang='lat' dir='ltr'><strong>At</strong></span> <span class='ocrx_word' id='word_1_379' title='bbox 653 4450 898 4493; x_wconf 91' lang='lat' dir='ltr'><strong>mortuus</strong></span> <span class='ocrx_word' id='word_1_380' title='bbox 929 4438 1033 4492; x_wconf 82' lang='lat' dir='ltr'><strong>es?</strong></span> <span class='ocrx_word' id='word_1_381' title='bbox 1066 4434 1178 4508; x_wconf 80' lang='lat' dir='ltr'><strong>Ego</strong></span> <span class='ocrx_word' id='word_1_382' title='bbox 1228 4453 1345 4489; x_wconf 88' lang='lat' dir='ltr'><strong>sum</strong></span> <span class='ocrx_word' id='word_1_383' title='bbox 1396 4439 1698 4491; x_wconf 83' lang='lat' dir='ltr'><strong>resurrectio</strong></span> <span class='ocrx_word' id='word_1_384' title='bbox 1719 4438 1737 4509; x_wconf 92' lang='lat'>(</span> <span class='ocrx_word' id='word_1_385' title='bbox 1758 4437 1919 4493; x_wconf 85' lang='lat' dir='ltr'><strong>Joan.</strong></span> 
     </span>
    </p>
   </div>
   <div class='ocr_carea' id='block_1_46' title="bbox 308 4528 1924 4607">
    <p class='ocr_par' dir='ltr' id='par_1_46' title="bbox 308 4528 1924 4607">
     <span class='ocr_line' id='line_1_46' title="bbox 308 4528 1924 4607; baseline -0.001 -18"><span class='ocrx_word' id='word_1_386' title='bbox 308 4532 544 4607; x_wconf 71' lang='lat'>11.25).</span> <span class='ocrx_word' id='word_1_387' title='bbox 571 4533 640 4587; x_wconf 90' lang='lat' dir='ltr'><strong>At</strong></span> <span class='ocrx_word' id='word_1_388' title='bbox 677 4531 923 4586; x_wconf 83' lang='lat' dir='ltr'><strong>inﬁrmus</strong></span> <span class='ocrx_word' id='word_1_389' title='bbox 952 4544 1013 4585; x_wconf 88' lang='lat' dir='ltr'><strong>es</strong></span> <span class='ocrx_word' id='word_1_390' title='bbox 1035 4571 1051 4594; x_wconf 92' lang='lat'><strong>,</strong></span> <span class='ocrx_word' id='word_1_391' title='bbox 1094 4539 1149 4583; x_wconf 91' lang='lat' dir='ltr'><strong>et</strong></span> <span class='ocrx_word' id='word_1_392' title='bbox 1190 4528 1353 4584; x_wconf 91' lang='lat' dir='ltr'><strong>ductu</strong></span> <span class='ocrx_word' id='word_1_393' title='bbox 1405 4544 1542 4600; x_wconf 91' lang='lat' dir='ltr'><strong>opus</strong></span> <span class='ocrx_word' id='word_1_394' title='bbox 1572 4529 1779 4585; x_wconf 87' lang='lat' dir='ltr'><strong>habes?</strong></span> <span class='ocrx_word' id='word_1_395' title='bbox 1810 4532 1924 4601; x_wconf 78' lang='lat' dir='ltr'><strong>Ego</strong></span> 
     </span>
    </p>
   </div>
   <div class='ocr_carea' id='block_1_47' title="bbox 312 4621 1923 4695">
    <p class='ocr_par' dir='ltr' id='par_1_47' title="bbox 312 4621 1923 4695">
     <span class='ocr_line' id='line_1_47' title="bbox 312 4621 1923 4695; baseline -0.002 -13"><span class='ocrx_word' id='word_1_396' title='bbox 312 4642 440 4682; x_wconf 78' lang='lat' dir='ltr'><strong>sum</strong></span> <span class='ocrx_word' id='word_1_397' title='bbox 470 4626 619 4695; x_wconf 89' lang='lat' dir='ltr'><strong>virga</strong></span> <span class='ocrx_word' id='word_1_398' title='bbox 652 4624 721 4678; x_wconf 89' lang='lat' dir='ltr'><strong>de</strong></span> <span class='ocrx_word' id='word_1_399' title='bbox 766 4624 949 4678; x_wconf 86' lang='lat' dir='ltr'><strong>radice</strong></span> <span class='ocrx_word' id='word_1_400' title='bbox 975 4621 1131 4677; x_wconf 83' lang='lat' dir='ltr'><strong>Jesse</strong></span> <span class='ocrx_word' id='word_1_401' title='bbox 1152 4663 1167 4683; x_wconf 87' lang='lat'><strong>,</strong></span> <span class='ocrx_word' id='word_1_402' title='bbox 1198 4637 1319 4692; x_wconf 65' lang='lat' dir='ltr'><strong>qua:</strong></span> <span class='ocrx_word' id='word_1_403' title='bbox 1345 4631 1613 4676; x_wconf 89' lang='lat' dir='ltr'><strong>sustentat</strong></span> <span class='ocrx_word' id='word_1_404' title='bbox 1644 4623 1884 4678; x_wconf 84' lang='lat' dir='ltr'><strong>inﬁrmos</strong></span> <span class='ocrx_word' id='word_1_405' title='bbox 1906 4667 1923 4691; x_wconf 94' lang='lat'><strong>,</strong></span> 
     </span>
    </p>
   </div>
   <div class='ocr_carea' id='block_1_48' title="bbox 309 4712 1925 4789">
    <p class='ocr_par' dir='ltr' id='par_1_48' title="bbox 309 4712 1925 4789">
     <span class='ocr_line' id='line_1_48' title="bbox 309 4712 1925 4789; baseline -0.002 -15"><span class='ocrx_word' id='word_1_406' title='bbox 309 4721 385 4774; x_wconf 89' lang='lat' dir='ltr'><strong>de</strong></span> <span class='ocrx_word' id='word_1_407' title='bbox 415 4734 521 4789; x_wconf 89' lang='lat' dir='ltr'><strong>qua</strong></span> <span class='ocrx_word' id='word_1_408' title='bbox 549 4718 681 4771; x_wconf 91' lang='lat' dir='ltr'><strong>dicit</strong></span> <span class='ocrx_word' id='word_1_409' title='bbox 710 4716 972 4786; x_wconf 87' lang='lat' dir='ltr'><strong>propheta</strong></span> <span class='ocrx_word' id='word_1_410' title='bbox 1000 4732 1013 4768; x_wconf 89' lang='lat'>:</span> <span class='ocrx_word' id='word_1_411' title='bbox 1042 4712 1201 4785; x_wconf 84' lang='lat' dir='ltr'><strong>Virga</strong></span> <span class='ocrx_word' id='word_1_412' title='bbox 1228 4724 1315 4767; x_wconf 89' lang='lat' dir='ltr'><strong>tua</strong></span> <span class='ocrx_word' id='word_1_413' title='bbox 1342 4724 1387 4767; x_wconf 89' lang='lat' dir='ltr'><strong>et</strong></span> <span class='ocrx_word' id='word_1_414' title='bbox 1407 4713 1620 4768; x_wconf 86' lang='lat' dir='ltr'><strong>baculus</strong></span> <span class='ocrx_word' id='word_1_415' title='bbox 1647 4725 1782 4782; x_wconf 89' lang='lat' dir='ltr'><strong>tuus,</strong></span> <span class='ocrx_word' id='word_1_416' title='bbox 1812 4717 1925 4787; x_wconf 89' lang='lat' dir='ltr'><strong>ipsa</strong></span> 
     </span>
    </p>
   </div>
   <div class='ocr_carea' id='block_1_49' title="bbox 310 4804 1926 4877">
    <p class='ocr_par' dir='ltr' id='par_1_49' title="bbox 310 4804 1926 4877">
     <span class='ocr_line' id='line_1_49' title="bbox 310 4804 1926 4877; baseline -0.001 -13"><span class='ocrx_word' id='word_1_417' title='bbox 310 4828 396 4864; x_wconf 82' lang='lat' dir='ltr'><strong>nte</strong></span> <span class='ocrx_word' id='word_1_418' title='bbox 420 4809 691 4864; x_wconf 83' lang='lat' dir='ltr'><strong>consolata</strong></span> <span class='ocrx_word' id='word_1_419' title='bbox 719 4818 835 4861; x_wconf 90' lang='lat' dir='ltr'><strong>sunt</strong></span> <span class='ocrx_word' id='word_1_420' title='bbox 864 4805 916 4876; x_wconf 88' lang='lat' dir='ltr'><strong>(l</strong></span> <span class='ocrx_word' id='word_1_421' title='bbox 927 4807 1025 4860; x_wconf 88' lang='lat' dir='ltr'><strong>sai.</strong></span> <span class='ocrx_word' id='word_1_422' title='bbox 1048 4807 1137 4861; x_wconf 88' lang='lat'><strong>11.</strong></span> <span class='ocrx_word' id='word_1_423' title='bbox 1168 4804 1245 4877; x_wconf 94' lang='lat'>1).</span> <span class='ocrx_word' id='word_1_424' title='bbox 1271 4806 1382 4860; x_wconf 91' lang='lat' dir='ltr'><strong>Cur</strong></span> <span class='ocrx_word' id='word_1_425' title='bbox 1417 4807 1563 4877; x_wconf 86' lang='lat' dir='ltr'><strong>virga</strong></span> <span class='ocrx_word' id='word_1_426' title='bbox 1583 4849 1598 4873; x_wconf 93' lang='lat'><strong>,</strong></span> <span class='ocrx_word' id='word_1_427' title='bbox 1632 4822 1730 4861; x_wconf 92' lang='lat' dir='ltr'><strong>cur</strong></span> <span class='ocrx_word' id='word_1_428' title='bbox 1762 4808 1926 4862; x_wconf 83' lang='lat' dir='ltr'><strong>bacu-</strong></span> 
     </span>
    </p>
   </div>
   <div class='ocr_carea' id='block_1_50' title="bbox 312 4898 1924 4972">
    <p class='ocr_par' dir='ltr' id='par_1_50' title="bbox 312 4898 1924 4972">
     <span class='ocr_line' id='line_1_50' title="bbox 312 4898 1924 4972; baseline -0.002 -13"><span class='ocrx_word' id='word_1_429' title='bbox 312 4906 443 4960; x_wconf 86' lang='lat' dir='ltr'><strong>lus?</strong></span> <span class='ocrx_word' id='word_1_430' title='bbox 474 4904 612 4972; x_wconf 85' lang='lat' dir='ltr'><strong>Quia</strong></span> <span class='ocrx_word' id='word_1_431' title='bbox 631 4902 777 4957; x_wconf 91' lang='lat' dir='ltr'><strong>omni</strong></span> <span class='ocrx_word' id='word_1_432' title='bbox 810 4900 955 4955; x_wconf 84' lang='lat' dir='ltr'><strong>aetati</strong></span> <span class='ocrx_word' id='word_1_433' title='bbox 976 4908 1292 4969; x_wconf 88' lang='lat' dir='ltr'><strong>competunt</strong></span> <span class='ocrx_word' id='word_1_434' title='bbox 1319 4917 1334 4965; x_wconf 90' lang='lat'><strong>;</strong></span> <span class='ocrx_word' id='word_1_435' title='bbox 1362 4898 1588 4970; x_wconf 85' lang='lat' dir='ltr'><strong>juvenes</strong></span> <span class='ocrx_word' id='word_1_436' title='bbox 1615 4901 1924 4968; x_wconf 88' lang='lat' dir='ltr'><strong>instituunt,</strong></span> 
     </span>
    </p>
   </div>
   <div class='ocr_carea' id='block_1_51' title="bbox 313 4991 1925 5060">
    <p class='ocr_par' dir='ltr' id='par_1_51' title="bbox 313 4991 1925 5060">
     <span class='ocr_line' id='line_1_51' title="bbox 313 4991 1925 5060; baseline -0.003 -8"><span class='ocrx_word' id='word_1_437' title='bbox 313 5015 479 5054; x_wconf 87' lang='lat' dir='ltr'><strong>senes</strong></span> <span class='ocrx_word' id='word_1_438' title='bbox 510 4998 749 5052; x_wconf 88' lang='lat' dir='ltr'><strong>ﬁrmant.</strong></span> <span class='ocrx_word' id='word_1_439' title='bbox 784 4995 1003 5060; x_wconf 79' lang='lat' dir='ltr'><strong>Verum,</strong></span> <span class='ocrx_word' id='word_1_440' title='bbox 1032 5009 1066 5048; x_wconf 92' lang='grc' dir='ltr'>ο</span> <span class='ocrx_word' id='word_1_441' title='bbox 1098 4994 1343 5055; x_wconf 87' lang='lat' dir='ltr'><strong>Domine,</strong></span> <span class='ocrx_word' id='word_1_442' title='bbox 1371 4991 1691 5046; x_wconf 76' lang='lat' dir='ltr'><strong>Esurientem</strong></span> <span class='ocrx_word' id='word_1_443' title='bbox 1718 5011 1796 5049; x_wconf 88' lang='lat' dir='ltr'><strong>me</strong></span> <span class='ocrx_word' id='word_1_444' title='bbox 1827 5012 1925 5048; x_wconf 89' lang='lat' dir='ltr'><strong>nu-</strong></span> 
     </span>
    </p>
   </div>
   <div class='ocr_carea' id='block_1_52' title="bbox 318 5086 1928 5160">
    <p class='ocr_par' dir='ltr' id='par_1_52' title="bbox 318 5086 1928 5160">
     <span class='ocr_line' id='line_1_52' title="bbox 318 5086 1928 5160; baseline -0.001 -16"><span class='ocrx_word' id='word_1_445' title='bbox 318 5092 526 5152; x_wconf 79' lang='lat' dir='ltr'><strong>trivisti.</strong></span> <span class='ocrx_word' id='word_1_446' title='bbox 561 5090 753 5145; x_wconf 86' lang='lat' dir='ltr'><strong>sitienti</strong></span> <span class='ocrx_word' id='word_1_447' title='bbox 781 5100 956 5160; x_wconf 83' lang='lat' dir='ltr'><strong>potum</strong></span> <span class='ocrx_word' id='word_1_448' title='bbox 984 5088 1189 5148; x_wconf 85' lang='lat' dir='ltr'><strong>dedisti,</strong></span> <span class='ocrx_word' id='word_1_449' title='bbox 1222 5086 1416 5140; x_wconf 86' lang='lat' dir='ltr'><strong>nudum</strong></span> <span class='ocrx_word' id='word_1_450' title='bbox 1440 5088 1704 5158; x_wconf 83' lang='lat' dir='ltr'><strong>aperuisti,</strong></span> <span class='ocrx_word' id='word_1_451' title='bbox 1737 5104 1928 5142; x_wconf 89' lang='lat' dir='ltr'><strong>erran-</strong></span> 
     </span>
    </p>
   </div>
   <div class='ocr_carea' id='block_1_53' title="bbox 320 5179 1925 5248">
    <p class='ocr_par' dir='ltr' id='par_1_53' title="bbox 320 5179 1925 5248">
     <span class='ocr_line' id='line_1_53' title="bbox 320 5179 1925 5248; baseline -0.002 -12"><span class='ocrx_word' id='word_1_452' title='bbox 320 5192 429 5236; x_wconf 78' lang='lat' dir='ltr'><strong>tem</strong></span> <span class='ocrx_word' id='word_1_453' title='bbox 462 5180 749 5244; x_wconf 78' lang='lat' dir='ltr'><strong>reduxisti,</strong></span> <span class='ocrx_word' id='word_1_454' title='bbox 780 5180 1050 5233; x_wconf 89' lang='lat' dir='ltr'><strong>inﬁrmum</strong></span> <span class='ocrx_word' id='word_1_455' title='bbox 1075 5179 1420 5244; x_wconf 86' lang='lat' dir='ltr'><strong>sustentasti;</strong></span> <span class='ocrx_word' id='word_1_456' title='bbox 1449 5181 1588 5233; x_wconf 90' lang='lat' dir='ltr'><strong>viam</strong></span> <span class='ocrx_word' id='word_1_457' title='bbox 1621 5179 1925 5248; x_wconf 88' lang='lat' dir='ltr'><strong>ingressus,</strong></span> 
     </span>
    </p>
   </div>
   <div class='ocr_carea' id='block_1_54' title="bbox 322 5270 1930 5343">
    <p class='ocr_par' dir='ltr' id='par_1_54' title="bbox 322 5270 1930 5343">
     <span class='ocr_line' id='line_1_54' title="bbox 322 5270 1930 5343; baseline 0.001 -20"><span class='ocrx_word' id='word_1_458' title='bbox 322 5274 545 5343; x_wconf 78' lang='lat' dir='ltr'><strong>pietatis</strong></span> <span class='ocrx_word' id='word_1_459' title='bbox 589 5270 813 5341; x_wconf 88' lang='lat' dir='ltr'><strong>vestigia</strong></span> <span class='ocrx_word' id='word_1_460' title='bbox 862 5280 1186 5339; x_wconf 85' lang='lat' dir='ltr'><strong>asscquutus</strong></span> <span class='ocrx_word' id='word_1_461' title='bbox 1235 5285 1354 5323; x_wconf 91' lang='lat' dir='ltr'><strong>sum</strong></span> <span class='ocrx_word' id='word_1_462' title='bbox 1388 5287 1401 5321; x_wconf 92' lang='lat'><strong>:</strong></span> <span class='ocrx_word' id='word_1_463' title='bbox 1434 5280 1642 5339; x_wconf 90' lang='lat' dir='ltr'><strong>portam</strong></span> <span class='ocrx_word' id='word_1_464' title='bbox 1684 5272 1930 5326; x_wconf 85' lang='lat' dir='ltr'><strong>veritatis</strong></span> 
     </span>
    </p>
   </div>
   <div class='ocr_carea' id='block_1_55' title="bbox 320 5361 1933 5437">
    <p class='ocr_par' dir='ltr' id='par_1_55' title="bbox 320 5361 1933 5437">
     <span class='ocr_line' id='line_1_55' title="bbox 320 5361 1933 5437; baseline -0.002 -18"><span class='ocrx_word' id='word_1_465' title='bbox 320 5383 510 5437; x_wconf 81' lang='lat' dir='ltr'><strong>quer</strong></span> <span class='ocrx_word' id='word_1_466' title='bbox 546 5384 558 5421; x_wconf 96' lang='lat'><strong>:</strong></span> <span class='ocrx_word' id='word_1_467' title='bbox 588 5366 709 5436; x_wconf 88' lang='lat' dir='ltr'><strong>quis</strong></span> <span class='ocrx_word' id='word_1_468' title='bbox 739 5362 1031 5419; x_wconf 72' lang='lat' dir='ltr'><strong>ostendet?</strong></span> <span class='ocrx_word' id='word_1_469' title='bbox 1057 5361 1168 5432; x_wconf 79' lang='lat' dir='ltr'><strong>Ego</strong></span> <span class='ocrx_word' id='word_1_470' title='bbox 1196 5379 1308 5416; x_wconf 83' lang='lat' dir='ltr'><strong>sum</strong></span> <span class='ocrx_word' id='word_1_471' title='bbox 1328 5365 1512 5416; x_wconf 86' lang='lat' dir='ltr'><strong>ostium</strong></span> <span class='ocrx_word' id='word_1_472' title='bbox 1546 5361 1727 5432; x_wconf 83' lang='lat' dir='ltr'><strong>(Joan.</strong></span> <span class='ocrx_word' id='word_1_473' title='bbox 1748 5361 1933 5433; x_wconf 85' lang='lat'><strong>10.9),</strong></span> 
     </span>
    </p>
   </div>
   <div class='ocr_carea' id='block_1_56' title="bbox 327 5453 1931 5528">
    <p class='ocr_par' dir='ltr' id='par_1_56' title="bbox 327 5453 1931 5528">
     <span class='ocr_line' id='line_1_56' title="bbox 327 5453 1931 5528; baseline 0.002 -19"><span class='ocrx_word' id='word_1_474' title='bbox 327 5475 425 5528; x_wconf 89' lang='lat' dir='ltr'><strong>per</strong></span> <span class='ocrx_word' id='word_1_475' title='bbox 453 5474 540 5512; x_wconf 92' lang='lat' dir='ltr'><strong>me</strong></span> <span class='ocrx_word' id='word_1_476' title='bbox 565 5458 796 5527; x_wconf 90' lang='lat' dir='ltr'><strong>quisque</strong></span> <span class='ocrx_word' id='word_1_477' title='bbox 813 5454 879 5508; x_wconf 92' lang='lat' dir='ltr'><strong>ad</strong></span> <span class='ocrx_word' id='word_1_478' title='bbox 908 5455 1121 5509; x_wconf 88' lang='lat' dir='ltr'><strong>Patrem</strong></span> <span class='ocrx_word' id='word_1_479' title='bbox 1156 5453 1487 5523; x_wconf 80' lang='lat' dir='ltr'><strong>ingreditur.</strong></span> <span class='ocrx_word' id='word_1_480' title='bbox 1506 5454 1610 5510; x_wconf 83' lang='lat' dir='ltr'><strong>Per</strong></span> <span class='ocrx_word' id='word_1_481' title='bbox 1636 5459 1931 5526; x_wconf 81' lang='lat' dir='ltr'><strong>te,quare?</strong></span> 
     </span>
    </p>
   </div>
   <div class='ocr_carea' id='block_1_57' title="bbox 324 5546 1928 5618">
    <p class='ocr_par' dir='ltr' id='par_1_57' title="bbox 324 5546 1928 5618">
     <span class='ocr_line' id='line_1_57' title="bbox 324 5546 1928 5618; baseline -0.003 -12"><span class='ocrx_word' id='word_1_482' title='bbox 324 5551 488 5607; x_wconf 84' lang='lat' dir='ltr'><strong>Porta</strong></span> <span class='ocrx_word' id='word_1_483' title='bbox 518 5565 638 5603; x_wconf 91' lang='lat' dir='ltr'><strong>sum</strong></span> <span class='ocrx_word' id='word_1_484' title='bbox 667 5549 859 5603; x_wconf 88' lang='lat' dir='ltr'><strong>salutis</strong></span> <span class='ocrx_word' id='word_1_485' title='bbox 884 5556 1096 5618; x_wconf 86' lang='lat' dir='ltr'><strong>aperta,</strong></span> <span class='ocrx_word' id='word_1_486' title='bbox 1127 5562 1287 5614; x_wconf 89' lang='lat' dir='ltr'><strong>quam</strong></span> <span class='ocrx_word' id='word_1_487' title='bbox 1317 5547 1510 5616; x_wconf 75' lang='lat' dir='ltr'><strong>quierit</strong></span> <span class='ocrx_word' id='word_1_488' title='bbox 1532 5546 1721 5601; x_wconf 89' lang='lat' dir='ltr'><strong>beatus</strong></span> <span class='ocrx_word' id='word_1_489' title='bbox 1740 5548 1928 5616; x_wconf 81' lang='lat' dir='ltr'><strong>David,</strong></span> 
     </span>
    </p>
   </div>
   <div class='ocr_carea' id='block_1_58' title="bbox 323 5639 1932 5715">
    <p class='ocr_par' dir='ltr' id='par_1_58' title="bbox 323 5639 1932 5715">
     <span class='ocr_line' id='line_1_58' title="bbox 323 5639 1932 5715; baseline 0.001 -18"><span class='ocrx_word' id='word_1_490' title='bbox 323 5644 418 5715; x_wconf 84' lang='lat' dir='ltr'><strong>qui</strong></span> <span class='ocrx_word' id='word_1_491' title='bbox 452 5659 577 5699; x_wconf 90' lang='lat' dir='ltr'><strong>cum</strong></span> <span class='ocrx_word' id='word_1_492' title='bbox 610 5643 808 5698; x_wconf 87' lang='lat' dir='ltr'><strong>multas</strong></span> <span class='ocrx_word' id='word_1_493' title='bbox 836 5642 1164 5713; x_wconf 86' lang='lat' dir='ltr'><strong>cogitasset,</strong></span> <span class='ocrx_word' id='word_1_494' title='bbox 1200 5657 1360 5694; x_wconf 91' lang='lat' dir='ltr'><strong>unam</strong></span> <span class='ocrx_word' id='word_1_495' title='bbox 1395 5639 1642 5709; x_wconf 85' lang='lat' dir='ltr'><strong>invenit,</strong></span> <span class='ocrx_word' id='word_1_496' title='bbox 1672 5652 1725 5697; x_wconf 91' lang='lat' dir='ltr'><strong>et</strong></span> <span class='ocrx_word' id='word_1_497' title='bbox 1757 5642 1932 5712; x_wconf 89' lang='lat' dir='ltr'><strong>primo</strong></span> 
     </span>
    </p>
   </div>
   <div class='ocr_carea' id='block_1_59' title="bbox 325 5733 1928 5806">
    <p class='ocr_par' dir='ltr' id='par_1_59' title="bbox 325 5733 1928 5806">
     <span class='ocr_line' id='line_1_59' title="bbox 325 5733 1928 5806; baseline 0.002 -18"><span class='ocrx_word' id='word_1_498' title='bbox 325 5734 461 5789; x_wconf 89' lang='lat' dir='ltr'><strong>dicit</strong></span> <span class='ocrx_word' id='word_1_499' title='bbox 492 5751 509 5789; x_wconf 82' lang='lat'><strong>:</strong></span> <span class='ocrx_word' id='word_1_500' title='bbox 538 5734 745 5804; x_wconf 81' lang='lat' dir='ltr'><strong>Aperite</strong></span> <span class='ocrx_word' id='word_1_501' title='bbox 774 5734 901 5788; x_wconf 87' lang='lat' dir='ltr'><strong>mihi</strong></span> <span class='ocrx_word' id='word_1_502' title='bbox 930 5744 1105 5806; x_wconf 88' lang='lat' dir='ltr'><strong>portas</strong></span> <span class='ocrx_word' id='word_1_503' title='bbox 1140 5733 1395 5805; x_wconf 78' lang='lat' dir='ltr'><strong>justitite;</strong></span> <span class='ocrx_word' id='word_1_504' title='bbox 1426 5735 1681 5804; x_wconf 85' lang='lat' dir='ltr'><strong>ingressus</strong></span> <span class='ocrx_word' id='word_1_505' title='bbox 1730 5740 1781 5789; x_wconf 86' lang='lat' dir='ltr'><strong>in</strong></span> <span class='ocrx_word' id='word_1_506' title='bbox 1810 5754 1928 5804; x_wconf 89' lang='lat' dir='ltr'><strong>eas,</strong></span> 
     </span>
    </p>
   </div>
   <div class='ocr_carea' id='block_1_60' title="bbox 321 5822 1921 5893">
    <p class='ocr_par' dir='ltr' id='par_1_60' title="bbox 321 5822 1921 5893">
     <span class='ocr_line' id='line_1_60' title="bbox 321 5822 1921 5893; baseline 0.004 -16"><span class='ocrx_word' id='word_1_507' title='bbox 321 5822 615 5891; x_wconf 72' lang='lat' dir='ltr'><strong>conﬁtebor</strong></span> <span class='ocrx_word' id='word_1_508' title='bbox 665 5824 888 5879; x_wconf 82' lang='lat' dir='ltr'><strong>Domino</strong></span> <span class='ocrx_word' id='word_1_509' title='bbox 938 5826 1109 5893; x_wconf 79' lang='lat' dir='ltr'><strong>(l’sal.</strong></span> <span class='ocrx_word' id='word_1_510' title='bbox 1147 5827 1230 5878; x_wconf 88' lang='lat'>1&#39;7.</span> <span class='ocrx_word' id='word_1_511' title='bbox 1265 5825 1373 5893; x_wconf 87' lang='lat'>19).</span> <span class='ocrx_word' id='word_1_512' title='bbox 1405 5827 1741 5883; x_wconf 82' lang='lat' dir='ltr'><strong>Postulatum</strong></span> <span class='ocrx_word' id='word_1_513' title='bbox 1772 5844 1921 5886; x_wconf 80' lang='lat' dir='ltr'><strong>asse-</strong></span> 
     </span>
    </p>
   </div>
   <div class='ocr_carea' id='block_1_61' title="bbox 640 5911 1355 5977">
    <p class='ocr_par' dir='ltr' id='par_1_61' title="bbox 640 5911 1355 5977">
     <span class='ocr_line' id='line_1_61' title="bbox 640 5911 1355 5977; baseline 0.008 -7"><span class='ocrx_word' id='word_1_514' title='bbox 640 5911 917 5974; x_wconf 66' lang='grc' dir='ltr'><strong>Ρλτιιοι.</strong></span> <span class='ocrx_word' id='word_1_515' title='bbox 967 5913 1085 5975; x_wconf 80' lang='lat' dir='ltr'><strong>Gn.</strong></span> <span class='ocrx_word' id='word_1_516' title='bbox 1128 5915 1355 5977; x_wconf 79' lang='lat' dir='ltr'><strong>LXII].</strong></span> 
     </span>
    </p>
   </div>
   <div class='ocr_carea' id='block_1_62' title="bbox 1590 320 2295 384">
    <p class='ocr_par' dir='ltr' id='par_1_62' title="bbox 1590 320 2295 384">
     <span class='ocr_line' id='line_1_62' title="bbox 1590 320 2295 384; baseline -0.011 0"><span class='ocrx_word' id='word_1_517' title='bbox 1590 328 1677 384; x_wconf 87' lang='lat' dir='ltr'><strong>DE</strong></span> <span class='ocrx_word' id='word_1_518' title='bbox 1714 321 2003 383; x_wconf 73' lang='lat' dir='ltr'><strong>SlGlLlJS</strong></span> <span class='ocrx_word' id='word_1_519' title='bbox 2041 320 2295 378; x_wconf 79' lang='lat' dir='ltr'><strong>SEBMO.</strong></span> 
     </span>
    </p>
   </div>
   <div class='ocr_carea' id='block_1_63' title="bbox 3504 335 3609 393">
    <p class='ocr_par' dir='ltr' id='par_1_63' title="bbox 3504 335 3609 393">
     <span class='ocr_line' id='line_1_63' title="bbox 3504 335 3609 393; baseline 0.029 -4"><span class='ocrx_word' id='word_1_520' title='bbox 3504 335 3609 393; x_wconf 71' lang='grc'><strong>551</strong></span> 
     </span>
    </p>
   </div>
   <div class='ocr_carea' id='block_1_64' title="bbox 2011 440 3607 518">
    <p class='ocr_par' dir='ltr' id='par_1_64' title="bbox 2011 440 3607 518">
     <span class='ocr_line' id='line_1_64' title="bbox 2011 440 3607 518; baseline 0.009 -24"><span class='ocrx_word' id='word_1_521' title='bbox 2011 449 2209 511; x_wconf 91' lang='lat' dir='ltr'><strong>quutus</strong></span> <span class='ocrx_word' id='word_1_522' title='bbox 2230 483 2245 508; x_wconf 97' lang='lat'><strong>,</strong></span> <span class='ocrx_word' id='word_1_523' title='bbox 2276 448 2336 495; x_wconf 93' lang='lat' dir='ltr'><strong>ut</strong></span> <span class='ocrx_word' id='word_1_524' title='bbox 2380 440 2587 497; x_wconf 89' lang='lat' dir='ltr'><strong>invenit</strong></span> <span class='ocrx_word' id='word_1_525' title='bbox 2616 440 2668 497; x_wconf 91' lang='lat' dir='ltr'><strong>id</strong></span> <span class='ocrx_word' id='word_1_526' title='bbox 2700 442 2843 514; x_wconf 89' lang='lat' dir='ltr'><strong>quod</strong></span> <span class='ocrx_word' id='word_1_527' title='bbox 2893 460 2999 500; x_wconf 90' lang='lat' dir='ltr'><strong>non</strong></span> <span class='ocrx_word' id='word_1_528' title='bbox 3028 450 3377 517; x_wconf 75' lang='lat' dir='ltr'><strong>exspectabat</strong></span> <span class='ocrx_word' id='word_1_529' title='bbox 3402 493 3417 518; x_wconf 97' lang='lat'><strong>,</strong></span> <span class='ocrx_word' id='word_1_530' title='bbox 3449 469 3607 509; x_wconf 87' lang='lat' dir='ltr'><strong>unam</strong></span> 
     </span>
    </p>
   </div>
   <div class='ocr_carea' id='block_1_65' title="bbox 2013 535 3611 620">
    <p class='ocr_par' dir='ltr' id='par_1_65' title="bbox 2013 535 3611 620">
     <span class='ocr_line' id='line_1_65' title="bbox 2013 535 3611 620; baseline 0.011 -33"><span class='ocrx_word' id='word_1_531' title='bbox 2013 535 2239 597; x_wconf 87' lang='lat' dir='ltr'><strong>scilicet,</strong></span> <span class='ocrx_word' id='word_1_532' title='bbox 2274 551 2378 590; x_wconf 88' lang='lat' dir='ltr'><strong>non</strong></span> <span class='ocrx_word' id='word_1_533' title='bbox 2408 536 2605 591; x_wconf 90' lang='lat' dir='ltr'><strong>multas</strong></span> <span class='ocrx_word' id='word_1_534' title='bbox 2628 580 2641 602; x_wconf 93' lang='lat'><strong>,</strong></span> <span class='ocrx_word' id='word_1_535' title='bbox 2676 540 2905 609; x_wconf 87' lang='lat' dir='ltr'><strong>repetita</strong></span> <span class='ocrx_word' id='word_1_536' title='bbox 2936 557 3069 596; x_wconf 90' lang='lat' dir='ltr'><strong>voce</strong></span> <span class='ocrx_word' id='word_1_537' title='bbox 3099 543 3233 600; x_wconf 91' lang='lat' dir='ltr'><strong>dicit</strong></span> <span class='ocrx_word' id='word_1_538' title='bbox 3259 564 3272 599; x_wconf 90' lang='lat'><strong>:</strong></span> <span class='ocrx_word' id='word_1_539' title='bbox 3310 546 3438 603; x_wconf 71' lang='lat' dir='ltr'><strong>Han:</strong></span> <span class='ocrx_word' id='word_1_540' title='bbox 3464 565 3611 620; x_wconf 82' lang='lat' dir='ltr'><strong>parm</strong></span> 
     </span>
    </p>
   </div>
   <div class='ocr_carea' id='block_1_66' title="bbox 2008 624 3609 710">
    <p class='ocr_par' dir='ltr' id='par_1_66' title="bbox 2008 624 3609 710">
     <span class='ocr_line' id='line_1_66' title="bbox 2008 624 3609 710; baseline 0.011 -31"><span class='ocrx_word' id='word_1_541' title='bbox 2008 624 2263 691; x_wconf 84' lang='lat' dir='ltr'><strong>Domini;</strong></span> <span class='ocrx_word' id='word_1_542' title='bbox 2305 628 2439 698; x_wconf 84' lang='lat' dir='ltr'><strong>justi</strong></span> <span class='ocrx_word' id='word_1_543' title='bbox 2469 629 2728 685; x_wconf 79' lang='lat' dir='ltr'><strong>intrabant</strong></span> <span class='ocrx_word' id='word_1_544' title='bbox 2775 632 2827 685; x_wconf 88' lang='lat' dir='ltr'><strong>in</strong></span> <span class='ocrx_word' id='word_1_545' title='bbox 2872 649 3004 687; x_wconf 85' lang='lat' dir='ltr'><strong>eam.</strong></span> <span class='ocrx_word' id='word_1_546' title='bbox 3057 636 3258 693; x_wconf 87' lang='lat' dir='ltr'><strong>Deinde</strong></span> <span class='ocrx_word' id='word_1_547' title='bbox 3300 640 3609 710; x_wconf 79' lang='lat' dir='ltr'><strong>pmpltetica</strong></span> 
     </span>
    </p>
   </div>
   <div class='ocr_carea' id='block_1_67' title="bbox 2009 719 3607 801">
    <p class='ocr_par' dir='ltr' id='par_1_67' title="bbox 2009 719 3607 801">
     <span class='ocr_line' id='line_1_67' title="bbox 2009 719 3607 801; baseline 0.01 -30"><span class='ocrx_word' id='word_1_548' title='bbox 2009 719 2217 773; x_wconf 88' lang='lat' dir='ltr'><strong>visione</strong></span> <span class='ocrx_word' id='word_1_549' title='bbox 2247 729 2302 774; x_wconf 89' lang='lat' dir='ltr'><strong>et</strong></span> <span class='ocrx_word' id='word_1_550' title='bbox 2328 721 2490 774; x_wconf 87' lang='lat' dir='ltr'><strong>animi</strong></span> <span class='ocrx_word' id='word_1_551' title='bbox 2517 722 2788 777; x_wconf 89' lang='lat' dir='ltr'><strong>desiderio</strong></span> <span class='ocrx_word' id='word_1_552' title='bbox 2811 723 2955 781; x_wconf 89' lang='lat' dir='ltr'><strong>intus</strong></span> <span class='ocrx_word' id='word_1_553' title='bbox 2974 726 3269 795; x_wconf 89' lang='lat' dir='ltr'><strong>ingressus,</strong></span> <span class='ocrx_word' id='word_1_554' title='bbox 3294 734 3444 801; x_wconf 91' lang='lat' dir='ltr'><strong>quasi</strong></span> <span class='ocrx_word' id='word_1_555' title='bbox 3469 735 3607 787; x_wconf 90' lang='lat' dir='ltr'><strong>intra</strong></span> 
     </span>
    </p>
   </div>
   <div class='ocr_carea' id='block_1_68' title="bbox 2012 813 3610 892">
    <p class='ocr_par' dir='ltr' id='par_1_68' title="bbox 2012 813 3610 892">
     <span class='ocr_line' id='line_1_68' title="bbox 2012 813 3610 892; baseline 0.011 -27"><span class='ocrx_word' id='word_1_556' title='bbox 2012 813 2212 882; x_wconf 84' lang='lat' dir='ltr'><strong>regiam</strong></span> <span class='ocrx_word' id='word_1_557' title='bbox 2235 816 2585 882; x_wconf 88' lang='lat' dir='ltr'><strong>constitutus,</strong></span> <span class='ocrx_word' id='word_1_558' title='bbox 2608 814 2902 887; x_wconf 73' lang='lat' dir='ltr'><strong>Confitebor</strong></span> <span class='ocrx_word' id='word_1_559' title='bbox 2934 821 3045 887; x_wconf 78' lang='lat' dir='ltr'><strong>tibi,</strong></span> <span class='ocrx_word' id='word_1_560' title='bbox 3074 823 3268 892; x_wconf 89' lang='lat' dir='ltr'><strong>inquit,</strong></span> <span class='ocrx_word' id='word_1_561' title='bbox 3300 826 3422 891; x_wconf 83' lang='lat' dir='ltr'><strong>quia</strong></span> <span class='ocrx_word' id='word_1_562' title='bbox 3447 844 3610 882; x_wconf 79' lang='lat' dir='ltr'><strong>ea&#39;au-</strong></span> 
     </span>
    </p>
   </div>
   <div class='ocr_carea' id='block_1_69' title="bbox 2011 905 3606 997">
    <p class='ocr_par' dir='ltr' id='par_1_69' title="bbox 2011 905 3606 997">
     <span class='ocr_line' id='line_1_69' title="bbox 2011 905 3606 997; baseline 0.014 -40"><span class='ocrx_word' id='word_1_563' title='bbox 2011 905 2131 958; x_wconf 87' lang='lat' dir='ltr'><strong>disti</strong></span> <span class='ocrx_word' id='word_1_564' title='bbox 2156 922 2253 959; x_wconf 86' lang='lat' dir='ltr'><strong>me.</strong></span> <span class='ocrx_word' id='word_1_565' title='bbox 2282 908 2395 972; x_wconf 92' lang='lat' dir='ltr'><strong>Dic,</strong></span> <span class='ocrx_word' id='word_1_566' title='bbox 2430 910 2688 978; x_wconf 82' lang='lat' dir='ltr'><strong>prOpheta</strong></span> <span class='ocrx_word' id='word_1_567' title='bbox 2712 920 2767 968; x_wconf 89' lang='lat' dir='ltr'><strong>et</strong></span> <span class='ocrx_word' id='word_1_568' title='bbox 2799 914 3070 986; x_wconf 77' lang='lat' dir='ltr'><strong>tlieologe,</strong></span> <span class='ocrx_word' id='word_1_569' title='bbox 3100 921 3373 977; x_wconf 89' lang='lat' dir='ltr'><strong>conﬁteris</strong></span> <span class='ocrx_word' id='word_1_570' title='bbox 3394 934 3449 979; x_wconf 86' lang='lat' dir='ltr'><strong>et</strong></span> <span class='ocrx_word' id='word_1_571' title='bbox 3486 941 3606 997; x_wconf 87' lang='lat' dir='ltr'><strong>gra-</strong></span> 
     </span>
    </p>
   </div>
   <div class='ocr_carea' id='block_1_70' title="bbox 2015 998 3610 1082">
    <p class='ocr_par' dir='ltr' id='par_1_70' title="bbox 2015 998 3610 1082">
     <span class='ocr_line' id='line_1_70' title="bbox 2015 998 3610 1082; baseline 0.013 -31"><span class='ocrx_word' id='word_1_572' title='bbox 2015 998 2113 1051; x_wconf 78' lang='lat' dir='ltr'><strong>tias</strong></span> <span class='ocrx_word' id='word_1_573' title='bbox 2137 999 2250 1067; x_wconf 82' lang='lat' dir='ltr'><strong>agis</strong></span> <span class='ocrx_word' id='word_1_574' title='bbox 2290 1000 2442 1053; x_wconf 88' lang='lat' dir='ltr'><strong>Deo?</strong></span> <span class='ocrx_word' id='word_1_575' title='bbox 2487 1001 2616 1068; x_wconf 90' lang='lat' dir='ltr'><strong>quid</strong></span> <span class='ocrx_word' id='word_1_576' title='bbox 2649 1010 3056 1073; x_wconf 80' lang='lat' dir='ltr'><strong>exspectatione</strong></span> <span class='ocrx_word' id='word_1_577' title='bbox 3090 1020 3174 1064; x_wconf 91' lang='lat' dir='ltr'><strong>tua</strong></span> <span class='ocrx_word' id='word_1_578' title='bbox 3205 1012 3423 1082; x_wconf 90' lang='lat' dir='ltr'><strong>dignum</strong></span> <span class='ocrx_word' id='word_1_579' title='bbox 3456 1017 3610 1073; x_wconf 89' lang='lat' dir='ltr'><strong>inve-</strong></span> 
     </span>
    </p>
   </div>
   <div class='ocr_carea' id='block_1_71' title="bbox 2013 1089 3610 1177">
    <p class='ocr_par' dir='ltr' id='par_1_71' title="bbox 2013 1089 3610 1177">
     <span class='ocr_line' id='line_1_71' title="bbox 2013 1089 3610 1177; baseline 0.014 -36"><span class='ocrx_word' id='word_1_580' title='bbox 2013 1089 2186 1143; x_wconf 88' lang='lat' dir='ltr'><strong>nisti?</strong></span> <span class='ocrx_word' id='word_1_581' title='bbox 2212 1090 2313 1156; x_wconf 92' lang='lat' dir='ltr'><strong>Qui</strong></span> <span class='ocrx_word' id='word_1_582' title='bbox 2345 1092 2640 1161; x_wconf 88' lang='lat' dir='ltr'><strong>cupiuutin</strong></span> <span class='ocrx_word' id='word_1_583' title='bbox 2662 1094 2880 1150; x_wconf 89' lang='lat' dir='ltr'><strong>domum</strong></span> <span class='ocrx_word' id='word_1_584' title='bbox 2912 1100 3110 1169; x_wconf 81' lang='lat' dir='ltr'><strong>regiam</strong></span> <span class='ocrx_word' id='word_1_585' title='bbox 3145 1102 3373 1174; x_wconf 84' lang='lat' dir='ltr'><strong>ingredi,</strong></span> <span class='ocrx_word' id='word_1_586' title='bbox 3394 1121 3610 1177; x_wconf 85' lang='lat' dir='ltr'><strong>sperant</strong></span> 
     </span>
    </p>
   </div>
   <div class='ocr_carea' id='block_1_72' title="bbox 2012 1181 3613 1260">
    <p class='ocr_par' dir='ltr' id='par_1_72' title="bbox 2012 1181 3613 1260">
     <span class='ocr_line' id='line_1_72' title="bbox 2012 1181 3613 1260; baseline 0.014 -27"><span class='ocrx_word' id='word_1_587' title='bbox 2012 1195 2072 1234; x_wconf 89' lang='lat' dir='ltr'><strong>se</strong></span> <span class='ocrx_word' id='word_1_588' title='bbox 2100 1181 2286 1235; x_wconf 91' lang='lat' dir='ltr'><strong>oculos</strong></span> <span class='ocrx_word' id='word_1_589' title='bbox 2314 1184 2678 1239; x_wconf 75' lang='lat' dir='ltr'><strong>exsotiaturos</strong></span> <span class='ocrx_word' id='word_1_590' title='bbox 2711 1202 2832 1241; x_wconf 67' lang='lat' dir='ltr'><strong>esse</strong></span> <span class='ocrx_word' id='word_1_591' title='bbox 2863 1193 3210 1260; x_wconf 82' lang='lat' dir='ltr'><strong>Spectaculis,</strong></span> <span class='ocrx_word' id='word_1_592' title='bbox 3242 1197 3359 1252; x_wconf 90' lang='lat' dir='ltr'><strong>auri</strong></span> <span class='ocrx_word' id='word_1_593' title='bbox 3386 1208 3443 1253; x_wconf 88' lang='lat' dir='ltr'><strong>et</strong></span> <span class='ocrx_word' id='word_1_594' title='bbox 3471 1216 3613 1254; x_wconf 49' lang='lat' dir='ltr'><strong>marv</strong></span> 
     </span>
    </p>
   </div>
   <div class='ocr_carea' id='block_1_73' title="bbox 2019 1270 3615 1353">
    <p class='ocr_par' dir='ltr' id='par_1_73' title="bbox 2019 1270 3615 1353">
     <span class='ocr_line' id='line_1_73' title="bbox 2019 1270 3615 1353; baseline 0.015 -30"><span class='ocrx_word' id='word_1_595' title='bbox 2019 1284 2232 1324; x_wconf 89' lang='lat' dir='ltr'><strong>morum</strong></span> <span class='ocrx_word' id='word_1_596' title='bbox 2266 1270 2499 1341; x_wconf 82' lang='lat' dir='ltr'><strong>fulgore,</strong></span> <span class='ocrx_word' id='word_1_597' title='bbox 2525 1274 2835 1331; x_wconf 77' lang='lat' dir='ltr'><strong>divitiarum</strong></span> <span class='ocrx_word' id='word_1_598' title='bbox 2866 1282 3027 1336; x_wconf 86' lang='lat' dir='ltr'><strong>variis</strong></span> <span class='ocrx_word' id='word_1_599' title='bbox 3055 1284 3275 1341; x_wconf 85' lang='lat' dir='ltr'><strong>ﬁoribus</strong></span> <span class='ocrx_word' id='word_1_600' title='bbox 3300 1330 3315 1353; x_wconf 92' lang='lat'><strong>,</strong></span> <span class='ocrx_word' id='word_1_601' title='bbox 3359 1292 3615 1349; x_wconf 82' lang='lat' dir='ltr'><strong>satellitio</strong></span> 
     </span>
    </p>
   </div>
   <div class='ocr_carea' id='block_1_74' title="bbox 2012 1365 3612 1450">
    <p class='ocr_par' dir='ltr' id='par_1_74' title="bbox 2012 1365 3612 1450">
     <span class='ocr_line' id='line_1_74' title="bbox 2012 1365 3612 1450; baseline 0.015 -35"><span class='ocrx_word' id='word_1_602' title='bbox 2012 1372 2068 1415; x_wconf 91' lang='lat' dir='ltr'><strong>et</strong></span> <span class='ocrx_word' id='word_1_603' title='bbox 2093 1365 2229 1417; x_wconf 90' lang='lat' dir='ltr'><strong>solio</strong></span> <span class='ocrx_word' id='word_1_604' title='bbox 2258 1367 2426 1435; x_wconf 86' lang='lat' dir='ltr'><strong>regio,</strong></span> <span class='ocrx_word' id='word_1_605' title='bbox 2452 1383 2638 1438; x_wconf 87' lang='lat' dir='ltr'><strong>regum</strong></span> <span class='ocrx_word' id='word_1_606' title='bbox 2671 1374 2992 1428; x_wconf 89' lang='lat' dir='ltr'><strong>muneribus</strong></span> <span class='ocrx_word' id='word_1_607' title='bbox 3018 1393 3031 1430; x_wconf 92' lang='lat'>:</span> <span class='ocrx_word' id='word_1_608' title='bbox 3059 1375 3176 1432; x_wconf 59' lang='lat' dir='ltr'><strong>haec</strong></span> <span class='ocrx_word' id='word_1_609' title='bbox 3204 1380 3402 1450; x_wconf 87' lang='lat' dir='ltr'><strong>singuli</strong></span> <span class='ocrx_word' id='word_1_610' title='bbox 3429 1384 3612 1439; x_wconf 87' lang='lat' dir='ltr'><strong>videre</strong></span> 
     </span>
    </p>
   </div>
   <div class='ocr_carea' id='block_1_75' title="bbox 2013 1456 3613 1532">
    <p class='ocr_par' dir='ltr' id='par_1_75' title="bbox 2013 1456 3613 1532">
     <span class='ocr_line' id='line_1_75' title="bbox 2013 1456 3613 1532; baseline 0.016 -25"><span class='ocrx_word' id='word_1_611' title='bbox 2013 1456 2314 1523; x_wconf 90' lang='lat' dir='ltr'><strong>cupientes,</strong></span> <span class='ocrx_word' id='word_1_612' title='bbox 2350 1460 2551 1529; x_wconf 85' lang='lat' dir='ltr'><strong>regiam</strong></span> <span class='ocrx_word' id='word_1_613' title='bbox 2584 1473 2865 1532; x_wconf 81' lang='lat' dir='ltr'><strong>expetunt,</strong></span> <span class='ocrx_word' id='word_1_614' title='bbox 2897 1476 2951 1521; x_wconf 88' lang='lat' dir='ltr'><strong>et</strong></span> <span class='ocrx_word' id='word_1_615' title='bbox 2976 1468 3253 1523; x_wconf 69' lang='lat' dir='ltr'><strong>desiderio</strong></span> <span class='ocrx_word' id='word_1_616' title='bbox 3286 1472 3501 1529; x_wconf 78' lang='lat' dir='ltr'><strong>ardent.</strong></span> <span class='ocrx_word' id='word_1_617' title='bbox 3533 1476 3613 1531; x_wconf 88' lang='lat' dir='ltr'><strong>Tu</strong></span> 
     </span>
    </p>
   </div>
   <div class='ocr_carea' id='block_1_76' title="bbox 2017 1549 3615 1637">
    <p class='ocr_par' dir='ltr' id='par_1_76' title="bbox 2017 1549 3615 1637">
     <span class='ocr_line' id='line_1_76' title="bbox 2017 1549 3615 1637; baseline 0.014 -38"><span class='ocrx_word' id='word_1_618' title='bbox 2017 1561 2150 1601; x_wconf 88' lang='lat' dir='ltr'><strong>vero</strong></span> <span class='ocrx_word' id='word_1_619' title='bbox 2177 1549 2304 1617; x_wconf 89' lang='lat' dir='ltr'><strong>quid</strong></span> <span class='ocrx_word' id='word_1_620' title='bbox 2331 1550 2611 1608; x_wconf 88' lang='lat' dir='ltr'><strong>desideras</strong></span> <span class='ocrx_word' id='word_1_621' title='bbox 2640 1570 2829 1611; x_wconf 88' lang='lat' dir='ltr'><strong>eorum</strong></span> <span class='ocrx_word' id='word_1_622' title='bbox 2854 1599 2868 1623; x_wconf 92' lang='lat'><strong>,</strong></span> <span class='ocrx_word' id='word_1_623' title='bbox 2894 1575 3013 1629; x_wconf 69' lang='lat' dir='ltr'><strong>qum</strong></span> <span class='ocrx_word' id='word_1_624' title='bbox 3057 1561 3332 1632; x_wconf 87' lang='lat' dir='ltr'><strong>ingressus</strong></span> <span class='ocrx_word' id='word_1_625' title='bbox 3366 1581 3461 1635; x_wconf 84' lang='lat' dir='ltr'><strong>per</strong></span> <span class='ocrx_word' id='word_1_626' title='bbox 3491 1583 3615 1637; x_wconf 89' lang='lat' dir='ltr'><strong>por-</strong></span> 
     </span>
    </p>
   </div>
   <div class='ocr_carea' id='block_1_77' title="bbox 2015 1640 3615 1734">
    <p class='ocr_par' dir='ltr' id='par_1_77' title="bbox 2015 1640 3615 1734">
     <span class='ocr_line' id='line_1_77' title="bbox 2015 1640 3615 1734; baseline 0.019 -45"><span class='ocrx_word' id='word_1_627' title='bbox 2015 1645 2124 1734; x_wconf 76' lang='lat' dir='ltr'><strong>tant</strong></span> <span class='ocrx_word' id='word_1_628' title='bbox 2151 1640 2447 1734; x_wconf 83' lang='lat' dir='ltr'><strong>invenisti?</strong></span> <span class='ocrx_word' id='word_1_629' title='bbox 2475 1646 2544 1699; x_wconf 87' lang='lat' dir='ltr'><strong>de</strong></span> <span class='ocrx_word' id='word_1_630' title='bbox 2574 1661 2676 1717; x_wconf 91' lang='lat' dir='ltr'><strong>qua</strong></span> <span class='ocrx_word' id='word_1_631' title='bbox 2701 1664 2759 1702; x_wconf 90' lang='lat' dir='ltr'><strong>re</strong></span> <span class='ocrx_word' id='word_1_632' title='bbox 2786 1652 2985 1719; x_wconf 75' lang='lat' dir='ltr'><strong>gratias</strong></span> <span class='ocrx_word' id='word_1_633' title='bbox 3015 1655 3175 1722; x_wconf 82' lang='lat' dir='ltr'><strong>agis?</strong></span> <span class='ocrx_word' id='word_1_634' title='bbox 3204 1658 3332 1727; x_wconf 84' lang='lat' dir='ltr'><strong>quid</strong></span> <span class='ocrx_word' id='word_1_635' title='bbox 3366 1680 3615 1734; x_wconf 86' lang='lat' dir='ltr'><strong>magnum</strong></span> 
     </span>
    </p>
   </div>
   <div class='ocr_carea' id='block_1_78' title="bbox 2015 1732 3618 1821">
    <p class='ocr_par' dir='ltr' id='par_1_78' title="bbox 2015 1732 3618 1821">
     <span class='ocr_line' id='line_1_78' title="bbox 2015 1732 3618 1821; baseline 0.018 -35"><span class='ocrx_word' id='word_1_636' title='bbox 2015 1732 2307 1789; x_wconf 89' lang='lat' dir='ltr'><strong>invenisti?</strong></span> <span class='ocrx_word' id='word_1_637' title='bbox 2335 1737 2462 1805; x_wconf 89' lang='lat' dir='ltr'><strong>quid</strong></span> <span class='ocrx_word' id='word_1_638' title='bbox 2516 1740 2810 1807; x_wconf 68' lang='lat' dir='ltr'><strong>cupiditate</strong></span> <span class='ocrx_word' id='word_1_639' title='bbox 2852 1744 3114 1813; x_wconf 83' lang='lat' dir='ltr'><strong>dignum?</strong></span> <span class='ocrx_word' id='word_1_640' title='bbox 3145 1755 3356 1821; x_wconf 82' lang='lat' dir='ltr'><strong>explica</strong></span> <span class='ocrx_word' id='word_1_641' title='bbox 3401 1732 3618 1815; x_wconf 61' lang='lat' dir='ltr'><strong>insitic-</strong></span> 
     </span>
    </p>
   </div>
   <div class='ocr_carea' id='block_1_79' title="bbox 2014 1825 3617 1906">
    <p class='ocr_par' dir='ltr' id='par_1_79' title="bbox 2014 1825 3617 1906">
     <span class='ocr_line' id='line_1_79' title="bbox 2014 1825 3617 1906; baseline 0.018 -28"><span class='ocrx_word' id='word_1_642' title='bbox 2014 1825 2153 1879; x_wconf 89' lang='lat' dir='ltr'><strong>rium</strong></span> <span class='ocrx_word' id='word_1_643' title='bbox 2182 1838 2352 1891; x_wconf 90' lang='lat' dir='ltr'><strong>tuum,</strong></span> <span class='ocrx_word' id='word_1_644' title='bbox 2382 1844 2450 1883; x_wconf 91' lang='lat' dir='ltr'><strong>ne</strong></span> <span class='ocrx_word' id='word_1_645' title='bbox 2472 1828 2693 1887; x_wconf 87' lang='lat' dir='ltr'><strong>Judaica</strong></span> <span class='ocrx_word' id='word_1_646' title='bbox 2726 1834 3055 1903; x_wconf 78' lang='lat' dir='ltr'><strong>impudentia</strong></span> <span class='ocrx_word' id='word_1_647' title='bbox 3085 1845 3366 1900; x_wconf 73' lang='lat' dir='ltr'><strong>veritatem</strong></span> <span class='ocrx_word' id='word_1_648' title='bbox 3407 1852 3617 1906; x_wconf 84' lang='lat' dir='ltr'><strong>calum-</strong></span> 
     </span>
    </p>
   </div>
   <div class='ocr_carea' id='block_1_80' title="bbox 2015 1919 3617 2009">
    <p class='ocr_par' dir='ltr' id='par_1_80' title="bbox 2015 1919 3617 2009">
     <span class='ocr_line' id='line_1_80' title="bbox 2015 1919 3617 2009; baseline 0.018 -38"><span class='ocrx_word' id='word_1_649' title='bbox 2015 1919 2214 1973; x_wconf 86' lang='lat' dir='ltr'><strong>nietur.</strong></span> <span class='ocrx_word' id='word_1_650' title='bbox 2246 1920 2382 1987; x_wconf 88' lang='lat' dir='ltr'><strong>Quid</strong></span> <span class='ocrx_word' id='word_1_651' title='bbox 2415 1922 2703 1978; x_wconf 75' lang='lat' dir='ltr'><strong>invenisti?</strong></span> <span class='ocrx_word' id='word_1_652' title='bbox 2730 1930 2855 1997; x_wconf 89' lang='lat' dir='ltr'><strong>quid</strong></span> <span class='ocrx_word' id='word_1_653' title='bbox 2886 1932 3183 1998; x_wconf 71' lang='lat' dir='ltr'><strong>prirdicas?</strong></span> <span class='ocrx_word' id='word_1_654' title='bbox 3212 1940 3336 2009; x_wconf 89' lang='lat' dir='ltr'><strong>quid</strong></span> <span class='ocrx_word' id='word_1_655' title='bbox 3368 1944 3617 2000; x_wconf 87' lang='lat' dir='ltr'><strong>miraris?</strong></span> 
     </span>
    </p>
   </div>
   <div class='ocr_carea' id='block_1_81' title="bbox 2014 2011 3614 2104">
    <p class='ocr_par' dir='ltr' id='par_1_81' title="bbox 2014 2011 3614 2104">
     <span class='ocr_line' id='line_1_81' title="bbox 2014 2011 3614 2104; baseline 0.018 -40"><span class='ocrx_word' id='word_1_656' title='bbox 2014 2011 2324 2077; x_wconf 83' lang='lat' dir='ltr'><strong>Christum,</strong></span> <span class='ocrx_word' id='word_1_657' title='bbox 2361 2015 2562 2084; x_wconf 84' lang='lat' dir='ltr'><strong>inquit,</strong></span> <span class='ocrx_word' id='word_1_658' title='bbox 2598 2017 2810 2087; x_wconf 83' lang='lat' dir='ltr'><strong>inveni,</strong></span> <span class='ocrx_word' id='word_1_659' title='bbox 2840 2020 3041 2079; x_wconf 87' lang='lat' dir='ltr'><strong>Christi</strong></span> <span class='ocrx_word' id='word_1_660' title='bbox 3072 2033 3431 2087; x_wconf 82' lang='lat' dir='ltr'><strong>oeconomiam</strong></span> <span class='ocrx_word' id='word_1_661' title='bbox 3468 2039 3614 2104; x_wconf 87' lang='lat' dir='ltr'><strong>vidi,</strong></span> 
     </span>
    </p>
   </div>
   <div class='ocr_carea' id='block_1_82' title="bbox 2016 2110 3614 2210">
    <p class='ocr_par' dir='ltr' id='par_1_82' title="bbox 2016 2110 3614 2210">
     <span class='ocr_line' id='line_1_82' title="bbox 2016 2110 3614 2210; baseline 0.018 -51"><span class='ocrx_word' id='word_1_662' title='bbox 2016 2121 2206 2210; x_wconf 75' lang='lat' dir='ltr'><strong>novam</strong></span> <span class='ocrx_word' id='word_1_663' title='bbox 2234 2110 2460 2177; x_wconf 75' lang='lat' dir='ltr'><strong>gratiam</strong></span> <span class='ocrx_word' id='word_1_664' title='bbox 2486 2151 2502 2176; x_wconf 91' lang='lat'><strong>,</strong></span> <span class='ocrx_word' id='word_1_665' title='bbox 2555 2128 2751 2167; x_wconf 89' lang='lat' dir='ltr'><strong>novum</strong></span> <span class='ocrx_word' id='word_1_666' title='bbox 2782 2114 3097 2175; x_wconf 86' lang='lat' dir='ltr'><strong>beneﬁcium</strong></span> <span class='ocrx_word' id='word_1_667' title='bbox 3122 2165 3135 2187; x_wconf 94' lang='lat'><strong>,</strong></span> <span class='ocrx_word' id='word_1_668' title='bbox 3164 2126 3454 2194; x_wconf 83' lang='lat' dir='ltr'><strong>gloriosam</strong></span> <span class='ocrx_word' id='word_1_669' title='bbox 3491 2149 3614 2202; x_wconf 85' lang='lat' dir='ltr'><strong>pas-</strong></span> 
     </span>
    </p>
   </div>
   <div class='ocr_carea' id='block_1_83' title="bbox 2014 2209 3614 2297">
    <p class='ocr_par' dir='ltr' id='par_1_83' title="bbox 2014 2209 3614 2297">
     <span class='ocr_line' id='line_1_83' title="bbox 2014 2209 3614 2297; baseline 0.02 -45"><span class='ocrx_word' id='word_1_670' title='bbox 2014 2209 2245 2297; x_wconf 77' lang='lat' dir='ltr'><strong>sionem,</strong></span> <span class='ocrx_word' id='word_1_671' title='bbox 2277 2218 2535 2258; x_wconf 90' lang='lat' dir='ltr'><strong>arcanum</strong></span> <span class='ocrx_word' id='word_1_672' title='bbox 2567 2209 2884 2279; x_wconf 91' lang='lat' dir='ltr'><strong>mysterium</strong></span> <span class='ocrx_word' id='word_1_673' title='bbox 2908 2229 2923 2268; x_wconf 90' lang='lat'>:</span> <span class='ocrx_word' id='word_1_674' title='bbox 2946 2213 3060 2270; x_wconf 66' lang='lat' dir='ltr'><strong>hare</strong></span> <span class='ocrx_word' id='word_1_675' title='bbox 3086 2219 3262 2285; x_wconf 86' lang='lat' dir='ltr'><strong>video,</strong></span> <span class='ocrx_word' id='word_1_676' title='bbox 3291 2221 3405 2279; x_wconf 73' lang='lat' dir='ltr'><strong>hinc</strong></span> <span class='ocrx_word' id='word_1_677' title='bbox 3427 2228 3614 2297; x_wconf 90' lang='lat' dir='ltr'><strong>miror,</strong></span> 
     </span>
    </p>
   </div>
   <div class='ocr_carea' id='block_1_84' title="bbox 2018 2291 3611 2383">
    <p class='ocr_par' dir='ltr' id='par_1_84' title="bbox 2018 2291 3611 2383">
     <span class='ocr_line' id='line_1_84' title="bbox 2018 2291 3611 2383; baseline 0.02 -40"><span class='ocrx_word' id='word_1_678' title='bbox 2018 2306 2117 2361; x_wconf 92' lang='lat' dir='ltr'><strong>pro</strong></span> <span class='ocrx_word' id='word_1_679' title='bbox 2149 2291 2230 2346; x_wconf 87' lang='lat' dir='ltr'><strong>his</strong></span> <span class='ocrx_word' id='word_1_680' title='bbox 2258 2296 2458 2362; x_wconf 87' lang='lat' dir='ltr'><strong>gratias</strong></span> <span class='ocrx_word' id='word_1_681' title='bbox 2489 2313 2612 2367; x_wconf 90' lang='lat' dir='ltr'><strong>ago,</strong></span> <span class='ocrx_word' id='word_1_682' title='bbox 2645 2299 2831 2356; x_wconf 87' lang='lat' dir='ltr'><strong>dicens</strong></span> <span class='ocrx_word' id='word_1_683' title='bbox 2856 2321 2869 2357; x_wconf 94' lang='lat'><strong>:</strong></span> <span class='ocrx_word' id='word_1_684' title='bbox 2896 2303 3188 2375; x_wconf 76' lang='lat' dir='ltr'><strong>Conﬁtebor</strong></span> <span class='ocrx_word' id='word_1_685' title='bbox 3216 2313 3327 2379; x_wconf 85' lang='lat' dir='ltr'><strong>tibi,</strong></span> <span class='ocrx_word' id='word_1_686' title='bbox 3374 2320 3496 2383; x_wconf 84' lang='lat' dir='ltr'><strong>quia</strong></span> <span class='ocrx_word' id='word_1_687' title='bbox 3524 2291 3611 2375; x_wconf 48' lang='lat' dir='ltr'><strong>ex:</strong></span> 
     </span>
    </p>
   </div>
   <div class='ocr_carea' id='block_1_85' title="bbox 2014 2384 3613 2484">
    <p class='ocr_par' dir='ltr' id='par_1_85' title="bbox 2014 2384 3613 2484">
     <span class='ocr_line' id='line_1_85' title="bbox 2014 2384 3613 2484; baseline 0.022 -51"><span class='ocrx_word' id='word_1_688' title='bbox 2014 2384 2203 2484; x_wconf 74' lang='lat' dir='ltr'><strong>audisti</strong></span> <span class='ocrx_word' id='word_1_689' title='bbox 2229 2402 2327 2484; x_wconf 76' lang='lat' dir='ltr'><strong>me,</strong></span> <span class='ocrx_word' id='word_1_690' title='bbox 2356 2397 2405 2484; x_wconf 76' lang='lat' dir='ltr'><strong>et</strong></span> <span class='ocrx_word' id='word_1_691' title='bbox 2432 2390 2599 2459; x_wconf 78' lang='lat' dir='ltr'><strong>[actus</strong></span> <span class='ocrx_word' id='word_1_692' title='bbox 2624 2408 2678 2447; x_wconf 86' lang='lat' dir='ltr'><strong>es</strong></span> <span class='ocrx_word' id='word_1_693' title='bbox 2697 2395 2821 2449; x_wconf 88' lang='lat' dir='ltr'><strong>mihi</strong></span> <span class='ocrx_word' id='word_1_694' title='bbox 2840 2396 2892 2450; x_wconf 85' lang='lat' dir='ltr'><strong>in</strong></span> <span class='ocrx_word' id='word_1_695' title='bbox 2911 2399 3129 2454; x_wconf 83' lang='lat' dir='ltr'><strong>salutem</strong></span> <span class='ocrx_word' id='word_1_696' title='bbox 3148 2403 3320 2475; x_wconf 86' lang='lat' dir='ltr'><strong>(Psal.</strong></span> <span class='ocrx_word' id='word_1_697' title='bbox 3348 2410 3471 2464; x_wconf 88' lang='lat'>117.</span> <span class='ocrx_word' id='word_1_698' title='bbox 3496 2412 3613 2484; x_wconf 70' lang='grc'><strong>21).</strong></span> 
     </span>
    </p>
   </div>
   <div class='ocr_carea' id='block_1_86' title="bbox 2015 2474 3615 2572">
    <p class='ocr_par' dir='ltr' id='par_1_86' title="bbox 2015 2474 3615 2572">
     <span class='ocr_line' id='line_1_86' title="bbox 2015 2474 3615 2572; baseline 0.02 -42"><span class='ocrx_word' id='word_1_699' title='bbox 2015 2474 2134 2530; x_wconf 87' lang='lat' dir='ltr'><strong>Non</strong></span> <span class='ocrx_word' id='word_1_700' title='bbox 2190 2479 2313 2533; x_wconf 89' lang='lat' dir='ltr'><strong>celo</strong></span> <span class='ocrx_word' id='word_1_701' title='bbox 2355 2481 2676 2540; x_wconf 88' lang='lat' dir='ltr'><strong>beneﬁcium</strong></span> <span class='ocrx_word' id='word_1_702' title='bbox 2702 2527 2717 2553; x_wconf 88' lang='lat'><strong>,</strong></span> <span class='ocrx_word' id='word_1_703' title='bbox 2754 2504 2862 2543; x_wconf 90' lang='lat' dir='ltr'><strong>non</strong></span> <span class='ocrx_word' id='word_1_704' title='bbox 2894 2474 3173 2550; x_wconf 87' lang='lat' dir='ltr'><strong>abscondo</strong></span> <span class='ocrx_word' id='word_1_705' title='bbox 3217 2500 3452 2558; x_wconf 89' lang='lat' dir='ltr'><strong>salutem</strong></span> <span class='ocrx_word' id='word_1_706' title='bbox 3473 2544 3491 2572; x_wconf 93' lang='lat'><strong>,</strong></span> <span class='ocrx_word' id='word_1_707' title='bbox 3521 2474 3615 2562; x_wconf 78' lang='lat' dir='ltr'><strong>sed</strong></span> 
     </span>
    </p>
   </div>
   <div class='ocr_carea' id='block_1_87' title="bbox 2016 2574 3617 2665">
    <p class='ocr_par' dir='ltr' id='par_1_87' title="bbox 2016 2574 3617 2665">
     <span class='ocr_line' id='line_1_87' title="bbox 2016 2574 3617 2665; baseline 0.02 -41"><span class='ocrx_word' id='word_1_708' title='bbox 2016 2574 2376 2665; x_wconf 70' lang='lat' dir='ltr'><strong>meoitomiam</strong></span> <span class='ocrx_word' id='word_1_709' title='bbox 2429 2582 2711 2655; x_wconf 86' lang='lat' dir='ltr'><strong>annuntio.</strong></span> <span class='ocrx_word' id='word_1_710' title='bbox 2741 2582 2993 2654; x_wconf 85' lang='lat' dir='ltr'><strong>Lapidem</strong></span> <span class='ocrx_word' id='word_1_711' title='bbox 3039 2606 3188 2660; x_wconf 88' lang='lat' dir='ltr'><strong>quem</strong></span> <span class='ocrx_word' id='word_1_712' title='bbox 3219 2597 3617 2665; x_wconf 85' lang='lat' dir='ltr'><strong>reprobaverunt</strong></span> 
     </span>
    </p>
   </div>
   <div class='ocr_carea' id='block_1_88' title="bbox 2016 2661 3614 2765">
    <p class='ocr_par' dir='ltr' id='par_1_88' title="bbox 2016 2661 3614 2765">
     <span class='ocr_line' id='line_1_88' title="bbox 2016 2661 3614 2765; baseline 0.021 -53"><span class='ocrx_word' id='word_1_713' title='bbox 2016 2661 2332 2765; x_wconf 65' lang='lat' dir='ltr'><strong>tediﬁcantes</strong></span> <span class='ocrx_word' id='word_1_714' title='bbox 2356 2706 2370 2730; x_wconf 88' lang='lat'><strong>,</strong></span> <span class='ocrx_word' id='word_1_715' title='bbox 2402 2668 2485 2765; x_wconf 78' lang='lat' dir='ltr'><strong>hic</strong></span> <span class='ocrx_word' id='word_1_716' title='bbox 2510 2674 2680 2741; x_wconf 81' lang='lat' dir='ltr'><strong>factus</strong></span> <span class='ocrx_word' id='word_1_717' title='bbox 2706 2683 2779 2729; x_wconf 87' lang='lat' dir='ltr'><strong>est</strong></span> <span class='ocrx_word' id='word_1_718' title='bbox 2808 2676 2861 2729; x_wconf 86' lang='lat' dir='ltr'><strong>in</strong></span> <span class='ocrx_word' id='word_1_719' title='bbox 2887 2689 3042 2747; x_wconf 81' lang='lat' dir='ltr'><strong>caput</strong></span> <span class='ocrx_word' id='word_1_720' title='bbox 3068 2685 3248 2750; x_wconf 80' lang='lat' dir='ltr'><strong>anguli</strong></span> <span class='ocrx_word' id='word_1_721' title='bbox 3278 2661 3394 2756; x_wconf 34' lang='lat' dir='ltr'><strong>&#39;(Ib.</strong></span> <span class='ocrx_word' id='word_1_722' title='bbox 3423 2707 3472 2744; x_wconf 81' lang='grc' dir='ltr'><strong>υ.</strong></span> <span class='ocrx_word' id='word_1_723' title='bbox 3498 2692 3614 2765; x_wconf 75' lang='grc'><strong>22).</strong></span> 
     </span>
    </p>
   </div>
   <div class='ocr_carea' id='block_1_89' title="bbox 2021 2757 3621 2853">
    <p class='ocr_par' dir='ltr' id='par_1_89' title="bbox 2021 2757 3621 2853">
     <span class='ocr_line' id='line_1_89' title="bbox 2021 2757 3621 2853; baseline 0.02 -43"><span class='ocrx_word' id='word_1_724' title='bbox 2021 2757 2496 2853; x_wconf 57' lang='lat' dir='ltr'><strong>Yiden’quomodo</strong></span> <span class='ocrx_word' id='word_1_725' title='bbox 2521 2768 2812 2837; x_wconf 87' lang='lat' dir='ltr'><strong>gratiarum</strong></span> <span class='ocrx_word' id='word_1_726' title='bbox 2832 2772 2976 2827; x_wconf 89' lang='lat' dir='ltr'><strong>actio</strong></span> <span class='ocrx_word' id='word_1_727' title='bbox 3002 2773 3285 2834; x_wconf 89' lang='lat' dir='ltr'><strong>historiam</strong></span> <span class='ocrx_word' id='word_1_728' title='bbox 3306 2757 3583 2853; x_wconf 80' lang='lat' dir='ltr'><strong>aperuerit</strong></span> <span class='ocrx_word' id='word_1_729' title='bbox 3597 2790 3621 2841; x_wconf 88' lang='lat'><strong>?</strong></span> 
     </span>
    </p>
   </div>
   <div class='ocr_carea' id='block_1_90' title="bbox 2018 2851 3622 2945">
    <p class='ocr_par' dir='ltr' id='par_1_90' title="bbox 2018 2851 3622 2945">
     <span class='ocr_line' id='line_1_90' title="bbox 2018 2851 3622 2945; baseline 0.019 -40"><span class='ocrx_word' id='word_1_730' title='bbox 2018 2851 2308 2922; x_wconf 81' lang='lat' dir='ltr'><strong>Conﬁtebor</strong></span> <span class='ocrx_word' id='word_1_731' title='bbox 2342 2857 2450 2922; x_wconf 88' lang='lat' dir='ltr'><strong>tibi,</strong></span> <span class='ocrx_word' id='word_1_732' title='bbox 2479 2862 2723 2928; x_wconf 87' lang='lat' dir='ltr'><strong>quoniam</strong></span> <span class='ocrx_word' id='word_1_733' title='bbox 2760 2866 3016 2919; x_wconf 75' lang='lat' dir='ltr'><strong>exaudisti</strong></span> <span class='ocrx_word' id='word_1_734' title='bbox 3038 2886 3136 2936; x_wconf 87' lang='lat' dir='ltr'><strong>me,</strong></span> <span class='ocrx_word' id='word_1_735' title='bbox 3157 2883 3203 2923; x_wconf 88' lang='lat' dir='ltr'><strong>et</strong></span> <span class='ocrx_word' id='word_1_736' title='bbox 3223 2851 3392 2945; x_wconf 80' lang='lat' dir='ltr'><strong>factus</strong></span> <span class='ocrx_word' id='word_1_737' title='bbox 3421 2895 3473 2931; x_wconf 86' lang='lat' dir='ltr'><strong>es</strong></span> <span class='ocrx_word' id='word_1_738' title='bbox 3496 2881 3622 2934; x_wconf 89' lang='lat' dir='ltr'><strong>mihi</strong></span> 
     </span>
    </p>
   </div>
   <div class='ocr_carea' id='block_1_91' title="bbox 2019 2947 3619 3039">
    <p class='ocr_par' dir='ltr' id='par_1_91' title="bbox 2019 2947 3619 3039">
     <span class='ocr_line' id='line_1_91' title="bbox 2019 2947 3619 3039; baseline 0.018 -39"><span class='ocrx_word' id='word_1_739' title='bbox 2019 2947 2074 3000; x_wconf 88' lang='lat' dir='ltr'><strong>in</strong></span> <span class='ocrx_word' id='word_1_740' title='bbox 2101 2949 2340 3005; x_wconf 86' lang='lat' dir='ltr'><strong>salutent.</strong></span> <span class='ocrx_word' id='word_1_741' title='bbox 2374 2950 2627 3024; x_wconf 82' lang='lat' dir='ltr'><strong>Lapidem</strong></span> <span class='ocrx_word' id='word_1_742' title='bbox 2659 2972 2808 3023; x_wconf 81' lang='lat' dir='ltr'><strong>quem</strong></span> <span class='ocrx_word' id='word_1_743' title='bbox 2840 2962 3234 3028; x_wconf 81' lang='lat' dir='ltr'><strong>reprobauerunt</strong></span> <span class='ocrx_word' id='word_1_744' title='bbox 3269 2968 3619 3039; x_wconf 80' lang='lat' dir='ltr'><strong>wdiﬁcantes,</strong></span> 
     </span>
    </p>
   </div>
   <div class='ocr_carea' id='block_1_92' title="bbox 2019 3041 3624 3126">
    <p class='ocr_par' dir='ltr' id='par_1_92' title="bbox 2019 3041 3624 3126">
     <span class='ocr_line' id='line_1_92' title="bbox 2019 3041 3624 3126; baseline 0.017 -33"><span class='ocrx_word' id='word_1_745' title='bbox 2019 3041 2101 3096; x_wconf 89' lang='lat' dir='ltr'><strong>hic</strong></span> <span class='ocrx_word' id='word_1_746' title='bbox 2123 3042 2290 3113; x_wconf 77' lang='lat' dir='ltr'><strong>factus</strong></span> <span class='ocrx_word' id='word_1_747' title='bbox 2317 3047 2465 3099; x_wconf 86' lang='lat' dir='ltr'><strong>estin</strong></span> <span class='ocrx_word' id='word_1_748' title='bbox 2493 3057 2648 3117; x_wconf 83' lang='lat' dir='ltr'><strong>caput</strong></span> <span class='ocrx_word' id='word_1_749' title='bbox 2677 3052 2879 3121; x_wconf 79' lang='lat' dir='ltr'><strong>anguli.</strong></span> <span class='ocrx_word' id='word_1_750' title='bbox 2911 3052 3099 3109; x_wconf 84' lang='lat' dir='ltr'><strong>Viden‘</strong></span> <span class='ocrx_word' id='word_1_751' title='bbox 3123 3062 3399 3126; x_wconf 90' lang='lat' dir='ltr'><strong>quomodo</strong></span> <span class='ocrx_word' id='word_1_752' title='bbox 3444 3068 3624 3120; x_wconf 89' lang='lat' dir='ltr'><strong>omnis</strong></span> 
     </span>
    </p>
   </div>
   <div class='ocr_carea' id='block_1_93' title="bbox 2021 3136 3623 3230">
    <p class='ocr_par' dir='ltr' id='par_1_93' title="bbox 2021 3136 3623 3230">
     <span class='ocr_line' id='line_1_93' title="bbox 2021 3136 3623 3230; baseline 0.017 -42"><span class='ocrx_word' id='word_1_753' title='bbox 2021 3136 2406 3207; x_wconf 88' lang='lat' dir='ltr'><strong>prophetarum</strong></span> <span class='ocrx_word' id='word_1_754' title='bbox 2436 3144 2771 3211; x_wconf 84' lang='lat' dir='ltr'><strong>exspectatio</strong></span> <span class='ocrx_word' id='word_1_755' title='bbox 2820 3146 2989 3216; x_wconf 87' lang='lat' dir='ltr'><strong>ipsam</strong></span> <span class='ocrx_word' id='word_1_756' title='bbox 3037 3155 3396 3209; x_wconf 64' lang='lat' dir='ltr'><strong>oeconomiam</strong></span> <span class='ocrx_word' id='word_1_757' title='bbox 3448 3160 3623 3230; x_wconf 59' lang='lat' dir='ltr'><strong>resili-</strong></span> 
     </span>
    </p>
   </div>
   <div class='ocr_carea' id='block_1_94' title="bbox 2021 3231 3621 3324">
    <p class='ocr_par' dir='ltr' id='par_1_94' title="bbox 2021 3231 3621 3324">
     <span class='ocr_line' id='line_1_94' title="bbox 2021 3231 3621 3324; baseline 0.016 -41"><span class='ocrx_word' id='word_1_758' title='bbox 2021 3231 2147 3324; x_wconf 85' lang='lat' dir='ltr'><strong>eiat,</strong></span> <span class='ocrx_word' id='word_1_759' title='bbox 2182 3240 2236 3285; x_wconf 90' lang='lat' dir='ltr'><strong>et</strong></span> <span class='ocrx_word' id='word_1_760' title='bbox 2262 3231 2539 3288; x_wconf 90' lang='lat' dir='ltr'><strong>Christum</strong></span> <span class='ocrx_word' id='word_1_761' title='bbox 2569 3234 2845 3293; x_wconf 89' lang='lat' dir='ltr'><strong>desideret</strong></span> <span class='ocrx_word' id='word_1_762' title='bbox 2876 3239 2928 3294; x_wconf 92' lang='lat' dir='ltr'><strong>in</strong></span> <span class='ocrx_word' id='word_1_763' title='bbox 2959 3258 3229 3317; x_wconf 85' lang='lat' dir='ltr'><strong>synagoga</strong></span> <span class='ocrx_word' id='word_1_764' title='bbox 3263 3258 3580 3308; x_wconf 91' lang='lat' dir='ltr'><strong>contentum</strong></span> <span class='ocrx_word' id='word_1_765' title='bbox 3605 3297 3621 3324; x_wconf 93' lang='lat'><strong>,</strong></span> 
     </span>
    </p>
   </div>
   <div class='ocr_carea' id='block_1_95' title="bbox 2021 3323 3631 3413">
    <p class='ocr_par' dir='ltr' id='par_1_95' title="bbox 2021 3323 3631 3413">
     <span class='ocr_line' id='line_1_95' title="bbox 2021 3323 3631 3413; baseline 0.016 -36"><span class='ocrx_word' id='word_1_766' title='bbox 2021 3323 2115 3378; x_wconf 89' lang='lat' dir='ltr'><strong>sed</strong></span> <span class='ocrx_word' id='word_1_767' title='bbox 2145 3324 2286 3393; x_wconf 87' lang='lat' dir='ltr'><strong>apud</strong></span> <span class='ocrx_word' id='word_1_768' title='bbox 2315 3335 2505 3396; x_wconf 83' lang='lat' dir='ltr'><strong>gentes</strong></span> <span class='ocrx_word' id='word_1_769' title='bbox 2533 3329 2887 3386; x_wconf 87' lang='lat' dir='ltr'><strong>celebratum.</strong></span> <span class='ocrx_word' id='word_1_770' title='bbox 2922 3333 3107 3405; x_wconf 89' lang='lat' dir='ltr'><strong>Itaque</strong></span> <span class='ocrx_word' id='word_1_771' title='bbox 3131 3380 3145 3403; x_wconf 90' lang='lat'><strong>,</strong></span> <span class='ocrx_word' id='word_1_772' title='bbox 3181 3349 3238 3394; x_wconf 95' lang='lat' dir='ltr'><strong>ut</strong></span> <span class='ocrx_word' id='word_1_773' title='bbox 3264 3342 3330 3396; x_wconf 92' lang='lat' dir='ltr'><strong>ad</strong></span> <span class='ocrx_word' id='word_1_774' title='bbox 3382 3323 3631 3413; x_wconf 73' lang='lat' dir='ltr'><strong>preposi-</strong></span> 
     </span>
    </p>
   </div>
   <div class='ocr_carea' id='block_1_96' title="bbox 2026 3422 3624 3496">
    <p class='ocr_par' dir='ltr' id='par_1_96' title="bbox 2026 3422 3624 3496">
     <span class='ocr_line' id='line_1_96' title="bbox 2026 3422 3624 3496; baseline 0.019 -30"><span class='ocrx_word' id='word_1_775' title='bbox 2026 3422 2134 3468; x_wconf 91' lang='lat' dir='ltr'><strong>tum</strong></span> <span class='ocrx_word' id='word_1_776' title='bbox 2164 3427 2528 3486; x_wconf 88' lang='lat' dir='ltr'><strong>revertamur,</strong></span> <span class='ocrx_word' id='word_1_777' title='bbox 2571 3422 2613 3474; x_wconf 94' lang='lat' dir='ltr'><strong>si</strong></span> <span class='ocrx_word' id='word_1_778' title='bbox 2649 3433 2856 3491; x_wconf 83' lang='lat' dir='ltr'><strong>portam</strong></span> <span class='ocrx_word' id='word_1_779' title='bbox 2885 3442 3122 3496; x_wconf 69' lang='lat' dir='ltr'><strong>quiet-as,</strong></span> <span class='ocrx_word' id='word_1_780' title='bbox 3156 3432 3432 3491; x_wconf 88' lang='lat' dir='ltr'><strong>Christum</strong></span> <span class='ocrx_word' id='word_1_781' title='bbox 3471 3439 3624 3495; x_wconf 90' lang='lat' dir='ltr'><strong>inve-</strong></span> 
     </span>
    </p>
   </div>
   <div class='ocr_carea' id='block_1_97' title="bbox 2024 3507 3624 3601">
    <p class='ocr_par' dir='ltr' id='par_1_97' title="bbox 2024 3507 3624 3601">
     <span class='ocr_line' id='line_1_97' title="bbox 2024 3507 3624 3601; baseline 0.017 -40"><span class='ocrx_word' id='word_1_782' title='bbox 2024 3507 2161 3562; x_wconf 88' lang='lat' dir='ltr'><strong>nies.</strong></span> <span class='ocrx_word' id='word_1_783' title='bbox 2194 3509 2260 3563; x_wconf 77' lang='lat' dir='ltr'><strong>Et</strong></span> <span class='ocrx_word' id='word_1_784' title='bbox 2304 3526 2435 3567; x_wconf 90' lang='lat' dir='ltr'><strong>sane</strong></span> <span class='ocrx_word' id='word_1_785' title='bbox 2459 3552 2475 3578; x_wconf 96' lang='lat'><strong>,</strong></span> <span class='ocrx_word' id='word_1_786' title='bbox 2504 3512 2716 3583; x_wconf 89' lang='lat' dir='ltr'><strong>inquies</strong></span> <span class='ocrx_word' id='word_1_787' title='bbox 2739 3557 2753 3579; x_wconf 93' lang='lat'><strong>,</strong></span> <span class='ocrx_word' id='word_1_788' title='bbox 2786 3529 2936 3587; x_wconf 90' lang='lat' dir='ltr'><strong>porta</strong></span> <span class='ocrx_word' id='word_1_789' title='bbox 2988 3532 3067 3575; x_wconf 90' lang='lat' dir='ltr'><strong>est</strong></span> <span class='ocrx_word' id='word_1_790' title='bbox 3113 3524 3182 3579; x_wconf 89' lang='lat' dir='ltr'><strong>ob</strong></span> <span class='ocrx_word' id='word_1_791' title='bbox 3240 3526 3624 3601; x_wconf 88' lang='lat' dir='ltr'><strong>benignitatem</strong></span> 
     </span>
    </p>
   </div>
   <div class='ocr_carea' id='block_1_98' title="bbox 2024 3604 3629 3686">
    <p class='ocr_par' dir='ltr' id='par_1_98' title="bbox 2024 3604 3629 3686">
     <span class='ocr_line' id='line_1_98' title="bbox 2024 3604 3629 3686; baseline 0.018 -34"><span class='ocrx_word' id='word_1_792' title='bbox 2024 3616 2196 3654; x_wconf 88' lang='lat' dir='ltr'><strong>suam.</strong></span> <span class='ocrx_word' id='word_1_793' title='bbox 2230 3604 2333 3657; x_wconf 87' lang='lat' dir='ltr'><strong>Sed</strong></span> <span class='ocrx_word' id='word_1_794' title='bbox 2366 3605 2486 3674; x_wconf 89' lang='lat' dir='ltr'><strong>quia</strong></span> <span class='ocrx_word' id='word_1_795' title='bbox 2511 3622 2645 3675; x_wconf 82' lang='lat' dir='ltr'><strong>Opus</strong></span> <span class='ocrx_word' id='word_1_796' title='bbox 2675 3617 2760 3661; x_wconf 90' lang='lat' dir='ltr'><strong>est</strong></span> <span class='ocrx_word' id='word_1_797' title='bbox 2778 3611 2850 3676; x_wconf 90' lang='lat' dir='ltr'><strong>ei,</strong></span> <span class='ocrx_word' id='word_1_798' title='bbox 2880 3612 2972 3681; x_wconf 87' lang='lat' dir='ltr'><strong>qui</strong></span> <span class='ocrx_word' id='word_1_799' title='bbox 3000 3612 3053 3667; x_wconf 87' lang='lat' dir='ltr'><strong>in</strong></span> <span class='ocrx_word' id='word_1_800' title='bbox 3086 3616 3290 3686; x_wconf 88' lang='lat' dir='ltr'><strong>regiam</strong></span> <span class='ocrx_word' id='word_1_801' title='bbox 3318 3633 3374 3674; x_wconf 90' lang='lat' dir='ltr'><strong>et</strong></span> <span class='ocrx_word' id='word_1_802' title='bbox 3403 3623 3456 3677; x_wconf 93' lang='lat' dir='ltr'><strong>in</strong></span> <span class='ocrx_word' id='word_1_803' title='bbox 3491 3634 3629 3679; x_wconf 83' lang='lat' dir='ltr'><strong>tem—</strong></span> 
     </span>
    </p>
   </div>
   <div class='ocr_carea' id='block_1_99' title="bbox 2026 3695 3628 3780">
    <p class='ocr_par' dir='ltr' id='par_1_99' title="bbox 2026 3695 3628 3780">
     <span class='ocr_line' id='line_1_99' title="bbox 2026 3695 3628 3780; baseline 0.016 -34"><span class='ocrx_word' id='word_1_804' title='bbox 2026 3695 2173 3765; x_wconf 88' lang='lat' dir='ltr'><strong>plum</strong></span> <span class='ocrx_word' id='word_1_805' title='bbox 2209 3696 2303 3751; x_wconf 84' lang='lat' dir='ltr'><strong>Dei</strong></span> <span class='ocrx_word' id='word_1_806' title='bbox 2334 3698 2655 3767; x_wconf 85' lang='lat' dir='ltr'><strong>ingreditur,</strong></span> <span class='ocrx_word' id='word_1_807' title='bbox 2685 3711 2742 3754; x_wconf 91' lang='lat' dir='ltr'><strong>ut</strong></span> <span class='ocrx_word' id='word_1_808' title='bbox 2792 3704 3072 3760; x_wconf 90' lang='lat' dir='ltr'><strong>ductorem</strong></span> <span class='ocrx_word' id='word_1_809' title='bbox 3106 3724 3174 3764; x_wconf 87' lang='lat' dir='ltr'><strong>eo</strong></span> <span class='ocrx_word' id='word_1_810' title='bbox 3203 3727 3314 3780; x_wconf 87' lang='lat' dir='ltr'><strong>quo</strong></span> <span class='ocrx_word' id='word_1_811' title='bbox 3355 3713 3460 3769; x_wconf 80' lang='lat' dir='ltr'><strong>fert</strong></span> <span class='ocrx_word' id='word_1_812' title='bbox 3506 3720 3628 3772; x_wconf 91' lang='lat' dir='ltr'><strong>ani-</strong></span> 
     </span>
    </p>
   </div>
   <div class='ocr_carea' id='block_1_100' title="bbox 2026 3788 3627 3871">
    <p class='ocr_par' dir='ltr' id='par_1_100' title="bbox 2026 3788 3627 3871">
     <span class='ocr_line' id='line_1_100' title="bbox 2026 3788 3627 3871; baseline 0.016 -32"><span class='ocrx_word' id='word_1_813' title='bbox 2026 3804 2144 3841; x_wconf 75' lang='lat' dir='ltr'><strong>mus</strong></span> <span class='ocrx_word' id='word_1_814' title='bbox 2177 3788 2370 3843; x_wconf 86' lang='lat' dir='ltr'><strong>habeat</strong></span> <span class='ocrx_word' id='word_1_815' title='bbox 2405 3793 2589 3862; x_wconf 87' lang='lat' dir='ltr'><strong>(nemo</strong></span> <span class='ocrx_word' id='word_1_816' title='bbox 2619 3795 2764 3850; x_wconf 91' lang='lat' dir='ltr'><strong>enim</strong></span> <span class='ocrx_word' id='word_1_817' title='bbox 2804 3798 2869 3851; x_wconf 91' lang='lat' dir='ltr'><strong>ad</strong></span> <span class='ocrx_word' id='word_1_818' title='bbox 2920 3798 3091 3855; x_wconf 87' lang='lat' dir='ltr'><strong>altare</strong></span> <span class='ocrx_word' id='word_1_819' title='bbox 3141 3804 3401 3861; x_wconf 87' lang='lat' dir='ltr'><strong>accedere</strong></span> <span class='ocrx_word' id='word_1_820' title='bbox 3446 3810 3583 3864; x_wconf 92' lang='lat' dir='ltr'><strong>ausit</strong></span> <span class='ocrx_word' id='word_1_821' title='bbox 3613 3854 3627 3871; x_wconf 87' lang='lat'><strong>,</strong></span> 
     </span>
    </p>
   </div>
   <div class='ocr_carea' id='block_1_101' title="bbox 2028 3880 3625 3969">
    <p class='ocr_par' dir='ltr' id='par_1_101' title="bbox 2028 3880 3625 3969">
     <span class='ocr_line' id='line_1_101' title="bbox 2028 3880 3625 3969; baseline 0.016 -38"><span class='ocrx_word' id='word_1_822' title='bbox 2028 3880 2129 3934; x_wconf 84' lang='lat' dir='ltr'><strong>nisi</strong></span> <span class='ocrx_word' id='word_1_823' title='bbox 2160 3882 2417 3937; x_wconf 88' lang='lat' dir='ltr'><strong>sacerdos</strong></span> <span class='ocrx_word' id='word_1_824' title='bbox 2447 3883 2608 3957; x_wconf 90' lang='lat' dir='ltr'><strong>adsit)</strong></span> <span class='ocrx_word' id='word_1_825' title='bbox 2635 3903 2650 3951; x_wconf 88' lang='lat'><strong>;</strong></span> <span class='ocrx_word' id='word_1_826' title='bbox 2678 3902 2799 3941; x_wconf 89' lang='lat' dir='ltr'><strong>cum</strong></span> <span class='ocrx_word' id='word_1_827' title='bbox 2832 3906 2926 3958; x_wconf 91' lang='lat' dir='ltr'><strong>per</strong></span> <span class='ocrx_word' id='word_1_828' title='bbox 2958 3903 3168 3961; x_wconf 84' lang='lat' dir='ltr'><strong>portam</strong></span> <span class='ocrx_word' id='word_1_829' title='bbox 3210 3897 3485 3969; x_wconf 86' lang='lat' dir='ltr'><strong>ingressus</strong></span> <span class='ocrx_word' id='word_1_830' title='bbox 3511 3898 3625 3956; x_wconf 78' lang='lat' dir='ltr'><strong>fue-</strong></span> 
     </span>
    </p>
   </div>
   <div class='ocr_carea' id='block_1_102' title="bbox 2029 3972 3624 4055">
    <p class='ocr_par' dir='ltr' id='par_1_102' title="bbox 2029 3972 3624 4055">
     <span class='ocr_line' id='line_1_102' title="bbox 2029 3972 3624 4055; baseline 0.014 -30"><span class='ocrx_word' id='word_1_831' title='bbox 2029 3972 2102 4025; x_wconf 80' lang='lat' dir='ltr'><strong>ris</strong></span> <span class='ocrx_word' id='word_1_832' title='bbox 2123 4014 2137 4037; x_wconf 91' lang='lat'><strong>,</strong></span> <span class='ocrx_word' id='word_1_833' title='bbox 2166 3973 2340 4041; x_wconf 87' lang='lat' dir='ltr'><strong>ipsum</strong></span> <span class='ocrx_word' id='word_1_834' title='bbox 2372 3975 2710 4033; x_wconf 88' lang='lat' dir='ltr'><strong>sacerdotem</strong></span> <span class='ocrx_word' id='word_1_835' title='bbox 2746 3981 2988 4038; x_wconf 82' lang='lat' dir='ltr'><strong>invenies</strong></span> <span class='ocrx_word' id='word_1_836' title='bbox 3018 4027 3033 4049; x_wconf 93' lang='lat'><strong>,</strong></span> <span class='ocrx_word' id='word_1_837' title='bbox 3068 3986 3159 4055; x_wconf 88' lang='lat' dir='ltr'><strong>qui</strong></span> <span class='ocrx_word' id='word_1_838' title='bbox 3192 3997 3244 4042; x_wconf 90' lang='lat' dir='ltr'><strong>te</strong></span> <span class='ocrx_word' id='word_1_839' title='bbox 3290 3990 3577 4047; x_wconf 84' lang='lat' dir='ltr'><strong>admoveat</strong></span> <span class='ocrx_word' id='word_1_840' title='bbox 3614 4014 3624 4046; x_wconf 91' lang='lat'>:</span> 
     </span>
    </p>
   </div>
   <div class='ocr_carea' id='block_1_103' title="bbox 2026 4062 3629 4139">
    <p class='ocr_par' dir='ltr' id='par_1_103' title="bbox 2026 4062 3629 4139">
     <span class='ocr_line' id='line_1_103' title="bbox 2026 4062 3629 4139; baseline 0.014 -25"><span class='ocrx_word' id='word_1_841' title='bbox 2026 4062 2107 4115; x_wconf 83' lang='lat' dir='ltr'><strong>Tu</strong></span> <span class='ocrx_word' id='word_1_842' title='bbox 2133 4065 2275 4117; x_wconf 90' lang='lat' dir='ltr'><strong>enim</strong></span> <span class='ocrx_word' id='word_1_843' title='bbox 2310 4082 2365 4118; x_wconf 90' lang='lat' dir='ltr'><strong>es</strong></span> <span class='ocrx_word' id='word_1_844' title='bbox 2388 4069 2625 4121; x_wconf 83' lang='lat' dir='ltr'><strong>sacerdos</strong></span> <span class='ocrx_word' id='word_1_845' title='bbox 2670 4071 2722 4123; x_wconf 87' lang='lat' dir='ltr'><strong>in</strong></span> <span class='ocrx_word' id='word_1_846' title='bbox 2778 4084 3024 4128; x_wconf 79' lang='lat' dir='ltr'><strong>(utentum</strong></span> <span class='ocrx_word' id='word_1_847' title='bbox 3077 4079 3359 4134; x_wconf 83' lang='lat' dir='ltr'><strong>secundum</strong></span> <span class='ocrx_word' id='word_1_848' title='bbox 3399 4086 3629 4139; x_wconf 77' lang='lat' dir='ltr'><strong>ordinem</strong></span> 
     </span>
    </p>
   </div>
   <div class='ocr_carea' id='block_1_104' title="bbox 2032 4155 3627 4239">
    <p class='ocr_par' dir='ltr' id='par_1_104' title="bbox 2032 4155 3627 4239">
     <span class='ocr_line' id='line_1_104' title="bbox 2032 4155 3627 4239; baseline 0.017 -32"><span class='ocrx_word' id='word_1_849' title='bbox 2032 4155 2408 4212; x_wconf 75' lang='lat' dir='ltr'><strong>Melchisedech</strong></span> <span class='ocrx_word' id='word_1_850' title='bbox 2444 4158 2616 4231; x_wconf 84' lang='lat' dir='ltr'><strong>(Psal.</strong></span> <span class='ocrx_word' id='word_1_851' title='bbox 2651 4163 2777 4218; x_wconf 88' lang='lat'>109.</span> <span class='ocrx_word' id='word_1_852' title='bbox 2805 4167 2883 4235; x_wconf 71' lang='grc'><strong>4).</strong></span> <span class='ocrx_word' id='word_1_853' title='bbox 2913 4166 3018 4221; x_wconf 85' lang='lat' dir='ltr'><strong>Sed</strong></span> <span class='ocrx_word' id='word_1_854' title='bbox 3054 4184 3190 4239; x_wconf 88' lang='lat' dir='ltr'><strong>opus</strong></span> <span class='ocrx_word' id='word_1_855' title='bbox 3240 4171 3402 4229; x_wconf 87' lang='lat' dir='ltr'><strong>habet</strong></span> <span class='ocrx_word' id='word_1_856' title='bbox 3442 4193 3627 4233; x_wconf 89' lang='lat' dir='ltr'><strong>sacer-</strong></span> 
     </span>
    </p>
   </div>
   <div class='ocr_carea' id='block_1_105' title="bbox 2030 4250 3625 4334">
    <p class='ocr_par' dir='ltr' id='par_1_105' title="bbox 2030 4250 3625 4334">
     <span class='ocr_line' id='line_1_105' title="bbox 2030 4250 3625 4334; baseline 0.014 -32"><span class='ocrx_word' id='word_1_857' title='bbox 2030 4250 2129 4303; x_wconf 88' lang='lat' dir='ltr'><strong>dos</strong></span> <span class='ocrx_word' id='word_1_858' title='bbox 2174 4250 2347 4306; x_wconf 92' lang='lat' dir='ltr'><strong>hostia</strong></span> <span class='ocrx_word' id='word_1_859' title='bbox 2399 4262 2450 4309; x_wconf 89' lang='lat' dir='ltr'><strong>et</strong></span> <span class='ocrx_word' id='word_1_860' title='bbox 2496 4254 2747 4323; x_wconf 88' lang='lat' dir='ltr'><strong>victima,</strong></span> <span class='ocrx_word' id='word_1_861' title='bbox 2781 4268 2839 4312; x_wconf 94' lang='lat' dir='ltr'><strong>ut</strong></span> <span class='ocrx_word' id='word_1_862' title='bbox 2868 4259 3035 4314; x_wconf 87' lang='lat' dir='ltr'><strong>Deum</strong></span> <span class='ocrx_word' id='word_1_863' title='bbox 3087 4266 3374 4334; x_wconf 91' lang='lat' dir='ltr'><strong>propitium</strong></span> <span class='ocrx_word' id='word_1_864' title='bbox 3419 4270 3625 4325; x_wconf 89' lang='lat' dir='ltr'><strong>reddat.</strong></span> 
     </span>
    </p>
   </div>
   <div class='ocr_carea' id='block_1_106' title="bbox 2031 4342 3627 4432">
    <p class='ocr_par' dir='ltr' id='par_1_106' title="bbox 2031 4342 3627 4432">
     <span class='ocr_line' id='line_1_106' title="bbox 2031 4342 3627 4432; baseline 0.012 -36"><span class='ocrx_word' id='word_1_865' title='bbox 2031 4342 2149 4411; x_wconf 90' lang='lat' dir='ltr'><strong>Ipse</strong></span> <span class='ocrx_word' id='word_1_866' title='bbox 2178 4342 2270 4396; x_wconf 92' lang='lat' dir='ltr'><strong>tibi</strong></span> <span class='ocrx_word' id='word_1_867' title='bbox 2299 4344 2509 4397; x_wconf 89' lang='lat' dir='ltr'><strong>victima</strong></span> <span class='ocrx_word' id='word_1_868' title='bbox 2542 4354 2626 4401; x_wconf 80' lang='lat' dir='ltr'><strong>est</strong></span> <span class='ocrx_word' id='word_1_869' title='bbox 2646 4364 2659 4398; x_wconf 93' lang='lat'>:</span> <span class='ocrx_word' id='word_1_870' title='bbox 2683 4346 2816 4403; x_wconf 83' lang='lat' dir='ltr'><strong>Ecce</strong></span> <span class='ocrx_word' id='word_1_871' title='bbox 2830 4348 3008 4419; x_wconf 80' lang='lat' dir='ltr'><strong>Agnus</strong></span> <span class='ocrx_word' id='word_1_872' title='bbox 3027 4352 3143 4420; x_wconf 87' lang='lat' dir='ltr'><strong>Dei,</strong></span> <span class='ocrx_word' id='word_1_873' title='bbox 3175 4358 3265 4424; x_wconf 89' lang='lat' dir='ltr'><strong>qui</strong></span> <span class='ocrx_word' id='word_1_874' title='bbox 3290 4359 3424 4414; x_wconf 87' lang='lat' dir='ltr'><strong>tollit</strong></span> <span class='ocrx_word' id='word_1_875' title='bbox 3449 4379 3627 4432; x_wconf 77' lang='lat' dir='ltr'><strong>pecca-</strong></span> 
     </span>
    </p>
   </div>
   <div class='ocr_carea' id='block_1_107' title="bbox 2032 4436 3632 4521">
    <p class='ocr_par' dir='ltr' id='par_1_107' title="bbox 2032 4436 3632 4521">
     <span class='ocr_line' id='line_1_107' title="bbox 2032 4436 3632 4521; baseline 0.015 -34"><span class='ocrx_word' id='word_1_876' title='bbox 2032 4446 2138 4488; x_wconf 88' lang='lat' dir='ltr'><strong>tum</strong></span> <span class='ocrx_word' id='word_1_877' title='bbox 2163 4437 2341 4489; x_wconf 85' lang='lat' dir='ltr'><strong>mundi</strong></span> <span class='ocrx_word' id='word_1_878' title='bbox 2371 4436 2556 4507; x_wconf 80' lang='lat' dir='ltr'><strong>(Joan.</strong></span> <span class='ocrx_word' id='word_1_879' title='bbox 2589 4441 2638 4493; x_wconf 90' lang='lat'><strong>1.</strong></span> <span class='ocrx_word' id='word_1_880' title='bbox 2658 4439 2773 4515; x_wconf 75' lang='lat'><strong>29).</strong></span> <span class='ocrx_word' id='word_1_881' title='bbox 2804 4443 2930 4498; x_wconf 70' lang='lat' dir='ltr'><strong>ilice</strong></span> <span class='ocrx_word' id='word_1_882' title='bbox 2956 4449 3134 4502; x_wconf 87' lang='lat' dir='ltr'><strong>omnia</strong></span> <span class='ocrx_word' id='word_1_883' title='bbox 3160 4461 3380 4521; x_wconf 89' lang='lat' dir='ltr'><strong>propter</strong></span> <span class='ocrx_word' id='word_1_884' title='bbox 3410 4464 3462 4510; x_wconf 90' lang='lat' dir='ltr'><strong>te</strong></span> <span class='ocrx_word' id='word_1_885' title='bbox 3480 4458 3632 4510; x_wconf 82' lang='lat' dir='ltr'><strong>antli-</strong></span> 
     </span>
    </p>
   </div>
   <div class='ocr_carea' id='block_1_108' title="bbox 2029 4531 3631 4607">
    <p class='ocr_par' dir='ltr' id='par_1_108' title="bbox 2029 4531 3631 4607">
     <span class='ocr_line' id='line_1_108' title="bbox 2029 4531 3631 4607; baseline 0.014 -24"><span class='ocrx_word' id='word_1_886' title='bbox 2029 4531 2151 4584; x_wconf 88' lang='lat' dir='ltr'><strong>visti</strong></span> <span class='ocrx_word' id='word_1_887' title='bbox 2175 4532 2199 4585; x_wconf 69' lang='grc' dir='ltr'><em>ἲ</em></span> <span class='ocrx_word' id='word_1_888' title='bbox 2224 4531 2349 4585; x_wconf 91' lang='lat' dir='ltr'><strong>audi</strong></span> <span class='ocrx_word' id='word_1_889' title='bbox 2372 4531 2483 4601; x_wconf 90' lang='lat' dir='ltr'><strong>jam</strong></span> <span class='ocrx_word' id='word_1_890' title='bbox 2537 4546 2759 4607; x_wconf 87' lang='lat' dir='ltr'><strong>propter</strong></span> <span class='ocrx_word' id='word_1_891' title='bbox 2789 4538 2985 4607; x_wconf 90' lang='lat' dir='ltr'><strong>ipsum.</strong></span> <span class='ocrx_word' id='word_1_892' title='bbox 3010 4541 3088 4597; x_wconf 87' lang='lat' dir='ltr'><strong>Ne</strong></span> <span class='ocrx_word' id='word_1_893' title='bbox 3111 4543 3271 4599; x_wconf 86' lang='lat' dir='ltr'><strong>sistas</strong></span> <span class='ocrx_word' id='word_1_894' title='bbox 3298 4547 3545 4603; x_wconf 89' lang='lat' dir='ltr'><strong>intuitum</strong></span> <span class='ocrx_word' id='word_1_895' title='bbox 3582 4553 3631 4606; x_wconf 90' lang='lat' dir='ltr'><strong>in</strong></span> 
     </span>
    </p>
   </div>
   <div class='ocr_carea' id='block_1_109' title="bbox 2030 4621 3629 4699">
    <p class='ocr_par' dir='ltr' id='par_1_109' title="bbox 2030 4621 3629 4699">
     <span class='ocr_line' id='line_1_109' title="bbox 2030 4621 3629 4699; baseline 0.014 -22"><span class='ocrx_word' id='word_1_896' title='bbox 2030 4621 2319 4677; x_wconf 84' lang='lat' dir='ltr'><strong>sacerdotii</strong></span> <span class='ocrx_word' id='word_1_897' title='bbox 2341 4623 2532 4680; x_wconf 91' lang='lat' dir='ltr'><strong>ordine</strong></span> <span class='ocrx_word' id='word_1_898' title='bbox 2560 4667 2576 4692; x_wconf 94' lang='lat'><strong>,</strong></span> <span class='ocrx_word' id='word_1_899' title='bbox 2611 4643 2679 4682; x_wconf 89' lang='lat' dir='ltr'><strong>ne</strong></span> <span class='ocrx_word' id='word_1_900' title='bbox 2706 4631 2967 4699; x_wconf 87' lang='lat' dir='ltr'><strong>respicias</strong></span> <span class='ocrx_word' id='word_1_901' title='bbox 2998 4634 3146 4689; x_wconf 89' lang='lat' dir='ltr'><strong>illum</strong></span> <span class='ocrx_word' id='word_1_902' title='bbox 3186 4647 3242 4691; x_wconf 92' lang='lat' dir='ltr'><strong>ut</strong></span> <span class='ocrx_word' id='word_1_903' title='bbox 3293 4642 3629 4699; x_wconf 80' lang='lat' dir='ltr'><strong>saet-rdutcm</strong></span> 
     </span>
    </p>
   </div>
   <div class='ocr_carea' id='block_1_110' title="bbox 2029 4715 3629 4807">
    <p class='ocr_par' dir='ltr' id='par_1_110' title="bbox 2029 4715 3629 4807">
     <span class='ocr_line' id='line_1_110' title="bbox 2029 4715 3629 4807; baseline 0.018 -39"><span class='ocrx_word' id='word_1_904' title='bbox 2029 4715 2377 4780; x_wconf 85' lang='lat' dir='ltr'><strong>adstantem;</strong></span> <span class='ocrx_word' id='word_1_905' title='bbox 2418 4720 2512 4775; x_wconf 85' lang='lat' dir='ltr'><strong>sed</strong></span> <span class='ocrx_word' id='word_1_906' title='bbox 2564 4723 2778 4793; x_wconf 86' lang='lat' dir='ltr'><strong>respice</strong></span> <span class='ocrx_word' id='word_1_907' title='bbox 2809 4724 2959 4780; x_wconf 91' lang='lat' dir='ltr'><strong>illum</strong></span> <span class='ocrx_word' id='word_1_908' title='bbox 2992 4743 3092 4798; x_wconf 92' lang='lat' dir='ltr'><strong>per</strong></span> <span class='ocrx_word' id='word_1_909' title='bbox 3118 4746 3270 4786; x_wconf 90' lang='lat' dir='ltr'><strong>suam</strong></span> <span class='ocrx_word' id='word_1_910' title='bbox 3315 4735 3629 4807; x_wconf 84' lang='lat' dir='ltr'><strong>dignitatem</strong></span> 
     </span>
    </p>
   </div>
   <div class='ocr_carea' id='block_1_111' title="bbox 2029 4812 3629 4893">
    <p class='ocr_par' dir='ltr' id='par_1_111' title="bbox 2029 4812 3629 4893">
     <span class='ocr_line' id='line_1_111' title="bbox 2029 4812 3629 4893; baseline 0.014 -25"><span class='ocrx_word' id='word_1_911' title='bbox 2029 4829 2152 4868; x_wconf 89' lang='lat' dir='ltr'><strong>cum</strong></span> <span class='ocrx_word' id='word_1_912' title='bbox 2190 4812 2351 4866; x_wconf 75' lang='lat' dir='ltr'><strong>Patre</strong></span> <span class='ocrx_word' id='word_1_913' title='bbox 2381 4813 2687 4870; x_wconf 89' lang='lat' dir='ltr'><strong>sedentem.</strong></span> <span class='ocrx_word' id='word_1_914' title='bbox 2722 4817 2921 4874; x_wconf 83' lang='lat' dir='ltr'><strong>Verum</strong></span> <span class='ocrx_word' id='word_1_915' title='bbox 2951 4837 3019 4875; x_wconf 89' lang='lat' dir='ltr'><strong>ne</strong></span> <span class='ocrx_word' id='word_1_916' title='bbox 3045 4823 3208 4893; x_wconf 89' lang='lat' dir='ltr'><strong>adsit,</strong></span> <span class='ocrx_word' id='word_1_917' title='bbox 3244 4831 3486 4886; x_wconf 88' lang='lat' dir='ltr'><strong>veritatis</strong></span> <span class='ocrx_word' id='word_1_918' title='bbox 3526 4836 3629 4890; x_wconf 85' lang='lat' dir='ltr'><strong>ini-</strong></span> 
     </span>
    </p>
   </div>
   <div class='ocr_carea' id='block_1_112' title="bbox 2036 4904 3066 4976">
    <p class='ocr_par' dir='ltr' id='par_1_112' title="bbox 2036 4904 3066 4976">
     <span class='ocr_line' id='line_1_112' title="bbox 2036 4904 3066 4976; baseline 0.012 -21"><span class='ocrx_word' id='word_1_919' title='bbox 2036 4904 2227 4967; x_wconf 86' lang='lat' dir='ltr'><strong>iniens,</strong></span> <span class='ocrx_word' id='word_1_920' title='bbox 2261 4904 2351 4973; x_wconf 91' lang='lat' dir='ltr'><strong>qui</strong></span> <span class='ocrx_word' id='word_1_921' title='bbox 2380 4906 2482 4960; x_wconf 88' lang='lat' dir='ltr'><strong>alia</strong></span> <span class='ocrx_word' id='word_1_922' title='bbox 2515 4909 2738 4976; x_wconf 89' lang='lat' dir='ltr'><strong>adimat,</strong></span> <span class='ocrx_word' id='word_1_923' title='bbox 2770 4912 2876 4965; x_wconf 88' lang='lat' dir='ltr'><strong>alia</strong></span> <span class='ocrx_word' id='word_1_924' title='bbox 2908 4914 3066 4969; x_wconf 90' lang='lat' dir='ltr'><strong>celet.</strong></span> 
     </span>
    </p>
   </div>
   <div class='ocr_carea' id='block_1_113' title="bbox 2104 4995 3634 5087">
    <p class='ocr_par' dir='ltr' id='par_1_113' title="bbox 2104 4995 3634 5087">
     <span class='ocr_line' id='line_1_113' title="bbox 2104 4995 3634 5087; baseline 0.017 -37"><span class='ocrx_word' id='word_1_925' title='bbox 2104 4995 2294 5087; x_wconf 83' lang='lat' dir='ltr'><strong>Contra</strong></span> <span class='ocrx_word' id='word_1_926' title='bbox 2324 4998 2561 5054; x_wconf 77' lang='lat' dir='ltr'><strong>Arianos.</strong></span> <span class='ocrx_word' id='word_1_927' title='bbox 2594 5033 2664 5043; x_wconf 82' lang='lat'><strong>-</strong></span> <span class='ocrx_word' id='word_1_928' title='bbox 2692 5004 2824 5059; x_wconf 84' lang='lat' dir='ltr'><strong>Novi</strong></span> <span class='ocrx_word' id='word_1_929' title='bbox 2860 5006 3172 5066; x_wconf 69' lang='lat' dir='ltr'><strong>harreticum</strong></span> <span class='ocrx_word' id='word_1_930' title='bbox 3201 5019 3506 5087; x_wconf 87' lang='lat' dir='ltr'><strong>quempiam</strong></span> <span class='ocrx_word' id='word_1_931' title='bbox 3542 5037 3634 5077; x_wconf 81' lang='lat' dir='ltr'><strong>ve-</strong></span> 
     </span>
    </p>
   </div>
   <div class='ocr_carea' id='block_1_114' title="bbox 2035 5084 3632 5179">
    <p class='ocr_par' dir='ltr' id='par_1_114' title="bbox 2035 5084 3632 5179">
     <span class='ocr_line' id='line_1_114' title="bbox 2035 5084 3632 5179; baseline 0.018 -39"><span class='ocrx_word' id='word_1_932' title='bbox 2035 5088 2209 5140; x_wconf 79' lang='lat' dir='ltr'><strong>ritalis</strong></span> <span class='ocrx_word' id='word_1_933' title='bbox 2248 5084 2536 5145; x_wconf 86' lang='lat' dir='ltr'><strong>inimicum</strong></span> <span class='ocrx_word' id='word_1_934' title='bbox 2583 5110 2729 5163; x_wconf 84' lang='lat' dir='ltr'><strong>sa-pe</strong></span> <span class='ocrx_word' id='word_1_935' title='bbox 2778 5096 3027 5154; x_wconf 82' lang='lat' dir='ltr'><strong>dixisse:</strong></span> <span class='ocrx_word' id='word_1_936' title='bbox 3074 5084 3265 5158; x_wconf 84' lang='lat' dir='ltr'><strong>Viden’</strong></span> <span class='ocrx_word' id='word_1_937' title='bbox 3309 5084 3415 5163; x_wconf 79' lang='lat' dir='ltr'><strong>non</strong></span> <span class='ocrx_word' id='word_1_938' title='bbox 3472 5126 3632 5179; x_wconf 90' lang='lat' dir='ltr'><strong>posse</strong></span> 
     </span>
    </p>
   </div>
   <div class='ocr_carea' id='block_1_115' title="bbox 2034 5183 3633 5260">
    <p class='ocr_par' dir='ltr' id='par_1_115' title="bbox 2034 5183 3633 5260">
     <span class='ocr_line' id='line_1_115' title="bbox 2034 5183 3633 5260; baseline 0.017 -29"><span class='ocrx_word' id='word_1_939' title='bbox 2034 5183 2344 5250; x_wconf 87' lang='lat' dir='ltr'><strong>quempiam</strong></span> <span class='ocrx_word' id='word_1_940' title='bbox 2375 5185 2439 5235; x_wconf 88' lang='lat' dir='ltr'><strong>:nl</strong></span> <span class='ocrx_word' id='word_1_941' title='bbox 2470 5186 2684 5241; x_wconf 86' lang='lat' dir='ltr'><strong>Patrem</strong></span> <span class='ocrx_word' id='word_1_942' title='bbox 2717 5191 2977 5248; x_wconf 90' lang='lat' dir='ltr'><strong>accedere</strong></span> <span class='ocrx_word' id='word_1_943' title='bbox 3011 5195 3130 5249; x_wconf 90' lang='lat' dir='ltr'><strong>sine</strong></span> <span class='ocrx_word' id='word_1_944' title='bbox 3163 5197 3342 5254; x_wconf 82' lang='lat' dir='ltr'><strong>Filio?</strong></span> <span class='ocrx_word' id='word_1_945' title='bbox 3372 5206 3633 5260; x_wconf 75' lang='lat' dir='ltr'><strong>mediato-</strong></span> 
     </span>
    </p>
   </div>
   <div class='ocr_carea' id='block_1_116' title="bbox 2037 5275 3636 5370">
    <p class='ocr_par' dir='ltr' id='par_1_116' title="bbox 2037 5275 3636 5370">
     <span class='ocr_line' id='line_1_116' title="bbox 2037 5275 3636 5370; baseline 0.015 -44"><span class='ocrx_word' id='word_1_946' title='bbox 2037 5275 2113 5328; x_wconf 90' lang='lat' dir='ltr'><strong>ris</strong></span> <span class='ocrx_word' id='word_1_947' title='bbox 2132 5276 2330 5345; x_wconf 90' lang='lat' dir='ltr'><strong>quippe</strong></span> <span class='ocrx_word' id='word_1_948' title='bbox 2356 5278 2601 5333; x_wconf 88' lang='lat' dir='ltr'><strong>ordinem</strong></span> <span class='ocrx_word' id='word_1_949' title='bbox 2634 5289 2780 5337; x_wconf 92' lang='lat' dir='ltr'><strong>tenet</strong></span> <span class='ocrx_word' id='word_1_950' title='bbox 2810 5299 2874 5339; x_wconf 91' lang='lat' dir='ltr'><strong>ac</strong></span> <span class='ocrx_word' id='word_1_951' title='bbox 2903 5287 3161 5355; x_wconf 90' lang='lat' dir='ltr'><strong>ministri,</strong></span> <span class='ocrx_word' id='word_1_952' title='bbox 3186 5294 3274 5364; x_wconf 89' lang='lat' dir='ltr'><strong>qui</strong></span> <span class='ocrx_word' id='word_1_953' title='bbox 3306 5312 3401 5352; x_wconf 89' lang='lat' dir='ltr'><strong>cos</strong></span> <span class='ocrx_word' id='word_1_954' title='bbox 3429 5302 3519 5370; x_wconf 91' lang='lat' dir='ltr'><strong>qui</strong></span> <span class='ocrx_word' id='word_1_955' title='bbox 3553 5319 3636 5357; x_wconf 71' lang='lat' dir='ltr'><strong>sa.</strong></span> 
     </span>
    </p>
   </div>
   <div class='ocr_carea' id='block_1_117' title="bbox 2040 5369 3635 5465">
    <p class='ocr_par' dir='ltr' id='par_1_117' title="bbox 2040 5369 3635 5465">
     <span class='ocr_line' id='line_1_117' title="bbox 2040 5369 3635 5465; baseline 0.019 -46"><span class='ocrx_word' id='word_1_956' title='bbox 2040 5369 2204 5423; x_wconf 91' lang='lat' dir='ltr'><strong>lutem</strong></span> <span class='ocrx_word' id='word_1_957' title='bbox 2238 5383 2643 5440; x_wconf 86' lang='lat' dir='ltr'><strong>consequuntur</strong></span> <span class='ocrx_word' id='word_1_958' title='bbox 2674 5376 2817 5431; x_wconf 76' lang='lat' dir='ltr'><strong>P&#39;atri</strong></span> <span class='ocrx_word' id='word_1_959' title='bbox 2852 5377 3030 5437; x_wconf 83' lang='lat' dir='ltr'><strong>oﬂ‘ert.</strong></span> <span class='ocrx_word' id='word_1_960' title='bbox 3060 5382 3197 5451; x_wconf 85' lang='lat' dir='ltr'><strong>Quia</strong></span> <span class='ocrx_word' id='word_1_961' title='bbox 3238 5391 3383 5444; x_wconf 91' lang='lat' dir='ltr'><strong>enim</strong></span> <span class='ocrx_word' id='word_1_962' title='bbox 3422 5394 3598 5465; x_wconf 90' lang='lat' dir='ltr'><strong>inquit</strong></span> <span class='ocrx_word' id='word_1_963' title='bbox 3622 5440 3635 5457; x_wconf 87' lang='lat'><strong>,</strong></span> 
     </span>
    </p>
   </div>
   <div class='ocr_carea' id='block_1_118' title="bbox 2039 5464 3638 5557">
    <p class='ocr_par' dir='ltr' id='par_1_118' title="bbox 2039 5464 3638 5557">
     <span class='ocr_line' id='line_1_118' title="bbox 2039 5464 3638 5557; baseline 0.02 -42"><span class='ocrx_word' id='word_1_964' title='bbox 2039 5477 2175 5557; x_wconf 54' lang='lat' dir='ltr'><strong>nova</strong></span> <span class='ocrx_word' id='word_1_965' title='bbox 2217 5464 2491 5557; x_wconf 74' lang='lat' dir='ltr'><strong>sapientia</strong></span> <span class='ocrx_word' id='word_1_966' title='bbox 2532 5469 2816 5527; x_wconf 75' lang='lat' dir='ltr'><strong>veritatem</strong></span> <span class='ocrx_word' id='word_1_967' title='bbox 2874 5475 3157 5543; x_wconf 70' lang='lat' dir='ltr'><strong>innovari;</strong></span> <span class='ocrx_word' id='word_1_968' title='bbox 3209 5498 3382 5555; x_wconf 88' lang='lat' dir='ltr'><strong>neque</strong></span> <span class='ocrx_word' id='word_1_969' title='bbox 3430 5464 3638 5557; x_wconf 79' lang='lat' dir='ltr'><strong>poterat</strong></span> 
     </span>
    </p>
   </div>
   <div class='ocr_carea' id='block_1_119' title="bbox 2039 5554 3639 5638">
    <p class='ocr_par' dir='ltr' id='par_1_119' title="bbox 2039 5554 3639 5638">
     <span class='ocr_line' id='line_1_119' title="bbox 2039 5554 3639 5638; baseline 0.019 -30"><span class='ocrx_word' id='word_1_970' title='bbox 2039 5554 2184 5608; x_wconf 89' lang='lat' dir='ltr'><strong>enim</strong></span> <span class='ocrx_word' id='word_1_971' title='bbox 2217 5554 2447 5609; x_wconf 82' lang='lat' dir='ltr'><strong>humana</strong></span> <span class='ocrx_word' id='word_1_972' title='bbox 2481 5567 2666 5611; x_wconf 88' lang='lat' dir='ltr'><strong>natura</strong></span> <span class='ocrx_word' id='word_1_973' title='bbox 2693 5578 2789 5631; x_wconf 90' lang='lat' dir='ltr'><strong>per</strong></span> <span class='ocrx_word' id='word_1_974' title='bbox 2816 5579 2875 5618; x_wconf 91' lang='lat' dir='ltr'><strong>se</strong></span> <span class='ocrx_word' id='word_1_975' title='bbox 2896 5567 2964 5620; x_wconf 82' lang='lat' dir='ltr'><strong>ad</strong></span> <span class='ocrx_word' id='word_1_976' title='bbox 2992 5567 3155 5625; x_wconf 90' lang='lat' dir='ltr'><strong>Deum</strong></span> <span class='ocrx_word' id='word_1_977' title='bbox 3184 5554 3447 5633; x_wconf 79' lang='lat' dir='ltr'><strong>accedere</strong></span> <span class='ocrx_word' id='word_1_978' title='bbox 3478 5598 3492 5631; x_wconf 90' lang='lat'><strong><em>:</em></strong></span> <span class='ocrx_word' id='word_1_979' title='bbox 3519 5581 3639 5638; x_wconf 85' lang='lat' dir='ltr'><strong>ideo</strong></span> 
     </span>
    </p>
   </div>
   <div class='ocr_carea' id='block_1_120' title="bbox 2040 5648 3640 5728">
    <p class='ocr_par' dir='ltr' id='par_1_120' title="bbox 2040 5648 3640 5728">
     <span class='ocr_line' id='line_1_120' title="bbox 2040 5648 3640 5728; baseline 0.017 -27"><span class='ocrx_word' id='word_1_980' title='bbox 2040 5648 2249 5702; x_wconf 85' lang='lat' dir='ltr'><strong>medius</strong></span> <span class='ocrx_word' id='word_1_981' title='bbox 2276 5650 2414 5704; x_wconf 83' lang='lat' dir='ltr'><strong>inter</strong></span> <span class='ocrx_word' id='word_1_982' title='bbox 2452 5662 2686 5708; x_wconf 87' lang='lat' dir='ltr'><strong>creatam</strong></span> <span class='ocrx_word' id='word_1_983' title='bbox 2718 5665 2772 5711; x_wconf 91' lang='lat' dir='ltr'><strong>et</strong></span> <span class='ocrx_word' id='word_1_984' title='bbox 2821 5657 3115 5717; x_wconf 89' lang='lat' dir='ltr'><strong>incrcatam</strong></span> <span class='ocrx_word' id='word_1_985' title='bbox 3169 5674 3417 5723; x_wconf 87' lang='lat' dir='ltr'><strong>naturam</strong></span> <span class='ocrx_word' id='word_1_986' title='bbox 3472 5670 3640 5728; x_wconf 79' lang='lat' dir='ltr'><strong>Filius</strong></span> 
     </span>
    </p>
   </div>
   <div class='ocr_carea' id='block_1_121' title="bbox 2041 5739 3638 5821">
    <p class='ocr_par' dir='ltr' id='par_1_121' title="bbox 2041 5739 3638 5821">
     <span class='ocr_line' id='line_1_121' title="bbox 2041 5739 3638 5821; baseline 0.019 -30"><span class='ocrx_word' id='word_1_987' title='bbox 2041 5742 2299 5796; x_wconf 80' lang='lat' dir='ltr'><strong>mundum</strong></span> <span class='ocrx_word' id='word_1_988' title='bbox 2330 5739 2487 5799; x_wconf 71' lang='lat' dir='ltr'><strong>odert</strong></span> <span class='ocrx_word' id='word_1_989' title='bbox 2540 5746 2672 5803; x_wconf 79' lang='lat' dir='ltr'><strong>Deo.</strong></span> <span class='ocrx_word' id='word_1_990' title='bbox 2704 5748 2750 5805; x_wconf 92' lang='grc' dir='ltr'><strong>Ο</strong></span> <span class='ocrx_word' id='word_1_991' title='bbox 2802 5767 2996 5809; x_wconf 89' lang='lat' dir='ltr'><strong>novam</strong></span> <span class='ocrx_word' id='word_1_992' title='bbox 3035 5756 3299 5815; x_wconf 87' lang='lat' dir='ltr'><strong>insaniam</strong></span> <span class='ocrx_word' id='word_1_993' title='bbox 3329 5762 3343 5817; x_wconf 73' lang='grc' dir='ltr'>Σ</span> <span class='ocrx_word' id='word_1_994' title='bbox 3376 5780 3408 5819; x_wconf 95' lang='lat' dir='ltr'><strong>o</strong></span> <span class='ocrx_word' id='word_1_995' title='bbox 3440 5780 3638 5821; x_wconf 87' lang='lat' dir='ltr'><strong>novam</strong></span> 
     </span>
    </p>
   </div>
   <div class='ocr_carea' id='block_1_122' title="bbox 2043 5830 3638 5930">
    <p class='ocr_par' dir='ltr' id='par_1_122' title="bbox 2043 5830 3638 5930">
     <span class='ocr_line' id='line_1_122' title="bbox 2043 5830 3638 5930; baseline 0.019 -45"><span class='ocrx_word' id='word_1_996' title='bbox 2043 5830 2307 5889; x_wconf 76' lang='lat' dir='ltr'><strong>fabulam!</strong></span> <span class='ocrx_word' id='word_1_997' title='bbox 2343 5839 2614 5893; x_wconf 74' lang='lat' dir='ltr'><strong>excellens</strong></span> <span class='ocrx_word' id='word_1_998' title='bbox 2642 5843 2811 5898; x_wconf 75' lang='lat' dir='ltr'><strong>l’a&#39;rts</strong></span> <span class='ocrx_word' id='word_1_999' title='bbox 2878 5848 3090 5905; x_wconf 80' lang='lat' dir='ltr'><strong>bonitas</strong></span> <span class='ocrx_word' id='word_1_1000' title='bbox 3121 5855 3460 5923; x_wconf 84' lang='lat' dir='ltr'><strong>periclitatur</strong></span> <span class='ocrx_word' id='word_1_1001' title='bbox 3498 5862 3638 5930; x_wconf 87' lang='lat' dir='ltr'><strong>apud</strong></span> 
     </span>
    </p>
   </div>
   <div class='ocr_carea' id='block_1_123' title="bbox 3210 5940 3290 6000">
    <p class='ocr_par' dir='ltr' id='par_1_123' title="bbox 3210 5940 3290 6000">
     <span class='ocr_line' id='line_1_123' title="bbox 3210 5940 3290 6000; baseline 0.013 -1"><span class='ocrx_word' id='word_1_1002' title='bbox 3210 5940 3290 6000; x_wconf 76' lang='lat'>27</span> 
     </span>
    </p>
   </div>
  </div>
