4138 6450
494 328 597 385 555

500 443 813 513 haereticos,
835 439 927 511 qui
954 436 1259 493 divinitatis
1293 433 1602 505 dignitatem
1631 433 1940 488 obscurant.
1972 429 2078 485 Ve-

498 549 615 587 rum
646 533 1023 587 luereticorum
1057 527 1266 583 insania
1298 526 1528 593 ferocit;
1561 524 1871 580 Servatoris
1898 531 2080 576 autem

494 633 736 691 potestas
788 638 892 675 non
950 620 1251 677 minuitur.
1310 615 1480 687 gloria
1532 630 1638 670 non
1687 614 2080 683 exetinguitur,

499 715 665 781 gratia
715 726 823 767 non
851 711 1134 766 evertitur.
1164 709 1223 763 Si
1255 725 1348 762 nos
1373 749 1390 772 ,
1442 708 1650 777 inquit,
1693 705 2039 776 negaverimus
2062 744 2077 768 ,

498 808 584 861 ille
628 805 798 874 ﬁdelis
851 814 1016 857 manet
1062 801 1159 875 (9.
1186 800 1316 855 Tim.
1341 800 1395 854 2.
1428 802 1561 870 15):
1605 800 1841 868 seipsutn
1887 797 2084 867 quippe

498 913 694 967 twgare
724 912 829 951 non
863 904 1057 965 potest.
1095 893 1208 946 Una
1257 892 1410 946 sedet
1437 893 1509 944 ob
1554 890 1866 960 dignitatem
1897 902 2081 948 suam;

497 998 603 1042 stat
631 1002 763 1059 vero
792 997 852 1040 ut
878 984 1131 1040 sacerdos
1160 986 1234 1038 ob
1262 982 1366 1037 sibi
1401 983 1641 1036 innatam
1676 980 2080 1050 benignitatem.

567 1080 623 1134 5.
654 1079 719 1132 Et
747 1093 857 1131 rem
902 1076 1093 1131 miram
1122 1074 1430 1137 considera,
1469 1073 1653 1128 frater.
1683 1074 1816 1140 Quia
1846 1072 1899 1125 in
1943 1070 2082 1124 servi

500 1171 745 1225 ordinem
770 1180 824 1224 et
852 1168 1084 1223 ministri
1116 1168 1340 1221 formam
1377 1163 1494 1219 hcce
1536 1165 1703 1219 verba
1727 1163 2083 1230 detorquent,

502 1263 668 1317 Nemo
719 1265 854 1317 venit
892 1262 958 1315 ad
1002 1260 1211 1314 Patrem
1236 1300 1252 1323 ,
1280 1260 1377 1312 nisi
1408 1274 1497 1328 per
1546 1273 1623 1310 me
1670 1254 1850 1327 (Joan.
1890 1255 1973 1307 14.
2003 1252 2082 1324 6).

498 1356 866 1412 necessarium
896 1363 979 1409 est
1024 1353 1091 1408 ad
1123 1352 1409 1407 hereticos
1451 1349 1739 1419 impietatis
1765 1349 1969 1401 crimen
2001 1362 2087 1400 re-

502 1460 777 1518 torquere.
805 1448 861 1503 Si
892 1445 1034 1514 quod
1065 1446 1208 1500 Patri
1240 1444 1408 1498 Filius
1435 1441 1648 1506 oderat,
1683 1440 1734 1494 id
1765 1439 2079 1509 dignitatem

505 1540 784 1595 oﬂ'ereutis
816 1539 996 1603 tollit;
1029 1537 1071 1589 si
1104 1536 1316 1591 Patrem
1345 1533 1528 1588 videas
1558 1533 1697 1588 Filio
1745 1531 2081 1595 oﬂ'ereutcm,

502 1633 631 1686 illuc
657 1631 985 1700 impietatem
1011 1628 1277 1683 extendis.
1302 1627 1533 1681 Maxime
1566 1640 1696 1695 ergo
1721 1664 1735 1688 ,
1767 1623 1894 1678 dum
1924 1623 2086 1690 impie

500 1727 614 1796 agis
658 1724 712 1779 in
757 1722 984 1788 Filium,
1036 1722 1089 1775 in
1142 1720 1355 1775 Patrem
1408 1718 1767 1787 blasphemas.
1804 1715 1870 1770 Ut
1916 1728 2084 1783 ergo,

502 1816 714 1879 fratres,
744 1814 795 1868 in
826 1813 991 1868 verbo
1025 1811 1239 1880 pietatis
1258 1818 1314 1864 et
1338 1809 1581 1864 veritatis
1610 1807 1907 1877 nequitiam
1930 1820 2083 1858 com-

503 1910 793 1978 primamns
820 1947 833 1968 ,
869 1915 923 1959 et
972 1904 1112 1972 piam
1158 1904 1480 1957 sententiam
1525 1900 1863 1954 declaremus
1891 1898 1908 1967 (
1936 1894 2093 1949 Virus

494 2013 571 2056 est
601 2001 731 2054 enim
759 2016 922 2053 sermo
954 1996 1048 2051 Dei
1069 2007 1114 2052 et
1142 1996 1338 2069 efﬁcax,
1364 2005 1410 2048 et
1429 1992 1786 2065 penetrabilior
1806 1992 1942 2046 omni
1972 1990 2089 2060 gla-

494 2094 585 2147 dio
612 2092 820 2163 ancipiti
849 2089 1048 2164 (Hebr.
1077 2091 1132 2145 4.
1159 2087 1267 2162 12]
1303 2107 1316 2143 :
1347 2088 1582 2159 gladium
1603 2086 1892 2156 ancipitem
1910 2094 2087 2147 vocat,

499 2187 624 2257 quia
654 2185 853 2255 duplici
896 2184 1058 2237 utitur
1088 2196 1341 2238 sermone
1362 2180 1500 2243 ,alio
1532 2182 1812 2242 ﬁrmante.
1835 2176 1943 2232 alio
1965 2174 2093 2229 sub-

497 2286 774 2337 vertente;
802 2274 1146 2329 subvertente
1170 2272 1534 2335 adversarios,
1566 2271 1812 2325 ﬁrmante
1833 2268 2091 2323 domesti-

500 2387 594 2425 cos
626 2367 771 2436 lidei)
790 2387 802 2420 :
821 2366 942 2420 audi
969 2367 1142 2435 ipsum
1171 2366 1453 2420 Dominum
1475 2362 1742 2419 dicentem
1769 2379 1783 2416 :
1810 2359 1973 2414 Nemo
2000 2374 2093 2428 po-

500 2472 593 2518 test
619 2462 783 2516 venire
804 2458 873 2512 ad
892 2476 971 2514 me
992 2499 1010 2526 ,
1033 2458 1131 2512 nisi
1154 2455 1311 2510 Pater
1338 2472 1477 2510 meus
1496 2454 1712 2509 ctelestis
1742 2452 1950 2506 traxerit
1979 2466 2094 2503 eum

502 2554 749 2628 (Joan.6.
777 2554 891 2625 44).
920 2550 1293 2609 Necessarium
1322 2558 1501 2604 autem
1522 2556 1625 2614 est,
1656 2547 1866 2613 fratres,
1894 2561 1956 2601 ea
1972 2560 2094 2616 qua

502 2654 801 2716 opportuna
842 2652 968 2698 sunt
983 2642 1254 2699 haereticis
1283 2641 1467 2696 dicere
1490 2680 1507 2705 ,
1530 2650 1586 2694 et
1606 2639 1747 2694 hanc
1769 2638 2091 2693 sententiam

503 2736 626 2792 ﬁdei
657 2737 781 2791 ﬁliis
805 2735 1093 2790 inculcare.
1122 2735 1231 2789 Cur
1251 2732 1396 2787 illam
1412 2731 1737 2787 oblationem
1763 2730 2092 2801 unigenitum

504 2831 596 2885 Dei
611 2828 847 2884 Verbum
875 2827 1074 2892 divisit,
1107 2826 1268 2881 modo
1282 2825 1467 2880 dicens
1478 2824 1548 2879 ab
1562 2823 1798 2890 sePatri,
1813 2823 1971 2877 modo
1993 2822 2093 2877 sibi

503 2936 533 2975 a
560 2920 718 2975 Patre
744 2918 964 2974 olierri?
993 2932 1166 2987 neque
1204 2916 1349 2971 enim
1367 2930 1428 2971 ea
1444 2930 1563 2985 quae
1577 2914 1644 2969 ad
1674 2913 1909 2968 divinam
1940 2921 2095 2968 natu-

503 3027 618 3068 ram
638 3011 904 3079 pertinent
917 3007 1346 3072 confunduntur;
1365 3006 1460 3062 sed
1474 3009 1692 3061 verbum
1717 3005 1956 3061 veritatis
1979 3006 2093 3075 pla-

505 3117 630 3157 num
658 3111 710 3154 et
735 3100 1041 3155 distinctum
1060 3109 1159 3163 est,
1191 3098 1320 3153 nihil
1346 3099 1547 3153 habens
1566 3098 1841 3168 obliquum
1870 3108 1962 3151 aut
1985 3108 2095 3152 tor—

506 3206 716 3251 tuosum
749 3212 761 3248 :
790 3192 973 3245 Omnes
992 3192 1131 3245 enim
1164 3191 1255 3243 via:
1272 3189 1473 3243 Domini
1494 3200 1643 3243 rectm
1665 3188 1835 3258 (Prol.
1858 3187 1948 3245 24.
1977 3188 2092 3260 10).

579 3285 719 3338 Deus
743 3284 995 3354 quantodo
1020 3293 1135 3349 stet,
1159 3282 1413 3350 quomodo
1444 3282 1631 3336 sedeat.
1656 3311 1726 3322 —
1758 3282 1895 3336 Num
1922 3297 2054 3351 ergo
2073 3322 2089 3348 ,

507 3378 725 3442 fratres,
750 3376 931 3439 Pater,
966 3374 1126 3429 modo
1153 3374 1348 3429 sedens
1375 3374 1678 3444 primasque
1719 3384 1928 3440 tenens,
1947 3372 2095 3428 obla-

506 3480 590 3524 tos
620 3468 839 3536 recipit;
873 3466 1032 3522 modo
1062 3466 1197 3521 Filio
1218 3506 1234 3528 ,
1261 3466 1311 3520 in
1360 3465 1507 3535 regio
1539 3465 1724 3520 habitu
1776 3464 1983 3520 sedenti
2032 3475 2089 3519 et

509 3562 708 3632 primas
741 3561 964 3624 tenenti,
994 3559 1235 3614 debitum
1269 3557 1447 3612 reddit
1473 3568 1530 3612 et
1560 3558 1613 3612 itt
1644 3558 1877 3612 ministri
1902 3557 2094 3613 ordine

506 3652 769 3722 quosdam
798 3652 934 3707 Filio
965 3650 1160 3707 aﬁ'ert?
1184 3651 1341 3704 Absit
1367 3669 1380 3704 :
1415 3665 1541 3703 nam
1580 3649 1632 3703 in
1683 3650 1792 3703 Deo
1815 3689 1828 3713 ,
1859 3664 1983 3703 cum
2009 3663 2097 3703 se-

508 3748 633 3801 dem
661 3744 783 3814 quis
812 3744 1075 3807 nominat,
1123 3757 1228 3797 non
1258 3742 1421 3796 debet
1449 3741 1743 3795 humanum
1773 3741 1975 3810 aliquid
2002 3756 2095 3795 co-

512 3838 685 3907 gitare
711 3851 726 3899 ;
753 3849 928 3904 neque
958 3849 1080 3887 cum
1112 3843 1257 3887 stare
1291 3833 1430 3886 Deus
1462 3831 1678 3895 dicitur,
1706 3831 1757 3884 id
1788 3831 1951 3886 debet
1995 3831 2094 3884 lut-

509 3941 670 3981 mano
699 3940 850 3980 more
895 3924 1137 3992 intelligi.
1163 3921 1219 3977 Si
1250 3923 1416 3976 Deum
1468 3932 1615 3976 stare
1644 3921 1830 3975 audias
1853 3962 1868 3988 ,
1902 3921 2097 3976 divina:

510 4017 825 4073 substantia:
852 4024 1054 4071 rectam
1083 4013 1392 4068 ﬁrmitatem
1441 4012 1680 4082 intellige
1709 4029 1723 4065 :
1753 4014 1796 4067 si
1840 4014 1987 4084 legas
2012 4014 2096 4069 vel

510 4110 698 4165 audias
719 4109 892 4179 ipsum
922 4105 1134 4172 sedere,
1160 4106 1539 4160 inconcussam
1568 4105 1738 4159 beaue
1762 4112 1967 4159 natura!
1991 4114 2103 4159 sta-

513 4202 772 4258 bilitatem
811 4200 1007 4271 cogita.
1039 4198 1159 4269 Ipse
1185 4196 1317 4253 dicit
1344 4212 1402 4252 se
1433 4208 1578 4253 stare
1604 4207 1659 4254 et
1680 4196 1871 4253 sedere
1895 4216 1908 4252 :
1928 4198 2099 4270 Moysi

510 4294 640 4349 dicit
666 4311 681 4349 :
712 4290 795 4347 Tu
823 4301 901 4346 sta
921 4291 1003 4344 hic
1032 4305 1248 4343 mecum.
1272 4287 1340 4343 Et
1362 4298 1468 4342 erat
1494 4288 1637 4344 locus
1664 4289 1750 4343 ubi
1767 4290 1933 4344 stabat
1958 4290 2099 4345 Deus

514 4384 721 4451 Israel,
768 4383 915 4455 quasi
952 4382 1085 4454 lapis
1112 4381 1345 4453 sapphiri
1371 4381 1565 4454 (Exod.
1594 4382 1682 4437 54.
1705 4382 1759 4436 2.
1784 4392 1830 4435 et
1862 4381 1952 4437 21.
1985 4382 2096 4455 10).

516 4479 811 4549 Diligenter
833 4473 1203 4530 animadverte
1247 4473 1504 4545 :Moyses
1544 4482 1777 4529 stantem
1823 4474 1949 4530 dicit
1981 4517 1994 4541 ,
2047 4484 2103 4530 et

515 4573 658 4628 Deus
681 4569 847 4641 Moysi
878 4567 1031 4638 quasi
1057 4576 1227 4633 stans,
1250 4566 1382 4621 dicit
1407 4584 1420 4619 :
1449 4565 1549 4620 Sta
1572 4583 1790 4621 mecum.
1809 4566 1949 4633 Quid
1973 4583 2103 4638 ergo

513 4677 830 4720 censeamus
853 4660 922 4716 de
945 4659 1180 4716 Jeremia
1203 4658 1438 4723 dicente,
1457 4656 1537 4712 Tu
1557 4657 1737 4713 sedens
1756 4660 1809 4712 in
1834 4659 2101 4725 saeuiunt,

516 4766 575 4813 et
613 4770 710 4810 nos
757 4754 998 4825 perimus
1047 4753 1099 4806 in
1132 4750 1431 4806 saeculum?
1459 4749 1632 4806 Sedes
1674 4760 1729 4805 et
1774 4752 1939 4807 statio
1978 4760 2107 4806 sunt

517 4853 747 4906 humana
764 4849 948 4912 verba,
979 4845 1073 4901 sed
1103 4858 1296 4900 sensus
1326 4854 1408 4899 est
1442 4843 1678 4899 divinus.
1708 4843 1841 4911 Quia
1871 4844 2103 4901 humana

521 4945 630 4999 vita
660 4943 763 4998 huc
791 4941 916 4996 illuc
962 4937 1347 5007 circumagitur
1372 4979 1386 5002 ,
1433 4936 1572 4991 Deus
1614 4946 1760 4991 stare
1785 4937 2019 5005 dicitur;
2051 4946 2107 4993 et

515 5035 637 5106 quia
672 5047 770 5088 nos
815 5031 1038 5085 minime
1083 5028 1219 5082 lirmi
1266 5027 1652 5098 instabilesque
1692 5042 1912 5097 sumus,
1964 5029 2108 5085 Deus

518 5126 714 5182 dicitur
731 5123 921 5180 sedere
943 5122 1012 5177 ob
1028 5119 1375 5176 stabilitatem
1394 5134 1544 5176 suam
1569 5139 1582 5175 :
1600 5119 1745 5190 quod
1765 5120 1907 5176 enim
1933 5121 2105 5188 sedet,

520 5219 732 5273 lirmum
759 5225 861 5271 est.
882 5213 1027 5284 Fuge
1046 5212 1137 5266 illa
1158 5226 1276 5281 qua:
1305 5212 1404 5267 tibi
1429 5227 1497 5266 ex
1523 5211 1745 5266 vocibus
1759 5212 2104 5282 objiciuntur,

521 5317 574 5364 et
587 5307 757 5377 cogita
771 5306 857 5360 illa
873 5320 992 5374 qua:
1005 5320 1099 5374 per
1112 5302 1273 5358 ﬁdem
1288 5301 1962 5373 pereipiuntur.Quomodo
1977 5317 2110 5373 ergo

520 5399 680 5455 offert
689 5398 831 5454 Patri
851 5396 1039 5452 Filios?
1056 5395 1326 5468 quomodo
1342 5397 1498 5451 Pater
1510 5394 1674 5450 Filio?
1691 5411 1863 5466 neque
1878 5398 2020 5449 enim
2037 5395 2115 5450 di-

521 5503 665 5547 ctum
683 5489 812 5545 illud
833 5489 951 5545 sine
975 5488 1219 5544 examine
1238 5486 1644 5559 relinquendum
1667 5497 1768 5543 est.
1798 5487 1954 5543 Pater
1966 5485 2104 5542 Filio

523 5582 780 5653 quosdam
800 5581 1119 5651 conspicuos
1136 5588 1192 5634 et
1213 5579 1465 5651 probatos
1490 5579 1648 5635 oll‘ert
1665 5596 1680 5645 ;
1699 5579 1867 5635 Filius
1896 5592 2108 5650 quoque

523 5675 666 5729 Patri
682 5673 945 5745 quosdam
958 5672 1276 5743 conspicuos
1290 5682 1346 5728 et
1366 5672 1618 5743 probatos
1634 5672 1811 5729 oﬁ'ert.
1826 5673 1900 5729 Ne
1913 5684 1967 5729 ιιι
1983 5688 2116 5744 prae-

524 5780 812 5840 occupans,
830 5765 1029 5823 dictum
1047 5766 1113 5823 ad
1130 5765 1452 5825 calumniam
1472 5765 1726 5837 abripias,
1745 5767 1838 5822 sed
1860 5774 2109 5838 exspecta

1630 314 1999 375 SEVERIANI
2050 314 2396 371 GABALOR.
2438 316 2652 373 EPISC.

3675 322 3787 377 553

2200 428 2357 485 linem
2388 439 2445 486 et
2470 429 2707 492 dedit-to
2738 430 2915 501 judico
2949 449 3055 489 :ne
3076 433 3153 489 sis
3174 432 3338 503 judex
3368 430 3652 499 inimicus,
3685 440 3776 488 sed

2191 530 2533 576 concertator
2547 522 2861 578 benevolus.
2880 523 2935 577 In
2956 523 3113 580 Israel
3132 525 3202 579 De
3210 541 3272 580 us
3286 532 3343 579 et
3361 525 3519 580 Pater
3533 526 3780 594 cognitus

2190 623 2328 680 erat,
2353 613 2521 669 Filius
2543 615 2924 685 ignorabatur:
2955 617 3094 685 apud
3121 628 3311 687 gentes
3337 626 3515 672 autem
3545 626 3603 672 et
3621 617 3779 672 Pater

2192 704 2597 775 ignorabaturet
2611 706 2805 761 Filius:
2828 723 2949 763 nam
2964 709 3338 779 multiplicium
3355 710 3577 764 deorum
3593 724 3787 765 errore

2188 796 2592 852 detinebantur.
2630 797 2728 853 Ubi
2760 798 2921 868 igitur
2945 800 3107 854 Pater
3134 811 3294 855 notus
3321 812 3424 865 est,
3458 800 3625 856 Filius
3650 816 3783 856 vero

2192 889 2470 957 ignoratur
2495 930 2509 953 ,
2544 890 2710 959 ignoti
2759 890 2883 945 Filii
2938 892 3205 960 interpres
3225 904 3308 947 est
3352 892 3532 947 Pater.
3561 892 3782 947 Sermo-

2192 996 2314 1035 nem
2342 996 2634 1047 resumam,
2665 992 2721 1036 ιιι
2748 983 3160 1053 intelligentiam
3208 993 3463 1039 statuam.
3486 984 3589 1040 Ubi
3620 985 3784 1040 Pater

2193 1085 2350 1131 notus
2376 1084 2491 1142 est,
2514 1076 2584 1132 de
2609 1077 2746 1133 Filio
2773 1088 2953 1134 autem
2982 1079 3259 1133 dubitatur
3279 1119 3294 1144 ,
3328 1088 3491 1133 notus
3526 1080 3691 1149 ignoti
3722 1079 3785 1133 lit

2192 1168 2455 1239 interpres
2484 1186 2501 1224 :
2531 1171 2617 1224 ubi
2667 1172 2824 1226 Pater
2869 1173 3166 1243 ignoratur,
3195 1172 3358 1242 ignoti
3387 1189 3565 1245 praeco
3611 1174 3785 1229 Filius

2190 1259 2444 1315 efﬁcitur.
2486 1261 2646 1327 Ideo,
2678 1272 2737 1316 nt
2776 1273 3086 1319 accuratum
3124 1265 3389 1320 dictorum
3417 1281 3644 1321 examen
3687 1281 3781 1319 ac.

2191 1352 2395 1420 cipias,
2447 1369 2766 1423 sponsorem
2813 1357 2904 1412 tibi
2955 1358 3300 1427 Evnngelium
3356 1359 3595 1428 praebeo.
3644 1359 3782 1413 Dicit

2192 1444 2449 1500 Servator
2474 1447 2541 1500 de
2566 1449 2841 1515 gentibus:
2872 1449 3076 1504 Nomen
3100 1460 3240 1504 tuum
3258 1453 3578 1524 mani/esttibi
3590 1453 3782 1506 mundo

2193 1534 2377 1602 (Joan.
2412 1538 2500 1591 17.
2526 1537 2624 1608 6);
2677 1540 2785 1595 imo
2827 1540 3091 1610 ignoranti
3148 1542 3349 1597 mundo
3389 1558 3585 1597 nomen
3630 1553 3780 1597 tuum

2196 1628 2736 1699 tnanil'estavi.Quod
2783 1649 2976 1687 nomen
3014 1634 3416 1690 manifestavit?
3451 1636 3604 1702 Quod
3641 1637 3788 1690 Deus

2193 1728 2357 1773 esset.
2382 1722 2538 1786 Atqui
2582 1724 2819 1793 cognitio
2848 1740 3044 1780 nomen
3098 1738 3573 1798 prmoccupaverat
3601 1746 3613 1780 :
3655 1745 3778 1782 nam

2194 1811 2353 1864 etiam
2382 1812 2470 1879 qui
2502 1813 2552 1865 in
2594 1829 2784 1868 errore
2825 1824 3143 1883 versantur,
3183 1817 3348 1872 Deum
3370 1818 3583 1882 dicunt;
3612 1826 3667 1871 et
3693 1819 3783 1887 qui

2201 1916 2230 1953 a
2262 1901 2457 1969 pietate
2483 1913 2608 1957 sunt
2634 1903 2826 1972 alieni,
2863 1922 3058 1962 nomen
3086 1924 3194 1962 non
3246 1921 3465 1979 negant.
3499 1908 3788 1974 Quodnam-

2194 2008 2323 2063 ergo
2370 2010 2567 2048 nomen
2617 1997 3033 2053 tnanil‘estavit?
3078 1998 3234 2065 Quod
3279 1999 3439 2055 Pater
3490 2009 3715 2055 vocetur
3763 2017 3779 2051 :

2197 2081 2526 2154 Manifestan
2572 2104 2753 2141 nomen
2797 2099 2940 2143 tuum
2983 2091 3194 2145 mundo.
3230 2086 3413 2147 Viden'
3448 2076 3589 2162 quod
3617 2133 3634 2159 ,
3692 2093 3785 2148 ubi

2195 2177 2354 2234 Pater
2380 2180 2594 2251 ignotus
2620 2193 2722 2249 est,
2748 2181 2915 2238 Filius
2945 2184 3017 2238 sit
3041 2183 3331 2255 interpres,
3357 2186 3445 2255 qui
3472 2202 3566 2256 per
3594 2185 3785 2256 praedi-

2195 2272 2458 2327 cationem
2485 2275 2848 2343 evangelicum
2874 2285 3164 2331 veritatem
3192 2276 3427 2332 declaret
3463 2295 3475 2331 :
3510 2277 3599 2331 ubi
3653 2292 3792 2332 vero

2197 2362 2357 2417 Pater
2382 2375 2542 2418 notus
2583 2380 2708 2421 esse
2737 2367 3024 2435 putabatur
3072 2367 3345 2439 Piliusque
3382 2369 3595 2440 ignotus
3623 2383 3739 2424 erat
3765 2412 3782 2434 ,

2198 2454 2361 2509 Pater
2381 2456 2545 2526 ignoti
2594 2458 2860 2526 interpres
2909 2458 3028 2513 fuit.
3070 2459 3314 2530 Exempli
3344 2475 3503 2515 causa
3530 2502 3546 2528 ,
3572 2472 3630 2515 ut
3657 2462 3792 2531 ipsis

2199 2548 2360 2603 rebus
2389 2552 2668 2604 veritatem
2700 2550 3065 2606 demonstrem
3100 2570 3116 2607 :
3145 2552 3344 2608 Paulus
3390 2553 3557 2609 Deum
3613 2569 3788 2609 nove-

2199 2650 2284 2694 hri.
2304 2681 2320 2704 ,
2349 2639 2541 2695 Filium
2588 2657 2695 2695 non
2746 2652 2973 2698 noverat
3005 2662 3023 2698 :
3062 2654 3223 2698 norat
3250 2645 3416 2701 Deum
3437 2686 3452 2709 ,
3487 2662 3594 2700 non
3628 2657 3786 2701 norat

2202 2732 2366 2788 Deum
2398 2748 2524 2788 esse
2549 2732 2748 2790 Christi
2790 2735 3001 2791 Patrem
3023 2755 3037 2791 :
3059 2747 3282 2808 eratque
3327 2739 3539 2808 pietatis
3568 2739 3776 2793 studio-

2197 2840 2311 2891 sus,
2343 2841 2406 2880 ae
2434 2841 2530 2897 pro
2550 2827 2666 2898 lege
2688 2829 2974 2899 pugnabat.
3006 2831 3149 2886 Deus
3179 2831 3351 2886 zelum
3373 2832 3612 2902 respexit
3637 2832 3791 2903 igno-

2199 2917 2371 2972 rantia
2412 2919 2652 2988 plenum,
2702 2920 2796 2974 sed
2837 2920 3014 2975 studio
3055 2920 3369 2977 ardentem:
3402 2932 3461 2978 et
3486 2923 3613 2993 quid
3643 2925 3789 2992 agit?

2199 3009 2533 3063 demonstrat
2561 3010 2830 3079 ignoranti
2878 3012 3140 3081 ignotum.
3182 3012 3317 3080 Quis
3347 3013 3502 3069 nobis
3533 3014 3648 3068 haec
3689 3029 3788 3068 ex-

2201 3100 2452 3169 plicabit?
2495 3100 2544 3156 Is
2588 3101 2726 3171 ipse,
2756 3103 2845 3172 qni
2874 3103 3166 3174 aliquando
3197 3106 3481 3174 ignoravit,
3514 3116 3565 3161 et
3602 3117 3787 3175 postea

2197 3192 2486 3261 cognovit;
2526 3193 2619 3262 qui
2649 3192 2940 3262 aliiuando
2968 3204 3330 3265 persequutus
3369 3207 3474 3262 est,
3506 3206 3564 3251 et
3605 3207 3789 3267 postea

2202 3285 2527 3353 prmdicavit.
2552 3285 2689 3354 Quid
2717 3287 2863 3341 enim
2894 3287 3005 3341 ait?
3033 3286 3099 3340 Et
3129 3304 3268 3341 eram
3311 3289 3524 3343 tumulus
3568 3300 3793 3359 paterna:

2200 3376 2342 3446 legis,
2358 3393 2515 3446 supra
2532 3378 2733 3431 modum
2754 3394 3053 3449 persequens
3070 3378 3345 3434 Ecclesium
3361 3379 3474 3434 Dei.
3487 3380 3611 3436 Cum
3625 3393 3794 3436 autem

2200 3465 2312 3522 Deo
2337 3469 2628 3539 placuisset,
2663 3472 2750 3540 qui
2777 3487 2857 3525 me
2881 3474 3159 3542 segregavit
3189 3489 3251 3526 ea:
3277 3484 3421 3527 utero
3444 3476 3621 3529 matris
3647 3492 3789 3537 meae.

2202 3573 2247 3613 et
2269 3565 2462 3615 uocauit
2489 3578 2581 3631 per
2601 3563 2821 3632 gratiam
2850 3580 2995 3617 suam
3020 3564 3243 3618 reuelare
3261 3563 3452 3618 Filium
3477 3582 3624 3618 suum
3646 3568 3796 3619 inme

2203 3650 2347 3722 (Gal.
2381 3652 2426 3705 l.
2456 3652 2543 3706 14.
2568 3652 2654 3707 13.
2680 3652 2791 3723 15),
2815 3662 2920 3707 etc.
2944 3653 3336 3708 Testimonium
3359 3656 3554 3725 quippe
3574 3657 3791 3711 allatum

2202 3743 2381 3797 estad
2407 3743 2693 3813 quaesitum
2738 3744 3243 3810 demonstrandum,
3280 3762 3386 3800 non
3418 3747 3484 3801 ad
3517 3748 3620 3802 loci
3653 3749 3796 3804 illius

2204 3837 2905 3905 speculationem.Rursum
2945 3839 3201 3894 Senator
3245 3842 3521 3910 apostolos
3565 3843 3796 3897 interro-

2203 3940 2325 4001 gat:
2351 3928 2514 3995 Quem
2554 3946 2634 3983 me
2684 3932 2857 3983 dicunt
2906 3931 3133 3985 homines
3181 3947 3289 3987 esse
3336 3931 3530 3986 Filium
3575 3935 3796 3987 hominis

2206 4022 2423 4092 (Matth.
2456 4023 2543 4077 16.
2575 4024 2706 4094 15)?
2738 4024 3057 4095 lnterrogat,
3092 4040 3201 4078 non
3230 4033 3291 4079 ut
3334 4025 3526 4089 discat,
3573 4026 3668 4080 sed
3716 4036 3794 4089 ut,

2205 4112 2427 4180 depulsa
2475 4115 2580 4168 alia
2635 4114 2913 4185 Opinione,
2966 4115 3248 4170 veritatem
3279 4115 3477 4171 ﬁrmet.
3513 4117 3675 4184 Quem
3718 4135 3800 4172 me

2205 4205 2377 4258 dicunt
2402 4205 2665 4259 homines?
2682 4205 2926 4274 Apostoli
2952 4204 3185 4275 primum
3207 4206 3495 4261 multorum
3514 4209 3799 4278 opiniones

2209 4296 2482 4351 referunt:
2506 4295 2631 4362 Alii,
2672 4295 2940 4366 inquiunt,
2977 4295 3200 4361 Heliam,
3235 4297 3325 4352 alii
3364 4297 3657 4365 Jeremt'au,
3706 4312 3798 4353 aut

2207 4404 2364 4441 unum
2394 4404 2458 4442 ea:
2485 4388 2745 4459 prophetis
2774 4387 2882 4458 (Ib.
2929 4404 2977 4441 υ.
3024 4389 3137 4457 14).
3177 4390 3314 4457 Quid
3346 4405 3474 4460 ergo
3505 4391 3799 4446 Servatur?

2210 4481 2384 4536 Falsis
2410 4482 2752 4550 opinionibus
2779 4481 2913 4535 nihil
2946 4481 3258 4550 respondet,
3281 4483 3425 4552 quod
3445 4483 3800 4552 responsione

2210 4574 2452 4642 indignas
2478 4573 2714 4642 judicet:
2762 4571 2858 4625 Vos
2882 4582 3050 4625 autent
3077 4589 3225 4644 quem
3250 4590 3328 4627 me
3348 4591 3455 4628 esse
3491 4575 3660 4629 dicitis
3686 4573 3796 4644 (Ib.

2209 4681 2256 4718 υ.
2284 4664 2412 4733 l5)?
2444 4679 2550 4718 non
2583 4679 2715 4717 curo
2744 4663 2942 4717 multos
2970 4663 3090 4717 illos
3118 4672 3380 4731 errantes,
3412 4665 3509 4719 sed
3539 4682 3634 4720 vos
3657 4682 3801 4735 pra:-

2212 4774 2399 4813 cones.
2430 4757 2563 4823 Quia
2594 4758 2740 4812 enim
2774 4770 2867 4809 vos
2915 4757 3047 4810 estis
3089 4759 3180 4826 qui
3230 4757 3510 4813 lucernam
3553 4760 3800 4814 veritatis

2216 4847 2768 4918 praedicationemque
2797 4845 3010 4915 pietatis
3041 4862 3136 4916 per
3163 4857 3339 4903 totum
3366 4849 3554 4903 orbem
3586 4852 3804 4903 nuntia-

2218 4941 2325 4995 turi
2355 4940 2510 5003 estis,
2539 4939 2592 4992 in
2622 4938 2777 4992 vobis
2805 4949 3090 4992 versantur
3118 4938 3374 5002 humana,
3408 4941 3459 4994 in
3487 4940 3640 4995 vobis
3662 4942 3801 4995 veri-

2217 5044 2297 5086 tas
2344 5032 2713 5101 periclitatur:
2743 5046 2806 5085 ac
2851 5032 2991 5085 sicut
3036 5044 3210 5086 vestra
3242 5034 3477 5103 cognitio
3514 5049 3806 5089 commune

2217 5123 2492 5178 hominum
2529 5121 2848 5177 beneﬁcium
2872 5133 2972 5187 est,
3002 5123 3081 5178 sic
3111 5134 3288 5180 vestra
3322 5127 3621 5195 ignorantia
3647 5141 3804 5181 com-

2218 5231 2379 5270 mune
2404 5215 2552 5282 orbis
2577 5215 2978 5270 detrimentum.
3009 5214 3214 5271 Idcirco
3243 5233 3337 5270 vos
3377 5233 3535 5288 quem
3566 5234 3652 5273 me
3681 5234 3807 5275 esse

2218 5307 2432 5363 dicitis?
2456 5307 2751 5377 Respondit
2778 5308 3005 5365 Petrus:
3033 5308 3114 5364 Tu
3144 5327 3195 5364 es
3220 5312 3474 5379 Christus,
3513 5310 3682 5366 Filius
3706 5311 3808 5366 Dei

2217 5400 2315 5453 vivi
2345 5397 2452 5472 (Ib.
2480 5416 2527 5453 υ.
2562 5398 2673 5470 16).
2702 5399 2798 5454 llic
2824 5400 2949 5455 ﬁdei
2978 5401 3258 5466 terminus,
3292 5402 3394 5458 hoc
3420 5404 3666 5459 veritatis
3685 5419 3810 5459 ver-

2220 5491 2366 5555 hum,
2403 5490 2520 5545 haec
2548 5501 2713 5546 rectae
2739 5492 3022 5546 sententiae
3043 5492 3312 5547 confessio
3329 5502 3431 5548 est.
3456 5492 3655 5549 Verum
3679 5496 3805 5565 quia

2221 5584 2336 5639 ﬁeri
2378 5592 2608 5655 poterat,
2661 5594 2719 5639 ut
2770 5584 2885 5641 haec
2924 5601 3031 5640 vox
3077 5585 3196 5640 aliis
3238 5586 3459 5657 mqualis
3490 5586 3806 5652 haberetur;

2222 5677 2344 5731 illas
2363 5676 2715 5746 responsione
2747 5692 2853 5731 non
2893 5676 3146 5745 dignatus
3171 5686 3276 5745 est,
3309 5677 3432 5733 huic
3456 5694 3590 5733 vero
3620 5678 3808 5733 calcu-

2224 5769 2334 5824 lum
2360 5766 2524 5837 addit,
2550 5767 2748 5839 etquid
2774 5767 2886 5823 ait?
2910 5767 2987 5825 Ne
3003 5778 3281 5842 putaretur
3298 5768 3401 5827 hoc
3423 5769 3624 5825 dictum
3644 5770 3805 5826 etiam
