4138 6466
244 389 359 419 .,,.,
1573 362 1657 417 DE
1700 363 1988 420 διειιειε
2029 364 2283 420 SERMO.

258 478 481 552 Ἐπειδὴ
512 480 622 553 γάρ
655 499 841 553 φησιν,
871 482 957 536 ὅτι
1008 480 1170 553 καινὴ
1217 480 1379 549 σοφία
1430 482 1608 533 καινοῖ
1647 479 1746 550 τήν
1801 480 1938 551 ἀλή-

246 566 420 633 θειαν,
454 569 643 640 ἐπειδὴ
680 570 754 641 μή
801 568 999 641 ἐχώρει
1030 570 1063 639 ἡ
1096 567 1416 641 ἀνθρωπίνη
1451 568 1612 637 φύσις
1639 568 1706 621 δι’
1736 569 1939 639 ἑαυτῆς

246 655 571 727 προσελθεῖν
601 655 679 727 τῷ
716 656 855 726 Θεῷ,
910 656 1162 728 μεθόριον
1205 656 1417 725 γίνεται
1444 656 1546 725 τῆς
1584 656 1808 727 κτιστῆς
1846 658 1942 709 καὶ

246 742 351 813 τῆς
378 744 639 796 ἀκτίστου
674 743 890 812 φύσεως
914 747 943 798 6
980 744 1110 807 le;
1136 744 1430 817 προσάγων
1456 742 1555 814 τὴν
1583 743 1938 814 οίκουμένην.

251 831 320 883 ’Ὠ
344 832 445 902 τῆς
473 832 670 902 καινῆς
707 830 935 902 μανίαςί
964 830 1009 885 ὢ
1032 830 1125 885 τοῦ
1155 830 1343 885 καινοῦ
1372 830 1682 901 δράματοςῑ
1716 831 1941 902 ἠύπερ-

246 919 378 992 ϐολὴ
406 919 507 990 τῆς
533 918 628 973 τοῦ
660 920 871 992 llatpr
892 931 919 960 ι
950 918 1289 990 ἀγαθότητος
1319 917 1619 972 κινδυνεύει
1649 919 1801 990 παρά
1826 920 1941 982 τοὶς

246 1009 570 1081 αίρετικοῖς,
615 1008 884 1078 ἀμϐλύνει
930 1008 1030 1080 τὴν
1073 1008 1232 1073 ἀξίαν
1262 1010 1365 1078 τῆς
1411 1006 1686 1077 θεότητος.
1733 1006 1869 1060 Ἀλλ’
1902 1009 1935 1078 ἠ

250 1098 350 1169 μὲν
385 1097 639 1168 αἱρετικὴ
685 1099 855 1167 μανία
887 1096 1236 1169 θρασύνεται,
1281 1098 1314 1167 ἠ
1345 1095 1403 1149 δέ
1431 1096 1525 1148 τοῦ
1563 1096 1815 1166 Σωτῆρος
1848 1096 1941 1148 δύ-

246 1202 415 1254 ναμις
440 1186 543 1238 οὐκ
582 1183 938 1255 ἀμϐλύνεται,
968 1187 1000 1257 ἠ
1034 1185 1160 1249 δόξα
1188 1187 1249 1238 οὐ
1283 1185 1591 1243 σϐέννυται,
1621 1185 1654 1254 ἠ
1686 1185 1844 1255 χάρις
1877 1185 1937 1237 οὐ

245 1273 618 1343 καθαιρείται.
656 1273 812 1335 Ἐὰν,
850 1274 1035 1343 φησὶν,
1064 1272 1239 1341 ἡμεῖς
1264 1272 1681 1341 ἁρνησώμεθα,
1710 1272 1940 1339 ἐκεῖνος

245 1361 468 1425 πιστὸς
510 1361 701 1429 μένει·
745 1360 1137 1429 ἀρνήσασθαι
1170 1362 1279 1432 γὰρ
1311 1360 1532 1414 ἑαυτὸν
1563 1363 1635 1415 οὐ
1665 1360 1936 1414 δύναταιε

247 1448 595 1518 συγκάθηται
631 1447 731 1517 μὲν
776 1448 865 1500 διὰ
909 1448 1008 1519 τὴν
1051 1449 1262 1502 οἰκείαν
1310 1446 1490 1513 ἀξίαν,
1540 1449 1739 1519 ἕστηκε
1776 1448 1832 1502 δὲ
1862 1449 1938 1513 ὡς

247 1537 430 1608 ἱερεὺς
454 1536 541 1589 διὰ
566 1537 663 1607 τὴν
692 1537 1010 1608 πρέπουσαν
1037 1537 1187 1608 αὐτῷ
1216 1537 1650 1609 φιλανθρωπίαν.

317 1632 388 1694 γ’.
406 1627 516 1679 Καὶ
544 1626 649 1697 ὅρα
677 1626 738 1679 τὸ
767 1626 1101 1697 θαυμαστὸν,
1134 1626 1355 1695 ἀδελφέ.
1396 1626 1616 1696 Ἐπειδὴ
1646 1627 1703 1680 ἐν
1726 1625 1937 1697 ὑπηρέ-

242 1730 341 1765 του
386 1712 538 1777 τάξει
598 1714 694 1767 καὶ
745 1716 987 1785 σχήματι
1026 1714 1401 1778 διακονοῦντος
1432 1713 1837 1784 ὲκλαμϐάνουσι
1876 1713 1937 1766 τὸ

242 1801 432 1873 ῥῆμα,
471 1802 554 1855 ὅτι
605 1801 817 1869 Οὐδεὶς
857 1803 1094 1873 ἔρχεται
1140 1803 1292 1872 πρὸς
1322 1803 1431 1857 τὸν
1461 1801 1715 1871 Πατέρα,
1759 1804 1812 1856 εὶ
1846 1802 1933 1872 μὴ

240 1888 322 1942 δι’
357 1889 537 1958 ἐγιοῦο
579 1891 878 1959 ἀναγκαῖον
936 1891 1076 1962 πρὸς
1109 1893 1236 1953 τοὺς
1286 1892 1597 1961 αἱρετικούς
1653 1891 1936 1944 ἀποτεῖναι

239 1976 336 2029 τὸν
367 1977 589 2048 ἔλεγχον
618 1980 718 2049 τῆς
748 1978 1004 2042 ἀσεϐείας
1030 1978 1084 2031 δ.
1118 1978 1184 2031 Εἰ
1217 1978 1275 2031 τὸ
1304 1978 1603 2048 προσάγειν
1641 1977 1720 2048 τῷ
1761 1980 1936 2048 Πατρὶ

239 2062 334 2116 τὸν
363 2063 492 2116 Υίδν
524 2063 780 2135 καθαιρεῖ
811 2065 910 2136 τὴν
952 2065 1109 2131 ἀξίαν
1135 2063 1229 2117 τοῦ
1261 2065 1652 2135 προσάγοντος,
1696 2064 1789 2117 ἐὰν
1821 2065 1936 2136 ἴδῃς

240 2153 336 2205 τὸν
390 2151 613 2224 Πατέρα
660 2154 740 2221 τῷ
793 2152 910 2223 Υἰῷ
958 2153 1337 2225 προσάγοντα,
1388 2152 1650 2215 ἐκτείνεις
1681 2155 1797 2205 ἐκεῖ
1834 2154 1934 2224 τὴν

240 2240 519 2295 ἀσέϐειαν.
567 2241 818 2295 Μάλιστα
855 2242 953 2312 μὲν
999 2238 1092 2295 οῦν
1124 2243 1204 2305 είς
1242 2242 1373 2296 Υίὸν
1405 2241 1640 2303 ἀσεϐῶν,
1678 2242 1768 2294 τὸν
1818 2244 1933 2295 Πα-

237 2329 377 2400 τέρα
413 2329 777 2401 βλασφημεῖς.
803 2331 919 2383 Ἵνα
952 2330 1151 2395 τοίνυν,
1182 2330 1419 2400 ἀδελφοὶ,
1453 2331 1510 2383 ἐν
1540 2329 1619 2401 τῷ
1647 2329 1792 2400 λόγῳ
1826 2332 1929 2401 τῆς

238 2417 528 2482 εὐσεϐείας
559 2420 654 2472 καὶ
698 2419 799 2489 τῆς
835 2418 1094 2490 ἀληθείας
1139 2418 1233 2471 καὶ
1262 2419 1362 2490 τὴν
1403 2417 1603 2472 κακίαν
1647 2418 1933 2488 ἐπιστομί-

241 2522 448 2577 σωμεν,
488 2507 583 2561 καὶ
620 2507 720 2577 τὴν
755 2506 955 2577 εὐσεϐῆ
988 2505 1146 2571 δόξαν
1176 2506 1535 2578 γνωρίσωμεν
1571 2505 1726 2572 (Ζῶν
1764 2508 1872 2575 γὰρ
1901 2508 1934 2561 ό

236 2599 426 2664 λόγος
453 2596 564 2651 τοῦ
598 2594 748 2649 Θεοῦ
799 2595 901 2649 καὶ
945 2594 1229 2665 ἐνεργὴς,
1268 2596 1371 2648 καὶ
1411 2595 1738 2665 τομώτερος
1779 2594 1933 2663 ὑπὲρ

237 2683 452 2739 πᾶσαν
502 2685 809 2755 μάχαιραν
857 2682 1175 2751 δίστομον·
1223 2682 1478 2753 δίστομον
1528 2683 1585 2736 δὲ
1626 2682 1785 2736 καλεί
1835 2683 1933 2754 τὴν

240 2773 543 2844 μάχαιραν,
571 2773 760 2844 ἐπειδὴ
787 2771 959 2842 διπλῷ
985 2772 1254 2843 κέχρηται
1280 2771 1358 2842 τῷ
1387 2772 1551 2843 λόγῳ,
1579 2771 1656 2842 τῷ
1686 2772 1785 2843 μὲν
1814 2788 1929 2844 στη-

239 2860 466 2932 ρίζοντι,
498 2861 579 2931 τῷ
606 2861 664 2914 δὲ
692 2859 1043 2930 καθαιροῦντι
1064 2875 1076 2888 ·
1109 2859 1465 2931 καθαιροῦντι
1499 2860 1599 2929 μὲν
1631 2862 1757 2923 τοὺς
1788 2862 1935 2914 ἐναν-

234 2948 410 3012 τίους,
444 2947 754 3020 στηρίζοντι
780 2948 840 3002 δὲ
864 2947 993 3011 τοὺς
1024 2947 1261 3010 οἰκείους
1298 2948 1399 3017 τῆς
1433 2948 1695 3013 πίστεως)
1716 2966 1730 2981 ’
1764 2948 1933 3002 ἄκουε

236 3038 408 3093 αὐτοῦ
454 3038 552 3092 τοῦ
599 3037 809 3108 Κυρίου
854 3037 1136 3107 λέγοντοςο
1181 3036 1395 3103 Οὐδεὶς
1426 3036 1678 3091 δύναται
1730 3037 1934 3093 ἐλθεῖν

236 3129 392 3197 πρός
424 3144 524 3198 με,
566 3127 678 3182 ἐὰν
709 3125 797 3196 μὴ
837 3129 871 3180 ὀ
904 3125 1110 3194 Πατήρ
1142 3143 1264 3195 μου
1297 3128 1331 3180 ὁ
1377 3125 1658 3194 οὐράνιος
1695 3127 1932 3195 ἐλκύσῃ

235 3216 447 3271 αὐτόν.
484 3215 807 3283 Ἀναγκαῖον
855 3213 935 3279 δὲ,
982 3214 1223 3283 ἀδελφοὶ,
1270 3213 1339 3267 τὰ
1382 3215 1569 3267 εἰκότα
1617 3214 1755 3287 πρὸς
1801 3217 1929 3280 τούς

235 3305 552 3377 αἰρετικούς
570 3305 772 3367 εἰπεῖν,
799 3304 894 3358 καὶ
916 3303 986 3357 τά
1019 3303 1148 3375 περὶ
1174 3302 1366 3357 τούτου
1386 3303 1479 3356 τοῦ
1505 3304 1777 3375 νοήματος
1801 3306 1929 3370 τοὺς

236 3395 390 3458 υῖούς
431 3396 535 3464 τῆς
576 3392 811 3455 πίστεως
854 3390 1294 3463 πληροφορῆσαι.
1327 3390 1486 3455 Τίνος
1538 3393 1725 3446 ἕνεκεν
1759 3411 1933 3449 κατα-

232 3481 431 3536 διεῖλεν
456 3482 489 3533 ό
530 3479 831 3553 μονογενὴς
881 3478 976 3533 τοῦ
1008 3478 1145 3533 Θεοῦ
1191 3479 1364 3549 Λόγος
1408 3479 1505 3552 τὴν
1540 3484 1931 3553 προσαγωγὴν,

235 3573 316 3643 πῆ
354 3571 453 3642 μὲν
490 3571 622 3640 παρ’
649 3568 816 3621 αὐτοῦ
857 3567 1031 3638 λέγων
1088 3568 1465 3639 προσάγεσθαι
1496 3569 1574 3640 τῷ
1604 3570 1801 3641 Πατρὶ,
1853 3574 1930 3642 πῆ

235 3660 295 3714 δὲ
322 3657 477 3731 παρά
508 3656 603 3712 τοῦ
640 3656 853 3729 [ἰατρὸς
884 3656 1022 3728 πρὸς
1050 3656 1244 3722 αὐτόν;
1271 3657 1331 3711 οὐ
1361 3657 1471 3730 γὰρ
1506 3660 1836 3729 συγκέχυται
1863 3661 1934 3714 τά

236 3746 338 3818 τῆς
370 3744 521 3808 θείας
549 3743 787 3813 φύσεως,
815 3742 929 3797 ἀλλ’
963 3744 1220 3815 εὐκρινής
1252 3745 1369 3797 ἐστι
1413 3744 1507 3797 καί⁸
1544 3745 1875 3818 εὐδιόριστος
1904 3749 1933 3800 6

236 3835 398 3904 λόγος
420 3838 521 3908 τῆς
554 3835 835 3906 ἀληθείας,
857 3835 1008 3889 οὐδὲν
1038 3833 1250 3888 σκολιὸν
1280 3832 1440 3905 ἔχων,
1470 3834 1624 3888 οὐδὲν
1656 3852 1930 3906 στραγγαο

234 3921 457 3987 λιῶδες·
500 3920 698 3978 Πᾶσαι
730 3922 838 3994 γάρ
871 3926 930 3976 αι
956 3921 1085 3975 ὁδοὶ
1113 3920 1336 3990 Κυρίου
1364 3920 1607 3975 εὐθεῖαι.

308 4007 458 4083 *Αρα
491 4011 621 4084 γὰρ,
652 4010 893 4080 ἀδελφοὶ,
914 4012 944 4065 6
974 4009 1164 4081 Πατὴρ
1196 4009 1328 4063 ποτὲ
1372 4009 1471 4081 μὲν
1501 4008 1601 4081 τὴν
1647 4010 1932 4084 βασιλικὴν

238 4101 538 4174 προεδρίαν
570 4101 783 4170 ἐπέχων
806 4099 1020 4171 δέχεται
1050 4098 1177 4162 τοὺς
1216 4097 1682 4170 προσαγομένους,
1715 4101 1845 4155 ποτέ
1874 4102 1932 4155 δὲ

237 4189 320 4260 τῷ
358 4188 477 4261 Υίῷ
505 4191 566 4246 ὲν
604 4187 868 4260 βασιλικῷ
907 4189 1149 4258 σχήματι
1182 4184 1575 4258 προκαθίσαντι
1612 4187 1794 4242 δίδωσι
1832 4190 1930 4262 τὴν

235 4277 482 4349 ὀφειλὴν,
517 4280 614 4331 καὶ
645 4279 705 4330 ἐν
739 4276 1015 4348 ὑπηρέτου
1048 4274 1201 4341 τάξει
1231 4275 1638 4345 παριστάμενος
1664 4278 1932 4348 προσάγει

237 4364 319 4435 τῷ
357 4363 509 4435 Υίῷς
539 4364 634 4436 Μὴ
661 4364 908 4433 γένοιτο·
937 4363 1033 4417 ἐπὶ
1063 4363 1174 4433 γάρ
1206 4361 1341 4415 Θεοῦ
1379 4361 1502 4415 οὐτε
1542 4362 1815 4435 καθέδραν
1856 4367 1932 4418 εί-

238 4454 413 4507 πόντα
431 4452 548 4506 εστι
587 4471 641 4507 τι
670 4450 1017 4522 ἀνθρώπινον
1062 4449 1337 4520 ἐννοῆσαι,
1378 4449 1500 4503 οὐδὲ
1530 4452 1721 4504 στάσιν
1764 4452 1933 4506 ἀκού-

241 4557 414 4596 σαντα
443 4540 608 4594 πάλιν
639 4539 757 4593 ἐστι
791 4539 985 4609 νοῆσαί
1015 4555 1070 4592 τι
1104 4538 1215 4592 τῶν
1251 4536 1377 4591 καθ’
1412 4540 1583 4609 ἡμᾶς.
1620 4540 1747 4593 Ἐὰν
1774 4540 1936 4594 ἀκού-

241 4644 344 4704 σῃς
376 4628 511 4698 περὶ
553 4625 691 4681 Θεοῦ
726 4627 808 4679 ὅτι
855 4626 1109 4698 ἕστηκεν,
1156 4625 1217 4679 τὸ
1264 4626 1482 4689 ἀκλινὲς
1514 4628 1610 4681 καὶ
1643 4627 1706 4680 τὸ
1752 4626 1935 4700 ὄρθιον

238 4718 352 4771 νόει
380 4717 480 4787 τῆς
510 4715 663 4779 θείας
694 4716 885 4777 οὐσίας
905 4731 921 4745 ·
950 4713 1057 4768 κᾶν
1093 4713 1255 4767 πάλιν
1285 4713 1535 4784 ἀναγνῷς
1557 4714 1591 4784 ἥ
1620 4715 1862 4787 ἀκούσῃς
1880 4726 1933 4780 σε,

232 4807 323 4860 ,ὅτι
353 4805 611 4875 κάθηται,
649 4803 800 4876 [Δθῖ]
828 4802 889 4856 τὸ
925 4802 1139 4875 ἑδραῖον
1169 4802 1264 4855 καί⁸
1295 4788 1589 4857 ἀσάλευτον
1620 4802 1935 4874 ἐκλάμϐανε

238 4895 341 4965 τῆς
378 4893 657 4965 μακαρίας
698 4891 934 4962 φύσεως.
958 4890 1132 4953 Αὐτὸς
1164 4889 1319 4959 λέγει
1359 4891 1554 4945 ἑαυτὸν
1582 4893 1804 4946 ἑστάναι
1842 4894 1937 4947 καὶ

240 4982 518 5054 καθῆσθαι
536 4998 550 5012 ·
579 4980 661 5052 τῶ
684 4981 911 5034 Μωύσεῖ
937 4979 1106 5048 λέγει,
1135 4978 1220 5032 Σὺ
1250 4977 1432 5047 στῆθι
1459 4972 1577 5034 ὦδε
1608 4983 1737 5049 μετ’
1762 4979 1932 5051 ἐμοῦ.

240 5072 354 5126 Καὶ
398 5068 480 5143 ἦν
523 5074 557 5125 ό
594 5072 803 5138 τόπος,
843 5064 916 5124 οὗ
968 5066 1236 5136 εἱστήκει
1280 5071 1313 5121 ὀ
1363 5067 1507 5133 Θεὸς
1554 5068 1817 5137 Ἰσραὴλ,
1857 5071 1938 5137 ὡς

237 5161 414 5226 λίθος
445 5159 811 5229 σαπςρείρου.
834 5158 1077 5229 Πρόσεχε
1100 5156 1372 5227 ἀκριϐῶς·
1399 5159 1427 5211 6
1460 5157 1701 5229 Μωῡσῆς
1725 5158 1937 5213 ἑστῶτα

240 5247 412 5317 λέγει,
437 5249 534 5302 καὶ
556 5249 586 5301 ὁ
614 5247 749 5310 Θεὸς
775 5244 855 5316 τῷ
885 5246 1133 5310 Μωύσεῖ,
1159 5245 1234 5307 ὡς
1265 5244 1553 5316 ίστάμενός
1579 5262 1732 5317 φησι,
1755 5246 1939 5315 Στῆθι

231 5338 365 5407 μετ’
410 5336 580 5407 ἐμοῦ.
631 5335 698 5389 Τί
744 5332 837 5388 οῦν
892 5332 1156 5403 ποιοῦμεν
1207 5332 1471 5403 Ἱερεμίου
1524 5332 1809 5402 λέγοντος,
1852 5334 1936 5390 Σὺ

238 5422 584 5495 καθήμενος
631 5427 721 5491 είς
749 5423 858 5478 τὸν
885 5421 1094 5487 αἰῶνα,
1124 5420 1219 5475 καὶ
1264 5423 1426 5492 ἡμεῖς
1459 5420 1825 5492 ἀπολλύμενοι
1858 5425 1937 5490 είς

238 5521 337 5574 τὸν
370 5517 577 5582 αίῶνα;
619 5516 880 5588 Καθέδρα
924 5515 1017 5569 καὶ
1077 5513 1268 5577 στάσις
1313 5511 1630 5583 ἀνθρώπινα
1684 5515 1936 5585 ῥήματα,

228 5610 380 5666 ἀλλά
428 5608 548 5662 θεῖα
591 5609 872 5679 νοήματαο
905 5605 993 5659 διά
1035 5604 1126 5658 τὸν
1161 5603 1393 5658 ἄστατον
1427 5602 1523 5656 καὶ
1567 5596 1673 5656 ὧδε
1712 5604 1939 5658 κάκεῖσε

310 5703 338 5733 ⁸
368 5700 503 5749 Unus
525 5695 613 5747 τοῦ
636 5703 870 5760 σωτῆρος.

310 5761 339 5801 b
356 5764 509 5812 Savil.
541 5767 596 5809 et
618 5772 748 5808 unus
770 5754 855 5817 τῆς
895 5754 1154 5815 εὐσεϐείας,
1198 5760 1253 5802 ει
1273 5754 1423 5817 paulo
1448 5759 1560 5815 post
1583 5755 1733 5803 etiam
1757 5757 1845 5813 τήν
1870 5755 1944 5805 εὖ-

240 5827 455 5937 datm.
470 5892 606 5935 recte
634 5897 777 5933 unus.
807 5883 903 5932 Alii
925 5862 1047 5929 νδρΓο
1072 5879 1281 5941 ἀναγνῷς
1303 5879 1386 5926 καὶ
1406 5877 1636 5940 ἀκούσῃς.

2041 484 2438 554 πριαγόμενον
2484 484 2574 537 τὸν
2604 482 2942 555 ἀνθρώπινον
2980 480 3123 550 βίον,
3152 476 3284 540 Θεὸς
3316 474 3534 545 λέγεται
3565 481 3724 532 ἐστά-

2038 588 2146 634 ναι,
2178 571 2274 624 καὶ
2317 571 2405 626 διὰ
2446 572 2545 643 τὴν
2570 573 2897 643 ἀστήρικτον
2935 570 3029 622 καὶ
3060 567 3365 637 πανταχόσε
3397 584 3724 638 περιτρεπο-

2041 659 2209 730 μένην
2237 659 2346 713 τῶν
2372 659 2494 714 καθ’
2522 662 2669 731 ἡμᾶς
2702 658 3035 713 κατάστασιν
3072 656 3290 723 λέγεται
3332 654 3609 726 καθῆσθαι
3633 655 3719 708 διά

2036 746 2098 798 τὸ
2130 747 2373 818 ἐδραῖοψ
2405 748 2465 801 τὸ
2496 748 2605 818 γὰρ
2643 748 2948 818 καθήμενον
2990 744 3277 816 ἤδρασται.
3320 742 3463 811 Φύγε
3505 742 3574 795 τὰ
3610 744 3750 795 ἀπὸ.

2037 833 2136 903 τῆς
2172 834 2368 899 λέξεως
2405 835 2837 905 ὐποϐαλλόμενα,
2865 834 2958 887 καὶ
2988 835 3099 886 νόει
3127 832 3198 885 τά
3226 830 3316 884 διά
3354 831 3452 901 τῆς
3483 830 3720 892 πίστεως

2037 920 2407 992 θεωρούμενα.
2455 923 2577 986 Πῶς
2609 919 2702 978 οὖν
2743 925 3008 993 προσάγει
3052 920 3131 991 τῷ
3175 918 3348 989 Πατρὶ
3395 918 3558 983 Υἱός;
3604 916 3721 979 πῶς

2039 1010 2232 1080 Πατὴρ
2280 1010 2357 1080 τίς·
2385 1011 2529 1081 THE);
2550 1012 2611 1064 06
2648 1011 2755 1083 γάρ
2779 1012 2859 1063 δεῖ
2892 1010 3210 1063 καταλιπεῖν
3239 1008 3328 1060 τὸν
3369 1008 3526 1074 λόγον
3560 1004 3719 1069 ἀνεξ-

2037 1096 2281 1154 έταστον.
2320 1100 2377 1151 '0
2407 1099 2597 1170 Πατὴρ
2636 1098 2902 1170 φανερούς
2944 1114 3096 1161 τινας
3129 1097 3223 1149 καὶ
3250 1095 3719 1165 ὁμολογουμένους

2038 1186 2306 1255 προσάγει
2332 1193 2409 1256 τῳ
2432 1185 2564 1257 Υίῷ,
2593 1188 2621 1238 6
2646 1187 2772 1249 Tib;
2806 1187 2968 1239 πάλιν
2999 1183 3265 1255 φανερούς
3295 1200 3448 1246 τινας
3475 1183 3569 1235 καὶ
3598 1184 3722 1251 όμο·

2035 1272 2400 1343 λογουμένους
2433 1275 2698 1346 προσάγει
2734 1274 2812 1345 τῷ
2851 1273 3045 1343 Πατρί.
3080 1273 3170 1342 Μὴ
3213 1270 3500 1341 προλαϐὼν
3541 1272 3721 1341 ἀρπάο

2037 1358 2137 1429 ζῃς
2163 1360 2224 1412 τὸ
2256 1360 2405 1431 ῥῆμα
2433 1362 2512 1419 εἰς
2545 1360 2819 1431 διαϐολὴν,
2862 1360 2975 1423 ἀλλ’
3000 1360 3291 1430 ἀνάμεινον
3320 1357 3379 1410 τό
3413 1356 3588 1421 τέλος,
3626 1356 3722 1408 καὶ

2037 1451 2221 1519 κρῖνον
2247 1450 2308 1503 τὸ
2338 1450 2658 1519 λεγόμενον·
2697 1452 2770 1522 μὴ
2803 1450 2955 1520 γίνου
2986 1449 3246 1518 δικαστὴς
3272 1445 3559 1516 δυσμενὴς,
3586 1443 3721 1497 ἀλλά

2038 1537 2446 1609 συναγωνιστὴς
2480 1539 2734 1609 εὐμενής.
2771 1540 2861 1593 Ἐν
2900 1538 2976 1609 τῷ
3010 1536 3225 1608 Ἰσραὴλ
3270 1534 3518 1603 ἐγνώσθη
3567 1532 3663 1603 μὲν
3692 1534 3722 1584 6

2034 1624 2167 1687 Θεὸς
2203 1627 2296 1679 καὶ
2330 1626 2542 1697 Πατὴρ,
2580 1629 2823 1697 ἠγνοεῖτο
2862 1627 2919 1680 δὲ
2951 1627 2980 1679 6
3013 1626 3140 1688 Υἱός
3162 1642 3174 1654 ·
3207 1626 3265 1677 ἐν
3301 1624 3357 1676 δὲ
3399 1625 3512 1683 τοῖς
3547 1621 3722 1672 ἔθνεσι

2034 1713 2131 1766 καὶ
2172 1714 2200 1765 6
2236 1713 2426 1784 Πατὴρ
2470 1717 2747 1784 ἠγνοεῖτο,
2783 1716 2876 1769 καὶ
2919 1715 2948 1766 6
2993 1713 3152 1776 Υἱός·
3200 1715 3264 1784 τῇ
3316 1710 3425 1781 γάρ
3474 1707 3722 1777 πολυθέῳ

2034 1801 2209 1873 πλάνῃ
2234 1802 2526 1855 δεδούλωτο
2558 1803 2627 1855 τά
2662 1803 2810 1875 ἔθνη.
2841 1805 3018 1857 Ὅπου
3047 1799 3140 1855 οὖν
3173 1800 3358 1872 Πατὴρ
3391 1801 3490 1870 μὲν
3524 1797 3722 1868 γνωρί-

2034 1888 2215 1956 ζεται,
2260 1890 2390 1955 Υἱὸς
2423 1892 2481 1944 δὲ
2524 1893 2586 1945 οὐ
2634 1893 2993 1962 γνωρίζεται,
3042 1891 3313 1962 ἑρμηνεὺς
3367 1889 3575 1957 γίνεται
3625 1884 3720 1939 τοῦ

2033 1979 2401 2050 ἀγνοουμένου
2446 1980 2576 2034 Υἱοῦ
2613 1983 2641 2035 6
2670 1983 2880 2053 Πατήρ.
2915 1980 3364 2050 Ἐπαναλήψομαι
3406 1977 3497 2030 τὸν
3538 1976 3720 2047 λόγον,

2032 2068 2120 2120 ἵνα
2149 2070 2330 2140 στήσω
2356 2070 2414 2122 τὸ
2444 2069 2643 2141 νόημα.
2668 2071 2843 2124 Ὅπου
2875 2069 3063 2140 Πατὴρ
3089 2068 3437 2139 γνωρίζεται,
3463 2066 3558 2119 καὶ
3589 2064 3719 2126 Υἱὸς

2031 2156 2465 2227 ἀμφιϐάλλεται.
2514 2160 2791 2230 ἑρμηνεὺς
2837 2159 3047 2228 γίνεται
3094 2160 3124 2212 6
3166 2155 3572 2228 γνωριζόμενος
3620 2150 3718 2207 τοῦ

2032 2246 2427 2315 ἀγνοουμένου·
2456 2250 2591 2301 ὅπου
2624 2249 2815 2320 Πατὴρ
2842 2248 3130 2318 ἠγνόηται,
3161 2244 3337 2315 κῆρυξ
3366 2243 3459 2297 τοῦ
3493 2245 3719 2311 ἀγνοου-

2036 2333 2197 2403 μένου
2233 2337 2261 2387 ὀ
2289 2335 2419 2399 Υἱὸς
2453 2335 2681 2404 γίνεται.
2712 2336 2813 2389 Διὰ
2840 2335 3019 2399 τοῦτο,
3050 2334 3137 2388 ἵνα
3167 2328 3339 2403 λάϐῃς
3375 2331 3574 2402 ἀκριϐῆ
3608 2328 3719 2382 τῶν

2028 2424 2333 2496 εἰρημένων
2357 2427 2456 2496 τὴν
2490 2425 2755 2490 ἐξέτασιν,
2792 2424 2988 2493 ἓγγυόν
3019 2440 3102 2477 σοι
3139 2423 3367 2494 παρέχω
3396 2420 3455 2473 τὸ
3482 2417 3723 2485 Εὐαγγέο

2031 2512 2161 2565 λιον.
2205 2513 2367 2581 Λέγει
2398 2517 2427 2567 6
2467 2513 2656 2584 Σωτὴρ
2697 2512 2961 2585 περὶτῶν
3001 2510 3170 2565 ἐθνῶν
3195 2527 3208 2541 ·
3248 2511 3317 2563 Τὸ
3363 2505 3552 2575 ὄνομά
3600 2520 3720 2559 σου

2028 2599 2379 2669 ὲςτανέρωσα
2407 2601 2487 2666 τῷ
2514 2604 2749 2671 κόσμον
2797 2601 3015 2672 μᾶλλον,
3050 2601 3135 2653 ὅτι
3165 2598 3243 2669 τῷ
3272 2596 3554 2666 ἀγνοοῦντι
3587 2596 3723 2663 ἐφα-

2031 2688 2247 2759 νέρωσά
2285 2707 2379 2743 σου
2415 2692 2476 2743 τὸ
2525 2689 2695 2760 ὄνομα
2740 2690 2819 2761 τῷ
2856 2691 3067 2760 κόσμῳ.
3110 2690 3269 2742 Ποῖον
3320 2687 3491 2755 ὄνομα
3523 2682 3721 2750 ἐφανέ-

2034 2792 2206 2848 ρωσε;
2241 2777 2364 2830 Ὅτι
2417 2778 2572 2841 Θεὸς.
2609 2776 2771 2831 Ἀλλά
2811 2776 3133 2848 προειλήφει
3172 2777 3206 2846 ή
3261 2771 3464 2842 γνῶσις
3505 2770 3566 2822 τὸ
3602 2768 3719 2821 ὅνο-

2034 2881 2140 2935 μα’
2180 2866 2273 2919 καὶ
2305 2866 2356 2918 οἱ
2407 2864 2753 2936 πλανώμενοι
2796 2867 2906 2937 γὰρ
2948 2865 3166 2933 λέγουσι
3213 2862 3357 2923 θεὸν,
3387 2859 3483 2914 καὶ
3526 2858 3575 2911 οἱ
3610 2858 3719 2909 ἀπ-

2030 2954 2426 3024 εσχοινισμένοι
2464 2954 2565 3025 τῆς
2600 2954 2882 3017 εὐσεϐείας
2938 2954 3040 3007 οὐκ
3069 2951 3360 3023 ἀρνοῦνται
3401 2947 3500 3017 τὴν
3553 2961 3723 3015 προο-

2028 3043 2293 3114 ηγορίαν⁶
2338 3046 2488 3096 ποῖον
2527 3038 2619 3096 οὖν
2658 3043 2829 3112 ὄνομα
2863 3042 3187 3111 ἐγνώρισεν;
3228 3039 3352 3092 ’Ότι
3398 3032 3587 3105 Πατὴρ
3620 3050 3723 3087 κα-

2030 3130 2233 3185 λεῖται·
2283 3129 2664 3200 Ἐφανέρωσὰ
2700 3148 2818 3185 σου
2847 3129 2914 3184 τὸ
2950 3129 3139 3198 ὄνομα
3183 3125 3263 3192 τῷ
3293 3126 3519 3194 κόσμῳ.
3556 3122 3722 3193 Ὀρᾷς

2030 3219 2113 3272 ὅτι
2142 3219 2275 3272 ὅπου
2315 3220 2583 3290 ἠγνόηται
2619 3221 2647 3273 6
2688 3217 2898 3290 Πατὴρ,
2936 3216 3211 3288 ἑρμηνεὺς
3257 3213 3464 3283 γίνεται
3492 3210 3520 3262 ό
3558 3209 3721 3272 Υἱὸς.

2028 3306 2108 3375 τῷ
2156 3308 2497 3378 εὐαγγελικῷ
2544 3306 2866 3379 κηρύγματι
2919 3304 3228 3375 σαφηνίζων
3277 3301 3377 3373 τὴν
3426 3298 3710 3369 ἀλήθειαν

2029 3395 2165 3449 ὅπου
2219 3394 2278 3447 δὲ
2323 3395 2352 3447 ὁ
2400 3395 2590 3465 Πατὴρ
2639 3391 2919 3464 ἐνομίζετο
2973 3391 3369 3463 γνωρίζεσθαι,
3416 3388 3445 3440 6
3485 3386 3544 3439 δὲ
3597 3382 3724 3447 Υἱὸς

2034 3483 2109 3552 μὴ
2144 3482 2527 3553 γνωρίζεσθαι,
2564 3484 2835 3552 ἑρμηνεὺς
2875 3481 3084 3549 γίνεται
3110 3479 3271 3542 αὐτὸς
3303 3476 3397 3529 τοῦ
3424 3472 3724 3543 ἀγνοουμέ-

2029 3586 2142 3621 νου.
2162 3564 2307 3630 Οἷον,
2337 3568 2423 3621 ἵνα
2458 3570 2543 3622 ἐπ’
2571 3568 2748 3622 αὐτῶν
2778 3568 2935 3634 δείξω
2966 3567 3075 3621 τῶν
3111 3565 3449 3637 πραγμάτων
3478 3563 3575 3632 τὴν
3594 3560 3724 3630 ἁλή-

2031 3656 2204 3710 θειαν·
2266 3656 2479 3720 Παῦλος
2535 3657 2653 3728 ᾔδει
2686 3657 2777 3710 τὸν
2835 3657 2990 3719 Θεὸν,
3015 3656 3116 3709 ο”ικ
3143 3653 3373 3725 ᾔδειτὺν
3421 3651 3571 3704 Υἰόν·
3605 3648 3723 3719 ᾔδει

2028 3745 2184 3813 Θεὸν,
2218 3747 2318 3800 οὐκ
2348 3746 2464 3817 ⁴ᾔδει
2512 3746 2570 3799 δὲ
2623 3746 2844 3817 Πατέρα
2872 3745 3001 3797 ὄντα
3036 3743 3130 3797 τοῦ
3162 3740 3396 3815 Χριστοῦ
3442 3740 3533 3792 τὸν
3565 3737 3719 3791 Θεόνο

2030 3837 2122 3888 καὶ
2140 3830 2208 3905 ἦν
2241 3833 2488 3905 ζηλωτὴς
2511 3834 2796 3896 εὐσεϐείας
2831 3833 2972 3901 ὑπὲρ
3003 3831 3100 3885 τοί
3129 3831 3295 3901 νόμου
3334 3827 3665 3899 μαχόμενος·
3695 3826 3725 3878 6

2027 3925 2160 3988 Θεὸς
2184 3923 2492 3977 ἀπέϐλεπεν
2543 3924 2622 3986 εἰς
2657 3922 2748 3974 τὸν
2777 3920 2959 3990 ζῆλον,
2981 3920 3203 3988 ἀγννιίας
3222 3918 3319 3989 μὲν
3354 3913 3693 3986 πεπληρωμέ
3711 3946 3722 3954 -

2028 4032 2138 4073 νον.
2158 4013 2321 4067 πόθου
2346 4012 2403 4065 δὲ
2422 4013 2679 4083 γέμοντα·
2699 4012 2793 4064 καὶ
2816 4010 3025 4062 τίποιεί
3046 4024 3060 4073 ;
3078 4008 3333 4079 γνωρίζει
3352 4007 3429 4078 τῷ
3441 4003 3724 4073 ἀγνοοῦντι

2028 4106 2121 4157 τὸν
2173 4100 2556 4172 ἀγνοούμενον.
2600 4100 2696 4163 Τίς
2747 4101 2879 4169 ἡμῖν
2917 4097 3090 4151 ταῦτα
3131 4094 3452 4167 σαφηνίζεις
3487 4092 3660 4156 Αὐτὸς
3697 4092 3725 4143 ό

2031 4190 2163 4243 ποτέ
2203 4190 2505 4261 ἀγνοήσας,
2559 4188 2653 4241 καὶ
2706 4184 2933 4257 ὕστερον
2990 4183 3285 4254 γνωρίσας,
3328 4180 3492 4243 αὐτὸς
3533 4181 3562 4232 6
3594 4178 3723 4231 ποτε

2029 4275 2247 4342 διώξας,
2282 4277 2377 4329 καὶ
2413 4274 2641 4346 ὕστερον
2669 4270 3186 4343 εὐαγγελισάμενος.
3210 4269 3273 4322 Τί
3296 4269 3405 4339 γάρ
3433 4266 3721 4338 (mnum!

2030 4364 2196 4433 ἢμην
2235 4362 2503 4431 ζηλωτὴς
2532 4362 2639 4416 τοῦ
2667 4361 2940 4432 πατρῴου
2979 4361 3189 4429 νόμου,
3221 4358 3349 4412 καθ’
3380 4354 3726 4425 ὑπερϐολὴν

2031 4453 2264 4508 διώκων
2292 4452 2406 4520 τὴν
2450 4453 2828 4517 Ἐκκλησίαν
2859 4451 2965 4505 τοῦ
2999 4450 3167 4505 Θεοῦ.
3201 4448 3341 4501 Ὅτε
3368 4446 3436 4501 δὲ
3465 4444 3724 4514 ηὐδόκη-

2032 4558 2147 4595 σεν
2174 4543 2206 4594 ὀ
2222 4541 2367 4606 Θεὸς
2395 4543 2428 4593 ό
2453 4540 2754 4608 ἀφορίσας
2769 4556 2844 4607 με
2867 4539 2936 4592 ἐκ
2958 4539 3191 4603 κοιλίας
3212 4536 3440 4606 μητρός
3457 4551 3596 4603 μου,
3625 4531 3725 4602 καί

2031 4628 2300 4693 καλέσας
2355 4626 2455 4680 διὰ
2504 4624 2617 4693 τῆς
2662 4626 2903 4695 χάριτος
2933 4624 3121 4680 αὑτοῦ
3186 4623 3581 4691 ἀποκαλύψαι
3618 4620 3725 4673 τὸν

2042 4716 2181 4771 Υὶὸν
2212 4715 2399 4769 αὑτοῦ
2424 4715 2496 4768 ἐν
2532 4714 2685 4783 ἐμοί’
2722 4715 2817 4767 καὶ
2848 4713 2919 4767 τά
2947 4711 3094 4785 ἑξῆς.
3124 4714 3190 4767 Ἦ
3220 4714 3328 4784 γὰρ
3366 4711 3644 4782 μαρτυρία
3666 4707 3727 4762 τὸ

2032 4804 2204 4868 δεῖξαι
2231 4803 2293 4856 τὸ
2320 4802 2672 4873 ζητούμενον,
2700 4802 2797 4872 οὐχ
2822 4804 2855 4873 ή
2879 4801 3081 4875 θεωρία
3101 4801 3196 4854 τοῦ
3236 4802 3524 4871 νοήματος.
3556 4796 3723 4851 Πάλιν

2033 4893 2215 4965 ἐρωτᾷ
2244 4893 2273 4944 6
2302 4890 2493 4962 Σωτὴρ
2539 4892 2663 4954 τοὺς
2687 4891 3041 4954 ἀποστόλους,
3080 4891 3221 4945 Τίνα
3248 4908 3327 4961 με
3358 4888 3651 4958 ,λέγουσιν
3669 4888 3723 4939 οι

2033 4982 2331 5049 ἄνθρωποι
2368 4977 2519 5033 εἶναι
2549 4980 2656 5033 τὸν
2683 4978 2819 5034 T267-
2846 4980 2953 5033 τοῦ
2977 4977 3129 5051 [408]
3167 4978 3521 5046 ἀνθρώπου;
3556 4976 3716 5046 Ἐρω-

2033 5070 2102 5140 τᾷ
2127 5069 2228 5138 οὐχ
2257 5068 2342 5120 ἵνα
2396 5065 2563 5138 μάθῃ,
2597 5066 2713 5120 ἀλλ’
2734 5066 2822 5120 ’ίνα
2859 5066 2959 5137 τήν
2983 5066 3245 5119 ὑπόνοιαν
3293 5063 3565 5135 ἐξορίσας,
3625 5060 3725 5133 τὴν

2034 5155 2291 5226 ἀλήθειαν
2321 5154 2568 5226 στηρίξῃ.
2613 5153 2758 5208 Τίνα
2784 5171 2863 5221 με
2894 5153 3187 5223 λέγουσιν
3211 5155 3265 5207 οι
3294 5152 3625 5219 ἀνθρώποις
3659 5152 3720 5203 Ol

2035 5242 2321 5298 ἀπόστολοι
2354 5243 2567 5314 πρῶτον
2596 5240 2694 5304 τὰς
2722 5242 2833 5295 τῶν
2851 5241 3059 5294 πολλῶν
3088 5240 3345 5303 ὐπονοίας
3376 5238 3723 5293 ἀντιϐάλλου·

2037 5348 2140 5386 σιν·
2175 5334 2237 5385 Οἱ
2249 5330 2367 5401 μὲν
2398 5330 2528 5402 γὰρ,
2563 5330 2747 5398 φασὶν,
2783 5331 3015 5392 Ἠλίαν,
3042 5334 3096 5383 οὶ
3118 5329 3186 5383 δὲ
3221 5329 3520 5399 Ἱερεμίαν,
3550 5329 3587 5397 ἣ
3615 5328 3724 5382 ἕνα

2036 5419 2153 5474 τῶν
2181 5416 2522 5488 προφητῶν.
2559 5417 2623 5469 Τί
2651 5413 2745 5470 οῦν
2774 5420 2803 5470 6
2825 5418 3050 5487 Σωτήρς
3092 5417 3235 5488 Πρὸς
3259 5417 3358 5486 μὲν
3383 5416 3481 5479 τὰς
3507 5414 3724 5486 ψευδεῖς

2038 5507 2194 5575 δόξας
2223 5506 2478 5578 οὐδεμίαν
2514 5506 2807 5578 ἀπόκρισιν
2828 5509 3084 5567 ποιεῖται,
3127 5504 3354 5571 ἀναξίας
3377 5503 3724 5575 ἀποκρίσεως

2039 5599 2239 5671 κρίνων
2264 5596 2359 5659 τὰς
2392 5594 2604 5665 ψευδεῖς
2639 5593 2916 5658 ὑπονοίας.
2959 5593 3145 5663 Ὑμεῖς
3177 5593 3246 5646 δὲ
3271 5593 3407 5646 τίνα
3419 5608 3495 5660 με
3517 5590 3723 5660 λέγετε

2038 5685 2227 5750 εἴναι;
2251 5685 2311 5738 οὐ
2335 5683 2443 5736 τῶν
2461 5681 2669 5736 πολλῶν
2694 5700 2782 5753 μοι
2809 5680 2965 5751 λόγος
2987 5680 3094 5735 τῶν
3118 5679 3578 5751 πεπλανημένων,
3608 5679 3724 5732 ἀλλ’

2040 5775 2070 5826 ὐ
2080 5773 2195 5846 μῶν
2226 5771 2335 5827 τῶν
2357 5771 2755 5843 κηρυττόντων.
2805 5771 3026 5842 Ἐπειδὴ
3059 5771 3171 5840 γὰρ
3199 5771 3354 5839 ὑμεῖς
3376 5771 3499 5822 ἐστε
3521 5769 3569 5821 οί
3594 5765 3727 5837 μὲλ-

2040 5863 2224 5927 λοντες
2267 5862 2601 5931 διαγγέλλειν
2639 5864 2730 5916 τὸν
2758 5861 3056 5933 λαμπτῆρα
3096 5860 3197 5933 τῆς
3226 5859 3505 5932 ἀληθείας,
3537 5858 3597 5914 τὸ
3621 5858 3724 5932 κή-
