4138 6450
413 347 511 405 557

411 479 599 532 ρυγμα
614 461 712 532 τῆς
729 461 1011 527 εὐσεϐείας
1038 465 1117 527 είς
1148 464 1327 518 πᾶσαν
1355 463 1541 536 φέρειν
1575 464 1673 537 τὴν
1709 466 1801 519 ὑπ’
1830 466 2085 537 οὐρανόνο

414 552 471 602 ὲν
513 552 642 622 ὑμῖν
671 550 885 604 σαλεύει
923 552 990 605 τά
1020 551 1356 622 ἀνθρώπινα,
1405 556 1463 606 ὲν
1497 552 1626 624 ὑμῖν
1667 554 1968 608 κινδυνεύει
2015 555 2087 609 τά

413 635 514 707 τῆς
542 637 820 707 ἀληθείας⁸
852 639 944 691 καὶ¹
994 636 1184 710 ῶσπερ
1213 639 1247 710 ἡ
1281 639 1522 709 ὑμετέρα
1550 638 1752 707 γνῶσις
1794 640 1947 712 κοινὴ
1973 641 2086 694 τῶν

416 724 719 797 ἀνθρώπων
767 726 1076 797 εὐεργεσία,
1129 728 1364 799 οὓτωςὴ
1421 729 1662 800 ὑμετέρα
1685 730 1876 798 ἄγνοια
1932 731 2085 800 κοινὴ

414 811 513 882 τῆς
535 814 860 885 οἰκουμένης
880 814 1072 886 ζημία·
1090 816 1178 869 διὰ
1207 816 1384 877 τοῦτο,
1402 816 1585 887 Ὑμεῖς
1604 817 1738 871 τίνα
1750 835 1827 887 με
1849 818 2085 886 λέγετε;

415 900 459 952 Τ
459 901 547 954 ότε
579 902 895 974 ἀποκριθεὶς
927 905 1130 974 Πέτρος
1161 902 1302 971 εἷπε,
1332 905 1415 959 Σὺ
1442 906 1500 959 εἷ
1533 908 1565 959 ό
1594 906 1868 975 Χριστὸς,
1896 909 1929 961 ό
1957 907 2087 974 Υἱὸς

415 987 521 1043 τοῦ
546 988 696 1043 Θεοῦ
736 990 845 1044 τοῦ
871 988 1104 1057 ζῶντος.
1130 985 1298 1057 οὗτος
1330 993 1569 1058 πίστεως
1601 995 1747 1065 ὅρος,
1775 987 1932 1058 οὗτος
1957 995 2090 1066 ἀλη-

416 1074 564 1139 θείας
610 1076 787 1145 λόγος,
836 1076 974 1150 αὐτη
1029 1080 1130 1150 τῆς
1162 1080 1328 1151 ὀρθῆς
1350 1080 1507 1151 δόξης
1558 1081 1898 1152 ἠόμολογία.
1949 1082 2090 1135 Ἀλλ’

414 1162 603 1235 ἐπειδὴ
642 1164 915 1235 ἐνεδέχετο
950 1167 1045 1220 καὶ
1074 1166 1279 1237 ταύτην
1312 1169 1410 1237 τὴν
1440 1169 1623 1239 φωνὴν
1660 1169 1737 1232 είς
1773 1168 1873 1232 τὰς
1924 1169 2091 1233 ἀλλ-ας

418 1251 759 1318 ίσονοεῖσθαι,
795 1254 893 1317 τάς
930 1254 1027 1324 μὲν
1075 1255 1422 1325 ἀποκρίσεως
1466 1256 1567 1308 οὐκ
1600 1256 1773 1325 ἠξίου,
1796 1258 1861 1328 τῇ
1889 1257 1946 1309 δὲ
1992 1257 2091 1328 τὴν

411 1337 593 1408 ψῆφον
628 1340 807 1411 φέρει,
836 1342 931 1395 καὶ⁵
956 1340 1009 1393 τί
1030 1358 1225 1411 φησιν;
1258 1342 1374 1394 ἰνα
1402 1343 1477 1414 μὴ
1498 1343 1593 1397 καὶ
1619 1342 1775 1397 τοῦτο
1796 1344 1853 1409 ἐξ
1881 1341 2093 1413 ἀνθρω-

416 1426 577 1497 πίνης
605 1429 834 1499 νομισθῇ
874 1429 1128 1492 ὑπονοίας
1177 1425 1315 1483 εἶναι
1346 1430 1407 1483 τὸ
1460 1430 1633 1502 ῥῆμα,
1670 1430 2092 1501 ὲπισφραγίσας,

416 1518 511 1570 καὶ
537 1518 848 1589 σήμαντρον
869 1516 1019 1588 αὐτῷ
1040 1516 1250 1582 ἐπιθεὶς
1278 1519 1377 1588 τῆς
1405 1517 1684 1589 ἀληθείας,
1703 1519 1865 1588 φησί·
1891 1517 2096 1572 Mani-

413 1621 544 1671 ριος
564 1601 637 1664 εἷ,
670 1606 866 1674 Σίμων
902 1606 1025 1675 ,ϐὰρ
1061 1605 1249 1661 Ἰωνᾶ.
1293 1605 1558 1660 Ἐνταῦθα
1586 1607 1977 1678 μνημόνευσον,
2010 1607 2095 1660 δτι

419 1693 610 1764 Πατὴρ
664 1696 760 1747 καὶ
830 1694 910 1764 τῷ
971 1696 1290 1763 γινώσκοντι
1351 1694 1514 1747 αὐτὸν
1560 1694 1935 1748 ἀποκαλύπτει
1999 1694 2095 1747 τὸν

418 1780 795 1851 ἀγνοούμενον.
818 1782 1116 1850 Μακάριος
1133 1779 1203 1843 εἷ,
1238 1782 1434 1851 Σίμων
1454 1781 1576 1848 ,ϐὰρ
1611 1780 1789 1844 Ἰωνᾶ,
1818 1779 1907 1834 ὅτι
1937 1780 2096 1849 σὰρξ

418 1869 517 1923 καὶ
542 1866 812 1938 αἶμαούκ
846 1869 1202 1939 άπεκὰλυψέ
1223 1886 1343 1931 σοι,
1361 1870 1500 1924 ἀλλ’
1530 1871 1563 1922 ὁ
1586 1867 1788 1935 Πατήρ
1815 1884 1937 1937 μου
1960 1870 1994 1921 ὀ
2023 1869 2097 1921 έν

418 1956 541 2023 τοῖς
566 1956 861 2024 οὐρανοῖς.
899 1954 1062 2028 Ὁρᾷς
1081 1957 1163 2011 ὃτι
1190 1956 1269 2028 τῷ
1296 1957 1395 2029 μὲν
1413 1957 1601 2029 κόσμῳ
1627 1955 1790 2009 παντὶ
1810 1954 2094 2024 ἀγνοοῦντι

416 2043 507 2095 τὸν
535 2044 772 2114 Πατέρα,
796 2046 831 2098 -ὁ
861 2044 987 2108 Υίὸς
1025 2046 1297 2116 ἑρμηνεὺς
1325 2045 1531 2113 γίνεται
1571 2043 1666 2097 τοῦ
1704 2040 2091 2113 ἀγνοουμένου·

415 2133 481 2201 τῇ
514 2132 571 2184 δὲ
603 2134 889 2203 συναγωγῇ
909 2137 1000 2186 καὶ
1019 2135 1130 2195 τοῖς
1171 2132 1440 2197 Ἰουδαίοις
1461 2132 1595 2187 Θεὸν
1632 2131 1731 2201 μὲν
1772 2128 2097 2186 ὑπονοοῦσιν

417 2220 633 2281 εἰδέναι,
664 2221 753 2273 τὸν
773 2221 831 2274 δὲ
847 2220 938 2274 τοῦ
964 2220 1100 2274 Θεοῦ
1127 2220 1260 2275 Θεὸν
1289 2220 1462 2290 Λόγον
1476 2221 1578 2275 οὐκ
1608 2220 2090 2290 ἐπιγινώσκουσιν,

416 2306 578 2373 αὐτὸς
617 2309 644 2360 6
675 2308 860 2381 Πατὴρ
878 2310 1149 2381 ἑρμηνεὺς
1168 2308 1377 2379 γίνεται
1401 2309 1494 2364 τοῦ
1520 2308 2021 2382 ἀμφιϐαλλομένου.

485 2398 547 2451 δ’.
589 2397 681 2469 Μὴ
724 2399 902 2452 τοίνυν
935 2399 1033 2468 τὴν
1082 2398 1529 2470 ὑπερϐάλλουσαν
1570 2397 1982 2470 φιλανθρωπίαν
2016 2398 2098 2461 εἰς

414 2482 627 2552 ἑφόδιον
658 2483 826 2558 τάξῃς
852 2484 1125 2552 ἀσεϐείας,
1147 2484 1222 2556 μὴ
1252 2484 1562 2557 ὲλαττώσης
1586 2486 1687 2555 τὴν
1707 2484 1864 2552 ἀξίαν
1891 2482 1979 2537 διὰ
1996 2484 2097 2554 τὴν

416 2571 750 2643 οἰκονομίαν,
808 2573 883 2643 μὴ
918 2572 1363 2644 πολυπραγμόνει
1415 2571 1578 2641 φύσιν
1626 2572 1959 2643 ἀμέτρητον,
2020 2572 2098 2642 μὴ

418 2658 616 2731 ἐρεύνα
641 2660 829 2714 οὐσίαν
854 2659 1261 2731 ἀκατάληπτον.
1307 2658 1537 2724 Ἡσαΐας
1568 2675 1627 2712 σε
1653 2658 1898 2713 πεισάτω
1915 2657 2102 2712 τοιαῦ-

420 2763 489 2800 τα
505 2746 579 2818 μὴ
613 2746 914 2818 διερευνᾷν,
949 2746 1082 2817 μηδὲ
1127 2744 1352 2800 τοιαῦτα
1390 2749 1935 2819 πραγματογραφεῖν·
1980 2744 2101 2813 Τὴν

419 2835 636 2904 ’γενεὰν
660 2835 768 2907 γὰρ
792 2836 981 2890 αὐτοῦ
1023 2835 1116 2902 τίς
1149 2834 1537 2905 διηγήσεται;
1572 2834 1711 2889 Ἀλλ’
1750 2834 1796 2887 ὣ
1820 2834 1919 2906 τῆς
1944 2835 2099 2888 ἀναι-

424 2923 651 2994 σχύντου
676 2923 882 2995 τόλμης
925 2922 1035 2975 τῶν
1074 2922 1254 2976 πάντα
1290 2922 1489 2995 ῥαδίως
1537 2924 1755 2995 φρονεῖν
1787 2922 1882 2976 καὶ
1921 2922 2102 2991 λέγειν

423 3008 777 3082 τολμώντωνί
811 3010 906 3064 καί⁸
935 3010 995 3063 οὐ
1027 3009 1273 3081 φοϐεῖται
1302 3022 1329 3051 ι
1357 3010 1386 3062 6
1416 3010 1690 3081 Ἀνόμοιος
1715 3009 1791 3073 ὡς
1826 3008 1962 3064 Θεοῦ
2000 3009 2102 3079 φύ-

424 3116 509 3153 σιν
535 3097 977 3169 διερευνώμενος.
1007 3098 1103 3152 καὶ
1140 3097 1355 3169 τολμῶν
1393 3098 1573 3168 λέγειν
1616 3098 1686 3152 τά
1737 3099 1971 3170 ἄρρητα,
2008 3098 2102 3152 καὶ

422 3187 765 3263 δημοσιεύειν
803 3187 872 3242 τά
907 3187 1076 3256 ἆγιαυ
1104 3188 1200 3241 καὶ
1244 3187 1491 3252 είκότως’
1536 3184 1723 3257 ἐπειδὴ
1771 3188 1881 3258 γὰρ
1916 3186 2104 3254 ἀγνοεῖ

423 3276 537 3344 τὴν,
564 3276 844 3348 ἀλήθειαν,
873 3274 1266 3345 ἐπαγγέλλεται
1294 3274 1363 3329 τά
1412 3274 1774 3346 ἀγνοούμενα,
1803 3276 1890 3328 ἵνα
1919 3275 2104 3347 κρύψῃ

426 3363 493 3418 τὲ
521 3363 919 3436 κηρυττόμενα.
948 3365 1063 3417 υύκ
1082 3364 1284 3436 ῆκουσε
1319 3364 1416 3434 τῆς
1458 3363 1621 3432 ἀγίας
1645 3362 1872 3433 Γραφῆς
1902 3379 2103 3434 παραι-

424 3449 644 3522 νούσης,
687 3452 756 3505 Ἀ
806 3449 1188 3519 προσετάχθη
1237 3465 1356 3515 σοι,
1388 3449 1577 3505 ταῦτα
1604 3448 1867 3503 διανοοῦ·
1896 3450 1959 3502 οὐ
1992 3449 2106 3520 γὰρ

430 3540 587 3611 χρεία
617 3556 699 3592 σοι
748 3539 857 3593 τῶν
886 3539 1167 3613 κρυπτῶν.
1206 3540 1266 3593 '0
1302 3539 1570 3610 μακάριος
1594 3539 1750 3604 Θεὸς,
1802 3540 1898 3593 καὶ
1944 3540 2105 3610 μόνος

429 3626 696 3697 δυνάστης
724 3627 833 3681 τῶν
873 3628 1210 3698 θαυμασίων,
1259 3626 1377 3680 Ἰὼϐ
1410 3626 1498 3680 τὸν
1519 3627 1630 3680 ἀπὸ
1671 3626 1772 3697 τῆς
1828 3626 2107 3696 ὑπομονῆς

429 3715 739 3787 λάμψαντα,
784 3716 1062 3788 βουληθείς
1110 3734 1240 3770 ποτε
1269 3719 1336 3787 τῇ
1371 3716 1583 3787 ἱστορία
1622 3716 1721 3785 τῆς
1746 3714 2106 3787 δημιουργίας

429 3803 719 3874 ἐκπλῆξαι,
747 3804 893 3873 λέγει
920 3803 1087 3875 αὐτῷ’
1112 3804 1236 3858 Ποῦ
1264 3800 1339 3875 ἧς
1350 3802 1421 3856 ἐν
1446 3803 1528 3868 τῷ
1545 3801 1865 3872 θεμελιοῦν
1885 3818 1962 3870 με
1991 3800 2110 3868 τὴν

428 3888 582 3959 γῆνξ
633 3892 779 3962 ὄτεὴ
809 3890 1053 3945 θάλασσα
1085 3892 1329 3959 ὲγένετο;
1361 3891 1451 3945 ἵνα
1487 3888 1756 3959 συντέμω,
1792 3888 1882 3942 ὅτε
1911 3886 1982 3941 τὰ
2003 3887 2107 3957 ὅρη

429 3977 760 4044 ὲπλάττετος
821 3980 905 4034 Σὺ
962 3980 1274 4049 ἐφύλαξας
1339 3977 1618 4043 τοκετοὺς
1682 3975 2107 4045 τραγελάφων;

441 4064 801 4136 Ἀπάγγειλόν
852 4085 966 4138 μοι,
1014 4068 1169 4137 φησι,
1209 4064 1304 4121 τοῦ
1353 4067 1563 4136 κόσμου
1602 4065 1704 4136 τὴν
1748 4061 2107 4125 διατύπωσιν,

430 4154 530 4227 τὴν
557 4153 667 4209 τῶν
684 4154 887 4227 θηρίων
912 4154 1095 4220 ὠδῖνα,
1120 4154 1216 4209 καὶ
1247 4154 1347 4225 τὴν
1374 4153 1580 4226 τροφὴν
1611 4150 1720 4205 τῶν
1748 4149 1983 4221 κτηνῶν,
2009 4148 2111 4220 τὴν

432 4243 765 4297 κατάστασιν
793 4243 1009 4299 πάντων
1035 4241 1147 4296 τῶν
1192 4243 1249 4295 ὲν
1284 4240 1362 4312 τῷ
1402 4241 1613 4311 κόσμῳ,
1665 4239 1766 4311 τὴν
1811 4235 2106 4294 ποικιλίαν.

431 4329 617 4384 Ταῦτα
653 4330 710 4383 δὲ
740 4331 877 4401 πρὸς
936 4330 1098 4384 αὐτὸν
1123 4328 1307 4397 ἔλεγεν
1334 4329 1482 4398 ὅμως
1505 4325 1776 4380 παιδεύων
1807 4325 1992 4390 αὐτὸν,
2029 4325 2114 4379 δτι

433 4419 528 4472 καὶ
554 4419 621 4472 τά
648 4420 705 4472 ὲν
731 4418 869 4488 αὐτῇ
890 4420 956 4489 τῇ
975 4416 1150 4471 κτίσει
1173 4415 1323 4488 [409]
1346 4414 1646 4485 φαινόμενα
1668 4418 1777 4477 τοῖς
1801 4413 2112 4484 ἀνθρώποις

434 4508 812 4579 ἀκατάληπτα.
846 4502 981 4561 Εἶτα
1008 4510 1036 4561 ό
1062 4506 1332 4579 μακάριος
1370 4504 1665 4572 ἐκπλαγείς
1696 4519 1849 4573 φησι·
1910 4503 2110 4570 Κύριε,

433 4596 597 4659 ἅπαξ
622 4596 916 4664 ἐλάλησα,
940 4595 1039 4649 ἐπὶ
1065 4595 1134 4648 δὲ
1158 4594 1239 4660 τῷ
1266 4594 1523 4661 δευτέρῳ
1543 4593 1617 4646 οὐ
1650 4589 1998 4661 προσθήσω.
2025 4586 2116 4643 EI-

434 4706 503 4741 τα
523 4689 557 4758 ἡ
594 4686 819 4758 ζήτησις
846 4686 953 4739 τῶν
978 4684 1317 4756 φαινομένων
1362 4682 1582 4753 ἐνίκησε
1621 4686 1714 4734 τὸν
1760 4678 1902 4734 Ἰώϐ⁶
1932 4679 2025 4733 σοῦ
2056 4680 2115 4752 δὲ

438 4778 535 4848 τὴν
557 4775 762 4846 τόλμαν
787 4774 911 4828 οὐδὲ
933 4774 979 4845 η’
997 4773 1234 4847 ἄρῤητος
1254 4770 1346 4825 τοῦ
1371 4769 1710 4839 Μονογενοῦς
1737 4768 1955 4839 ἐνίκησε
1989 4767 2115 4837 γέν-

436 4881 624 4936 νησιςς
667 4862 803 4917 Ἀλλ’
834 4864 957 4916 ἐπεὶ
992 4860 1328 4930 διαγγέλλεις
1356 4860 1393 4913 ἀ
1427 4858 1502 4931 μὴ
1523 4856 1693 4922 οἶδας,
1717 4856 1934 4911 ἀπαιτῶ
1968 4858 1997 4900 δ
2029 4855 2119 4909 λό-

437 4970 531 5023 γον
558 4948 633 5006 ὧν
688 4950 1106 5021 πάντεςῖσμεψ
1157 4949 1280 5002 είπέ
1330 4965 1439 5019 μοι,
1486 4946 1603 5013 πῶς
1642 4946 1778 5017 ήγῆ
1820 4944 2117 5017 ὲστηρίχθη

437 5043 528 5095 ἐπὶ
544 5041 651 5095 τῶν
680 5041 911 5104 ὑδάτων,
967 5038 1110 5100 εἰπὲ,
1153 5037 1271 5101 πῶς
1304 5038 1333 5091 6
1370 5037 1543 5108 Ἀδὰμ
1574 5034 1818 5105 ἐπλάσθη
1852 5035 1962 5089 ἀπὸ
1990 5034 2114 5105 γῆς’

437 5130 581 5191 εἰπὲ,
610 5130 727 5194 πῶς
749 5130 812 5185 τὸ
844 5129 1019 5201 μάννα
1048 5125 1379 5199 ὲχορηγήθη,
1398 5124 1515 5190 πῶς
1543 5128 1576 5197 ὴ
1605 5123 1844 5179 θάλαττα
1867 5122 2117 5196 διῃρέθη,

440 5218 534 5273 καὶ
562 5217 630 5271 τὰ
652 5218 816 5272 λοιπά
831 5215 1106 5285 θαύματα,
1131 5216 1217 5269 ἵνα
1245 5213 1318 5286 μὴ
1353 5212 1601 5287 μηκύνω·
1627 5212 1749 5265 εἰπέ
1775 5228 1887 5282 μοι,
1919 5210 2036 5273 πῶς
2068 5209 2121 5263 oi

441 5305 663 5375 ἄγγελοι
693 5304 1068 5375 παρατεθέντα
1098 5304 1280 5365 αὐτοῖς
1309 5301 1399 5355 τὸν
1420 5301 1618 5373 μόσχον
1634 5299 1738 5354 ὐπὸ
1759 5299 1853 5352 τοῦ
1872 5297 2123 5370 ’Λϐραάμ

442 5393 675 5462 έφαγον;
705 5391 918 5462 γαστὴρ
943 5392 1045 5445 οὐκ
1070 5387 1159 5463 ἦν,
1189 5391 1371 5462 δοχεία
1392 5389 1602 5463 τροφῆς
1620 5389 1719 5459 οὐχ
1749 5386 1997 5459 ὑπῆρχεν
2024 5386 2127 5454 ἀγο

444 5479 619 5549 γέλων
672 5479 855 5548 φύσει.
903 5477 966 5530 ⁸0
1018 5477 1206 5532 ποιῶν
1259 5477 1368 5549 γὰρ
1408 5476 1555 5543 τοὺς
1585 5473 1884 5545 ἀγγέλους
1930 5470 2120 5526 αὐτοῦ

507 5588 531 5655 ἢ
554 5584 691 5635 Unus
710 5586 737 5633 ὁ
766 5582 1030 5655 Ἀνὸμοιος,
1074 5582 1286 5631 melius:
1316 5595 1428 5632 nam
1465 5587 1635 5630 contra
1657 5580 1922 5653 Αηοηιᾳξοε
1942 5573 2121 5653 agitur.

448 5646 575 5696 Edui
597 5648 624 5694 ὁ
647 5647 838 5700 ἄνομος.
864 5644 986 5693 lnlra
1017 5643 1148 5693 Idem
1189 5652 1329 5693 reue
1372 5644 1709 5700 ἐπαγγέλλεται
1731 5641 1792 5689 τὰ
1816 5653 2123 5700 ἀγνοουμενα.

451 5659 575 5696 mm
597 5659 624 5694 ο
647 5659 838 5704 monac.
864 5659 986 5693 mira
1017 5659 1148 5693 mem
1189 5659 1329 5693 recte
1372 5659 1709 5705 επαγγελλεται
1731 5659 1792 5689 τα
1816 5659 2123 5700 αγνοονμενα.

442 5707 593 5771 mm
600 5707 932 5771 ἐπαγγέλλεται
953 5706 1155 5771 ἀγνοεῖν,
1178 5706 1533 5771 qua_le_c_tion<_a
1572 5709 1675 5771 ιοιε
1699 5704 1859 5771 serigs
1875 5698 2125 5771 _l_urbatnr.

452 5828 469 5841 ν
510 5765 541 5805 δ
554 5767 646 5876 fio
666 5761 967 5821 obfreximns
987 5761 1075 5830 ριιο
1111 5761 1332 5818 ἀπαιτοῦ.
1361 5766 1468 5815 Mox
1504 5766 1570 5813 ὢν
1606 5763 1777 5821 πάντες
1792 5761 2018 5811 dedimus
2040 5771 2128 5822 pro

452 5841 550 5875 ουκ
584 5847 636 5876 vr

450 5842 504 5875 ου
516 5841 636 5878 καντ

1622 356 1998 416 SEVEBIA'NI
2034 354 2384 414 GABALOR.
2424 352 2640 412 EPISC.
3750 342 3822 398 53
3845 343 3859 392 ἓ

2185 467 2510 535 πνεύματα,
2532 464 2631 518 καί
2655 463 2798 529 τοὺς
2829 463 3216 534 λειτουργοὺς
3243 462 3431 519 αὐτοῦ
3468 462 3587 531 πῦρ
3608 458 3856 532 φλέγον.

2185 554 2325 618 Πῶς,
2358 552 2647 624 ἀνηλώθη;
2709 550 2927 617 Εὐθέως
2979 555 3009 607 6
3046 553 3340 625 αίρετικὸς,
3382 552 3487 606 Καὶ
3542 551 3618 614 τί,
3670 547 3859 618 φησιν,

2183 641 2443 695 ἀδύνατον
2460 641 2641 711 ζητεῖς
2660 657 2676 706 ;
2693 640 2917 711 δυνάμει
2929 640 3036 693 τῶν
3072 640 3322 709 ἀγγέλων
3351 638 3644 710 ἠφανίσθη.
3668 637 3857 704 Καὶτῇ

2187 730 2285 801 μὲν
2302 729 2529 799 δυνάμει
2543 728 2653 782 τῶν
2668 729 2914 798 ἀγγέλων
2934 729 3229 795 πιστεύεις,
3284 730 3380 783 καὶ
3430 728 3530 782 οὐκ
3563 724 3859 793 ἐξετάζεις,

2184 815 2319 871 Θεοῦ
2338 816 2394 869 δὲ
2413 817 2664 886 γέννησιν
2673 816 3144 888 πολυπραγμονεῖς
3159 835 3174 883 ;
3191 816 3313 881 Πῶς
3321 816 3478 886 ὲποίη
3486 833 3573 868 σεν
3585 815 3616 866 6
3628 812 3759 875 Θεὸς
3770 811 3863 866 τὸν

2184 904 2412 977 οὐρανὸν
2428 903 2522 957 καὶ
2532 906 2630 972 τὴν
2643 904 2745 975 γῆν
2760 920 2774 969 ;
2792 903 3286 975 Ἀποκρίνεται,⁹Ως
3297 900 3458 968 οἶδεν,
3479 903 3555 966 ὼς
3572 900 3739 970 ὴθέλη
3746 916 3862 954 σεν.

2186 989 2320 1045 Εἶτα
2352 993 2384 1063 ἡ
2410 991 2745 1062 μὲνδύναμις
2756 990 2851 1045 τοῦ
2871 991 3007 1045 Θεοῦ
3037 991 3318 1063 λογισμοῖς
3343 991 3443 1062 οὑχ
3475 987 3864 1047 ὑποϐάλλεται,

2187 1079 2322 1133 ἀλλά
2360 1079 2539 1132 πίστει
2577 1079 2959 1150 παραδίδοται·
3006 1079 3127 1133 θεία
3161 1078 3219 1132 δὲ
3261 1078 3514 1147 γέννησις
3540 1075 3648 1129 τῶν
3683 1074 3868 1142 λογισ-

2190 1166 2305 1237 μῶν
2336 1166 2602 1236 ἀνάγκαις
2642 1166 3135 1238 περιστοιχίξεταις
3166 1166 3281 1221 Οὐκ
3308 1166 3548 1236 ῆκουσας
3581 1161 3675 1216 τοῦ
3698 1159 3867 1214 Δαυῒδ

2188 1254 2456 1324 λέγοντος,
2486 1254 2685 1309 Πάντα
2709 1254 2825 1309 ὅσα
2841 1254 3144 1324 ἠθέλησεν
3162 1259 3194 1310 ό
3210 1256 3443 1323 Κύριος,
3464 1253 3776 1318 ἐποίησεν;
3792 1248 3868 1301 Τὸ

2191 1342 2401 1413 θέλημα
2438 1344 2500 1396 οὐ
2544 1343 3041 1415 πολυπραγμονεῖς,
3066 1344 3161 1398 καὶ
3175 1344 3276 1414 τὴν
3290 1342 3450 1411 φύσιν
3485 1338 3827 1411 περιεργάζει
3848 1353 3868 1403 ;

2191 1432 2301 1484 Καὶ
2338 1431 2410 1494 τί,
2441 1430 2697 1501 ἀδελφοί;
2740 1432 2806 1484 Ἀ
2839 1431 2936 1501 μὲν
2973 1430 3231 1502 ἐποίησεν
3269 1432 3299 1484 6
3341 1430 3473 1493 Θεὸς
3514 1427 3703 1486 θέλων.
3733 1427 3870 1497 ὁρᾶ-

2188 1532 2300 1581 ται,
2340 1514 2400 1569 δν
2445 1515 2503 1569 δὲ
2535 1517 2823 1587 ἐγέννησεν
2855 1520 2920 1570 ὲκ
2947 1516 3048 1586 τῆς
3095 1516 3230 1580 ιδίας
3272 1514 3460 1578 οὐσίας
3504 1514 3734 1585 ἀόρατον
3769 1512 3873 1583 (εί-

2191 1607 2303 1663 κὼν
2340 1606 2451 1680 γάρ
2478 1608 2614 1661 Θεοῦ
2639 1608 2872 1679 ἀοράτου
2897 1609 2968 1664 τά
2990 1609 3291 1679 φαινόμενα
3319 1606 3641 1678 ποιήματα),
3675 1602 3772 1657 νῦν
3809 1603 3869 1655 έν

2190 1695 2269 1766 τῷ
2312 1694 2557 1766 λογισμῷ
2581 1698 2616 1766 ἡ
2649 1696 2877 1768 ἀόρατος
2907 1706 2931 1736 °
2969 1697 3223 1767 γέννησις
3266 1698 3377 1759 τοῖς
3428 1693 3707 1763 λογισμοῖς
3749 1689 3874 1743 δου-

2191 1781 2376 1850 λεύεις
2415 1782 2453 1837 ἃ,
2489 1783 2722 1855 θελήσας
2762 1784 3039 1855 ἐποίησεν,
3087 1784 3189 1837 οὐκ
3236 1782 3619 1854 ἀνακρίνεται·
3658 1780 3687 1833 δ
3728 1780 3874 1833 κατά

2190 1871 2291 1941 τὴν
2317 1871 2469 1924 θείαν
2507 1869 2602 1924 καὶ
2641 1870 2908 1940 ἄχραντον
2944 1869 3104 1939 φύσιν
3135 1870 3434 1940 ὑπήνεγκε,
3475 1867 3868 1937 πολυπραγμο-

2193 1962 2339 2023 νεῖς;
2367 1960 2431 2011 Ὢ
2451 1959 2642 2029 καινῆς
2664 1957 2904 2029 τόλμηςί
2932 1956 2979 2011 ὣ
3012 1957 3169 2029 ξένης
3199 1955 3624 2029 ὲπιχειρήσεωςί
3665 1952 3713 2007 ὦ
3752 1953 3879 2024 βου-

2194 2045 2435 2117 λήματος
2466 2046 2779 2117 τιμωμένου
2809 2046 2861 2111 ά,
2891 2046 2985 2099 καὶ
3012 2046 3225 2115 φύσεως
3250 2043 3647 2115 ὑϐριζομένηςί
3680 2041 3877 2105 Καλῶς

2192 2139 2221 2191 6
2250 2137 2521 2207 μακάριος
2561 2135 2723 2190 Δαυῒδ
2767 2136 2987 2206 ἑλεγενο
3040 2136 3157 2190 Υίοί
3212 2133 3557 2211 ἀνθρώπων,
3587 2133 3697 2199 ἕως
3728 2134 3881 2185 πότε

2187 2224 2631 2294 βαρυκὰρδιοι;
2677 2225 2835 2278 irati
2882 2223 3151 2294 ἀγαπᾶτε
3199 2224 3585 2293 ματαιότητα,
3632 2220 3729 2275 καὶ
3776 2218 3880 2287 ζη-

2192 2312 2344 2368 τεῖτε
2385 2312 2650 2382 ψεῦδος;
2696 2314 2811 2366 Πᾶν
2842 2313 2953 2384 γάρ
2994 2312 3271 2383 ἀλλότριον
3302 2310 3402 2381 τῆς
3442 2307 3679 2381 Χριστοῦ
3723 2308 3877 2362 διδα-

2196 2401 2421 2468 σκαλίας
2450 2401 2545 2455 καὶ
2575 2400 2795 2471 ψεῦσμα
2842 2400 2937 2454 καὶ
2971 2400 3220 2470 μάταιον.
3254 2399 3316 2451 Εἰ
3351 2399 3458 2470 γὰρ
3491 2395 3745 2466 ἀληθεύει
3781 2393 3876 2447 λέ-

2195 2504 2329 2558 γων,
2367 2487 2507 2559 Ἐγὼ
2548 2490 2662 2557 εἰμι
2694 2490 2727 2560 ἡ
2768 2487 3013 2559 ἀλήθεια,
3038 2489 3139 2541 ὅσα
3168 2485 3324 2549 ἐκτὸς
3349 2486 3447 2555 τῆς
3472 2482 3706 2555 Χριστοῦ
3737 2480 3881 2535 διδα⁴

2197 2577 2446 2641 σκαλίας,
2468 2579 2548 2641 είς
2571 2575 2764 2646 ψεῦδος
2790 2575 2967 2647 φέρει.
3013 2573 3281 2643 ’Δνάγαγέ
3315 2590 3405 2627 σου
3443 2573 3541 2643 τὴν
3564 2570 3743 2641 ψυχὴν
3767 2566 3884 2623 ἀπὸ

2196 2665 2305 2719 τῶν
2327 2665 2503 2737 χαμαὶ
2524 2664 2791 2735 κειμένων
2825 2662 3155 2734 ζητημάτων
3194 2662 3287 2715 καὶ
3318 2660 3426 2715 τῶν
3464 2659 3707 2731 ματαίων
3734 2657 3887 2729 λογι-

2200 2754 2353 2824 σμῶν
2395 2754 2488 2806 ἐπὶ
2534 2753 2594 2806 τὸ
2630 2752 2764 2823 ὐψος
2805 2752 2908 2822 τῆς
2948 2751 3249 2819 θεολογίας,
3297 2750 3393 2804 καὶ
3436 2748 3732 2803 κατάλειπε
3777 2745 3882 2815 τὴν

2200 2841 2422 2912 πτωχὴν
2443 2839 2551 2893 τῶν
2578 2838 2854 2910 λογισμῶν
2880 2838 3108 2911 ἔρευναν
3127 2854 3144 2871 ο
3191 2836 3325 2890 λάϐε
3364 2836 3456 2889 τὸν
3483 2832 3758 2906 θησαυρὸν
3782 2830 3888 2900 τῆς

2200 2928 2487 2999 ἀληθείας·
2548 2928 2746 2999 Ὁμοία
2790 2926 2964 2980 ἐστίν
2999 2926 3039 2994 ἡ
3090 2925 3382 2991 ,βασιλειά
3442 2920 3565 2976 τῶν
3612 2915 3889 2982 οὐρανῶν

2200 3016 2484 3087 θησαυρῷ
2507 3012 2908 3085 κεκρυμμένῳ.
2944 3014 3044 3081 Διά
3080 3013 3135 3067 τί
3183 3009 3459 3084 θησαυρὸς
3496 3007 3819 3079 ὀνομάζεται
3855 3006 3890 3059 6

2202 3107 2430 3178 Σωτήρ;
2471 3103 2737 3158 Ἐνταῦθα
2789 3103 3023 3175 πρόσεχε
3080 3099 3345 3174 ἀκριϐῶς.
3369 3100 3580 3167 Ὥσπερ
3610 3096 3639 3148 6
3681 3094 3890 3164 θησαυ-

2204 3195 2296 3266 ρὸς
2323 3193 2421 3263 οὐχ
2459 3192 2547 3246 ὅτε
2587 3190 2924 3263 εὑρίσκεται,
2958 3190 3080 3244 τότε
3124 3189 3460 3252 συνίσταται,
3491 3182 3605 3239 ἀλλ’
3638 3181 3753 3238 ἔστι
3786 3180 3892 3252 μὲν

2203 3280 2431 3344 παλαιὸς
2475 3282 2542 3350 τῇ
2584 3278 2730 3332 θέσει
2764 3290 2811 3342 ⁸,
2869 3278 2990 3341 νέος
3032 3277 3090 3330 δὲ
3127 3279 3194 3349 τῇ
3248 3275 3499 3347 εὑρέσει·
3532 3272 3675 3327 οὕτω
3720 3271 3815 3325 καὶ
3860 3272 3895 3325 6

2205 3371 2474 3442 σωτήριος
2517 3369 2674 3438 λόγος
2717 3366 2945 3430 παλαιὸς
2985 3366 3084 3437 μέν
3112 3367 3229 3418 ἐστι
3266 3364 3365 3437 τὴν
3407 3363 3585 3431 ἀξίαν,
3619 3362 3714 3416 καὶ
3742 3360 3891 3432 ἀρχὴ

2202 3458 2314 3513 τῶν
2355 3460 2629 3522 ἁπάντων,
2667 3456 2853 3528 ἐπειδὴ
2887 3457 2983 3510 Ἐν
3023 3452 3184 3524 ἀρχῇ
3232 3452 3313 3522 ἦν
3349 3455 3383 3506 d
3422 3453 3643 3522 Λόγος·
3673 3448 3795 3503 νέον
3831 3447 3895 3501 δὲ

2202 3547 2266 3601 τὸ
2285 3548 2549 3619 κήρυγμα
2567 3545 2654 3599 διὰ
2682 3544 2781 3617 τὴν
2799 3545 2903 3615 τῆς
2932 3543 3133 3615 σαρκὸς
3159 3539 3489 3612 οἰκονομίαν.
3522 3536 3739 3609 ’Δμέλει
3773 3530 3893 3599 οῦν,

2205 3634 2420 3705 ἀδελφέ,
2460 3635 2547 3687 ἵνα
2599 3632 2795 3705 μάθῃς.
2827 3633 2909 3686 ὅτι
2956 3631 3113 3701 δίκην
3162 3626 3441 3701 θησαυροῦ
3479 3627 3593 3688 τοῖς
3635 3621 3897 3677 ποθοῦσιν

2206 3725 2499 3796 ἐκλάμπει,
2542 3726 2634 3777 καὶ
2673 3723 2723 3777 οί
2769 3722 3137 3793 εὑρίσκοντες,
3179 3716 3354 3781 οὕτως
3406 3712 3783 3796 δπιτρέχουσιν
3814 3711 3898 3796 ὡς

2208 3794 2467 3885 θησαυρῷ
2495 3810 2782 3883 εὐρημένῳ
2812 3803 2869 3857 ’6
2908 3806 3163 3879 ’Δνδρέας
3194 3804 3274 3877 τῷ
3312 3803 3504 3875 Πέτρῳ
3524 3794 3897 3868 τὴνεῧρεσινί

2207 3900 2493 3972 κηρύττων
2536 3900 2732 3971 φησίν·
2767 3900 2877 3951 Ὃν
2904 3897 3132 3966 ἔγραψε
3178 3891 3446 3959 Ηωῢσῆς
3482 3890 3552 3944 ἐν
3604 3886 3685 3953 τῷ
3732 3887 3900 3955 νόμῳ

2208 3987 2307 4041 καί
2350 3989 2406 4040 οί
2455 3984 2774 4056 προφῆται,
2814 3983 3153 4054 εὑρήκαμεν
3194 3979 3304 4034 τὸν
3339 3977 3616 4048 Χριστόν.
3649 3973 3898 4043 Μωῦσῆς

2208 4074 2319 4146 γὰρ
2343 4073 2435 4127 καὶ
2462 4074 2511 4127 οἱ
2551 4073 2828 4146 προφῆται
2867 4074 2927 4125 έν
2966 4074 3085 4133 ταῖς
3122 4068 3305 4138 ἁγίαις
3335 4065 3537 4137 βίϐλοις
3580 4063 3655 4127 ὡς
3701 4064 3759 4115 ὲν
3800 4061 3901 4131 θη-

2211 4164 2432 4235 σαυροῖς
2460 4161 2722 4216 ἀπέθεντο
2763 4160 2825 4214 τὸ
2862 4160 3145 4231 κήρυγμα.
3179 4156 3320 4209 Ἀλλ’
3345 4153 3535 4224 ὥσπερ
3563 4152 3614 4205 oi
3655 4148 3902 4221 κρυπτὸν

2211 4250 2482 4323 θησαυρὸν
2522 4248 2920 4320 ἀποτιθέμενοι,
2967 4246 3123 4301 αὐτοὶ
3172 4245 3272 4317 μὲν
3321 4242 3518 4315 ὁρῶσιν
3552 4238 3588 4295 ἀ
3623 4236 3901 4294 καταϐάλ-

2209 4338 2412 4405 λονται,
2442 4337 2700 4391 σκέπουσι
2725 4337 2783 4391 δὲ
2812 4339 2879 4408 τῇ
2920 4332 3071 4408 [410]
3097 4332 3236 4404 ὄψει,
3280 4329 3355 4403 μὴ
3392 4328 3789 4401 εὐδιάρπαστος
3811 4325 3901 4393 γέ·

2212 4444 2368 4498 νηται
2409 4428 2523 4493 τοῖς
2567 4425 2902 4498 ἀλλοτρίοις’
2930 4421 3073 4476 οὕτω
3112 4422 3206 4474 καὶ
3248 4420 3298 4473 oi
3336 4415 3615 4489 προφῆται
3660 4412 3905 4484 Χριστὸν

2213 4514 2548 4587 κηρύξαντες
2588 4516 2656 4584 τῇ
2702 4510 2941 4582 ἀσαφείᾳ
2981 4508 3091 4564 τῶν
3135 4507 3333 4574 λέξεων
3370 4503 3615 4577 ἔκρυψαν
3660 4501 3755 4555 τὸν
3801 4500 3901 4571 θη-

2215 4603 2434 4676 σαυρόν.
2468 4602 2568 4656 Διά
2609 4602 2696 4667 τίς
2735 4600 2799 4654 Ei
2846 4598 2954 4670 γάρ
2996 4596 3183 4666 σαφῶς
3223 4593 3397 4659 εἷπον,
3428 4594 3531 4647 οὐκ
3564 4587 3635 4663 ἦν
3679 4605 3901 4661 προφη-

2212 4691 2356 4752 τεία,
2401 4689 2537 4744 ἀλλά
2581 4689 2859 4760 κήρυγμα,
2911 4687 3006 4740 καὶ
3052 4682 3463 4757 προελάμϐανεν
3504 4683 3540 4753 ἡ
3583 4678 3765 4751 ἀωρία
3800 4677 3902 4748 τῆς

2214 4778 2535 4851 ὲκφράσεως
2592 4775 2694 4847 τὴν
2753 4773 3043 4845 εὐκαιρίαν
3090 4771 3187 4826 τοῦ
3247 4771 3619 4843 κηρύγματος.
3686 4765 3755 4820 Τί
3812 4763 3912 4820 οὐν

2216 4868 2461 4933 ποιοῦσι;
2495 4868 2606 4921 Καὶ
2648 4864 3030 4939 έρμηνεύουσι,
3075 4864 3169 4919 καὶ⁵
3223 4862 3547 4935 κρύπτουσι.
3585 4860 3685 4924 Τίς
3729 4859 3900 4914 ταῦτα

2216 4957 2401 5027 λέγεις
2443 4954 2696 5018 Ἡσαΐαςο
2738 4953 2847 5009 Καὶ
2877 4952 3050 5007 ἔσται
3086 4951 3263 5006 τοῦτο
3298 4951 3367 5005 τὸ
3394 4950 3660 5015 βιϐλίον,
3693 4948 3776 5013 ὡς
3802 4947 3892 5012 ,ϐι-

2219 5046 2393 5101 ϐλίον
2412 5040 2897 5113 ἐσφραγισμένον
2913 5057 2929 5073 ο
2977 5040 3024 5095 ὃ·
3045 5040 3153 5095 ἐὰν
3173 5037 3322 5108 δοθῇ
3349 5035 3638 5106 ἀνθρώπῳ
3654 5036 3897 5090 ἐπισταο

2214 5133 2378 5204 μένῳ
2399 5130 2724 5202 γράμματα,
2746 5129 2888 5199 ἐρεῖ,
2915 5131 2998 5184 οὐ
3017 5128 3274 5197 δύναμαι
3293 5121 3635 5195 ἀναγνῶναι
3649 5139 3663 5153 ⁶
3687 5121 3897 5191 ἐσφμίρ

2219 5228 2421 5283 τισται
2460 5210 2592 5282 γάρ.
2643 5211 2755 5265 Καὶ
2799 5211 2908 5264 ἐὰν
2936 5208 3085 5277 δοθῇ
3115 5206 3197 5274 τῷ
3225 5206 3311 5277 μὴ
3353 5205 3535 5260 εἰδότι
3570 5204 3901 5273 γράμματα.

2219 5296 2359 5367 ἐρεῖ,
2391 5298 2474 5351 Οὐ
2519 5295 2776 5365 δύναμαι
2815 5291 3178 5363 ἀναγνῶναι*
3209 5292 3282 5344 οὐ
3315 5287 3426 5360 γὰρ
3475 5288 3698 5358 amtor
3724 5284 3913 5356 τράμ-

2214 5396 2395 5451 pata.
2424 5378 2490 5431 Τί
2526 5377 2772 5448 βούλεται
2798 5371 2891 5429 οὖν
2929 5373 3085 5428 τοῦτο
3110 5373 3171 5427 τὸ
3206 5371 3433 5451 αἴνιγμα
3460 5369 3588 5451 ςῂέξίΔ
3617 5369 3742 5439 περὶ
3761 5368 3918 5451 ⁸Χρι-

2223 5447 2349 5513 στοῦ
2383 5447 2710 5529 προφητεία,
2741 5453 2896 5526 φησὶ,
2917 5453 3012 5508 καὶ
3042 5451 3318 5513 Ἰουδαίοις
3352 5449 3447 5503 καὶ
3474 5447 3729 5516 Ἕλλησιν
3753 5448 3916 5529 invo-

2223 5542 2355 5603 εῖτο,
2396 5526 2668 5600 Ἰουδαίοις
2716 5536 2815 5607 μὲν
2862 5535 2976 5597 τοῖς
3021 5531 3184 5586 εἰδόσι
3228 5529 3565 5601 γράμματα,
3600 5528 3766 5597 νόμον
3816 5526 3911 5580 καὶ

2291 5638 2314 5718 ξ
2342 5634 2482 5718 29:33
2500 5632 2936 5718 «3:323:92?
2946 5627 3305 5718 έὲξ.>ιοτισιιάν·
3330 5627 3411 5676 καῖ
3432 5628 3467 5683 ἡ
3486 5625 3701 5689 ἀέντος·

2287 5696 2317 5736 τι
2351 5696 2503 5746 Savil.
2528 5695 2729 5755 conﬁcit
2747 5694 3068 5755 ἠτιμωμένον.

2295 5757 2717 5829 εέὲίιτῆνθέςιεγε
2772 5816 2784 5829 .
2871 5815 2883 5829 .
3037 5812 3051 5829 ,

2296 5818 2318 5860 ί
2345 5819 2429 5870 Sic
2447 5831 2590 5869 unus.
2613 5817 2713 5868 Alii
2735 5816 2821 5874 τήν
2839 5816 3125 5881 εὐεργεσίαν.
