4138 6454
294 438 397 494 557

298 558 593 612 humanam
622 566 746 608 esse
789 548 1123 619 opinionem,
1168 537 1303 595 illud
1343 534 1633 602 obsignans
1662 538 1718 583 et
1745 522 1899 619 sigii-

300 654 408 705 lum
434 646 681 703 veritatis
706 617 933 705 addens,
960 638 1125 693 dicit:
1154 632 1345 687 Beatus
1372 645 1444 692 es,
1469 624 1650 680 Simon
1674 617 1903 688 Barjona

299 740 409 809 (Ib.
441 755 491 794 υ.
523 738 638 808 17).
674 736 772 791 Hie
798 735 850 788 in
881 729 1197 786 memoriam
1230 736 1445 784 revoca,
1476 718 1695 771 Patrem
1739 711 1900 809 etiam

299 837 353 891 ei
379 834 468 904 qui
494 848 554 887 se
581 837 829 891 noverat,
861 840 983 880 eum
1007 837 1168 893 quem
1193 814 1473 888 ignorabant
1494 808 1755 864 revelare.
1772 801 1907 855 Ben-

301 938 381 979 tus
411 942 483 987 es,
514 923 699 978 Simon
726 919 974 987 Barjana,
1004 916 1124 985 quia
1151 927 1270 965 caro
1299 917 1343 961 et
1374 903 1580 972 sanguis
1626 914 1728 951 non
1766 908 1907 947 reve-

305 1019 429 1073 lari!
450 1017 563 1079 tibi,
591 1015 682 1070 sed
710 1012 866 1066 Pater
892 1026 1056 1072 meus,
1079 1007 1166 1076 qui
1196 1005 1248 1057 in
1268 1001 1406 1056 cazlis
1433 1006 1527 1052 est.
1566 990 1750 1046 Vidcn’
1769 1000 1906 1056 qun-

303 1109 471 1165 modo
499 1109 596 1163 toti
626 1106 767 1171 orbi,
801 1104 891 1175 qui
928 1103 1139 1157 Patrem
1174 1095 1474 1167 ignorabat,
1525 1087 1693 1143 Filius
1739 1083 1909 1151 ignoti

304 1204 579 1271 interpres
608 1200 679 1254 sit
705 1216 719 1252 :
753 1210 1041 1269 synagoga:
1066 1200 1244 1245 autem
1276 1196 1331 1243 et
1370 1182 1593 1246 Judmis,
1625 1177 1714 1248 qui
1742 1176 1909 1227 Deum

302 1292 526 1363 quidem
558 1306 619 1345 se
653 1302 814 1343 nosse
843 1286 1121 1357 putabant,
1142 1280 1236 1336 sed
1258 1278 1350 1334 Dei
1371 1275 1593 1330 verbum
1617 1271 1783 1322 Deum
1804 1277 1910 1317 non

303 1394 592 1447 noverant,
619 1384 733 1451 ipse
760 1382 919 1436 Pater
949 1380 1213 1444 interpres
1241 1370 1405 1443 ignoti
1432 1360 1731 1422 efliciatur?

381 1480 436 1532 4.
477 1476 557 1531 Ne
580 1449 762 1545 itaque
784 1486 1049 1528 summam
1080 1465 1461 1535 benignitatem
1481 1452 1773 1527 impietatis
1796 1449 1913 1502 via-

307 1574 478 1627 ticum
510 1576 749 1632 statuas;
782 1582 849 1622 ne
880 1566 1091 1620 minuas
1129 1559 1443 1631 dignitatem
1487 1561 1708 1624 propter
1734 1547 1915 1602 iocar-

308 1667 623 1726 nationem;
655 1677 724 1717 ne
750 1659 1018 1715 curiosius
1041 1642 1279 1726 inquiras
1309 1654 1625 1705 immensam
1650 1642 1797 1695 illam
1823 1653 1919 1691 na-

314 1771 527 1822 turam;
560 1772 628 1811 ne
655 1752 918 1811 seruteris
961 1748 1255 1806 essentiam
1289 1731 1913 1809 incomprehensibilem.

312 1854 439 1910 Tibi
472 1851 637 1906 Isaias
680 1846 926 1911 suadeat,
959 1859 1067 1898 non
1116 1855 1238 1896 esse
1280 1837 1368 1892 illa
1411 1827 1783 1901 disquirenda,
1818 1839 1919 1879 nec

317 1947 527 2014 scripto
575 1940 860 2012 agitanda:
891 1952 1014 1991 nam
1066 1934 1160 1994 ait,
1218 1928 1604 1985 Generationem
1649 1922 1761 1991 ejus
1808 1917 1921 1987 quis

318 2009 582 2094 enarrabit
615 2009 648 2107 ἡ(
676 2034 805 2089 lsai.
840 2033 930 2088 55.
976 2029 1085 2101 8)?
1122 2025 1252 2087 Sed,
1287 2039 1321 2076 0
1352 2018 1717 2107 impudentem
1759 2009 1924 2107 anda:

314 2135 458 2187 ciam
490 2144 681 2186 eorum
707 2126 797 2196 qui
821 2124 998 2177 omnia
1033 2131 1237 2175 temere
1268 2114 1507 2170 sentiunt
1544 2118 1598 2163 et
1640 2102 1920 2161 effutiunt!

315 2226 506 2296 Neque
526 2223 680 2277 timet
710 2192 1008 2273 Anommus
1032 2211 1124 2267 Dei
1152 2219 1395 2265 naturam
1423 2200 1680 2265 scrutari,
1708 2207 1765 2253 et
1785 2192 1923 2250 incf-

320 2289 502 2373 fabilia
535 2326 741 2371 temere
772 2308 941 2379 loqui,
976 2318 1138 2375 atque
1169 2311 1349 2356 sancta
1376 2297 1688 2357 traducere;
1716 2306 1780 2345 ac
1802 2289 1928 2358 jure
1988 2364 1993 2369 Ι

320 2410 563 2480 quidem.
598 2405 732 2473 Quia
774 2403 917 2459 enim
962 2398 1244 2453 veritatem
1289 2394 1519 2462 ignorat,
1562 2401 1684 2457 qua:
1714 2383 1929 2453 ignorat

319 2477 497 2568 eﬂ'ert,
545 2510 601 2554 ut
623 2515 744 2568 qua:
773 2494 1136 2567 praedicantur
1161 2486 1415 2542 occultet.
1436 2481 1553 2537 Non
1575 2477 1779 2533 audivit
1800 2490 1928 2529 san-

320 2608 464 2650 ctam
495 2592 832 2660 Scriptor-am
863 2592 1196 2648 monentem,
1228 2581 1356 2648 Qua:
1384 2576 1473 2629 tibi
1501 2572 1746 2628 mandata
1787 2577 1928 2632 sunt,

325 2688 432 2740 [nec
460 2680 848 2755 cogituU‘chli.
885 2680 937 2733 5.
986 2675 1120 2747 22);
1151 2688 1323 2741 neque
1368 2670 1512 2725 enim
1567 2663 1782 2718 arcanis
1835 2659 1929 2715 tibi

325 2794 461 2846 upus
490 2786 598 2830 est.
628 2773 825 2828 Beatus
861 2772 1020 2832 l)ens,
1051 2766 1306 2837 qni‘solus
1322 2760 1583 2818 mirabilia
1610 2766 1821 2828 patrare
1840 2771 1936 2825 po-

327 2880 457 2934 test,
486 2884 611 2921 eum
643 2866 804 2921 vellet
831 2864 1025 2919 Jobum
1060 2861 1206 2914 illum
1236 2857 1491 2927 patientia
1532 2870 1626 2907 sua
1658 2853 1919 2907 illustrem

329 2960 556 3017 historia
574 2958 866 3015 creationis
888 2952 1317 3020 obstupefacere,
1342 2949 1415 3002 ait
1433 2947 1505 3001 illi
1528 2963 1540 2998 :
1566 2944 1662 3000 Ubi
1691 2959 1803 2997 eras
1824 2956 1937 2994 cum

330 3066 521 3111 terram
556 3052 833 3121 fundarem
882 3048 1003 3115 (Job
1050 3045 1139 3101 38.
1181 3045 1240 3116 4)
1278 3042 1453 3097 Teum
1487 3055 1636 3093 mare
1667 3036 1854 3092 ﬁeret?
1879 3043 1939 3088 ut

334 3150 519 3221 paucis
546 3146 848 3210 absolvam,
867 3142 1001 3198 Cum
1032 3149 1245 3195 montes
1268 3134 1645 3191 ﬁrmarentur?
1662 3132 1741 3186 Tu
1765 3140 1940 3202 partus

334 3220 757 3312 tragulaphorstm
799 3234 1074 3290 observasti
1129 3230 1249 3301 (Job
1282 3230 1370 3285 59.
1406 3229 1502 3296 l)?
1548 3228 1751 3281 I‘Zuarra
1809 3220 1939 3276 mihi

335 3333 523 3390 mundi
577 3330 978 3390 formationem,
1028 3325 1261 3380 ferarum
1318 3330 1526 3391 partus,
1576 3320 1941 3388 jnnicntm'um

340 3442 546 3491 escam,
578 3423 1016 3480 constitutionem
1041 3430 1095 3472 et
1123 3418 1438 3471 varietatem
1460 3414 1703 3467 omnium
1732 3428 1849 3480 que
1884 3410 1938 3464 in

339 3521 546 3575 mundo
567 3527 713 3571 sunt.
744 3516 869 3570 llmc
892 3515 988 3584 ipsi
1009 3513 1240 3576 diccbat,
1268 3519 1323 3562 ut
1341 3509 1489 3563 illum
1518 3506 1761 3565 doceret,
1783 3504 1943 3558 etiam

340 3628 405 3669 ea
436 3612 487 3665 in
518 3609 740 3675 mundo,
769 3622 891 3677 qua:
920 3606 1022 3661 sub
1053 3611 1327 3673 aspectum
1376 3601 1598 3664 eadunt,
1633 3614 1737 3651 non
1778 3611 1946 3666 posse

342 3707 414 3762 ab
442 3703 749 3759 hominibus
772 3696 1179 3770 comprehendi.
1211 3693 1414 3749 Deinde
1442 3693 1632 3747 beatus
1654 3691 1742 3745 ille
1762 3690 1952 3742 obstu-

348 3800 594 3871 pefactus
618 3796 784 3850 dicit:
821 3791 1060 3857 Domine,
1107 3789 1258 3844 semel
1285 3787 1525 3856 loquutus
1552 3800 1686 3849 sum,
1730 3783 1951 3835 secundo

348 3909 453 3947 non
480 3890 725 3960 adjiciam
754 3886 878 3955 (Iob
918 3884 1007 3940 59.
1037 3882 1150 3952 55).
1183 3882 1377 3947 Quaeso
1400 3887 1475 3943 te,
1503 3892 1684 3931 rerum
1711 3889 1832 3942 qua:
1854 3872 1954 3927 sub

348 3992 633 4053 aspectum
662 3980 863 4036 cadunt
904 3974 1221 4047 perquisitio
1266 3972 1461 4028 Jobum
1515 3967 1867 4038 compressit;
1900 3977 1958 4022 et

350 4077 641 4132 audaciam
665 4085 809 4128 tuam
845 4087 912 4127 ne
939 4068 1224 4125 ineffabilis
1253 4065 1467 4137 quidem
1498 4062 1770 4132 Unigeniti
1799 4075 1957 4130 geneo

354 4171 495 4227 ratio
520 4167 817 4237 reprimet?
844 4165 1042 4219 Verum
1060 4162 1183 4232 quia
1202 4161 1289 4215 illa
1315 4176 1433 4230 qua:
1456 4159 1670 4229 ignoras
1694 4157 1955 4225 explicas,

354 4279 419 4318 eo
465 4253 587 4332 quae
629 4273 821 4313 omnes
865 4256 1111 4310 novimus
1152 4252 1249 4307 abs
1282 4262 1333 4305 te
1367 4248 1659 4321 quaerenda
1690 4258 1839 4312 sunt,
1871 4246 1961 4301 die

354 4354 499 4410 mihi
522 4351 797 4424 quomodo
830 4359 970 4403 terra
1001 4362 1165 4417 super
1190 4360 1357 4415 aquas
1374 4343 1590 4398 fundata
1618 4344 1709 4408 sit,
1734 4356 1963 4411 quomo-

355 4448 430 4502 do
466 4447 635 4500 Adam
659 4460 723 4497 ex
759 4454 901 4498 terra
936 4444 1196 4497 formatus
1212 4439 1302 4504 sit,
1322 4436 1594 4508 quomodo
1623 4450 1818 4489 manna
1838 4448 1965 4504 sup‘

360 4540 682 4610 peditatum,
715 4534 986 4604 quomodo
1017 4548 1167 4588 mare
1218 4532 1484 4594 divisum;
1538 4542 1594 4585 et
1642 4545 1710 4584 ne
1756 4530 1967 4601 longior

359 4635 488 4695 sint,
520 4632 725 4699 reliqua
750 4628 1031 4682 miracula.
1059 4627 1153 4681 Die
1180 4626 1311 4680 mihi
1341 4624 1614 4694 quomodo
1653 4625 1832 4694 angeli
1864 4641 1963 4695 apo

363 4726 599 4795 positum
631 4722 732 4777 sibi
759 4723 828 4776 ab
855 4720 1167 4775 Abrahamo
1196 4719 1419 4772 vitulum
1450 4718 1821 4772 comederint:
1847 4719 1971 4772 nul-

366 4911 433 4964 Ιίμ.
457 4929 468 4941 ·
508 4909 611 4974 Qui
656 4907 783 4977 facit
812 4906 1021 4976 angelos
1047 4920 1168 4959 suos
1204 4904 1437 4974 spiritus,
1476 4914 1523 4957 et
1553 4904 1812 4958 ministros
1851 4921 1974 4958 suos

364 5004 536 5071 ignem
587 5009 813 5054 urentem
865 4997 1038 5070 (l’sal.
1071 4997 1195 5051 105.
1226 4996 1307 5067 4).
1338 4995 1623 5063 Quomodo
1656 4995 1974 5065 absumptus

364 5095 522 5147 cibus
569 5092 690 5146 est?
738 5090 931 5146 Statim
965 5089 1248 5144 haereticus
1281 5107 1293 5142 :
1327 5086 1465 5154 Quid
1510 5088 1595 5141 hic
1641 5086 1974 5158 impossibile

364 5189 609 5260 «pueris?
639 5187 955 5257 angelorum
990 5184 1186 5238 virtute
1208 5183 1459 5238 evanuit.
1494 5183 1824 5253 Angelorum
1868 5182 1978 5236 vir-

370 5292 539 5336 tutem
565 5278 769 5343 credis,
796 5292 895 5332 nec
919 5276 1221 5340 examinas,
1250 5284 1304 5329 et
1337 5275 1430 5329 Dei
1450 5275 1857 5344 generationem
1883 5289 1979 5328 cu-

368 5376 513 5429 riose
531 5371 826 5427 scrutaris?
840 5369 1126 5437 Quomodo
1150 5369 1275 5423 fecit
1296 5368 1437 5422 Deus
1453 5367 1641 5422 caelum
1665 5375 1719 5420 et
1741 5367 1977 5421 terram?

369 5467 708 5538 Respondet,
741 5464 813 5522 Ut
865 5464 1031 5526 novit,
1085 5469 1144 5515 ut
1193 5460 1383 5514 voluit.
1434 5460 1581 5515 Itane
1616 5460 1706 5513 Dei
1742 5468 1978 5529 potestas

367 5560 674 5618 ratiociniis
709 5575 816 5613 non
848 5556 1154 5626 subjicitur,
1207 5552 1303 5608 sed
1356 5552 1511 5619 ﬁdei;
1561 5552 1744 5607 divina
1792 5561 1972 5607 autem

367 5652 651 5725 generatio
681 5648 981 5705 ratiociniis
1001 5643 1318 5700 addicitur?
1343 5643 1460 5698 Non
1483 5642 1678 5697 audisti
1715 5643 1972 5699 David'em

367 5746 667 5808 dicentem,
722 5743 911 5798 Omnia
962 5755 1289 5811 quiscumque
1344 5736 1503 5792 voluit
1553 5737 1803 5792 Dominus
1857 5738 1978 5808 fecit

368 5838 550 5910 (Psal.
598 5838 723 5893 154.
757 5836 814 5909 6)
830 5836 864 5889 ?'
885 5834 1228 5890 Voluntatem
1262 5847 1367 5886 non
1410 5830 1698 5902 perquiris,
1732 5838 1787 5885 et
1811 5838 1978 5885 natu-

370 5947 485 5993 ram
515 5935 733 5992 curiose
776 5932 1081 5993 scrutaris?
1113 5928 1319 6002 Ecquid
1341 5971 1356 5997 ,
1406 5926 1599 5984 fratres
1617 5926 1798 5996 1"th
1828 5927 1972 5983 Dcus

1584 408 1674 464 DE
1712 403 1910 461 SICIH
1924 400 1997 457 .IS
2036 397 2283 457 SERMO.

3507 393 3611 444 533

2009 520 2197 575 volens
2225 517 2422 585 effecit,
2458 516 2742 582 videntur;
2796 517 2840 570 is
2888 530 3037 581 vero,
3081 531 3240 585 quem
3270 532 3336 572 ex
3394 532 3610 589 [δι-«ιιπιε

2008 610 2308 667 substantia
2337 609 2525 680 genuit
2551 609 2874 664 invisibilem
2901 608 3087 682 (opera
3112 611 3256 664 enim
3277 627 3397 681 qua:
3425 613 3611 667 viden-

2012 714 2118 765 tur,
2142 712 2268 757 sunt
2297 703 2473 773 imago
2502 702 2597 757 Dei
2628 702 2953 775 invisibilis),
2980 720 3122 759 nunc
3149 714 3328 759 autem
3355 707 3406 760 in
3440 709 3609 761 ratio.

2010 796 2156 852 cinio
2182 805 2430 851 versatur
2461 796 2744 849 invisibilis
2780 798 3081 865 generatio,
3123 798 3418 857 ratiociniis
3446 802 3617 869 subji-

2010 893 2187 945 cunr?
2212 908 2331 961 quae
2360 893 2546 947 volens
2579 892 2704 946 fecit
2725 908 2827 946 non
2847 894 3245 961 examinantur,
3276 897 3490 966 etquod
3518 914 3627 966 per:

2012 984 2249 1037 divinant
2301 994 2358 1039 et
2404 984 2780 1039 intetneratam
2829 995 3075 1039 naturam
3131 988 3352 1057 protulit
3399 993 3615 1046 curiose

2015 1076 2311 1132 scrutaris?
2337 1076 2381 1131 0
2422 1092 2613 1129 novam
2658 1077 2968 1131 audaciam!
3006 1094 3039 1131 ο
3081 1082 3424 1135 temerarium
3458 1100 3616 1137 cona-

2016 1171 2165 1225 tum!
2215 1186 2248 1221 o
2278 1170 2576 1223 consilinm-
2615 1170 2815 1239 turpel'
2843 1186 2875 1222 o
2910 1180 3152 1226 naturam
3200 1174 3636 1232 inltonorataml‘

2016 1263 2145 1318 Jure
2174 1264 2391 1319 dicebat
2422 1265 2610 1319 beatus
2639 1266 2802 1319 David
2829 1284 2841 1319 :
2876 1265 3005 1320 Filii
3050 1268 3313 1323 hominum
3358 1290 3617 1345 usquequo

2017 1356 2159 1425 gravi
2181 1356 2370 1409 corde?
2396 1354 2463 1411 Ut
2488 1356 2610 1423 quid
2636 1356 2849 1426 diligitis
2875 1359 3144 1412 vuiiitatem
3174 1372 3219 1413 et
3241 1365 3463 1431 quwritis
3486 1383 3627 1420 menr

2020 1447 2224 1502 dacium
2252 1448 2426 1516 (I’sal.
2452 1457 2503 1504 4.
2534 1450 2630 1519 5)?
2656 1450 3045 1523 Quodcumque
3074 1456 3216 1508 enim
3249 1458 3485 1512 alienum
3536 1477 3620 1515 est

2020 1555 2049 1592 a
2072 1539 2274 1595 Christi
2299 1540 2568 1607 doctrina,
2592 1559 2789 1597 vanum
2821 1555 2980 1599 estet
3018 1546 3378 1624 ntet'idacium.
3413 1549 3544 1605 Nam
3577 1554 3622 1607 si

2026 1648 2153 1688 vere
2177 1634 2329 1699 dicit,
2357 1633 2467 1705 Ego
2493 1653 2607 1690 sum
2637 1639 2825 1692 veritas
2852 1637 3030 1711 (Joan.
3067 1643 3151 1695 Η.
3175 1644 3253 1713 6),
3274 1660 3625 1715 qua-cumque

2021 1736 2173 1782 extra
2195 1726 2394 1782 Christi
2420 1728 2723 1785 doctrinam
2756 1742 2902 1797 sunt,
2935 1734 3000 1785 ad
3034 1736 3371 1790 mendaeimn
3400 1739 3621 1793 ducunt.

2024 1821 2211 1877 Reduc
2239 1822 2483 1877 animum
2516 1832 2664 1878 tuum
2699 1824 2769 1879 ab
2793 1827 2991 1881 infimis
3020 1828 3125 1882 illis
3158 1830 3548 1899 quimstionibtts
3574 1844 3645 1888 et=

2025 1930 2056 1969 a
2088 1916 2253 1970 variis
2282 1917 2581 1988 ratiociniis
2603 1917 2668 1970 ad
2699 1919 2983 1974 sublimem
3017 1922 3369 1993 theologiam,
3394 1934 3449 1979 et
3475 1926 3628 1981 mitte

2028 2007 2243 2077 inopem
2278 2008 2421 2061 illam
2464 2009 2872 2065 ratiociniorum
2909 1996 3349 2084 perqttisi‘tionem
3382 2034 3397 2072 :
3443 2020 3629 2088 accipe

2028 2100 2274 2155 veritatis
2298 2101 2644 2157 thesaurum:
2679 2104 2862 2159 Simile
2886 2116 2957 2160 est
2996 2124 3207 2178 regnum
3235 2111 3477 2165 cwlorum
3517 2114 3627 2167 tlte-

2029 2208 2182 2246 sauro
2208 2192 2505 2247 abscondito
2537 2195 2752 2266 (Matth.
2801 2198 2887 2250 15.
2922 2199 3036 2269 44).
3072 2200 3180 2253 Cur
3206 2201 3465 2258 Servator
3510 2203 3631 2260 the-

2031 2300 2225 2340 saurus
2251 2288 2511 2342 vocatur?
2542 2288 2640 2342 Hic
2666 2289 2955 2360 diligenter
2986 2293 3225 2348 attende.
3259 2293 3328 2351 Ut
3350 2296 3634 2353 thesaurus

2034 2393 2140 2432 non
2174 2387 2303 2433 tunc
2328 2380 2691 2447 constituitur,
2726 2398 2848 2436 cum
2893 2386 3181 2454 reperitur,
3233 2387 3329 2442 sed
3371 2399 3526 2445 vetus
3554 2400 3638 2445 est

2033 2469 2390 2541 depositione,
2444 2489 2615 2529 novus
2670 2475 2890 2530 inventu
2933 2495 2945 2530 :
2991 2478 3071 2532 sic
3123 2480 3360 2536 salutare
3407 2484 3637 2538 verbum

2034 2577 2189 2621 vetus
2216 2575 2301 2622 est
2325 2567 2605 2638 dignitate,
2640 2579 2694 2624 et
2725 2571 3045 2640 principium
3099 2574 3371 2641 omnium;
3415 2592 3538 2631 nam
3570 2577 3645 2631 In

2038 2661 2291 2731 principio
2317 2672 2426 2714 erat
2456 2663 2658 2716 verbum
2684 2661 2863 2734 (Joan.
2899 2665 2950 2719 1.
2981 2663 3071 2734 1);
3107 2668 3244 2720 nova
3272 2679 3453 2724 autem
3496 2688 3637 2742 pra:-

2038 2754 2234 2809 dieatio
2263 2766 2482 2824 prepter
2506 2756 2685 2811 carnis
2706 2758 3086 2813 (economiam.
3108 2760 3175 2814 Et
3196 2776 3347 2829 sane,
3378 2763 3562 2832 frater,
3582 2779 3640 2822 ut

2038 2848 2218 2904 discas
2235 2850 2407 2919 ipsum
2430 2851 2666 2905 thesauri
2692 2851 2862 2906 instar
2876 2852 3312 2912 desiderantibus
3328 2858 3640 2929 splendere,

2041 2951 2096 2997 et
2121 2942 2210 3013 qui
2245 2942 2372 2996 illud
2397 2944 2673 3012 reperiunt
2703 2945 2857 3013 quasi
2890 2946 2955 2999 ad
2990 2946 3301 3003 thesaurum
3331 2966 3640 3019 accurrere,

2042 3034 2287 3089 Andreas
2324 3034 2482 3088 Petro
2521 3050 2792 3104 repertum
2836 3037 3080 3093 indicans
3109 3041 3217 3096 ait:
3254 3041 3414 3109 Quem
3441 3045 3645 3114 scripsit

2050 3124 2253 3196 Moyses
2281 3126 2333 3178 in
2357 3125 2466 3196 lege
2490 3135 2538 3180 et
2568 3128 2849 3197 prophetae,
2868 3131 3153 3187 invenimus
3179 3132 3437 3189 Christum
3463 3134 3642 3200 (Joan.

2048 3220 2098 3273 l.
2124 3218 2235 3288 45).
2262 3217 2475 3290 Moyses
2496 3218 2640 3273 enim
2672 3230 2727 3275 et
2754 3221 3028 3290 propheta:
3049 3224 3099 3277 in
3120 3226 3288 3279 sacris
3305 3226 3476 3292 libris,
3497 3228 3647 3299 quasi

2047 3314 2100 3367 in
2123 3313 2391 3367 thesauris
2420 3314 2853 3382 praedicationem
2877 3316 3260 3387 deposuerant.
3287 3319 3483 3376 Verum
3512 3323 3651 3378 sicut

2048 3405 2149 3471 illi,
2182 3406 2271 3475 qtti
2299 3407 2568 3461 occultum
2600 3407 2909 3463 thesaurum
2941 3410 3236 3480 deponunt,
3288 3413 3389 3483 ipsi
3434 3415 3650 3485 quidem

2049 3496 2353 3567 depositum
2396 3508 2616 3566 norunt,
2645 3500 2817 3556 oculis
2852 3517 2983 3556 vero
3028 3502 3277 3568 lustrant,
3333 3522 3400 3560 ne
3429 3506 3497 3561 ab
3536 3509 3656 3563 aliis

2051 3588 2207 3645 facile
2230 3590 2400 3661 abripi
2430 3592 2599 3659 possit
2626 3610 2640 3643 :
2668 3593 2747 3648 sic
2777 3594 3055 3663 prepbetze
3080 3596 3207 3652 dum
3228 3596 3503 3655 Christum
3524 3618 3660 3671 pra:-

2053 3680 2319 3746 dicarent,
2354 3684 2684 3740 obscuritate
2715 3687 3000 3741 verborum
3053 3690 3365 3746 thesaurum
3411 3695 3656 3749 occulta~

2056 3786 2202 3829 runt.
2238 3776 2450 3843 Quare?
2477 3777 2531 3831 Si
2562 3777 2706 3832 clare
2731 3777 3016 3844 dixissent,
3061 3797 3167 3834 non
3202 3781 3391 3839 fuisset
3423 3786 3655 3856 preplte-

2060 3868 2151 3933 tia,
2188 3867 2284 3922 sed
2322 3869 2653 3938 prmdicatio,
2684 3879 2740 3924 et
2782 3871 3156 3941 intempestiva
3206 3874 3446 3944 quuutio
3472 3878 3662 3947 praedi.~

2059 3959 2287 4015 cationis
2332 3963 2789 4031 opportunitatem
2841 3978 3295 4035 praeoccupasset.
3346 3968 3484 4038 Quid
3535 3986 3679 4042 ergo

2064 4052 2301 4107 faciunt?
2333 4053 2763 4124 Interpretantur
2806 4065 2862 4110 et
2891 4057 3181 4112 occultant.
3206 4059 3336 4127 Quis
3379 4061 3483 4116 hoe
3502 4063 3666 4117 dicit?!

2064 4147 2266 4201 Isaias:
2299 4147 2364 4199 Et
2388 4148 2482 4200 erit
2514 4148 2596 4200 hic
2637 4148 2763 4201 liber
2796 4150 2946 4217 quasi
2972 4150 3097 4203 liber
3129 4151 3463 4223 obsignatas:
3494 4155 3579 4223 qui
3624 4157 3667 4207 si

2064 4242 2213 4297 detur
2242 4244 2349 4296 viro
2379 4242 2560 4296 scienti
2591 4241 2788 4308 literas,
2839 4244 2994 4307 dicet,
3044 4242 3170 4299 Non
3220 4263 3428 4314 possum
3469 4248 3688 4318 legere;~

2069 4335 2361 4406 obsignatas
2393 4335 2526 4387 enim
2554 4346 2646 4389 est.
2678 4335 2745 4388 Et
2769 4336 2814 4388 si
2838 4336 2987 4390 detur
3015 4339 3258 4391 nescienti
3284 4339 3478 4405 literas,
3508 4342 3667 4401 dicet,

2069 4426 2194 4481 Non
2218 4444 2427 4496 possum
2458 4429 2645 4499 legere,
2676 4429 2798 4499 quia
2826 4446 2928 4483 non
2966 4430 3125 4483 didici
3175 4430 3346 4485 literas
3391 4432 3547 4499 (Isai.
3578 4434 3668 4489 29.

2072 4522 2162 4577 11.
2197 4521 2309 4591 12).
2343 4521 2483 4588 Quid
2525 4521 2628 4575 sibi
2677 4522 2792 4575 vult
2824 4522 2927 4578 hoe
2955 4523 3225 4592 aenigma?
3266 4524 3559 4597 Prophetia
3606 4525 3673 4580 de

2071 4613 2310 4681 Christo,
2344 4615 2539 4684 inquit,
2568 4624 2623 4669 et
2652 4629 2685 4668 a
2711 4613 2915 4669 Judteis
2940 4625 2993 4670 et
3021 4631 3049 4669 a
3072 4616 3362 4686 gentilibus
3391 4618 3676 4688 ignoraba-

2074 4718 2192 4762 tur:
2226 4722 2256 4761 a
2282 4706 2506 4771 Judwis,
2550 4707 2638 4775 qui
2674 4706 2858 4761 literas
2901 4708 3145 4763 sciebant
3185 4719 3239 4763 et
3269 4709 3440 4780 legem
3470 4720 3522 4764 et
3555 4726 3676 4781 pro-

363 4820 448 4871 lns
468 4817 539 4871 ibi
558 4827 771 4877 venter,
797 4813 1004 4866 nullum
1027 4812 1274 4866 ciborum
1297 4810 1701 4880 receptaculum
1733 4811 1783 4864 in
1807 4826 1971 4880 ange-
1997 4847 2021 4891 ί
2075 4806 2286 4874 phetas,
2320 4803 2444 4872 quia
2475 4801 2753 4871 obsignata
2800 4810 2918 4857 erat
2939 4801 3157 4857 :_Jud:ei
3210 4802 3397 4857 literas
3435 4804 3680 4859 sciebant

2076 4903 2134 4949 et
2160 4894 2389 4949 instituti
2417 4903 2602 4959 erant;
2638 4892 2868 4964 ideoque
2898 4892 3027 4949 dicit
3053 4893 3157 4949 illis
3192 4894 3366 4949 Deus:
3396 4894 3497 4959 Qui
3522 4906 3683 4965 gesta-

2078 4986 2205 5041 mini
2230 5002 2294 5041 ea:
2320 4996 2485 5052 utero,
2518 4997 2566 5040 et
2593 4985 2918 5039 instituimini
2962 5001 3121 5053 usque
3162 4985 3231 5038 ad
3275 4987 3470 5039 senium
3522 4984 3679 5055 (lsai.

2079 5080 2172 5135 46.
2200 5078 2258 5151 5)
2285 5096 2297 5133 :
2328 5078 2557 5133 instituti
2588 5086 2762 5139 erant,
2795 5077 2891 5131 sed
2940 5077 3273 5141 nesciebant,
3319 5076 3442 5144 quia
3473 5092 3560 5131 res
3587 5077 3683 5132 ob-

2082 5175 2341 5230 scuritate
2369 5171 2674 5243 tegebatur.
2714 5173 2759 5224 A
2803 5169 3097 5239 gentilibus
3135 5183 3264 5221 vero
3312 5167 3681 5238 ignorabatur,

2084 5282 2190 5321 non
2224 5274 2447 5335 propter
2471 5262 2881 5325 obscuritatem,
2917 5260 3013 5314 sed
3056 5259 3200 5329 quod
3245 5276 3472 5330 prorsus
3500 5260 3685 5316 literas

2085 5360 2419 5433 ignorarent.
2451 5356 2578 5413 ideo
2609 5355 2807 5411 Paulus
2833 5354 3141 5420 Timotheo,
3175 5354 3267 5425 qui
3297 5355 3348 5409 in
3394 5354 3514 5425 lege
3548 5354 3683 5411 edu-

2085 5460 2237 5507 catus
2260 5449 2454 5512 fderat,
2472 5447 2636 5503 dicit:
2670 5448 2800 5513 Quia
2818 5445 2881 5499 ab
2897 5445 3118 5517 infantia
3135 5463 3308 5500 sacras
3330 5446 3503 5501 literas
3530 5448 3687 5513 nosti,

2088 5560 2204 5617 quae
2232 5554 2280 5599 te
2307 5552 2518 5614 possunt
2568 5542 2816 5594 instruere
2860 5538 2928 5592 ad
2956 5539 3174 5594 salutem
3204 5538 3280 5608 (2.
3316 5538 3453 5593 Tim.
3486 5540 3540 5595 5.
3574 5539 3683 5610 15).

2091 5637 2219 5692 Erat
2244 5649 2374 5706 ergo
2405 5631 2687 5704 prophetia
2719 5639 2777 5683 ut
2806 5629 3096 5684 thesaurus
3120 5628 3173 5684 in
3212 5628 3381 5685 sacris
3412 5629 3569 5685 libris
3599 5644 3687 5685 oc-

2087 5730 2270 5786 culta:
2306 5743 2410 5782 non
2440 5724 2802 5782 recedendum
2834 5724 2981 5779 enim
3012 5731 3093 5779 est
3134 5738 3165 5777 a
3210 5723 3423 5778 ratione
3469 5723 3689 5779 occulti.

2089 5827 2275 5898 Neque
2294 5823 2462 5881 Isaias
2489 5823 2637 5878 solus
2664 5818 2979 5892 proplietias
3001 5817 3221 5874 exhibet
3242 5816 3575 5888 obsignatas,
3598 5814 3707 5873 sed.

2089 5934 2251 5980 etiam
2286 5919 2505 5977 Daniel:
2536 5932 2661 5974 nam
2690 5915 2822 5973 dicit
2861 5914 2937 5972 illi
2968 5910 3212 5985 angelus,
3256 5920 3542 5983 postquam
3591 5908 3691 5979 ipsi
