4138 6510
451 422 552 477 5'39

449 544 746 593 tutnrorum
775 531 1151 588 revelationem
1175 533 1566 581 monstraverat
1590 540 1604 577 :
1631 523 1695 578 Et
1715 534 1787 586 tu,
1816 521 2021 585 Daniel,

452 630 661 698 obsigna
704 625 884 679 librum
929 623 1062 674 hunc
1106 617 1331 678 visionis,
1377 616 1495 685 quia
1534 614 1881 683 interpretatio
1918 614 2028 681 ejus

454 722 629 793 procul
661 719 820 791 (Dan.
856 715 940 768 l2.
967 715 1000 768 9
1009 729 1045 782 ).
1080 712 1207 765 Ideo
1235 710 1423 764 beatus
1456 706 1643 773 David,
1686 722 1808 761 cum
1855 705 2025 773 legem

449 825 502 867 et.
527 811 814 884 prophetas
839 825 903 862 ex
939 819 1164 875 persona
1200 802 1378 871 populi
1407 801 1638 868 legeret;
1674 813 1848 868 neque
1883 797 2028 851 enim

450 909 562 973 ipse
592 903 681 972 qui
709 898 1025 972 prephetice
1052 895 1393 966 loquebatur,
1422 891 1729 961 ignorabat;
1760 899 1815 945 ut
1844 897 2027 943 osten-

448 998 601 1050 deret
632 1010 690 1048 se
716 991 1002 1062 quamdam
1030 987 1229 1043 Christi
1253 986 1572 1041 (eeonomire
1599 983 1841 1037 notitiam
1868 996 2030 1050 cape-

451 1105 527 1151 re,
558 1087 652 1142 sed
680 1102 785 1141 non
818 1098 978 1154 posse
1005 1080 1305 1149 intelligere
1335 1079 1405 1133 ob
1431 1077 1696 1132 dictorum
1727 1073 2032 1127 obscurita—

449 1196 579 1247 tem,
599 1177 797 1247 aliquid
828 1175 1005 1229 simile
1033 1186 1223 1242 passus
1247 1178 1331 1224 est
1361 1171 1424 1224 iis
1441 1168 1529 1236 qui
1551 1180 1862 1220 crumenam
1890 1162 2036 1217 obsi~

447 1285 660 1345 gnatam
693 1271 894 1324 vident.
917 1264 1054 1334 Quid
1086 1278 1215 1332 ergo
1248 1261 1373 1314 facit
1394 1276 1513 1313 cum
1538 1258 1721 1312 literas
1751 1254 1914 1318 videt,
1934 1268 2033 1307 nec

452 1375 627 1437 potest
655 1375 875 1418 sensum
905 1357 1133 1423 capere?
1162 1355 1289 1407 dicit
1315 1370 1327 1405 :
1358 1351 1545 1405 Revela
1575 1349 1750 1405 oculos
1794 1362 1950 1410 meos,
1986 1355 2032 1398 et

450 1455 777 1513 considerabo
824 1448 1079 1504 mirabilia
1124 1447 1185 1498 de
1215 1446 1321 1514 lege
1349 1453 1435 1495 tua
1462 1440 1635 1511 (Psul.
1665 1438 1789 1493 118.
1824 1438 1950 1506 18);
1980 1445 2035 1491 et

450 1563 687 1609 rursum,
710 1542 1011 1598 Benedictus
1030 1554 1102 1600 es,
1134 1535 1369 1596 Domine,
1399 1533 1523 1585 doce
1550 1548 1627 1584 me
1641 1529 2034 1601 justiﬁcationes

451 1652 567 1694 tuas
616 1635 719 1708 (Ib.
772 1650 821 1687 υ.
869 1628 987 1701 12).’
1030 1631 1224 1682 Annon
1271 1625 1442 1695 legisti
1489 1625 1539 1677 in
1588 1622 1738 1691 lege?
1783 1628 2036 1674 annonte

451 1731 663 1802 Moyses
691 1725 1004 1794 decalognm
1031 1718 1250 1776 docuit?
1271 1716 1372 1772 Sed
1405 1724 1495 1769 tua
1526 1715 1646 1769 Volo
1677 1713 1908 1775 discere,
1938 1711 2036 1763 abs

454 1840 504 1882 te
536 1823 836 1894 legislature
854 1861 869 1882 .
898 1834 928 1872 a
956 1817 1100 1870 fonte
1129 1813 1262 1884 legis
1294 1810 1417 1865 volo
1436 1808 1646 1863 discere
1677 1805 1809 1874 legis
1835 1804 2034 1857 verita-

454 1930 583 1974 tem.
618 1917 812 1970 Verum
843 1912 1053 1966 discere
1076 1905 1371 1978 qumrebat,
1399 1901 1490 1957 sed
1513 1901 1682 1971 gratia
1713 1897 2036 1953 recondebat

454 2013 519 2065 iis
549 2009 640 2079 qui
673 2003 995 2061 beneﬁcium
1026 1996 1299 2067 accepturi
1323 2002 1500 2049 erant.
1533 1992 1655 2045 ldeo
1681 1989 1896 2043 dicebat
1917 1987 2036 2043 Ser-

452 2115 605 2157 vator
628 2095 942 2167 discipulis:
985 2091 1037 2146 Μ
1045 2093 1138 2145 ulti
1167 2105 1307 2158 reges
1351 2098 1397 2140 et
1419 2086 1549 2158 justi
1579 2084 1929 2138 desiderarunt
1955 2080 2034 2134 vi-

451 2195 569 2247 dere
595 2205 714 2261 qua:
737 2204 822 2241 vos
847 2184 1041 2247 videtis,
1069 2190 1117 2235 et
1139 2196 1237 2234 non
1265 2179 1494 2232 viderunt
1509 2191 1528 2239 ,'
1553 2184 1601 2229 et
1625 2174 1804 2228 audire
1819 2187 1930 2239 qua:
1949 2185 2041 2225 vos

453 2286 663 2346 auditis,
695 2294 741 2337 et
771 2297 872 2334 non
911 2278 1182 2331 audierunt
1203 2290 1221 2327 :
1249 2285 1467 2326 vestrum
1495 2280 1663 2324 autem
1706 2268 1838 2323 beati
1875 2266 2034 2332 oculi,
2078 2302 2097 2317 .

451 2384 567 2449 quin
600 2377 774 2432 ridetis
802 2373 951 2444 (Luc.
975 2370 1061 2426 10.
1084 2370 1174 2423 24.
1206 2368 1320 2437 ‘25).

524 2472 576 2525 5.
605 2468 708 2523 Sed
736 2465 1025 2537 quaerimus
1050 2459 1388 2531 quandonam
1416 2455 1647 2525 sigillum
1674 2452 1899 2507 fraetum
1927 2450 2041 2506 fuc-

452 2564 558 2622 rit,
593 2560 804 2632 quando
848 2556 1117 2611 vinculum
1164 2550 1479 2622 ignorantia:
1523 2547 1792 2609 solutum,
1831 2552 1885 2599 et
1923 2558 2042 2612 qua:

452 2659 631 2712 clausa
659 2660 835 2713 erant,
868 2658 1049 2719 aperta
1081 2645 1248 2699 fuere.
1283 2640 1518 2696 Postulat
1559 2638 1611 2693 id
1642 2653 1672 2692 a
1702 2636 1858 2691 nobis
1886 2635 2042 2688 andi-

456 2758 539 2802 tor
571 2766 584 2800 :
616 2752 808 2815 przcter
832 2739 1130 2795 dot-trinam
1152 2777 1165 2799 ,
1209 2733 1424 2788 modum
1464 2731 1622 2784 etiam
1655 2727 1813 2797 sigilli
1842 2724 2044 2795 signiﬁ-

455 2840 624 2906 casti,
655 2847 709 2892 et
749 2847 958 2902 tempus
1001 2829 1284 2887 solutionis
1321 2826 1440 2895 ejus
1485 2840 1590 2879 non
1632 2823 1808 2877 dicis?
1837 2821 2043 2874 clausas

456 2928 734 2985 ostendisti
778 2925 970 2994 januas
994 2963 1011 2988 ,
1059 2934 1237 2975 annon
1278 2916 1529 2971 Ostendes
1569 2912 1875 2968 reseratas?
1905 2909 2042 2977 Quid

457 3021 620 3090 ergo?
653 3020 769 3076 Uno
809 3017 971 3072 Vt‘l‘bO
1014 3015 1178 3067 multa
1226 3010 1547 3078 expediens,
1584 3007 1806 3078 qua:sito
1854 3007 2040 3061 faciam

456 3113 605 3167 satis.
639 3109 775 3176 Quid
822 3105 1014 3177 igitur?
1065 3105 1189 3158 l’ost
1226 3100 1528 3156 Servatoris
1557 3097 2001 3153 resurrectionem
2024 3138 2040 3163 ,

461 3220 583 3258 cum
612 3201 788 3256 divina
832 3196 998 3268 gratia
1044 3196 1219 3265 ignota
1263 3191 1443 3245 multis
1481 3199 1657 3253 esset,
1697 3190 1802 3241 duo
1828 3188 2041 3256 quidam

459 3294 842 3364 discipulorum
875 3291 926 3342 in
959 3289 1132 3342 vicum
1172 3286 1452 3348 abierunt,
1484 3290 1540 3336 et
1580 3289 1763 3335 mutuo
1797 3291 1852 3334 ttt
1887 3280 2042 3333 amici

460 3389 512 3442 in
557 3388 639 3439 via
687 3382 1024 3438 disserebant
1066 3380 1131 3433 de
1179 3377 1497 3431 meonemia.
1549 3375 1801 3431 Servatur
1843 3383 2044 3428 mutata

463 3478 630 3532 forma
670 3483 725 3530 et
753 3474 898 3526 vocis
931 3486 1064 3526 sono
1096 3469 1268 3539 (quod
1315 3468 1456 3521 enim
1500 3465 1801 3521 videntibus
1848 3464 2042 3529 facies,

464 3570 563 3622 hoc
587 3583 683 3620 vox
714 3566 777 3619 iis
801 3565 888 3633 qui
922 3561 1107 3616 faciem
1137 3577 1240 3613 non
1266 3559 1486 3628 vident),
1518 3557 1750 3611 occultat
1778 3564 1832 3610 et
1861 3570 2043 3608 vocem

461 3669 515 3714 et
543 3659 788 3717 formam,
813 3655 1043 3721 dicitque
1074 3652 1175 3704 illis
1205 3650 1246 3702 is
1271 3649 1362 3718 qui
1387 3647 1567 3701 omnia
1593 3648 1741 3700 novit
1770 3664 1784 3700 :
1812 3645 1909 3711 Qui
1930 3656 2046 3698 sunt

460 3752 542 3804 isti
568 3764 818 3804 sermones
844 3762 969 3817 quos
998 3742 1237 3813 confertis
1271 3740 1339 3794 ad
1373 3740 1624 3794 invicem?
1652 3738 1943 3809 ReSpondil
1972 3740 2045 3805 ei,

460 3842 550 3910 qui
581 3841 760 3895 omnia
789 3843 1043 3899 noverat,
1076 3833 1122 3886 is
1142 3874 1158 3899 ,
1189 3832 1279 3901 qui
1308 3831 1374 3885 ab
1402 3832 1515 3899 ipso
1541 3830 1717 3884 omnia
1741 3829 1998 3884 didicerat
2030 3849 2042 3881 :

464 3931 542 3986 Tu
571 3929 708 3984 solus
734 3929 1025 3998 peregrinus
1051 3941 1099 3976 es
1125 3924 1177 3975 in
1202 3921 1488 3975 Jerusalem
1513 3961 1529 3986 ,
1560 3930 1605 3974 et
1633 3921 1791 3974 nescis
1818 3918 1911 3973 illa
1937 3937 2049 3990 qua:

463 4030 599 4096 facta
627 4029 743 4075 sunt
770 4020 821 4072 in
852 4019 950 4072 ea?
975 4017 1179 4085 Quibus
1208 4015 1315 4077 ille,
1346 4014 1473 4080 Qua:
1499 4014 1648 4084 (an.
1680 4015 1771 4068 2i.
1806 4014 1969 4068 17-19
1992 4015 2047 4083 )‘l

465 4114 562 4169 llic
593 4113 729 4165 Deus
754 4110 840 4178 qui
865 4109 1038 4161 omnia
1071 4107 1217 4159 novit
1242 4114 1295 4159 et
1326 4102 1942 4174 interrogat,Filiusejus
1966 4115 2049 4159 est

465 4205 551 4274 qui
583 4202 716 4255 dixit
743 4200 928 4263 Caino,
963 4196 1060 4251 Ubi
1088 4205 1156 4250 est
1189 4197 1305 4249 Abel
1335 4196 1495 4264 frater
1533 4208 1649 4249 tuus
1680 4195 1834 4266 (Cen.
1862 4197 1915 4250 4.
1947 4196 2050 4266 9)?

468 4297 659 4350 Dicunt
686 4294 785 4355 illi,
816 4291 896 4344 Ea
925 4306 1037 4358 quae
1064 4290 1126 4343 de
1152 4288 1275 4342 Jesu
1308 4287 1598 4355 Nazarene,
1625 4290 1710 4359 qui
1737 4291 1831 4357 [uit
1861 4291 1935 4343 vir
1961 4307 2053 4360 po-

464 4401 571 4441 tens
596 4402 745 4455 apere
770 4394 813 4436 et
840 4398 1089 4435 sermone.
1120 4379 1380 4435 Adhuene
1408 4380 1530 4432 vir?
1560 4388 1679 4448 post
1702 4390 1776 4433 tot
1795 4381 2048 4435 miracula

467 4479 589 4532 vir?
618 4485 738 4547 post
763 4484 840 4528 tot
866 4488 1051 4540 opera,
1085 4481 1202 4541 post
1232 4480 1431 4526 tantam
1465 4472 1657 4526 divinze
1684 4474 1934 4543 potentiae
1956 4472 2051 4528 de-

469 4562 951 4622 monstrationem?
986 4560 1096 4614 Nos
1134 4573 1339 4626 autem,
1378 4561 1620 4630 inquiunt
1651 4562 1668 4633 (
1689 4581 1753 4618 ne
1787 4564 2052 4634 longiores

466 4658 643 4712 omnia
667 4653 955 4710 scrutando
978 4653 1148 4707 simus
1165 4652 1207 4721 ),
1235 4668 1325 4705 nos
1352 4661 1519 4704 autem
1547 4656 1892 4722 sperabamus,
1917 4655 2052 4725 quod

467 4752 574 4818 ipse
593 4747 945 4813 redempturus
968 4752 1094 4796 esset
1118 4741 1285 4796 Israel
1307 4742 1482 4810 (Joan.
1510 4742 1599 4797 21.
1621 4743 1738 4813 21).
1766 4744 1895 4800 Vide
1920 4761 2046 4816 quo-

470 4839 630 4895 modo
655 4839 708 4891 in
736 4836 867 4907 ipsis
891 4834 1022 4889 fides
1052 4835 1160 4888 fere
1188 4836 1448 4887 exstincta
1478 4845 1639 4900 esset,
1663 4846 1716 4888 et
1736 4839 2053 4894 (economiae

468 4950 592 5005 spes
622 4932 851 4988 sublata.
882 4927 995 4983 Nos
1017 4928 1448 4998 exspectabamus.
1478 4927 1590 4982 Non
1623 4929 1825 4992 dicunt,
1854 4923 2054 4998 Exspe-

466 5039 676 5085 ctamus
696 5067 711 5092 ,
743 5023 837 5080 sed
863 5066 878 5090 ,
913 5020 1360 5091 Exspectabamus.
1400 5020 1634 5075 Noverat
1666 5019 1776 5090 jam
1808 5020 1967 5075 ﬁdem
2000 5023 2052 5076 in

469 5121 599 5189 ipsis
628 5119 894 5173 infirmam
920 5130 1063 5177 esse,
1095 5122 1149 5167 et
1178 5120 1359 5167 mente
1386 5111 1693 5176 declinare;
1722 5111 2052 5182 adstititque,

465 5213 557 5282 qui
587 5213 829 5268 labantes
854 5208 1027 5262 ﬁrmat
1057 5215 1112 5260 et
1143 5204 1340 5259 fractos
1367 5220 1556 5258 omnes
1578 5205 1756 5274 erigit.
1787 5204 1923 5272 Quid
1954 5205 2056 5260 illis

469 5306 544 5356 ait
572 5299 846 5355 beneﬁcus
877 5296 1027 5366 ipse?
1055 5294 1100 5349 Ο
1125 5296 1266 5349 stulti
1296 5303 1340 5347 et
1372 5295 1507 5348 tardi
1536 5294 1709 5361 corde,
1738 5313 1837 5350 non
1863 5297 2054 5349 intelli-

469 5397 581 5464 gitis
613 5386 949 5459 Scripturas.’
977 5403 1144 5439 nonne
1180 5386 1287 5439 htec
1317 5386 1541 5454 oportuit
1570 5385 1823 5440 Christum
1855 5389 1981 5457 pati,
2011 5397 2057 5441 et

470 5491 659 5539 intrare
684 5482 737 5533 in
760 5478 977 5548 gloriam
1005 5480 1189 5530 suam?
1217 5477 1279 5530 Et
1305 5477 1550 5545 incipiens
1574 5493 1605 5530 a
1630 5478 1738 5549 lege
1765 5488 1812 5531 et
1840 5480 2057 5547 prop/te-

470 5577 565 5638 tis,
593 5570 790 5641 aperuit
834 5568 958 5637 ipsis
986 5567 1279 5637 Scripturas
1311 5568 1471 5639 (Ibid.
1501 5586 1551 5623 υ.
1572 5569 1730 5625 25-27
1830 5570 2059 5625 Viden’?

471 5662 724 5735 quamdiu
742 5658 906 5716 abfuit
920 5656 1182 5724 Christus,
1204 5675 1307 5714 non
1324 5671 1505 5729 aperta
1518 5660 1861 5717 fuitveritatis
1875 5663 2058 5730 janua,

479 5768 585 5809 non
617 5752 847 5806 solutum
879 5758 963 5806 est
1001 5750 1313 5819 ignorantia:
1344 5751 1634 5807 vinculum.
1668 5753 1890 5825 Aperuit
1918 5753 2062 5808 Scri-

477 5857 661 5913 pturas
686 5844 833 5913 quasi
865 5843 1071 5898 clausas
1092 5840 1283 5912 januas
1312 5860 1325 5897 :
1354 5860 1485 5915 quas
1508 5845 1742 5914 januas?
1770 5847 1842 5901 De
1867 5847 2059 5918 quibus

1577 407 1946 463 SEVliltlANl
2004 408 2348 466 GABALUR.
2388 411 2601 469 EPISC.

3616 415 3724 472 5ιο

2131 524 2205 577 ait
2235 524 2433 581 Paulus
2465 544 2480 584 :
2515 526 2581 582 Ut
2608 526 2750 582 Deus
2771 530 2969 599 aperiat
2989 531 3213 600 januam
3235 529 3465 601 gentibus
3494 527 3635 599 (Col.
3662 529 3719 582 Δ.

2130 614 2223 682 5);
2255 626 2310 668 et
2342 631 2558 671 rursum
2586 618 2653 672 de
2678 618 2932 673 Cornelio
2952 661 2968 686 ,
3003 619 3271 689 Numquid
3305 620 3455 673 etiam
3496 618 3720 688 gentibus

2130 708 2327 773 aperuit
2349 707 2488 763 Deus
2507 714 2723 780 januatu
2751 713 3058 782 paenitentiae
3080 712 3217 783 (Act.
3249 714 3334 768 M.
3362 712 3492 783 26)?
3514 712 3582 766 Et
3602 712 3723 767 vide

2132 797 2255 865 quid
2278 797 2556 867 dispenset
2584 802 2671 855 ille
2699 802 2817 857 fons
2842 803 3123 857 bonorum.
3150 805 3284 858 Cum
3305 804 3373 858 ad
3397 803 3572 858 vicum
3597 803 3723 857 Em-

2135 906 2286 945 maus
2329 895 2605 963 pervenit,
2636 912 2744 966 quo
2781 898 3072 951 tendebant
3110 899 3342 952 viatores
3366 938 3383 963 ,
3413 897 3588 951 adimo
3618 897 3724 951 illis

2134 981 2365 1047 ignotus,
2393 985 2656 1040 dubitanti
2684 988 2951 1057 apparuit.
2978 988 3078 1043 Ubi
3105 989 3247 1042 enim
3272 1003 3392 1041 eum
3426 987 3531 1042 illis
3560 1002 3722 1042 recu-

2134 1072 2357 1136 buisset,
2392 1077 2565 1145 primo
2599 1089 2654 1131 ut
2682 1079 2996 1147 peregrinus
3026 1079 3255 1149 benigne
3280 1087 3545 1147 exceptus
3575 1078 3723 1148 (nam

2133 1166 2381 1221 dicebant
2404 1186 2418 1222 :
2450 1168 2505 1225 Μ
2510 1187 2606 1224 une
2628 1171 2908 1237 nobiscum,
2930 1173 3052 1241 quia
3075 1172 3322 1225 inclinata
3345 1182 3417 1225 est
3439 1172 3547 1226 dies
3571 1170 3721 1241 (Luc.

2133 1258 2223 1314 2b.
2250 1260 2377 1330 29);
2408 1277 2473 1315 ne
2499 1265 2795 1331 ignorantia
2820 1264 3133 1334 dignitatem
3161 1279 3384 1333 prorsus
3411 1264 3722 1333 obtegeret,

2135 1352 2352 1422 Accepto
2392 1371 2523 1423 pane
2559 1355 2843 1422 benedixit,
2878 1360 3029 1429 fregit
3057 1368 3109 1412 et
3135 1359 3307 1422 dedit,
3339 1368 3385 1412 et
3413 1360 3576 1429 aperti
3607 1368 3726 1411 sunt

2134 1447 2271 1500 oculi
2312 1463 2523 1514 eorum,
2568 1462 3004 1520 cognoverunth
3046 1452 3193 1505 illum
3241 1449 3402 1521 (Ibid.
3617 1450 3725 1504 Cur

2136 1537 2309 1605 primo
2339 1553 2527 1606 panem
2557 1539 2726 1600 dedit.
2754 1552 2808 1595 ct
2833 1543 3009 1610 aperti
3031 1551 3158 1595 sunt
3182 1543 3319 1596 oculi
3342 1559 3525 1596 eorum
3546 1542 3569 1595 ?
3589 1541 3722 1608 Quia

2134 1627 2285 1682 cibus
2314 1629 2501 1682 Adami
2533 1632 2722 1685 oculos
2765 1634 2904 1687 male
2940 1644 3262 1702 aperuerat,
3295 1635 3612 1688 substitutus-
3642 1643 3726 1688 est

2136 1732 2278 1772 nunc
2301 1719 2452 1774 cibus
2480 1737 2674 1775 novam
2698 1725 2845 1777 visus
2870 1725 3263 1780 restitutionem
3294 1724 3554 1779 efﬁciens.
3586 1724 3727 1780 Ocn-

2136 1809 2218 1864 los
2257 1813 2500 1879 aperiant
2548 1813 2819 1879 lueretiei,
2857 1826 2912 1869 et
2960 1817 3132 1871 lucent
3179 1819 3423 1872 veritatis
3459 1818 3677 1871 videant
3709 1835 3722 1870 :

2137 1900 2288 1956 illum
2319 1902 2556 1969 videant,
2579 1905 2667 1973 qui
2694 1906 2744 1959 in
2771 1908 3037 1976 principio
3067 1908 3207 1962 Deus
3233 1920 3369 1973 erat,
3397 1909 3533 1963 Deus
3556 1919 3609 1960 et
3633 1908 3724 1960 Dei

2136 1991 2370 2050 Verbum
2404 2013 2418 2049 ε
2451 2013 2595 2066 εωρο
2626 1999 2845 2053 audiant
2877 2000 3002 2055 illud
3022 2043 3036 2064 ,
3072 1999 3232 2067 Erat,
3267 2011 3323 2057 et
3348 2011 3559 2056 cessent
3582 2003 3731 2056 dice-

2137 2101 2236 2140 re:
2268 2086 2392 2140 Non
2419 2098 2548 2142 erat.
2588 2088 2657 2143 In
2695 2093 2948 2159 principio
2990 2104 3096 2146 erat
3139 2092 3373 2147 Verbum.
3404 2094 3520 2148 Non
3547 2094 3730 2151 confe-

2138 2177 2260 2231 stim
2289 2176 2393 2233 hoc
2434 2179 2781 2247 prtedicatum
2820 2182 2948 2242 fuit;
2982 2198 3156 2252 neque
3184 2186 3325 2238 enim
3355 2184 3458 2239 hoc
3485 2186 3730 2255 capiebat

2139 2267 2388 2322 mundus.
2416 2268 2577 2324 Certe
2604 2281 2835 2340 quatuor
2860 2274 3222 2343 evangelistae,
3255 2275 3558 2341 Matthazus,
3590 2276 3729 2330 Mar-

2138 2374 2254 2422 cus,
2286 2359 2456 2415 Lucas
2483 2371 2538 2416 et
2565 2362 2802 2419 JOannes
2822 2407 2837 2431 ,
2868 2380 2989 2419 cum
3036 2367 3470 2436 prmdieationem
3510 2371 3728 2437 incepe-

2139 2459 2298 2515 runt,
2330 2467 2437 2507 non
2474 2454 2654 2508 statim
2694 2455 2894 2523 loquuti
2935 2467 3063 2511 sunt
3090 2473 3154 2512 ea
3183 2474 3302 2528 qure
3327 2460 3444 2526 ejus
3471 2460 3719 2529 dignitati

2140 2545 2532 2613 competebant,
2559 2546 2651 2600 sed
2674 2547 2975 2605 auditorum
2999 2561 3214 2618 captum
3243 2562 3567 2616 spectarunt.
3602 2553 3730 2605 Mat-

2144 2634 2312 2689 lhmus
2338 2636 2417 2691 sic
2447 2636 2791 2706 Evangeliutn
2823 2639 3006 2708 incipit
3030 2659 3045 2695 :
3069 2639 3218 2695 Liber
3247 2644 3583 2711 generationis
3603 2643 3733 2697 Iesu

2142 2723 2347 2785 Christi.
2377 2726 2473 2793 ﬁlii
2501 2724 2686 2792 David,
2716 2727 2814 2794 ﬁlii
2839 2729 3095 2783 Abraham
3128 2730 3317 2791 (Matth
3368 2734 3419 2786 1.
3452 2734 3527 2802 1).
3555 2733 3733 2800 Quare

2145 2833 2246 2872 noo
2261 2817 2520 2873 FiliiDei?
2544 2836 2639 2873 cur
2662 2820 2820 2891 inope
2839 2820 2983 2877 dicto
3003 2823 3316 2893 dignitatem
3342 2825 3613 2879 occultas?
3635 2842 3735 2881 cur

2145 2909 2450 2965 hominibus
2477 2910 2654 2964 divina
2686 2911 3018 2967 abscondis?
3046 2917 3083 2967 Α
3096 2915 3199 2983 pud
3235 2915 3453 2970 Judaeos
3476 2956 3493 2979 ,
3524 2916 3693 2985 inquit
3711 2955 3729 2978 ,

2096 3042 2101 3047 .
2144 3001 2398 3071 prtedieo.
2423 3003 2512 3071 qui
2544 3002 2830 3069 nejustum
2857 3004 3071 3075 quidem
3101 3006 3370 3063 hominem
3402 3017 3587 3076 ptttant
3610 3022 3734 3062 esse

2144 3094 2440 3150 Christum.
2491 3094 2685 3149 Filium
2726 3096 2956 3153 Abrahae
2999 3098 3239 3154 nondum
3280 3100 3650 3164 admiserunt,
3678 3112 3734 3155 et

2145 3186 2337 3240 Filium
2372 3186 2466 3243 Dei
2495 3188 2798 3243 annuntiari
2825 3190 3139 3259 patientur?
3164 3192 3231 3245 Et
3257 3191 3400 3247 unde
3426 3191 3572 3247 hoc?
3598 3193 3732 3259 Quia

2146 3292 2245 3332 nec
2273 3293 2339 3332 ex
2367 3294 2564 3348 genere
2591 3279 2820 3334 Abrahae
2850 3295 2971 3336 esse
3000 3281 3410 3338 confitebantur.
3439 3283 3554 3339 Non
3582 3283 3735 3338 audi-

2146 3371 2212 3424 sti
2243 3370 2361 3424 illos
2405 3386 2550 3439 sarpe
2580 3371 3015 3440 blasphetnantes
3044 3374 3267 3435 dixisse.
3298 3376 3658 3430 Samaritanus
3683 3392 3735 3429 es

2147 3474 2199 3516 tn
2220 3503 2235 3526 ,
2266 3473 2312 3516 et
2340 3462 2647 3517 dwmonium
2681 3466 2832 3519 habes
2863 3465 3058 3536 (Joan.
3090 3467 3143 3521 3.
3174 3468 3243 3523 48
3267 3469 3322 3533 )?
3351 3469 3450 3536 Qui
3493 3470 3639 3523 illum
3666 3485 3736 3523 ex

2146 3563 2454 3609 sanctorum
2494 3571 2690 3623 genere
2727 3557 3019 3624 ejiciebant
3042 3601 3056 3623 ,
3086 3559 3473 3630 dignitatemne
3499 3560 3735 3615 divinam

2145 3646 2525 3701 admisissent?
2553 3648 2689 3713 Quid
2723 3665 2852 3719 ergo
2895 3650 3007 3705 ait?
3052 3651 3199 3705 Liber
3239 3653 3573 3722 generationis
3608 3650 3737 3707 Iesu

2147 3736 2353 3802 Christi,
2383 3738 2480 3806 lilii
2508 3737 2698 3804 David,
2723 3740 2818 3808 ﬁlii
2848 3740 3127 3795 Abraham.
3171 3742 3351 3797 Primo
3381 3744 3500 3798 illos
3524 3742 3739 3798 dilectis

2149 3829 2452 3885 nominibus
2502 3831 2740 3893 inducit,
2783 3834 2937 3901 queis
2979 3849 3178 3902 genere
3221 3835 3639 3906 copttlabantur,
3683 3847 3741 3890 ttt

2151 3920 2276 3975 hinc
2318 3922 2496 3975 allecti
2543 3922 2796 3990 paulatim
2840 3925 3117 3978 veritatem
3167 3926 3505 3991 invenirent,
3546 3942 3740 3993 nempe

2148 4013 2547 4080 generationem
2571 4013 2686 4068 sine
2712 4015 2976 4081 passione,
3007 4016 3401 4080 intemeratam,
3430 4017 3540 4072 Deo
3565 4017 3740 4087 dignis

2151 4102 2371 4157 vocibus
2403 4104 2744 4171 pratdicatam
2766 4147 2779 4169 ,
2811 4106 3169 4172 omnibusque
3206 4107 3475 4162 traditam.
3508 4109 3738 4163 Rursum

2152 4192 2340 4247 beatus
2371 4193 2599 4260 Marcus,
2636 4194 2985 4265 Evangelium
3015 4214 3321 4267 aggressus,
3349 4199 3603 4255 anteriori
3635 4200 3743 4254 {reo

2153 4292 2236 4337 tus
2270 4285 2563 4351 exercitio,
2602 4285 2732 4340 dicit
2768 4288 2983 4356 quidem
3015 4289 3210 4343 Filium
3255 4291 3377 4355 Dei;
3419 4291 3512 4346 sed
3557 4293 3738 4346 Statim

2152 4389 2453 4428 sermonem
2485 4378 2837 4445 compressit,
2868 4387 2923 4432 et
2960 4392 3114 4432 sensa
3148 4379 3378 4442 minuit,
3413 4391 3471 4433 ut
3504 4381 3742 4435 alliceret

2152 4466 2470 4522 auditorem.
2508 4468 2798 4539 Baptistam
2826 4485 2955 4539 ergo
2980 4472 3159 4524 statim
3192 4482 3477 4540 memorat,
3510 4474 3697 4529 dicens
3724 4492 3737 4528 :

2158 4556 2369 4610 Initium
2417 4556 2682 4629 Evangelii
2722 4560 2848 4612 Jesu
2893 4558 3080 4613 Christi
3124 4562 3251 4614 sicut
3291 4563 3534 4632 scriptum
3579 4574 3651 4616 est
3689 4567 3743 4618 in

2154 4646 2298 4701 Isaia
2322 4651 2566 4719 propheta
2596 4666 2615 4705 :
2639 4648 2771 4703 Ecce
2798 4651 2939 4702 mitto
2965 4651 3200 4719 angelum
3226 4670 3390 4706 meum
3415 4668 3529 4708 ante
3560 4656 3741 4725 facient

2155 4749 2292 4793 tuam
2315 4781 2331 4807 ,
2358 4741 2446 4811 qui
2471 4742 2777 4812 praeparabit
2815 4743 2947 4794 vium
2976 4753 3115 4796 tuam
3142 4754 3260 4797 ante
3287 4758 3333 4797 te
3363 4748 3378 4811 (
3404 4745 3569 4799 Marc.
3602 4749 3650 4800 1.
3690 4748 3741 4800 1.

2153 4829 2235 4899 2).
2266 4829 2561 4885 Lucernam
2595 4832 2834 4886 veritatis
2858 4833 3114 4899 ostendit,
3142 4843 3197 4887 et
3230 4837 3408 4889 statim
3437 4836 3743 4891 occultavit.

2160 4922 2229 4975 Et
2269 4923 2442 4993 primo
2475 4921 2677 4992 profert
2712 4924 3050 4990 ministrum,
3083 4937 3139 4979 nt
3169 4943 3297 4981 voce
3340 4929 3426 4982 illa
3472 4928 3746 4983 institutus

2161 5016 2398 5080 auditor,
2427 5032 2614 5070 sanum
2646 5025 2700 5071 et
2731 5015 3023 5085 perfectura
3050 5019 3243 5073 divine
3267 5021 3589 5089 cognitionis
3624 5037 3750 5075 ver-

2162 5110 2284 5163 bum
2329 5108 2542 5163 tandem
2585 5109 2875 5180 exciperet.
2923 5110 3175 5180 Sequitur
3219 5112 3389 5167 Lucas
3433 5113 3659 5180 tertius,
3691 5125 3747 5169 et

2161 5209 2282 5271 post
2310 5201 2428 5254 illos
2468 5200 2701 5254 medium
2733 5211 2878 5256 tenet
2906 5203 2935 5254 lt
2958 5219 3078 5256 cum
3101 5244 3117 5270 ,
3147 5205 3492 5275 divinumque
3522 5206 3744 5260 vet-bunt

2161 5292 2396 5360 attingit,
2427 5291 2518 5344 sed
2559 5306 2662 5345 non
2693 5292 3113 5363 interpretatur,
3152 5295 3462 5359 dignitatem
3490 5298 3744 5364 esplicat,

2163 5381 2259 5436 sed
2288 5382 2398 5446 ait,
2432 5381 2683 5447 Quoniam
2729 5383 2929 5452 quidem
2970 5387 3118 5439 multi
3161 5389 3328 5440 conati
3363 5400 3477 5442 sunt
3508 5389 3749 5443 ordinare

2162 5475 2505 5528 narrationem
2526 5491 2700 5527 earum
2729 5491 2843 5544 qua:
2865 5476 2916 5529 in
2947 5477 3087 5531 nobis
3116 5479 3371 5548 completa:
3401 5490 3520 5535 sunt
3540 5497 3747 5536 rerum:

2163 5568 2325 5620 visum
2364 5575 2436 5618 est
2472 5576 2517 5617 et
2559 5567 2681 5618 mihi
2707 5608 2722 5630 ,
2752 5577 3017 5634 asscqnuto
3047 5570 3217 5621 omnia
3243 5586 3273 5620 a
3305 5571 3552 5641 principio
3576 5613 3590 5632 ,
3618 5572 3748 5625 sicut

2166 5659 2484 5713 tradiderunt
2528 5659 2687 5725 nobis,
2716 5661 2803 5728 qui
2833 5676 2862 5710 a
2892 5661 3143 5729 principio
3170 5662 3269 5730 ipsi
3299 5662 3547 5727 viderunt,
3579 5675 3622 5715 et
3654 5664 3750 5715 nti-

2165 5752 2313 5807 nistri
2339 5755 2542 5823 {uerunt
2564 5751 2697 5805 verbi
2721 5748 2870 5823 (Luc.
2901 5753 2952 5806 1.
2982 5752 3127 5822 1-5).
3153 5753 3258 5808 Sed
3286 5755 3505 5811 verbum
3532 5756 3747 5823 quidem

2167 5845 2297 5901 dixit
2323 5861 2340 5912 ;
2372 5859 2477 5900 non
2500 5844 2635 5899 dixit
2661 5855 2860 5911 tamen,
2887 5844 3023 5900 Deus
3044 5857 3148 5899 erat
3182 5846 3420 5903 Verbum.
3452 5846 3588 5915 Quid
3619 5862 3749 5917 ergo
