4138 6446
349 454 444 514 Ml

349 578 505 633 lactt?
528 576 816 648 Postquam
837 590 948 630 rem
963 572 1233 643 attigerat,
1247 568 1488 638 Cogitans
1504 580 1563 622 se
1583 563 1809 621 mortuis
1822 561 1956 615 auri-

350 672 449 726 bus
468 672 744 733 insonare,
763 669 1078 740 dignitatem
1093 665 1253 729 celat,
1274 672 1329 719 et
1348 660 1706 719 oeconomiam
1727 656 1962 728 profert:

355 763 475 819 Fuit
491 765 730 819 saca'dos
743 761 1044 825 Zacharias,
1062 760 1372 815 etc.0umes
1390 773 1519 826 ergo
1542 756 1606 810 ad
1626 755 1803 810 carnis
1821 767 1967 807 (Bco-

354 861 587 913 nomiam
622 868 903 923 venerunt,
932 867 984 911 et
1015 871 1108 925 per
1138 852 1391 907 miracula
1423 849 1736 919 dignitatem
1757 843 1957 898 sensim

354 951 1085 1008 indit-aruot.Pr:edicabatur
1102 944 1358 1001 DeiVerbi
1375 942 1630 1012 dignitas,
1651 939 1754 991 tela
1770 945 1956 989 contra

356 1047 641 1102 luereticos
653 1044 1081 1103 occultabantur,
1100 1049 1153 1094 et
1181 1047 1341 1093 recte
1363 1034 1645 1090 sententia:
1664 1044 1970 1103 propugna-

352 1140 535 1195 culum
568 1139 807 1191 nondum
830 1134 1041 1205 pietatis
1070 1132 1448 1203 prmdicatione
1463 1128 1754 1183 excitatum
1772 1122 1963 1177 fuerat.

429 1233 554 1288 Tres
594 1232 791 1303 priores
832 1228 1171 1300 Evangelist
1212 1226 1456 1295 fulgura,
1505 1219 1733 1274 Joannes
1777 1216 1969 1269 tonitru

357 1326 475 1395 fuit.
516 1355 588 1366 —
626 1324 863 1378 Joannes
909 1336 1039 1390 ergo
1089 1318 1230 1372 tilins
1280 1313 1500 1371 tonitrui
1551 1322 1855 1381 postremus
1900 1306 1965 1360 ad

356 1415 684 1486 theologiam
717 1412 949 1467 accessit
981 1419 1100 1480 post
1132 1422 1241 1463 tres
1286 1407 1409 1460 illos
1438 1418 1738 1474 praecones,
1772 1408 1825 1453 ct
1849 1399 1972 1468 jure

361 1511 450 1565 hic
478 1518 742 1577 sequutus
770 1515 889 1571 est;
922 1503 997 1558 illi
1034 1508 1451 1573 prazcesseruut,
1481 1505 1536 1551 et
1565 1493 1835 1562 paululum
1870 1491 1969 1544 ful-

362 1602 513 1673 guris
541 1601 859 1655 emiserunt.
890 1591 1357 1663 Quemadmodum
1386 1591 1529 1645 enim
1560 1587 1738 1657 fulgur
1769 1586 1968 1638 tonitru

363 1692 657 1762 praecedit,
703 1706 770 1745 ne
815 1699 1040 1759 repente
1083 1701 1147 1741 ex
1197 1684 1427 1739 nubibus
1477 1692 1769 1747 erumpens
1813 1689 1974 1730 aures

361 1786 619 1856 percellat
648 1802 660 1836 :
697 1783 766 1837 ita
793 1792 1081 1850 antequam
1111 1778 1346 1832 Joannes
1374 1783 1621 1833 tonaret,
1654 1780 1765 1825 tres
1795 1784 1960 1823 evan-

357 1877 562 1948 gelista:
594 1877 765 1929 instar
795 1874 1068 1943 fulgurum
1102 1876 1512 1940 pr:ecessermn.
1547 1863 1622 1917 Illi
1657 1863 1825 1916 instar
1855 1860 1959 1914 ful-

355 1987 546 2041 gurum
585 1967 946 2023 oeconomiam
989 1965 1362 2025 illustrarunt;
1398 1959 1485 2012 hic
1525 1956 1849 2024 theologiam
1885 1962 1970 2006 to-

360 2075 472 2119 nat.
508 2064 734 2117 Tonitru
775 2071 957 2114 autem
980 2100 995 2122 ,
1036 2056 1268 2121 fratres,
1300 2062 1420 2124 post
1463 2050 1694 2120 pluviam
1722 2089 1737 2112 ,
1771 2048 1971 2100 tonitru

360 2157 672 2212 terriculutn
700 2164 782 2209 est
811 2153 1182 2224 improborum
1215 2165 1229 2200 :
1260 2162 1323 2201 ac
1364 2146 1504 2199 sicut
1532 2143 1723 2197 caelum
1770 2139 1974 2194 tonitru

359 2268 458 2306 ceu
490 2251 615 2304 tuba
645 2247 878 2319 quadam
910 2261 1064 2300 usum
1091 2287 1105 2309 ,
1136 2240 1369 2314 pluviam
1404 2238 1633 2291 advorat
1653 2278 1666 2300 ,
1698 2234 1792 2289 sed
1825 2235 1974 2303 prius

367 2344 603 2415 pluviam
637 2342 877 2403 excitat;
911 2354 1033 2392 nam
1073 2337 1213 2390 Deus
1248 2332 1479 2403 Fulgura
1510 2331 1562 2382 in
1592 2327 1820 2399 pluviam
1856 2326 1973 2397 fecit

375 2434 568 2506 (Psal.
616 2433 740 2488 1⁸54.
782 2432 850 2501 7)
889 2449 903 2485 :
941 2428 1136 2484 deinde
1179 2426 1374 2479 tonitru
1426 2424 1594 2475 nubes
1639 2426 1959 2473 commovet.

363 2526 500 2594 Quid
532 2524 733 2595 igitur?
762 2522 896 2590 Quia
940 2527 1331 2592 prmcesseraut
1365 2524 1507 2568 tanta
1544 2512 1690 2568 verbi
1723 2512 1929 2580 fulgura
1954 2551 1971 2576 ,

363 2620 607 2691 sequitur
643 2617 899 2680 demum,
941 2623 998 2669 ut
1038 2612 1194 2678 dixi,
1238 2611 1438 2665 tonitru
1485 2607 1802 2676 tlicologitc,
1831 2602 1975 2674 quod

367 2712 567 2766 multos
600 2710 934 2763 sublimitate
965 2723 1060 2762 sua
1106 2704 1363 2775 percellat
1392 2744 1409 2769 ,
1448 2701 1542 2757 sed
1588 2699 1977 2755 benedictionis

368 2806 569 2859 imbres
610 2805 844 2858 emittat.
876 2800 945 2854 Et
987 2800 1142 2853 nobis
1179 2795 1396 2868 quidem
1448 2794 1648 2847 tonitru
1694 2791 1979 2861 theologia:

369 2899 639 2963 e'lleitur;
674 2894 948 2950 lncreticis
978 2908 1105 2947 vero
1138 2892 1370 2951 tonitru,
1399 2887 1541 2958 quod
1576 2886 1747 2941 malas
1781 2884 1979 2939 bestias

368 2992 698 3045 sublimitate
721 2988 869 3041 vocis
891 2986 1148 3055 depellat.
1178 2982 1251 3036 Ab
1279 2980 1630 3049 increpatione
1653 2989 1737 3033 tua
1761 2977 1976 3057 fugient,

369 3100 399 3135 a
426 3098 546 3137 core
571 3080 784 3135 lonitrui
816 3081 891 3132 tui
921 3076 1272 3149 formidabant
1304 3073 1479 3143 (Psal.
1512 3073 1637 3128 105.
1667 3070 1743 3142 7).

443 3176 497 3231 6.
530 3177 897 3229 Accurramus
929 3184 1060 3240 ergo
1101 3168 1166 3222 ad
1207 3183 1329 3222 eum
1363 3166 1451 3232 qui
1486 3165 1539 3219 in
1581 3163 1840 3234 principio
1864 3171 1982 3216 erat

376 3270 513 3326 Deus
534 3311 549 3333 ,
579 3280 933 3322 accurramus
970 3264 1037 3317 ad
1084 3273 1343 3317 a-ternam
1390 3260 1604 3324 lucem,
1635 3270 1982 3313 accurranms

373 3362 437 3415 ad
466 3361 706 3415 Verbum
738 3367 961 3427 propter
993 3364 1045 3409 te
1081 3354 1282 3408 factum
1324 3351 1625 3406 hominem.
1658 3349 1791 3403 Cum
1822 3349 1980 3414 dico,

374 3456 585 3524 factum,
618 3466 727 3504 non
758 3456 1019 3503 mutatam
1050 3446 1172 3500 dico
1211 3454 1480 3507 naturam,
1511 3442 1605 3497 sed
1635 3441 1868 3496 divinam
1896 3440 1982 3493 di-

372 3545 632 3616 gnitatem
686 3550 870 3597 nostra
917 3549 1305 3594 assumeutem.
1357 3537 1489 3591 lllud
1535 3537 1715 3601 enim,
1772 3534 1984 3590 Verbum

374 3653 493 3691 caro
523 3640 717 3707 factum
747 3644 841 3700 est,
876 3649 983 3687 non
1015 3633 1220 3701 lapsam
1255 3640 1500 3684 naturam
1530 3630 1750 3695 indicat,
1781 3628 1875 3681 sed
1904 3628 1988 3681 in-

378 3732 686 3785 lirmitatem
715 3736 956 3782 nostram
978 3734 1332 3793 assumptam.
1359 3722 1489 3777 Nam
1518 3722 1563 3777 si
1587 3721 1742 3787 illud,
1769 3719 1985 3774 Factum

378 3833 472 3888 est,
502 3820 857 3876 mutationem
887 3830 1011 3871 esse
1040 3825 1228 3886 putas;
1258 3814 1301 3868 si
1334 3813 1523 3867 audias
1552 3813 1775 3867 Paulum
1804 3813 1988 3866 dicen-

382 3926 509 3979 tem,
536 3914 768 3967 Christus
799 3925 891 3963 nos
922 3908 1135 3962 redemit
1163 3924 1194 3961 a
1218 3906 1489 3960 maledicto
1520 3906 1667 3977 legis,
1700 3909 1868 3977 [actus
1895 3922 1988 3976 pro

380 4008 522 4061 nobis
552 4004 880 4059 maledictum
911 3999 1072 4071 (Gal.
1102 4002 1157 4056 ὅ.
1189 4000 1326 4070 15);
1359 3997 1703 4052 maledictum
1747 3998 1797 4051 in
1830 4006 1988 4051 natu-

381 4116 495 4154 ram
527 4099 729 4153 referes
752 4139 767 4161 ,
799 4107 852 4151 et
898 4094 1251 4149 mutationem
1300 4090 1570 4145 maledicti
1608 4090 1715 4144 dici
1755 4089 1986 4160 putabis.

386 4192 447 4248 Ut
476 4208 607 4262 ergo
638 4188 794 4252 illud,
829 4185 1023 4240 Factus
1050 4183 1400 4250 maledictum,
1438 4182 1567 4236 nihil
1600 4182 1743 4236 aliud
1784 4182 1988 4252 signifi-

383 4293 497 4347 cat,
529 4298 691 4353 quam
720 4279 862 4350 quod
910 4278 1024 4347 ipse
1065 4274 1408 4330 maledictum
1454 4274 1506 4327 in
1549 4288 1609 4328 se
1646 4275 1988 4343 susceperit:

384 4380 461 4433 sic
490 4375 621 4430 illud
643 4416 657 4438 ,
691 4371 759 4426 Et
799 4370 1018 4426 Verbum
1052 4385 1173 4423 caro
1203 4372 1397 4440 factum
1438 4376 1544 4431 est,
1579 4376 1625 4419 et
1667 4366 1906 4419 habitavit
1938 4367 1992 4420 in

386 4471 527 4525 nobis
551 4512 566 4535 ,
600 4467 733 4522 nihil
760 4464 905 4518 aliud
939 4460 1206 4533 significat
1225 4502 1240 4523 ,
1270 4474 1429 4529 quam
1458 4458 1639 4513 carnis
1664 4459 1993 4528 assumptio-

388 4577 533 4617 nem.
580 4557 758 4613 Habes
794 4555 934 4626 apud
966 4564 1017 4609 te
1047 4553 1334 4623 imaginem
1370 4568 1383 4604 :
1418 4550 1639 4604 verbum
1673 4551 1787 4604 sive
1816 4565 1995 4604 sermo

388 4665 509 4709 tuus
534 4652 677 4707 circa
724 4649 819 4704 Dei
852 4648 1088 4703 Verbum
1134 4657 1185 4700 te
1222 4645 1503 4707 instituet,
1537 4660 1644 4698 non
1686 4645 1996 4700 omnimodo

387 4742 779 4804 similitudine,
818 4739 915 4794 sed
959 4738 1103 4810 quod
1147 4737 1431 4807 vestigium
1472 4735 1741 4807 quoddam
1787 4754 1897 4806 pra:
1937 4752 1997 4793 se

390 4837 564 4903 ferat,
595 4844 651 4890 et
675 4834 958 4902 emphasin
999 4832 1195 4887 divina:
1226 4829 1523 4901 dignitatis.
1563 4830 1658 4884 llic
1698 4845 1826 4885 vero
1868 4831 1996 4885 mihi

388 4933 630 4986 anirnmn
665 4927 867 4982 adhibe
893 4926 1203 4995 diligenter,
1234 4939 1301 4978 ne
1333 4922 1602 4976 incassum
1635 4922 1796 4976 verba
1826 4922 1998 4992 profe-

393 5034 603 5090 rantur,
632 5031 688 5077 et
717 5021 902 5076 divina
932 5033 1091 5073 sensa
1124 5017 1444 5071 obruantur.
1489 5015 1682 5071 Sermo
1722 5014 1999 5070 hominum

392 5117 644 5186 (obscura
668 5123 846 5167 autem
870 5120 952 5166 est
976 5110 1175 5180 imago,
1204 5124 1324 5179 qua:
1353 5123 1459 5162 non
1492 5116 1661 5162 totam
1687 5107 2000 5178 dignitatem

392 5207 670 5278 exprimit,
708 5203 803 5259 sed
834 5220 953 5274 qua:
981 5218 1048 5259 ex
1082 5201 1281 5255 nostris
1308 5216 1370 5255 ea
1402 5216 1523 5271 qua:
1549 5216 1713 5268 supra
1750 5216 1850 5255 nos
1879 5212 2006 5256 sunt

393 5300 623 5370 edocet)
657 5317 670 5353 :
704 5312 886 5351 sermo
924 5303 1109 5349 noster
1142 5294 1495 5363 incorporeus
1537 5302 1651 5358 est,
1697 5291 2001 5360 invisibilis,

398 5392 755 5449 intractabilis
778 5432 793 5455 ,
826 5390 917 5459 qui
956 5387 1141 5442 auditu
1172 5387 1289 5441 solo
1321 5386 1634 5455 percipitur.
1675 5385 1863 5442 Nullus
1892 5402 2007 5441 ser-

399 5502 613 5540 monem
647 5500 714 5539 ex
748 5484 864 5536 visu
896 5481 1069 5544 novit,
1103 5479 1283 5534 nullus
1312 5494 1473 5532 manu
1505 5480 1879 5548 apprehendit,
1910 5481 2004 5535 sed

398 5587 482 5632 est
521 5574 810 5631 invisibilis
835 5616 849 5639 ,
896 5571 1250 5626 intractabilis
1275 5610 1289 5633 ,
1330 5586 1545 5638 unoque
1585 5571 1802 5626 auditus
1843 5586 2007 5627 sensu

398 5670 631 5738 capitur,
665 5666 827 5735 idque
874 5663 1126 5718 invisihili
1173 5661 1356 5716 modo.
1394 5659 1582 5731 Neque
1610 5663 1755 5717 enim
1793 5662 2010 5718 auditus

400 5770 624 5814 extensa
656 5771 817 5812 manu
846 5755 990 5825 capit
1023 5755 1203 5819 illum,
1236 5752 1331 5807 sed
1372 5753 1487 5823 ipse
1524 5767 1704 5808 sermo
1733 5754 2012 5826 ingressus

404 5859 638 5905 tenetur.
667 5848 861 5905 Sermo
909 5848 1025 5917 ipse
1066 5846 1304 5917 gignitur
1334 5860 1362 5897 a
1396 5852 1614 5909 mente;
1642 5845 1878 5916 gignitur
1917 5863 2017 5903 au-

402 5956 512 5999 tem
542 5958 648 5999 non
682 5941 954 6012 passione,
986 5954 1091 5994 non
1121 5939 1263 6003 visu,
1289 5951 1397 5993 non
1424 5935 1718 6006 divisione;
1751 5953 1857 5995 non
1889 5955 2012 6011 pars

1677 439 1765 496 DE
1803 434 2091 496 SlGllJJS
2129 437 2380 494 SEBMO.

3568 450 3672 507 512

2075 557 2342 614 deciditur
2371 575 2435 615 ex
2468 569 2647 617 mente
2685 564 2993 631 generantis
3014 606 3029 632 ,
3068 581 3177 622 non
3216 580 3535 640 separatur,
3568 587 3675 627 non

2074 651 2357 706 scinditur.
2393 651 2488 706 llic
2512 653 2643 707 mihi
2674 670 2833 709 aures
2864 657 3168 723 commoda,
3204 658 3477 718 hacretice.
3510 661 3675 719 Intel-

2076 741 2179 813 lige
2213 745 2442 813 primum
2472 755 2556 798 tua
2578 789 2593 811 ,
2622 755 2674 800 et
2705 755 2830 801 tunc
2855 764 2915 802 ea
2949 766 3069 819 qum
3106 766 3263 820 supra
3297 764 3348 807 te
3378 765 3504 810 sunt
3542 757 3676 812 ima-

2074 838 2261 905 ginare
2295 857 2307 893 :
2338 838 2507 909 gignit
2537 857 2720 904 mens,
2754 842 2929 912 prodit
2961 845 3224 911 verbum,
3269 850 3446 917 prodit
3481 865 3548 906 ex
3578 867 3676 923 ge-

2077 940 2326 997 nerante,
2356 942 2409 987 et
2431 948 2619 987 omnes
2650 935 2736 1003 qui
2764 936 2991 991 audiunt
3019 941 3208 1007 replet,
3242 956 3340 995 nec
3370 962 3396 993 a
3429 945 3675 1012 genitore

2076 1024 2281 1078 recedit
2310 1042 2323 1078 :
2361 1027 2538 1095 prodit
2572 1044 2773 1093 Sermo,
2804 1032 2892 1100 qui
2929 1032 2979 1084 iu
3012 1048 3203 1089 onmes
3230 1034 3591 1106 distribuitur,
3625 1051 3678 1097 et

2078 1130 2340 1186 nusquam
2378 1119 2660 1173 scinditur.
2698 1120 3077 1194 Unusquisque
3119 1135 3289 1182 totum
3329 1132 3528 1201 excipit
3556 1149 3679 1188 ver-

2078 1204 2237 1271 bum,
2269 1216 2323 1263 et
2354 1219 2435 1263 est
2477 1210 2529 1264 in
2574 1213 2800 1281 singulis
2823 1256 2839 1279 ,
2867 1227 2920 1268 et
2951 1215 3002 1268 in
3038 1225 3116 1271 tot
3145 1218 3463 1275 distributus
3488 1263 3505 1289 ,
3536 1233 3681 1279 totus

2079 1310 2257 1356 tamen
2302 1304 2616 1359 infunditur.
2662 1306 2860 1362 Noster
2891 1310 3069 1381 itaque
3100 1329 3281 1368 sermo
3318 1326 3550 1372 mentem
3585 1334 3683 1389 ge-

2078 1403 2359 1448 nerautem
2407 1395 2459 1450 iu
2504 1412 2561 1451 se
2602 1397 2938 1455 demonstrat
2971 1418 2986 1461 :
3018 1419 3046 1456 a
3074 1404 3242 1459 verbo
3271 1423 3501 1477 namque
3529 1425 3683 1464 mens

2078 1487 2579 1556 comprehenditur.
2630 1491 2759 1547 Illud
2806 1504 2984 1549 autem
3034 1499 3431 1555 animadvertas
3472 1502 3683 1564 velim;

2081 1577 2185 1634 hoc
2207 1591 2394 1635 nostro
2419 1598 2669 1640 sermone
2701 1590 2838 1641 Deus
2858 1590 3215 1645 oeconomiam
3246 1593 3337 1648 Dei
3364 1594 3520 1650 Verbi
3551 1612 3684 1665 prie-

2082 1672 2342 1743 ﬁgurans,
2378 1677 2665 1747 imaginem
2710 1682 2999 1751 quamdam
3042 1685 3341 1740 mirabilem
3382 1691 3682 1759 prmmittit,

2084 1769 2316 1821 terrenis
2364 1770 2586 1824 ﬂoribus
2629 1772 2974 1839 decoratam,
3024 1794 3142 1846 qua:
3194 1790 3371 1833 tamen
3418 1783 3687 1838 sermonis

2082 1862 2274 1916 rationi
2301 1875 2591 1934 competat.
2628 1866 2764 1934 Quid
2807 1869 3000 1939 igitur?
3040 1872 3356 1928 Sermonem
3401 1885 3684 1944 nostrum,

2081 1953 2409 2010 invisibilem
2430 1999 2443 2019 ,
2490 1959 2863 2028 incorporeum
2884 2004 2900 2029 ,
2932 1964 3021 2032 qui
3068 1967 3235 2020 teneri
3280 1978 3505 2038 nequeat
3536 2010 3551 2033 ,
3578 1970 3685 2023 alio

2081 2047 2314 2114 quodam
2362 2050 2589 2118 sapienti
2639 2054 2799 2107 modo
2841 2055 3223 2123 conformatus,
3261 2060 3311 2113 id
3352 2060 3518 2116 efticit
3544 2072 3597 2116 ut
3628 2074 3682 2118 et
3770 2106 3776 2112 .

2083 2137 2253 2193 videri
2285 2151 2339 2194 et
2370 2144 2540 2197 teneri
2587 2149 2775 2215 possit.
2820 2148 2955 2215 Quid
3000 2151 3143 2205 enim
3192 2153 3355 2209 facit?
3391 2155 3524 2224 Quia
3567 2158 3683 2212 visu

2082 2245 2189 2284 non
2224 2235 2642 2304 percipiebatur,
2678 2240 2829 2296 illum
2863 2244 3032 2299 literis
3062 2262 3159 2301 ceu
3188 2264 3416 2318 corpore
3447 2252 3682 2318 vestivit,

2082 2331 2137 2375 et
2168 2321 2442 2380 literarum
2477 2330 2713 2398 speciem
2744 2349 2840 2387 ceu
2871 2351 3087 2391 Carnem
3120 2339 3218 2409 ipsi
3250 2343 3632 2414 circumpositit
3667 2368 3683 2405 :

2082 2427 2145 2467 ac
2175 2430 2332 2484 quem
2375 2420 2601 2475 audiens
2647 2440 2752 2478 non
2798 2428 3095 2496 cernebas,
3149 2431 3335 2501 legens
3377 2438 3684 2506 conSpicis;

2082 2522 2242 2576 quem
2273 2509 2450 2581 legere
2478 2531 2583 2569 non
2614 2528 2850 2585 poteras,
2882 2520 2935 2573 in
2958 2522 3097 2576 libro
3118 2525 3453 2581 circumfers.
3485 2528 3684 2587 Verum

2082 2613 2263 2655 sermo
2295 2619 2390 2672 per
2419 2606 2603 2661 literas
2633 2625 2926 2682 corporeus
2953 2613 3207 2684 eflicitur,
3235 2621 3285 2672 in
3312 2621 3479 2676 “ll'l'ls
3505 2634 3685 2679 tatiien

2084 2708 2191 2747 non
2221 2697 2594 2761 concluditur:
2628 2703 2720 2757 sed
2754 2715 2836 2759 est
2864 2719 2913 2759 et
2947 2723 3069 2761 cum
3110 2710 3326 2766 dicente
3360 2725 3414 2767 et
3454 2730 3574 2770 eum
3606 2718 3687 2771 le-

2084 2795 2263 2854 gente.
2296 2788 2350 2841 Si
2379 2790 2520 2859 quis,
2554 2792 2769 2861 fratres,
2801 2797 2992 2851 librum
3020 2798 3314 2871 discerpat,
3343 2820 3542 2874 corpus
3571 2823 3689 2863 scr-

2086 2879 2262 2932 illunis
2285 2880 2521 2945 discidit,
2551 2902 2655 2939 non
2688 2905 3016 2945 sermonem.
3050 2892 3115 2946 Et
3144 2905 3199 2948 ut
3225 2894 3403 2950 discas
3431 2915 3536 2953 non
3563 2917 3691 2957 ron-

2085 2971 2223 3024 sumi
2247 2986 2557 3029 sermonem
2587 2993 2687 3030 uua
2716 2994 2837 3033 cum
2863 2982 3053 3047 literis,
3078 2984 3206 3040 dicit
3234 2986 3380 3043 Dens
3399 2990 3689 3054 let-emite:

2088 3062 2283 3117 Sedens
2310 3067 2472 3119 scribe
2498 3073 2547 3120 in
2571 3069 2699 3123 libro
2720 3088 2893 3127 omnes
2916 3091 3191 3142 sermones,
3221 3090 3266 3132 et
3288 3083 3432 3135 trade
3452 3083 3694 3141 Joacltim

2086 3156 2195 3227 regi
2227 3156 2363 3225 (Jer.
2396 3161 2485 3213 56.
2519 3162 2636 3232 26).
2671 3165 2797 3218 Erat
2840 3178 3020 3221 autem
3062 3186 3241 3226 sermo
3270 3175 3695 3245 reprehensione

2089 3251 2300 3320 plenus.
2326 3254 2592 3323 Quoniam
2617 3258 2776 3327 igitur
2798 3262 3085 3330 optimates
3110 3267 3565 3337 reprehensiones
3585 3290 3691 3328 non

2088 3343 2301 3412 ferunt;
2333 3364 2506 3418 neque
2528 3351 2670 3404 enim
2701 3353 2934 3422 dignitas
2961 3355 3119 3413 facile
3140 3358 3362 3427 justiti-.0
3388 3365 3690 3434 subjicitur,

2090 3435 2185 3489 sed
2233 3438 2517 3494 veritatem
2563 3442 2857 3510 obsrurat;
2903 3464 2995 3502 rex
3038 3452 3551 3520 reprehensimnlms
3592 3458 3697 3513 illis

2090 3527 2330 3584 oll'cusus
2356 3573 2371 3595 ,
2408 3532 2556 3586 illum
2589 3536 2847 3604 scalpello
2889 3542 3083 3596 scribi»
3122 3544 3404 3600 discissum
3438 3550 3488 3602 in
3523 3551 3697 3607 locum

2092 3621 2231 3692 ignis
2261 3626 2514 3694 conjecit.
2543 3627 2680 3695 Quid
2713 3647 2839 3700 ergo
2874 3633 3017 3688 Deus
3056 3638 3120 3689 ad
3152 3637 3474 3695 .lcrcmiam?
3502 3642 3699 3699 Sedens

2092 3716 2292 3769 eosdem
2318 3734 2576 3773 sermones
2612 3722 2807 3789 scribe,
2849 3734 2896 3777 et
2925 3728 2991 3777 du
3022 3729 3130 3799 regi
3160 3729 3317 3800 (Jer.
3349 3734 3439 3789 '56.
3467 3735 3538 3790 28
3563 3739 3611 3804 ),
3644 3755 3702 3792 ut.

2093 3810 2267 3863 discat
2293 3825 2353 3865 se
2380 3812 2565 3866 literas
2590 3814 2916 3872 dissecuisse
2937 3860 2953 3883 ,
2981 3837 3081 3875 nec
3111 3839 3419 3881 sermonem
3452 3831 3698 3886 scidisse.

2098 3905 2288 3959 Vidisti
2332 3907 2663 3977 imaginem?
2704 3910 2814 3979 jam
2848 3926 3081 3968 mentem
3114 3917 3165 3970 in
3196 3918 3426 3976 sublime
3453 3938 3569 3993 age.
3606 3925 3700 3980 Dei

2098 3996 2360 4066 Verbum,
2389 4001 2503 4054 sive
2532 4001 2726 4056 Sermo
2755 4003 2896 4058 Deus
2926 4007 3252 4077 unigenitus,
3281 4026 3476 4081 corpus
3505 4015 3700 4080 induit,

2099 4099 2156 4144 ut
2182 4091 2272 4160 qui
2309 4107 2417 4146 non
2448 4094 2741 4161 apparebat
2784 4108 3109 4165 appareret;
3139 4116 3357 4156 carnem
3403 4105 3615 4175 induit,
3646 4121 3705 4164 ut

2097 4184 2424 4238 contreetari
2463 4195 2645 4254 posset
2673 4187 2764 4257 qui
2794 4197 2919 4243 ante
2947 4205 3052 4244 non
3082 4196 3541 4251 contrectabaiur.
3578 4201 3704 4257 Ideo

2096 4275 2333 4331 Joannes
2362 4293 2485 4331 cum
2518 4278 2812 4335 invenisset
2843 4282 2974 4337 illud
3005 4283 3365 4343 desiderabile
3385 4333 3399 4356 ,
3428 4293 3569 4361 quod
3600 4294 3701 4349 ali-

2098 4371 2314 4441 quando
2343 4372 2528 4427 auditu
2562 4374 2879 4442 tenebatur,
2909 4377 3237 4449 demumque
3279 4383 3393 4437 visu
3437 4388 3703 4458 percipie-

2101 4462 2258 4517 batur
2279 4506 2294 4530 ,
2325 4463 2452 4518 dicit
2486 4483 2501 4520 :
2533 4464 2686 4533 Quod
2713 4477 2821 4521 erat
2851 4485 2884 4522 a
2912 4471 3166 4541 principio
3190 4513 3206 4539 ,
3239 4479 3376 4544 quod
3413 4478 3631 4534 vidimus
3660 4494 3706 4535 et

2100 4558 2423 4623 audivimus,
2456 4568 2505 4612 et
2540 4577 2721 4615 manus
2751 4572 2939 4618 nostra:
2975 4577 3412 4625 contrectaverunt
3437 4574 3510 4644 (1.
3544 4574 3705 4633 Joan.

2106 4652 2158 4704 1.
2190 4647 2267 4724 1).
2297 4650 2530 4707 Carnem
2559 4655 2738 4724 itaque
2776 4659 3025 4726 gestavit,
3058 4671 3260 4716 vestem
3288 4664 3582 4735 dignitatis,
3613 4685 3707 4725 ve-

2104 4754 2240 4799 stem
2272 4745 2555 4802 decentem
2587 4765 2602 4800 :
2635 4765 2758 4803 nam
2801 4750 3053 4808 Dominus
3080 4758 3308 4828 regnavit
3327 4800 3342 4824 ,
3371 4761 3603 4817 decorem
3631 4764 3711 4818 in-

2105 4841 2259 4894 dutus
2285 4851 2358 4895 est
2387 4839 2559 4911 (Psal.
2586 4841 2676 4897 92.
2706 4844 2782 4914 1).
2807 4844 2981 4901 .ludzci
3008 4847 3321 4919 impugnant
3347 4868 3469 4907 eum
3497 4855 3589 4925 qui
3614 4872 3708 4927 ap.

2108 4932 2315 5001 paruit,
2345 4933 2436 5003 qui
2478 4948 2583 4988 non
2630 4949 2979 5007 apparentem
3022 4941 3374 5010 ignorabant;
3406 4955 3459 4999 et
3488 4961 3708 5004 carnem

2106 5024 2326 5092 quidem
2372 5026 2729 5097 cruciligunt,
2772 5028 2869 5084 sed
2908 5029 3247 5089 divinitatem
3288 5050 3393 5090 non
3433 5038 3707 5098 occidunt.

2109 5113 2241 5167 Nam
2274 5115 2318 5167 si
2361 5131 2544 5172 sermo
2574 5133 2726 5173 meus
2753 5136 2862 5175 non
2900 5123 3036 5191 perit
3066 5141 3186 5179 cum
3219 5127 3406 5191 literis,
3437 5147 3556 5202 qua:
3586 5146 3713 5192 sunt

2111 5206 2486 5263 indumentum
2516 5210 2664 5279 ejus,
2696 5228 2763 5265 an
2798 5213 2940 5269 Deus
2972 5219 3191 5273 verbum
3214 5262 3229 5287 ,
3259 5219 3377 5276 fons
3403 5224 3525 5280 vita:
3547 5266 3562 5291 ,
3590 5243 3714 5284 cum

2110 5316 2273 5356 carne
2301 5302 2559 5372 perierit?
2590 5303 2775 5358 Passio
2802 5308 3071 5376 corporis,
3102 5312 3502 5381 impassihilitas
3531 5320 3709 5391 digni-

2113 5395 2240 5449 tatis
2264 5404 2348 5449 est
2377 5394 2475 5466 (a).
2508 5393 2617 5450 Cur
2645 5412 2746 5465 ego
2773 5397 2904 5452 dicit
2933 5399 3168 5459 Paulus:
3202 5404 3341 5460 Nam
3376 5409 3423 5463 si
3446 5415 3716 5484 cognovis-

2113 5501 2241 5553 sent,
2271 5506 2547 5560 numquam
2572 5488 2856 5545 Dominum
2882 5494 3061 5563 gloriae
3086 5499 3455 5568 crucifixissenl
3487 5505 3563 5577 (1.
3595 5504 3709 5563 Cor.

2113 5584 2168 5636 2.
2194 5583 2289 5653 8)?
2315 5582 2450 5650 Quia
2480 5584 2557 5649 is,
2592 5584 2681 5654 qui
2712 5599 2930 5640 carnem
2968 5587 3176 5655 induit,
3208 5596 3512 5661 passionem
3541 5598 3722 5655 carnis

2116 5676 2218 5731 sibi
2257 5676 2528 5747 propriam
2572 5677 2770 5734 reddit.
2810 5678 3025 5736 Vestem
3065 5684 3265 5755 regiam
3306 5687 3350 5740 si
3396 5693 3721 5748 contumelia

2117 5768 2396 5838 alfcceris,
2427 5787 2606 5827 annon
2646 5772 2737 5827 illa
2778 5773 3023 5831 indutum
3054 5781 3380 5835 contumelia
3411 5783 3626 5839 aftieis?
3653 5804 3722 5842 an

2183 5883 3405 5969 {altissimamsaevaesaeuae-"sm
3422 5895 3726 5969 habeon

2120 5948 2490 6002 Theudoretum
2518 5948 2649 6001 Dial.
2673 5951 2724 6013 5,
2747 5950 2815 6003 de
2838 5948 3113 6016 lmpatibili,
3139 5948 3277 6006 Tom.
3305 5956 3355 6020 4,
3382 5971 3491 6022 pag.
3524 5959 3626 6010 169.
