4138 6446
580 390 681 442 5Ξῦ

584 502 759 558 nescis
785 517 906 554 eum
938 504 1026 570 qui
1056 502 1215 568 regite
1245 502 1459 573 imagini
1487 504 1868 561 contumeliam
1900 505 2080 571 infert,
2112 508 2167 563 in

581 596 888 666 dignitatem
934 596 1201 666 prototypi
1232 595 1613 652 contumeliam
1645 599 1890 654 vertere?
1915 614 1983 654 an
2012 600 2164 671 igno-

579 703 665 741 ras
686 703 810 742 eum
836 688 925 757 qui
952 686 1035 741 vei
1065 687 1292 757 ligneam
1320 688 1401 741 vel
1429 704 1634 743 teneam
1676 699 1908 746 statuam
1948 690 2127 760 dejicit
2146 732 2162 757 ,

579 796 681 834 non
714 782 862 849 quasi
895 780 1123 849 ligneam
1150 782 1428 836 materiam
1458 783 1654 839 laeserit
1682 785 1863 853 plecti,
1890 785 1984 841 sed
2012 787 2163 856 quasi

576 872 625 921 in
661 886 832 939 ipsum
877 885 1058 940 regem
1102 887 1292 927 manus
1332 874 1633 929 extenderit
1671 875 1740 931 de
1786 877 1965 932 medio
2005 879 2166 934 tolli?

575 960 791 1013 Materia
822 961 1111 1014 inanimata
1139 979 1257 1031 qua:
1289 964 1431 1033 regis
1459 965 1743 1035 imaginem
1773 969 2006 1036 pra:fert,
2036 985 2164 1024 con-

574 1050 846 1104 tumeliam
882 1052 933 1104 in
976 1069 1156 1121 regem
1203 1054 1456 1108 transfert
1484 1072 1497 1109 :
1532 1056 1698 1111 forma
1729 1068 1908 1113 autem
1940 1061 2160 1126 vivens,

570 1155 729 1209 quam
761 1139 936 1195 induit
968 1142 1109 1197 Deus
1143 1142 1375 1197 Verbum
1396 1186 1408 1208 ,
1440 1146 1486 1200 si
1516 1148 1842 1202 contumelia
1870 1148 2159 1216 afficiatur,

596 1281 981 1291 Μ

982 1284 1143 1292 ε--ι-

1171 1286 1360 1294 W

573 1290 867 1298 u—7,
900 1297 977 1298 ,7,

2106 394 2332 450 DUBIA.

3769 409 3873 464 εει

2274 522 2454 566 annon
2479 515 2858 571 contumeliam
2888 515 2940 573 ln
2980 519 3152 587 illum,
3182 522 3271 593 qui
3301 539 3364 580 ea
3395 525 3654 597 induitur,
3688 536 3872 586 trans-

2273 600 2451 658 feret?
2483 606 2802 676 Dignitatem
2846 610 3085 684 intellige
3108 657 3124 682 ,
3156 627 3212 672 et
3240 623 3599 677 oeconomiam
3639 640 3707 680 ne
3735 642 3861 682 con-

2273 697 2491 750 tumelia
2528 699 2750 754 afficias.
2787 701 2983 759 Verum
3027 706 3142 762 haec
3180 709 3291 781 jam
3338 713 3470 767 satis
3508 725 3667 770 sunto
3699 735 3712 772 :
3743 736 3862 791 quae

2272 804 2399 842 vero
2428 801 2631 847 restant
2659 793 2727 848 de
2758 795 2868 850 Deo
2899 797 3072 854 Verbo
3099 805 3374 859 tractanda
3398 847 3413 872 ,
3443 806 3597 862 alteri
3632 812 3857 867 orationi

2269 894 2633 950 reservantes.
2667 889 2855 944 ordine
2883 893 3113 962 quodam
3148 897 3571 956 moderationem
3606 903 3725 972 ejus
3764 904 3854 957 ho-

2269 989 2401 1029 nore
2429 976 2762 1048 afficiamus,
2792 992 2841 1036 et
2872 984 2980 1039 Deo
3004 986 3232 1055 gloriam
3274 990 3570 1049 referamus
3590 1037 3604 1057 ,
3638 996 3779 1051 Patri
3805 1011 3855 1052 et

2268 1067 2404 1122 Filio
2429 1083 2482 1123 et
2508 1069 2727 1140 Spiritui
2757 1087 2966 1141 sancto,
2994 1094 3135 1133 nunc
3159 1089 3215 1135 et
3234 1097 3468 1152 semper,
3496 1095 3549 1141 et
3580 1087 3629 1141 in
3659 1092 3854 1145 sazeula

2268 1163 2607 1218 Saeculorum.
2637 1168 2829 1222 Amen.

1508 1296 1515 1297 ὲ
1898 1296 1949 1297 7”,
1988 1296 2075 1299 ᾑή
2158 1296 2928 1316 ,__,._-.__.-__—-——_h-—.—._,_..c
2958 1309 2965 1314 -
2984 1310 3355 1325 L———.u‘.—_—.
3397 1318 3439 1327 ..-

580 1296 907 1331 mo.—
924 1297 1129 1332 Q!
1645 1301 2595 1349 mn—
3316 1357 3325 1363 Α
3344 1348 3439 1363 ισ--Αλ

1727 1552 1813 1616 ΙΝ
1855 1554 2270 1621 HOMILIAM
2310 1561 2394 1622 IN
2436 1563 2698 1637 ILLUD,

1632 1670 1722 1727 IN
1764 1673 2167 1734 PRINCIPIO
2205 1680 2398 1737 ERAT
2445 1684 2767 1747 VERBUM.

633 1762 802 1830 Quem
828 1762 1020 1817 habeat
1042 1771 1314 1819 auctorem
1344 1764 1459 1821 haec
1488 1768 1678 1824 concio
1702 1785 1807 1825 non
1836 1771 1991 1828 facile
2023 1789 2145 1842 per-

561 1857 775 1925 cipitur,
810 1871 1017 1911 necnon
1045 1872 1153 1927 quo
1185 1867 1446 1928 tempore,
1479 1875 1582 1930 qua
1627 1862 1679 1916 in
1710 1864 1926 1920 civitate
1969 1866 2147 1922 habita

560 1948 740 2002 fuerit.
768 1949 971 2002 Dictam
997 1947 1162 2005 fuisse
1187 1951 1399 2020 planum
1426 1962 1509 2008 est
1529 1962 1713 2009 contra
1736 1957 2148 2014 Pneumatoma-

556 2040 688 2095 chos
727 2051 778 2095 et
824 2043 1115 2099 Anomteos
1155 2045 1506 2117 Eunomiique
1539 2057 1854 2120 sectatores,
1899 2053 1987 2124 qui
2037 2070 2142 2109 non

558 2136 625 2189 ita
664 2136 869 2205 pridem
907 2138 960 2191 in
987 2140 1206 2194 civitate
1238 2140 1334 2193 ista
1363 2142 1563 2211 primas
1592 2143 1935 2200 obtinuerant
1960 2156 2013 2201 et
2043 2146 2146 2201 Ca-

556 2230 782 2285 tbolieos
807 2242 1206 2301 Oppresserant.
1237 2235 1407 2299 Quam
1438 2250 1549 2290 rem
1582 2236 1653 2290 ita
1683 2235 1940 2293 describit
1962 2248 2145 2293 orator

556 2320 640 2375 hic
659 2322 801 2375 circa
833 2322 1065 2377 medium
1088 2325 1365 2379 concionis
1392 2343 1406 2381 :
1430 2323 1558 2381 Cum
1580 2328 1712 2380 enim
1734 2329 1934 2398 ﬂoreret
1963 2330 2145 2398 impie-

551 2424 648 2478 tas,
678 2431 793 2467 cum
813 2416 945 2469 lianc
966 2415 1135 2471 urbem
1158 2418 1437 2472 devaslaret
1461 2420 1688 2479 Iuvresis,
1721 2423 1976 2490 absumpti
1996 2434 2141 2477 erant

553 2504 795 2560 Ecclesia?
821 2507 1080 2575 ῥῆξαν...
1117 2507 1302 2563 Verum
1331 2511 1500 2574 hodie,
1547 2511 1735 2571 dilecti,
1767 2514 1922 2581 ejecta
1963 2523 2033 2566 es!
2055 2531 2143 2582 pe-

548 2599 726 2666 stifera
750 2598 841 2651 illa
869 2599 1121 2664 doctrina,
1150 2611 1198 2653 et
1224 2601 1450 2672 ingressa
1469 2612 1540 2655 est
1569 2602 1808 2656 salutaris
1836 2604 2023 2673 gratia.
2044 2604 2140 2659 Hic

547 2687 765 2740 mumino
818 2688 1028 2742 videtur
1065 2690 1149 2759 agi
1190 2691 1259 2745 de
1305 2692 1473 2761 pulsis
1523 2708 1551 2744 a
1604 2693 1906 2747 Theodosio
1950 2694 2138 2764 Magno

549 2779 823 2833 Anontmis
848 2791 903 2833 et
931 2782 1163 2844 Arianis,
1193 2783 1280 2851 qui
1322 2783 1577 2838 ecclesias
1606 2786 1801 2839 multas
1833 2784 2137 2839 Constanti-

547 2870 725 2936 nopoli
768 2873 1121 2942 occupabant.
1167 2873 1299 2927 Illud
1331 2875 1523 2929 accidit
1559 2892 1702 2930 anno
1745 2875 1944 2931 Christi
1985 2879 2132 2934 580:

543 2969 704 3028 atque
724 2961 859 3016 adeo
885 2964 1023 3017 dicta
1045 2964 1203 3019 fuerit
1222 2967 1337 3021 bzrc
1359 2967 1572 3022 bomilia
1600 2984 1743 3023 anno
1763 2970 1975 3024 circiter
1991 2971 2088 3026 581
2116 2990 2130 3027 :

546 3067 666 3120 qua:
709 3052 835 3107 item
864 3054 959 3108 fuit
987 3055 1314 3111 Tillemontii
1361 3059 1625 3115 sententia
1658 3059 1709 3114 in
1742 3059 1858 3114 Vita
1898 3060 2135 3133 Chryso-

542 3144 724 3212 stouii,
762 3160 879 3218 pag.
925 3146 1032 3201 592
1072 3155 1127 3201 ct
1167 3148 1289 3203 587.
1337 3148 1417 3204 Ad
1475 3148 1613 3205 lianc
1653 3165 1780 3205 vero
1827 3152 2134 3218 opinionem

541 3243 719 3296 omnia
760 3245 1046 3312 quadrant.
1091 3241 1222 3300 Nam
1268 3242 1755 3314 Constantinopoli,
1808 3244 1896 3299 ubi
1948 3243 2131 3301 habita

543 3334 711 3390 luisse
738 3348 952 3405 putatur
997 3339 1235 3405 homilia,
1270 3339 1483 3407 plurimi
1526 3349 1679 3392 erant
1718 3338 2133 3393 Pnenmatoma-

2262 1781 2348 1833 chi
2390 1791 2445 1835 et
2472 1785 2716 1841 Anomtei
2763 1790 2935 1854 multi,
2969 1810 3103 1863 quos
3121 1799 3460 1871 exagitathic
3488 1806 3732 1875 quisquis
3774 1813 3846 1867 sit

2257 1872 2488 1943 Scriptor
2518 1892 2531 1927 :
2566 1874 2617 1928 bi
2644 1877 2712 1930 ab
2742 1878 2999 1937 Ecclesiis
3021 1885 3178 1955 ejecti
3204 1898 3363 1955 sunt;
3392 1872 3576 1949 contra
3604 1872 3846 1955 Catholi—

2255 1976 2347 2015 cos
2370 1973 2542 2017 tamen
2567 1965 3015 2039 digladiabantur,
3040 1976 3182 2043 quod
3205 1979 3363 2034 etiam
3388 1983 3452 2035 ad
3480 2001 3648 2057 usque
3665 1987 3843 2063 Chry-

2254 2057 2477 2107 sostomi
2509 2063 2747 2125 tempora
2791 2067 3172 2132 perseveravit,
3208 2079 3264 2123 ut
3290 2072 3473 2129 videre
3510 2087 3592 2131 est
3623 2080 3674 2133 in
3717 2057 3834 2151 ejus

2252 2152 2436 2197 contra
2494 2146 2787 2205 Anommos
2835 2153 3052 2209 bomilia
3102 2156 3567 2237 Constantinopoli
3622 2146 3841 2238 habita,

2251 2232 2315 2289 Τ.
2342 2235 2392 2299 l,
2418 2237 2522 2291 col.
2547 2238 2642 2293 701
2670 2250 2855 2313 etsqq.
2880 2244 2935 2299 In
2964 2246 3066 2302 fine
3094 2262 3272 2307 autem
3300 2232 3528 2313 bomilite
3554 2232 3837 2320 conciona;

2250 2332 2334 2379 tor
2365 2335 2532 2381 totum
2578 2341 2775 2386 coetum
2820 2340 3122 2395 communis
3171 2347 3337 2413 patris
3367 2356 3422 2403 et
3454 2350 3689 2408 doctoris
3715 2371 3837 2426 pre.

2247 2416 2398 2472 cibus
2445 2425 2804 2480 commendat.
2865 2429 2960 2483 Ille
3010 2448 3139 2488 vero
3191 2436 3366 2493 adhuc
3421 2442 3668 2500 fortassis
3715 2416 3839 2506 erat

2248 2506 2309 2564 S.
2341 2509 2635 2581 Gregorius
2662 2516 3050 2589 Nazianzenus,
3093 2527 3185 2595 qui
3223 2530 3416 2585 eodem
3449 2549 3593 2589 anno
3620 2540 3833 2609 episco-

2246 2610 2425 2668 patum
2457 2605 2516 2657 (Σ.
2550 2605 2612 2659 P.
2644 2607 2791 2676 pacis
2814 2613 3093 2669 servandae
3115 2632 3274 2674 causa
3303 2622 3592 2682 abdicavit.

2315 2692 2479 2749 Stilus
2508 2700 2728 2752 omnino
2761 2704 3048 2771 perplexus
3087 2718 3140 2763 et
3180 2709 3407 2779 ferreus,
3450 2719 3591 2774 unde
3612 2722 3833 2791 quidam

2244 2782 2385 2837 illam
2418 2785 2711 2843 Severiano
2739 2792 3062 2852 Gabalorum
3094 2802 3349 2875 episcopo
3377 2807 3446 2861 ob
3467 2782 3678 2869 dicendi
3709 2816 3827 2870 alli-

2242 2880 2461 2934 nit;.teni
2490 2881 2912 2955 adscripserunt.
2939 2890 3133 2948 Verum
3166 2895 3279 2952 haec
3308 2901 3586 2958 Severiani
3611 2910 3833 2963 concio.

2242 2972 2417 3025 nantis
2446 2983 2659 3029 a-tatem
2686 2981 2996 3046 praecedunt
3023 3002 3038 3041 :
3071 3003 3244 3058 neque
3273 2991 3386 3060 ipse
3415 2996 3563 3050 solos
3592 2998 3695 3054 hoc
3721 3003 3835 3057 stili

2239 3062 2369 3113 vitio
2412 3063 2711 3131 laborabat,
2748 3078 2801 3123 ut
2854 3086 2998 3142 Saepe
3038 3076 3290 3135 vidimus.
3325 3079 3827 3155 lutet-pretationem

2239 3152 2480 3209 Latinam
2507 3157 2732 3213 Joannis
2759 3159 2943 3218 Jacobi
2978 3165 3221 3234 Benreri,
3266 3175 3406 3242 quod
3450 3152 3511 3231 ea
3544 3183 3830 3253 paraphra-

2238 3245 2360 3299 stice
2400 3257 2543 3301 esset
2588 3251 2928 3321 concinnata,
2972 3258 3280 3330 rejecimns,
3331 3245 3632 3340 novamque
3673 3245 3831 3343 para-

2241 3353 2436 3393 VIIIHJS.

545 3442 3827 3488 Μ

543 3551 606 3594 ιν(
651 3551 862 3607 ILLUD,
910 3551 973 3594 ΙΝ
1009 3550 1328 3594 PRINCIPIO
1373 3548 1540 3593 ΕιιΑτ
1588 3547 1876 3602 VERBUM,
1937 3546 2078 3588 ETC.

622 3653 958 3698 enervam
1000 3653 1106 3695 DEI
1156 3634 1241 3715 (1.
1289 3634 1432 3698 Cor.
1478 3636 1539 3694 2.
1591 3628 1688 3715 10)
1726 3651 1740 3689 :

1847 3775 2101 3788 ...υ-

610 3856 663 3909 1.
720 3854 978 3909 llesterna
1025 3852 1114 3908 die
1160 3852 1314 3907 nobis
1353 3867 1536 3907 sermo
1579 3854 1886 3922 iwrmagnaa
1933 3856 2125 3924 aquilae.

539 3946 967 4016 speculationem
995 3945 1177 4012 desiit,
1206 3945 1417 4013 aquilae,
1449 3944 1687 4015 inquam,
1721 3945 1863 4000 illius
1893 3962 2120 4016 magnae,

535 4056 657 4109 qua:
684 4039 877 4109 spiritu
918 4037 1108 4093 caelum
1136 4044 1193 4092 et
1228 4037 1477 4092 caelestes
1510 4045 1803 4105 potestates
1845 4048 2123 4095 transcen-

535 4133 633 4196 dit,
664 4142 719 4186 et
745 4147 774 4183 a
803 4146 981 4185 rerum
1010 4128 1249 4183 omnium
1273 4129 1427 4197 apice
1455 4127 1686 4183 orditur.
1715 4128 1953 4185 Joannes
1976 4131 2121 4185 enim

535 4226 688 4282 nobis
718 4225 892 4296 primo
922 4221 1232 4293 praedicavit
1264 4222 1415 4288 illml,
1451 4221 1515 4276 In
1556 4222 1807 4292 principio
1845 4232 1953 4277 erat
1997 4221 2121 4277 Ver-

534 4320 673 4383 bum,
718 4326 771 4371 et
810 4314 879 4370 de
923 4315 1157 4369 increata
1205 4322 1393 4367 natura
1437 4312 1841 4384 philosOpbatus
1883 4324 1999 4378 est;
2029 4314 2119 4385 qui

534 4426 648 4464 rem
667 4417 900 4463 creatam
925 4421 1142 4460 omnem
1169 4406 1288 4476 plus
1308 4421 1467 4475 quam
1498 4407 1673 4475 aquila
1706 4415 2120 4477 praetergressus

530 4509 633 4560 est.
652 4500 955 4565 tonitruque
975 4512 1164 4552 sonum
1186 4499 1479 4567 superavit,
1500 4508 1558 4552 ut
1582 4498 1672 4567 qui
1696 4498 1842 4553 solus
1861 4509 2116 4552 aeternam

531 4600 587 4647 et
602 4590 870 4646 ca-lestem
890 4587 1282 4659 philosophiam
1299 4587 1690 4656 przedicaverit.
1709 4587 1932 4642 'l‘onitru
1962 4605 2115 4643 nam-

529 4698 655 4756 que,
676 4681 886 4747 fratres,
904 4692 958 4736 et
976 4689 1141 4737 terret
1158 4690 1213 4737 et
1226 4680 1408 4750 irrigat
1430 4698 1442 4734 :
1466 4679 1651 4750 irrigat
1667 4678 1886 4734 nubium
1921 4681 2113 4748 imbre,

530 4783 697 4832 terret
724 4783 780 4829 et
804 4772 1047 4843 percellit
1090 4786 1247 4827 sono.
1282 4771 1538 4825 Diversas
1576 4785 1707 4841 ergo
1737 4782 1915 4841 partes
1958 4787 2114 4827 assu-

530 4867 626 4922 mit
653 4880 758 4920 vox
788 4864 1012 4920 Joannis
1039 4880 1053 4917 :
1088 4862 1273 4931 irrigat
1302 4860 1621 4926 Ecclesiam,
1653 4868 1709 4914 et.
1739 4861 2114 4918 haereticorum

526 4977 716 5033 agmen
746 4956 1133 5030 perterrefacit.
1161 4954 1293 5011 Cum
1323 4956 1463 5009 enim
1496 4969 1630 5008 vana
1658 4954 1964 5024 loquuntur,
1991 4971 2113 5010 cum

526 5065 712 5110 contra
743 5067 901 5122 quam
931 5051 1034 5121 ipsi
1073 5050 1254 5105 sciunt
1278 5048 1525 5117 quredam
1561 5063 1684 5103 esse
1731 5059 1947 5120 negant,
1989 5065 2111 5105 cum

524 5149 755 5204 humana
801 5146 980 5216 lingua
1022 5152 1208 5198 contra
1252 5141 1490 5197 divinam
1543 5140 1873 5210 Scripturam
1923 5141 2113 5199 decer-

524 5249 639 5294 tant
671 5257 684 5292 :
718 5248 845 5292 tunc
888 5238 1084 5292 clamat
1112 5235 1371 5297 Joannes,
1420 5234 1569 5295 Erat.
1615 5244 1742 5292 ante
1785 5235 1939 5299 illud,
1989 5237 2110 5291 Non

530 5342 634 5384 erat
658 5330 754 5402 (ὁ).
800 5326 870 5383 In
908 5327 1162 5399 principio
1207 5337 1315 5381 erat
1365 5324 1600 5392 Verbum,
1648 5337 1697 5382 et
1751 5326 1968 5382 Verbum
2002 5338 2110 5385 erat

583 5464 659 5538 la)
681 5461 865 5537 Collata
895 5461 1236 5538 cumpodlce‘
1250 5459 1411 5524 Regio
1447 5462 1583 5522 1958,
1608 5463 1689 5525 qui
1714 5462 1905 5513 mendis
1928 5469 2109 5525 scatet,

517 5528 694 5588 quibus
717 5528 876 5574 missis
898 5528 1136 5586 praecipua
1160 5531 1398 5598 notamus.
1424 5589 1434 5600 υ
1477 5588 1487 5600 ⁹

521 5587 651 5667 ...19)
676 5586 813 5667 59:
825 5582 1597 5667 εξῂΞίὲεὲίξνιε.ἓνξιξετξιξξεξ,ίὲρ
1620 5590 1791 5667 urbe
1831 5596 1943 5667 ste!
1982 5600 2100 5667 ιίεν-

517 5646 645 5728 ρμπῄ
670 5660 816 5728 quam
846 5647 1045 5728 dicere}.
1074 5646 1348 5728 degoartne
1371 5649 1603 5728 Daptista’,
1630 5660 1728 5728 Non
1750 5661 1856 5728 erat
1878 5653 1971 5728 ille
1994 5649 2101 5728 lux.

517 5706 804 5821 Necévideo
831 5708 950 5773 quid
984 5706 1112 5758 aliud
1145 5709 1227 5760 hic
1260 5711 1410 5772 possit
1442 5706 1716 5774 signiﬁcari,
1750 5715 1844 5765 nisi
1875 5716 2003 5769 for-te
2039 5722 2104 5770 sit

519 5784 625 5821 men
662 5786 759 5821 um.

2189 3526 2406 3607 (Joan.
2472 3531 2531 3590 1.
2580 3530 2639 3610 1)

1790 3650 1869 3690 ET
1913 3648 1979 3690 IN
2023 3648 2132 3690 ΒΕ(

2239 3649 2262 3691 s
2308 3647 2754 3711 lLLUMINATOS,
2801 3657 2882 3700 ET
2924 3660 3171 3708 comas
3216 3668 3585 3718 ιυειιετιοοε
3634 3659 3751 3743 ((1)..

2104 3753 2495 3809 ἓιὶῖῖὶέὓὴ-

2690 3555 2705 3593 2
2752 3554 2833 3596 ΕΤ
2889 3556 3059 3609 QUOD
3112 3564 3394 3612 SPIRITUS
3455 3572 3831 3619 SCRUTETUR

2238 3852 2380 3924 apud
2408 3850 2591 3921 Deum,
2624 3866 2670 3913 et
2712 3861 2846 3916 Deus
2892 3876 3001 3919 erat
3040 3866 3274 3938 Verbum,
3305 3856 3436 3930 voce
3480 3896 3574 3935 sua
3615 3892 3829 3941 terrens

2231 3946 2570 4004 adversarios
2600 3966 2614 4003 :
2651 3952 2850 4008 Davide
2896 3959 3217 4016 testificante
3260 3981 3325 4021 ac
3354 3968 3588 4034 dicente,
3634 3975 3708 4028 Ab
3736 3981 3823 4031 in-

2230 4038 2520 4107 crepatione
2544 4050 2633 4093 tua
2660 4044 2875 4113 fugient,
2917 4064 2950 4100 α
2988 4066 3105 4104 voce
3132 4055 3344 4108 lonitrui
3369 4060 3440 4111 lui
3467 4061 3820 4124 formidabant

2232 4126 2402 4196 (I’sal.
2436 4130 2561 4186 ωδ.
2595 4133 2671 4198 7).
2704 4133 2771 4188 In
2799 4138 3049 4210 principio
3088 4155 3194 4196 erat
3236 4144 3470 4213 Verbum,
3518 4164 3565 4206 et
3602 4154 3825 4214 Verbum

2227 4231 2336 4272 erat
2383 4224 2526 4290 apud
2568 4222 2752 4290 Deum,
2799 4237 2846 4281 et
2891 4228 3034 4285 Deus
3074 4245 3183 4288 erat
3223 4235 3458 4294 Verbum.
3491 4244 3627 4310 Quia
3673 4251 3821 4305 enim

2231 4312 2497 4377 passionis
2527 4331 2723 4385 expers
2749 4329 2831 4373 est
2858 4323 3006 4376 verbi
3031 4329 3329 4395 generatio,
3364 4330 3594 4389 Verbum
3628 4343 3820 4409 appel-

2229 4400 2323 4467 lat,
2353 4413 2411 4458 ut
2437 4420 2533 4475 per
2558 4422 2621 4462 ea
2647 4424 2768 4478 quae
2811 4413 2863 4465 in
2892 4422 2947 4468 te
2976 4426 3122 4480 sunt,
3165 4434 3225 4473 ea
3255 4436 3375 4490 qua:
3415 4440 3574 4494 supra
3609 4400 3824 4488 te-s'unt

2227 4504 2281 4551 te
2321 4495 2535 4554 doceat.
2568 4501 2701 4557 Nam
2752 4506 2892 4560 sicut
2939 4523 3093 4563 mens
3133 4513 3354 4569 verbum
3403 4517 3650 4589 gignens,
3700 4525 3823 4581 sine

2228 4588 2476 4655 passione
2504 4593 2693 4662 gignit,
2724 4611 2830 4650 non
2862 4611 3098 4665 secatur,
3129 4619 3234 4658 non
3261 4606 3449 4674 effluit,
3470 4588 3585 4666 non
3615 4629 3819 4687 corpo-

2226 4694 2377 4736 reum
2405 4683 2677 4753 quidpiam
2711 4689 2911 4755 patitur
2942 4707 2957 4743 :
2985 4692 3065 4747 sic
3093 4694 3273 4753 divina
3325 4708 3380 4754 et
3410 4705 3674 4770 passionis
3714 4683 3819 4764 ex-

2222 4784 2348 4834 pers
2374 4776 2655 4841 generatio
2688 4777 2973 4834 ineffabilis
3000 4792 3055 4836 et
3104 4785 3665 4857 incomprehensibilis
3707 4810 3812 4866 est,

2225 4875 2331 4915 non
2382 4874 2616 4931 secatur,
2651 4883 2757 4921 non
2804 4869 3096 4937 dividitur;
3149 4879 3241 4931 sed
3268 4879 3395 4936 dum
3425 4883 3496 4938 ab
3536 4887 3715 4956 impiis
3758 4900 3819 4944 et

2224 4953 2512 5010 incredulis
2547 4959 2818 5015 haereticis
2863 4965 3002 5021 male
3045 4979 3276 5035 secatur,
3305 4988 3336 5026 a
3366 4975 3469 5043 piis
3516 4953 3634 5033 sine
3673 4980 3819 5036 divi-

2221 5044 2374 5101 sione
2404 5058 2550 5103 recte
2579 5064 2844 5105 servatur.
2893 5055 3001 5109 Cur
3031 5060 3203 5115 noluit
3229 5067 3554 5135 evangelista
3600 5069 3811 5138 dicere,

2219 5136 2276 5190 ln
2304 5137 2569 5207 principio
2609 5152 2724 5195 erat
2758 5142 2959 5200 Filius?
2985 5147 3063 5203 Ne
3092 5151 3180 5205 filii
3216 5168 3411 5210 nomen
3450 5160 3683 5226 passioni
3713 5136 3816 5215 ob-

2218 5229 2437 5284 noxiam
2482 5237 2888 5301 generationem
2940 5240 3220 5299 induceret
3267 5263 3279 5299 :
3322 5249 3417 5302 sed
3469 5251 3616 5305 illum
3674 5252 3813 5309 dicit

2224 5318 2477 5386 Verbum,
2513 5332 2569 5377 ut
2595 5329 2996 5394 generationem
3025 5335 3142 5389 sine
3169 5339 3417 5404 passione
3442 5341 3700 5399 declaret.
3726 5349 3811 5401 Ac

2215 5427 2286 5467 ne
2313 5414 2643 5482 prolatitium
2688 5435 2810 5476 esse
2839 5424 3059 5479 verbum
3094 5437 3325 5495 putares,
3378 5432 3656 5502 subiunxit
3688 5454 3702 5489 :
3743 5438 3810 5491 Et

2214 5503 2354 5561 Deus
2395 5518 2502 5563 erat
2555 5508 2770 5566 Verbum
2799 5530 2820 5568 :
2851 5526 2905 5569 ut
2947 5518 3093 5573 verbi
3142 5523 3355 5578 nomine
3405 5525 3807 5595 impassibilita-

2213 5604 2341 5661 tem,
2378 5600 2468 5655 Dei
2496 5617 2625 5657 vero
2648 5607 2866 5661 nomine
2887 5609 3200 5679 dignitatem
3224 5614 3572 5682 intellige'res.
3596 5621 3803 5678 Deinde

2210 5687 2326 5758 ejus
2373 5694 2616 5761 exposita
2664 5700 3032 5766 genter-alioue,
3080 5700 3351 5761 Creatoris
3386 5706 3704 5778 dignitatem
3749 5718 3841 5784 et,

2213 5784 2502 5849 potentiam
2551 5786 2753 5843 inducit
2804 5807 2814 5842 :
2856 5791 3040 5846 Omnia
3093 5811 3183 5862 per
3237 5798 3403 5866 ipsum
3451 5803 3591 5869 [aria
3635 5811 3798 5859 sunt!
