4138 6450
458 380 571 437 {iiii

469 502 639 571 ιὺτῷ.
674 504 740 558 Et
764 522 816 558 τι
843 499 935 558 οῦν
973 504 1192 572 γέγονεν
1217 505 1274 557 ἐν
1306 490 1472 575 αὐτῷ,
1504 508 1604 578 οὐχ
1629 510 1661 578 ή
1691 508 1944 570 ἀκτιστος
1975 525 2135 576 φυσις

468 592 552 647 τοῦ
585 593 924 663 Πνεύματος.
974 589 1114 645 Ἀλλ’
1144 592 1378 662 εἴρηται,
1411 594 1569 664 φησὶ,
1617 594 1835 651 πάντα.
1881 596 2019 651 Ἀλλ’
2060 600 2137 669 ή,

464 683 534 735 τὰ
583 679 801 741 πάντα,
857 679 1006 750 φωνὴ
1051 679 1113 731 οὐ
1149 680 1545 751 περιλαμϐάνει
1576 684 1674 752 τὴν
1699 684 1952 738 ἀκτιστον
1977 686 2139 753 φύσιν

465 768 605 839 μετά
634 766 735 835 τῆς
774 767 1016 834 κτιστῆς.
1056 768 1118 820 Ei
1150 767 1205 820 δὲ
1235 769 1324 838 τῇ.
1362 770 1560 823 πάντα
1584 810 1599 831 ,
1632 774 1783 842 φωνῇ
1835 774 2134 844 προσέχων,

462 856 870 925 κατετόλμησας
900 858 998 922 τῆς
1020 855 1181 921 ἁγίας
1212 858 1450 924 φύσεως.
1499 858 1592 911 ἐὰν
1632 859 1871 931 ἀκούσῃς
1900 861 1993 915 τοῦ
2030 864 2139 916 Κυο

466 943 577 1013 ρίου
597 941 846 1009 λέγοντος
865 958 879 971 ·
905 941 1135 1008 Πάντες
1170 942 1305 997 ὅσοι
1336 940 1529 1014 ἦλθον
1551 946 1665 1013 πρὸ
1696 947 1865 1016 ἐμοῦ,
1886 949 2139 1005 κλέπται

461 1026 623 1100 ἦσαν
650 1028 748 1083 καί
766 1029 1013 1097 λῃσταί,
1041 1029 1094 1082 τί
1121 1028 1184 1081 ἂν
1204 1032 1381 1093 εἴποις
1403 1048 1417 1096 ;
1451 1033 1692 1102 Μωῦσῆν
1719 1035 1922 1105 λῃστὴν
1944 1037 2141 1106 όνομά-

460 1116 595 1181 ζεις,
624 1114 722 1169 καὶ
751 1118 878 1179 τοὺς
909 1115 1195 1187 προφήτας
1228 1115 1466 1180 κλέπτας
1492 1121 1920 1192 προσαγορεύεις
1941 1139 1955 1186 ;
1979 1122 2138 1177 Πάν-

459 1222 558 1270 τες
604 1203 734 1274 γὰρ,
783 1202 921 1257 ὅσοι
972 1204 1086 1272 πρὸ
1123 1203 1271 1272 ἐμοῦ
1304 1200 1516 1275 ἦλθον,
1553 1205 1804 1262 κλέπται
1840 1204 2003 1279 ἦσαν
2040 1212 2137 1265 καί

457 1290 704 1357 λῃσταί,
736 1289 922 1359 φησίν.
961 1290 1026 1343 Ἦ
1062 1290 1119 1343 δέ
1140 1290 1320 1345 ἔννοια
1355 1292 1565 1362 μερίζει
1597 1294 1691 1348 καὶ
1740 1297 1867 1366 περὶ
1919 1297 2079 1350 τίνων
2110 1302 2139 1353 6

459 1377 638 1446 λόγος,
666 1376 760 1430 καὶ
794 1377 933 1448 πρὸς
956 1378 1128 1440 τίνας.
1162 1378 1272 1431 Καὶ
1303 1378 1397 1431 νῦν
1422 1379 1548 1450 περὶ
1591 1380 1951 1452 δημιουργίας
1989 1385 2018 1437 6
2054 1384 2141 1439 λό-

459 1483 577 1534 γος,
600 1468 693 1519 καὶ
722 1463 821 1535 τὴν
852 1465 1208 1536 δημιουργίαν
1240 1464 1387 1533 λέγει
1417 1466 1484 1519 δι’
1508 1467 1673 1521 αὐτοῦ
1701 1470 2047 1540 γεγενῆσθαι,
2075 1473 2138 1526 οὐ

459 1553 560 1625 τὴν
584 1551 681 1606 τοῦ
735 1551 1053 1623 Πνεῦματος
1084 1552 1291 1617 οὐσίαν,
1329 1552 1426 1624 τὴν
1477 1552 1619 1608 οὕτω
1669 1556 2040 1627 γνωρίζουσαν
2071 1562 2140 1613 τά

461 1642 555 1695 τοῦ
575 1640 733 1701 Θεοῦ,
765 1640 840 1705 ὡς
872 1641 932 1694 :6
967 1640 1061 1694 τοῦ
1102 1639 1388 1712 ἀνθρώπου
1413 1641 1629 1712 πνεῦμα
1669 1645 1736 1699 τά
1764 1647 1823 1698 ἐν
1842 1647 2013 1718 αὐτῷ,
2043 1665 2140 1701 κα-

461 1727 569 1793 θὼς
592 1727 741 1797 λέγει
786 1727 997 1791 Παῦλος
1020 1741 1035 1756 ⁸
1058 1726 1265 1794 οὐδείς
1293 1724 1418 1782 οἶδε
1462 1730 1534 1783 τὰ
1561 1731 1669 1785 τοῦ
1699 1732 2034 1802 ἀνθρώπου,
2087 1739 2140 1790 εί

459 1817 541 1887 μὴ
575 1817 641 1871 τὸ
672 1815 906 1884 πνεῦμα
935 1815 1041 1869 τοῦ
1070 1814 1385 1883 ἀνθρώπου
1415 1816 1481 1870 τὸ
1502 1820 1573 1871 ἑν
1609 1819 1769 1887 αὑτῷ
1792 1824 2134 1878 κατοικοῦν.

460 1906 523 1957 κε
548 1899 641 1958 οῦν
671 1902 731 1956 :6
747 1902 962 1973 πνεῦμα
979 1901 1037 1955 :6
1059 1902 1189 1973 ἐμὸν
1206 1902 1483 1974 ἀλλότριον
1503 1906 1600 1977 τῆς
1621 1907 1763 1978 ἐμῆς
1784 1907 2019 1976 φύσεως.
2046 1912 2139 1964 καὶ

457 1993 520 2045 :6
536 1991 760 2062 Πνεῦμα
776 1990 869 2045 τοῦ
888 1991 1023 2044 Θεοῦ
1038 1989 1190 2065 [417]
1207 1990 1487 2064 ἀλλότριον
1512 1995 1610 2063 τῆς
1630 1993 1724 2048 τοῦ
1746 1995 1881 2049 Θεοῦ
1899 1997 2133 2067 φύσεως·

463 2078 536 2133 Τὸ
565 2079 675 2150 γάρ
697 2077 952 2147 Πνεῦμα,
987 2079 1138 2147 φησι,
1163 2078 1359 2133 πάντα
1384 2080 1616 2148 ἐρευνᾷ,
1642 2082 1741 2136 καί
1764 2083 2008 2148 τὰβάθη
2029 2085 2138 2141 τοῦ

457 2166 630 2221 θεοῦ.
668 2165 803 2218 Ἀλλ’
830 2166 858 2218 6
887 2164 1158 2238 αίρετικδς
1180 2167 1279 2237 μὲν
1306 2167 1386 2233 :6,
1417 2168 1656 2237 ἐρευνᾷ,
1692 2171 1899 2231 ἀκούει.
1954 2174 2052 2245 τὴν
2080 2175 2137 2228 δὲ

459 2253 667 2306 ἔννοιαν
692 2251 876 2316 κακῶς
897 2252 1249 2324 ἐκλαμϐάνει.
1277 2255 1338 2308 El
1360 2255 1470 2327 γὰρ
1490 2256 1625 2327 ᾔδει,
1655 2258 1807 2328 φησὶ,
1830 2260 1891 2311 :6
1913 2260 2137 2332 Πνεῦμα

456 2341 525 2394 τά
553 2343 610 2394 ἐν
639 2339 717 2410 τῷ
749 2339 887 2411 Θεῷ,
922 2340 1021 2393 οὐκ
1049 2339 1115 2393 ἂν
1142 2340 1350 2411 ἡρεύνα
1373 2357 1387 2373 ·
1421 2346 1690 2413 μαρτυρεῖ
1724 2344 1831 2416 γὰρ
1859 2346 2022 2400 αὐτοῦ
2068 2352 2133 2422 τῇ

455 2427 651 2497 ἀγνοία
701 2429 733 2498 ή
788 2428 1005 2497 ἔρευνα.
1040 2428 1104 2481 Εί
1153 2426 1333 2481 τοίνυν
1367 2428 1427 2482 :6
1469 2433 1696 2503 ἐρευνᾷν
1718 2432 1780 2486 :6
1806 2435 2031 2507 Πνεῦμα
2076 2440 2138 2491 :6

455 2516 610 2585 ἆγιον
643 2516 710 2568 τά
763 2515 900 2585 βάθη
956 2514 1050 2568 τοῦ
1100 2515 1258 2579 Θεοῦ,
1318 2517 1542 2585 ἀγνοίας
1607 2522 1939 2593 κατηγορίαν
1987 2526 2136 2598 αὐτῷ

456 2602 673 2671 ἐπάγει,
700 2603 830 2656 ὅταν
876 2602 991 2675 ἴδῃς
1016 2602 1107 2656 τὸν
1132 2602 1266 2657 Θεὸν
1312 2605 1618 2675 ἐρευνῶντα
1642 2606 1739 2671 τὰς
1774 2609 1999 2680 καρδίας
2025 2613 2134 2666 τῶν

455 2689 781 2760 ἀνθρώπων,
811 2689 1031 2757 ἀγνοίας
1052 2690 1216 2744 αὐτοῦ
1243 2691 1624 2765 καταψηφίζῃς
1663 2698 1860 2750 ’Ἄκουε
1884 2699 2016 2766 γοῦν
2040 2702 2131 2755 τοῦ

456 2777 670 2832 Παύλου
724 2777 1009 2847 λέγοντος·
1069 2777 1145 2842 ὠς
1182 2780 1313 2850 περὶ
1345 2780 1432 2834 τοῦ
1484 2781 1800 2852 Πνεύματος
1855 2781 1974 2840 εἷπε
1997 2829 2012 2853 ,
2061 2789 2132 2842 Τὸ

454 2866 700 2935 Πνεῦμα
729 2866 926 2920 πάντα
956 2864 1192 2934 ἐρευνᾷ,
1223 2867 1318 2920 καί
1346 2868 1418 2922 τὰ
1438 2868 1599 2936 βάθη
1640 2871 1743 2925 τοῦ
1774 2873 1925 2928 Θεοῦ
1947 2893 1961 2907 ·
1990 2876 2133 2930 οὕτω

455 2954 551 3010 καὶ
578 2953 706 3022 περὶ
743 2952 837 3007 τοῦ
880 2952 1016 3006 Θεοῦ
1062 2953 1367 3023 φιλοσοφῶν
1412 2958 1440 3010 6
1483 2957 1693 3021 Παῦλος
1729 2964 1914 3031 φησὶν,
1965 2962 2027 3018 ’0
2064 2965 2133 3019 δὲ

451 3040 719 3109 ἐρευνῶν
746 3045 852 3107 τὰς
881 3040 1149 3108 καρδίας,
1170 3039 1296 3096 οἶδε
1333 3044 1391 3097 τί
1419 3045 1482 3097 τὸ
1504 3048 1779 3114 φρόνημα
1816 3050 1922 3104 τοῦ
1947 3053 2129 3106 Πνεὺο

452 3146 659 3198 ματος.
706 3130 770 3181 El
824 3124 918 3182 οῦν
974 3127 1109 3192 Θεὸς
1156 3132 1349 3201 ἐρευνᾷ
1387 3131 1616 3199 ἀγνοῶν,
1670 3138 1762 3188 καὶ
1801 3136 1862 3190 τὸ
1908 3139 2131 3208 Πνεῦμα

453 3216 683 3285 ἀγνοοῦν
727 3216 944 3287 ἐρευνᾷ.
1002 3215 1163 3270 Ἀλλά
1200 3218 1287 3270 ἵνα
1334 3218 1512 3292 μάθῃς
1558 3221 1729 3276 ὅτιτὸ
1779 3224 2005 3298 ἐρευνᾷν
2031 3228 2129 3283 οὐκ

451 3303 777 3375 ἀγνοοῦντός
800 3306 967 3367 ἐστιν,
1002 3305 1118 3359 ἀλλ’
1146 3306 1367 3371 εἰδότος,
1402 3311 1681 3378 ἐπήγαγεν
1701 3326 1715 3340 '
1755 3314 1920 3368 Οὕτω
1941 3317 2130 3372 καὶτὰ

455 3390 563 3446 τοῦ
611 3392 761 3446 Θεοῦ
789 3392 986 3459 οὐδεὶς
1009 3393 1182 3462 ἔγνω,
1208 3397 1257 3447 εί
1280 3395 1366 3463 μὴ
1398 3396 1465 3449 τὸ
1491 3398 1735 3468 Πνεῦμα
1791 3403 1897 3456 τοῦ
1937 3406 2083 3459 Θεοῦ
2112 3423 2125 3437 ’

454 3480 551 3533 καὶ
579 3479 780 3549 γνῶσιν
802 3480 1094 3548 ἐπιγράφει
1121 3480 1198 3550 τῷ
1229 3482 1532 3552 Πνεῦματι.
1563 3485 1624 3538 οὐ
1657 3488 1758 3559 τὴν
1802 3490 1867 3542 ἐκ
1899 3490 1997 3561 τῆς
2027 3493 2132 3561 φῦ-

455 3584 595 3630 duo;
627 3566 952 3639 κατάληψιν,
985 3566 1120 3622 ἀλλά
1144 3569 1243 3638 τὴν
1268 3571 1332 3623 ἐκ
1358 3570 1459 3640 τῆς
1491 3571 1707 3642 φύσεως
1741 3576 2055 3645 ἐπίγνωσιν.

527 3654 592 3724 β·,
617 3652 918 3723 Τοιγαροῦν
949 3653 1022 3725 μὴ
1059 3654 1249 3725 μέριζε
1282 3655 1381 3727 τὴν
1408 3658 1706 3730 ἀμέριστον
1730 3663 1909 3731 φύσιν,
1947 3665 2021 3738 μὴ
2045 3669 2132 3722 τέ-

457 3758 557 3811 μνε
603 3742 702 3809 τὴν
737 3741 1041 3828 ἀδιαίρετον
1080 3743 1321 3828 ῌούσίαν·
1372 3743 1605 3816 γνὼριζε
1660 3748 1720 3802 δὲ
1785 3751 1987 3821 μᾶλλον
2033 3756 2132 3828 τὴν

450 3827 682 3897 δύναμιν
709 3827 970 3899 ἀκριϐῶς.
1038 3824 1131 3891 Εἷς
1157 3830 1420 3901 κέκληται
1449 3833 1477 3884 6
1537 3834 1729 3907 Πατὴρ
1787 3842 1880 3892 καὶ
1939 3844 1967 3895 6
2002 3824 2133 3908 Υίός

454 3918 551 3969 καὶ
596 3916 656 3969 :6
718 3917 942 3986 Πνεῦμα
964 3916 1027 3969 :6
1075 3917 1249 3984 ἆγιον.
1303 3920 1435 3989 Περὶ
1492 3919 1592 3990 μὲν
1637 3924 1745 3997 γὰρ
1790 3926 1884 3981 τοῦ
1920 3931 2133 4003 Πατρὸς

451 4003 597 4073 λέγει
622 4005 650 4057 6
696 4004 845 4069 Υἱὸς,
881 4006 1068 4058 Ὅταν
1102 4004 1270 4071 ίδητε
1321 4008 1429 4059 τὸν
1468 4008 1607 4062 Υίὸν
1659 4012 1768 4067 τοῦ
1810 4016 2131 4086 ἀνθρώπου

450 4090 793 4161 καθήμενον
824 4092 893 4145 ἐκ
924 4090 1140 4155 δεξιῶν
1167 4088 1274 4163 τῆς
1302 4093 1609 4165 δυνάμεως
1626 4114 1640 4129 ·
1678 4103 1772 4155 καὶ
1798 4102 2027 4175 δύναμιν
2056 4109 2133 4161 εί-

454 4178 667 4250 ρηκὼς,
709 4179 906 4249 ἐστησε
936 4180 1033 4250 τὴν
1087 4178 1246 4244 δόξαν
1267 4220 1282 4243 ,
1322 4182 1409 4235 ἵνα
1442 4182 1730 4261 θαυμάσῃς
1768 4191 1867 4262 τὴν
1899 4192 2129 4249 ἔννοιαν.

454 4266 621 4320 ’Ὀθεν
648 4267 809 4321 αὐτὸν
836 4267 927 4320 τὶν
956 4267 1176 4338 Πατέρα
1211 4269 1304 4321 καὶ
1335 4270 1468 4325 Θεὸν
1501 4273 1681 4327 καλῶν
1709 4276 1959 4346 δύναμιν,
1997 4281 2133 4354 πρὸς

453 4354 709 4425 Καϊάφαν
729 4354 1130 4433 διαλεγόμενος,
1157 4356 1261 4428 ἐφη
1282 4372 1295 4387 ·
1319 4358 1507 4413 Ὅταν
1526 4362 1690 4431 ἴδητε
1725 4366 1834 4418 τὸν
1860 4368 1994 4421 Υίὸν
2026 4372 2132 4425 τοῦ

451 4442 769 4512 ἀνθρώπου
811 4441 1151 4511 καθήμενον
1176 4444 1245 4498 ἐκ
1284 4445 1501 4511 δεξιῶν
1532 4447 1640 4518 τῆς
1680 4451 2005 4523 δυνάμεως.
2039 4458 2136 4512 Δύ-

451 4547 617 4600 ναμις
656 4526 749 4583 οῦν
779 4530 807 4582 6
852 4531 1072 4602 Πατήρ·
1101 4530 1327 4604 δύναμις
1363 4535 1421 4588 δέ
1462 4537 1555 4591 καὶ
1593 4544 1623 4592 6
1671 4539 1817 4605 Υἱὸς,
1858 4542 1934 4606 ὡς
1982 4545 2132 4614 λέγει

452 4616 705 4680 Παῦλος·
756 4617 1010 4685 Χριστὸς
1063 4619 1213 4673 Θεοῦ
1259 4621 1513 4691 δύναμις
1555 4625 1653 4679 καί
1706 4628 1854 4682 Θεοῦ
1907 4634 2127 4701 σοφία·

451 4704 681 4776 δύναμις
704 4705 797 4758 καὶ
827 4703 889 4758 :6
911 4703 1134 4777 Πνεῦμα
1156 4708 1217 4760 τὸ
1246 4707 1400 4778 ἀγιον
1416 4726 1430 4740 ·
1468 4711 1616 4779 λέγει
1639 4710 1733 4768 οὖν
1760 4719 1788 4770 6
1809 4718 1996 4790 Σωτὴρ
2015 4724 2132 4785 τοῖς

456 4792 749 4862 μαθηταῖς·
783 4793 1038 4848 Μείνατε
1055 4795 1127 4848 ἐν
1156 4795 1545 4867 Ἰερουσαλὴμ
1566 4799 1677 4868 ἕως
1696 4799 1768 4857 οὗ
1788 4804 2134 4875 ἐνδύσησθε

451 4880 711 4950 δύναμιν
722 4880 792 4947 ἐξ
805 4880 1024 4951 ὕψους.
1039 4882 1209 4948 Εἰδὼς
1229 4881 1340 4950 οῦν,
1358 4887 1629 4958 ἀγαπητὲ,
1644 4891 1702 4942 ἐν
1725 4891 1900 4964 Πατρὶ
1922 4896 2133 4969 nam;

452 4970 547 5023 καὶ
574 4969 716 5041 ἁγίῳ
749 4969 1029 5041 Πνεύματι
1063 4970 1163 5042 τὴν
1196 4972 1388 5042 ὁμοίαν
1418 4973 1622 5045 ταύτην
1646 4975 1896 5049 δύναμιν,
1918 4981 2009 5053 ἔχε
2030 4985 2133 5055 τὴν

454 5058 638 5112 πίστιν
669 5056 966 5111 ἀσάλευτον
986 5072 1003 5088 ο
1040 5056 1116 5128 μὴ
1148 5059 1379 5132 μερίσῃς
1414 5061 1513 5132 τὴν
1540 5063 1700 5128 δόξαν
1728 5066 1827 5139 τὴν
1856 5070 2134 5145 ἀκατάλη-

453 5164 607 5210 πτον,
630 5146 742 5200 ἀλλ’
769 5146 1032 5215 ἐπίγνωθι
1058 5145 1157 5211 τάς
1186 5148 1456 5220 συνθήκας
1476 5151 1571 5205 τοῦ
1602 5154 1979 5227 φωτίσματος·
2008 5159 2132 5231 βλέ-

451 5251 521 5288 πε
561 5236 689 5297 τοὺς
719 5234 870 5297 υἱοὺς
900 5236 1000 5305 τῆς
1044 5236 1268 5306 χάριτος
1298 5238 1388 5292 διά
1429 5240 1527 5293 τοῦ
1562 5243 1797 5311 μεγάλου
1828 5246 2134 5319 ἀρχιερέως

452 5322 816 5392 ἀνθήσαντας,
852 5321 1016 5392 βλέπε
1043 5323 1114 5377 τὰ
1155 5324 1323 5378 τέκνα
1353 5325 1448 5379 τοῦ
1472 5329 1664 5396 τρωτὸς
1693 5329 1967 5402 δραμόντα
1996 5335 2133 5406 πρὸς

452 5410 579 5472 τοὺς
618 5408 868 5479 κήρυκας
906 5407 1003 5462 τοῦ
1038 5412 1250 5480 φωτός·
1294 5413 1377 5466 δεῖ
1402 5414 1510 5485 γὰρ
1550 5415 1676 5480 τοὺς
1704 5418 1814 5472 ἀπὸ
1843 5419 1938 5473 τοῦ
1965 5421 2133 5491 φωτί-

454 5511 660 5568 σματος
685 5495 1147 5567 ἀναγεννηθέντας
1167 5498 1392 5572 δραμεῖν
1428 5503 1564 5575 πρὸς
1591 5506 1718 5570 τοὺς
1742 5507 1842 5580 τήν
1880 5511 2134 5582 οίκουμέ-

455 5599 553 5654 νην
578 5583 1068 5670 ἀναγεννήσαντας.
1098 5585 1352 5658 Είπωμεν
1378 5591 1470 5644 καὶ
1503 5594 1665 5662 ἡμεῖς
1692 5594 1833 5664 μετά
1864 5597 1959 5650 τοῦ
1993 5614 2130 5670 προ-

456 5672 632 5742 φήτου
672 5670 766 5723 καὶ
800 5668 911 5722 τῶν
938 5671 1285 5728 ἀποστόλων·
1338 5676 1705 5748 Ἀνάϐλεψον
1743 5681 1868 5750 τοῖς
1908 5668 2132 5754 όφθάλ-

517 5851 546 5883 ⁸
577 5848 687 5899 Mss.
708 5849 948 5910 τῆἐννοία.

2078 388 2309 451 θυεμ.

3814 408 3920 464 5m

2242 509 2399 578 μοῖς,
2434 512 2531 566 καί
2572 513 2661 568 ἴδε
2691 514 3044 585 συνηγμένα
3087 517 3157 572 τὰ
3190 518 3372 575 τέκνα
3413 535 3531 576 σου
3551 540 3563 553 ·
3595 523 3691 578 καὶ
3722 526 3917 580 πάλιν·

2243 597 2337 652 Ζῶ
2363 601 2498 670 ἐγὼ,
2526 603 2689 674 λέγει
2720 603 2769 657 Κ
2777 606 2966 674 ὐριος,
3003 606 3094 661 ὅτι
3127 608 3361 675 πάντας
3400 612 3622 678 αὐτοὺς
3637 612 3867 684 ἐνδύσῃ
3893 620 3919 656 ⁵

2241 687 2323 753 ὡς
2357 691 2591 758 κόσμον
2623 692 2884 760 νύμφης.
2927 693 3169 764 Ἐστηκε
3198 696 3377 750 τοίνυν
3420 698 3647 763 Ἡσαΐας
3678 702 3922 772 σήμερον

2242 773 2416 843 λέγων
2444 777 2580 848 πρὸς
2607 778 2676 832 τά
2705 778 2814 831 τῶν
2848 780 3224 849 φωτισθέντων
3247 785 3445 856 πλήθη,
3480 788 3607 850 τοὺς
3635 789 3924 857 γεννηθέν-

2242 882 2341 928 τας
2375 867 2438 919 ἐκ
2478 866 2793 938 Πνεύματος
2823 871 3000 938 ἁγίου,
3028 871 3155 936 τοὺς
3189 872 3384 943 ἀθρόον
3416 875 3920 944 ἀνακαινισθέντας,

2241 955 2367 1017 τοὺς
2387 955 2443 1006 ἐν
2472 956 2571 1025 μιᾷ
2599 958 2739 1027 ῥοπῇ
2769 957 3223 1029 μεταϐληθέντας,
3251 961 3376 1024 τοὺς
3397 962 3506 1015 ἀπὺ
3525 964 3719 1033 γηϊνης
3749 982 3917 1019 κατα·

2245 1043 2487 1107 στάσεως
2527 1045 2608 1107 είς
2644 1046 2895 1115 οὐράνιον
2935 1047 3116 1100 εἰκόνα
3153 1050 3647 1122 μεταποιηθὼτας·
3682 1052 3922 1123 ἐκπλήτ-

2240 1147 2393 1185 τεται
2424 1130 2533 1202 γὰρ
2570 1133 2798 1197 Ἦσαῖας
2822 1133 2994 1203 λέγων
3012 1152 3026 1165 ·
3060 1135 3155 1201 Τίς
3173 1132 3316 1199 εἶδε,
3348 1137 3440 1203 τίς
3466 1136 3697 1206 ἤκουσε
3721 1141 3921 1196 τοιαῦο

2242 1235 2334 1283 τα,
2358 1218 2447 1272 ὅτι
2477 1219 2685 1273 ἔτεκεν
2714 1221 2751 1288 ή
2780 1219 2855 1289 τῆ
2902 1221 2974 1274 τά
3014 1222 3195 1276 τέκνα
3229 1222 3420 1291 αὐτῆς
3452 1224 3523 1276 ἐν
3564 1224 3754 1293 ἡμέρᾳ
3786 1226 3918 1296 μιᾷ,

2243 1307 2341 1359 καὶ
2362 1306 2575 1376 ἐτέχθη
2597 1308 2775 1374 ἔθνος
2797 1310 2886 1375 είς
2907 1307 3069 1374 ἅπαξ
3082 1326 3101 1375 ;
3131 1310 3334 1381 Ταχεία
3360 1312 3467 1384 γὰρ
3488 1312 3581 1367 τοῦ
3606 1315 3925 1385 Πνεῦματος

2242 1402 2274 1469 ή
2305 1400 2666 1470 ἀναγέννησις
2686 1415 2701 1428 ⁶
2742 1400 2843 1454 οὐκ
2872 1402 3135 1471 ἀναμένει
3167 1403 3388 1473 χρόνον,
3424 1404 3484 1456 οὐ
3524 1404 3761 1458 δουλεύει
3796 1423 3922 1461 και-

2245 1490 2358 1557 ροῖς
2386 1489 2483 1542 καὶ
2517 1492 2768 1556 γενεαῖς,
2800 1488 2916 1543 ἀλλ’
2964 1489 3080 1560 ἁμα
3111 1489 3386 1559 βούλεται,
3431 1492 3550 1562 ἅμα
3590 1494 3831 1548 τίκτεται
3862 1495 3926 1549 :6

2242 1575 2708 1646 ἀναγεννώμενον.
2758 1578 3006 1649 Ἔπρεπε
3038 1582 3150 1642 τοῖς
3180 1581 3316 1642 υἱοῖς
3356 1579 3450 1633 τοῦ
3482 1581 3659 1649 φωτὸς
3701 1582 3925 1636 ἃπασαν

2242 1664 2340 1735 τὴν
2390 1664 2599 1735 ἀγορὰν
2650 1665 2959 1737 πομπεύειν
3024 1668 3120 1721 καὶ
3179 1666 3421 1735 δοξάζειν
3471 1669 3566 1723 καὶ
3620 1671 3926 1740 ἀναφωνεῖν

2243 1753 2450 1806 ἐκεῖνον
2478 1753 2570 1807 τὸν
2622 1754 2690 1807 δι’
2740 1755 2939 1818 αὐτοὺς
2972 1755 3196 1809 ἐλθόντα
3233 1760 3414 1821 κάτω,
3452 1757 3539 1811 ἵνα
3570 1757 3785 1813 ἅπασαν
3823 1760 3926 1831 τὴν

2242 1843 2575 1912 οἰκουμένην
2623 1843 2878 1917 ἁναγάγῃ
2922 1844 3059 1915 πρὸς
3098 1844 3290 1898 ἐαυτὸν
3332 1844 3485 1917 [U8]
3528 1846 3660 1900 ἀνω.
3690 1847 3927 1919 Χριστδε

2244 1929 2513 2001 κατῆλθεν
2551 1931 2615 1983 ἐκ
2648 1930 2755 1984 τῶν
2793 1929 3040 2002 οὐρανῶν
3063 1946 3078 1961 ·
3114 1930 3384 2001 κατῆλθεν
3420 1935 3481 1986 οὐ
3516 1934 3789 2003 μεταστὰς
3814 1934 3930 1988 τῶν

2244 2015 2488 2087 οὐρανῶν
2505 2033 2519 2047 ·
2553 2016 2786 2086 ἀνῆλθεν
2811 2017 2872 2069 οὐ
2909 2016 3182 2088 μεταστάς
3204 2017 3303 2089 τῆς
3339 2020 3442 2090 γῆς
3462 2033 3477 2048 ⁸
3506 2018 3629 2072 οὐτε
3655 2019 3764 2091 γάρ
3787 2037 3929 2075 κατ-

2243 2101 2413 2158 ελθὼν
2436 2105 2565 2167 τοὺς
2593 2104 2861 2175 οὐρανοὺς
2901 2105 3144 2176 ἐρήμους
3166 2104 3474 2171 κατέλιπεν,
3509 2105 3632 2160 οὔτε
3664 2107 3926 2173 ἀνελθὼν,

2240 2193 2446 2264 ἔρημον
2478 2193 2575 2263 τὴν
2598 2194 2701 2263 γῆν
2727 2193 2829 2263 τῆς
2850 2191 3047 2247 ἐαυτοῦ
3073 2193 3396 2259 ἐπιστασίας
3415 2195 3699 2250 ἀπέλιπεν.
3716 2197 3929 2268 Ἔπρε-

2243 2298 2310 2335 πε
2340 2292 2362 2321 ο
2397 2284 2510 2344 τοῖς
2542 2283 2678 2344 υίοῖς
2706 2280 2801 2335 τοῦ
2829 2280 3004 2349 φωτὸς
3035 2280 3137 2347 τὴν
3170 2281 3432 2353 λαμπάδα
3454 2283 3550 2337 τοῦ
3577 2283 3736 2353 λόγου
3763 2302 3926 2356 περι-

2241 2369 2426 2442 φέρειν
2455 2371 2514 2423 ἐν
2542 2373 2662 2434 ταῖς
2693 2371 2918 2441 ἀγοραῖς
2941 2386 2956 2400 ·
2989 2369 3088 2439 οὐχ
3112 2368 3366 2441 ὑϐρίζετο
3391 2369 3452 2424 :6
3481 2373 3799 2444 μυστήριον,
3823 2373 3929 2425 οὐκ

2237 2457 2536 2528 ἠτιμάζετο
2568 2456 2678 2511 τῶν
2705 2457 3082 2526 νεοφωτίστων
3120 2459 3149 2510 6
3179 2458 3468 2531 χαρακτὴρ
3504 2458 3604 2529 τῆς
3641 2459 3923 2528 ἀληθείας.

2242 2547 2490 2617 Ἐπρεπε
2523 2547 2615 2599 καὶ
2651 2546 2834 2609 αὐτοῖς
2892 2545 2951 2597 ἐν
2986 2544 3272 2609 πλατείαις
3315 2546 3505 2615 ὑμνεῖν
3526 2564 3541 2578 ·
3590 2548 3779 2617 Σοφία
3810 2550 3928 2619 γὰρ

2237 2633 2308 2688 ἐν
2330 2633 2565 2699 ἐξόδοις
2584 2633 2878 2703 ὑμνεῖται,
2897 2634 2969 2687 ἐν
2986 2632 3055 2687 δὲ
3077 2634 3390 2700 πλατείαις
3409 2635 3751 2703 παρρησίαν
3771 2634 3924 2706 ἄγει,

2237 2725 2324 2779 ἐπ’
2356 2724 2539 2795 ἄκρων
2566 2724 2623 2779 δὲ
2647 2724 2874 2794 τειχέων
2908 2724 3259 2796 κηρύττεται.
3276 2724 3621 2797 Καθάρωμεν
3644 2727 3737 2781 τὸν
3759 2728 3924 2798 ἀέρα,

2235 2812 2295 2865 ὃν
2324 2812 2513 2881 ἐμίανε
2553 2812 2623 2865 τὰ
2669 2810 2905 2883 πορνικά
2944 2812 3188 2883 ᾄσματα,
3219 2813 3315 2866 καὶ
3352 2812 3587 2885 ἐχρανάν
3637 2832 3766 2869 ποτε
3804 2814 3927 2885 βοαὶ

2235 2899 2472 2959 ἀσεϐῶν,
2504 2902 2601 2954 καὶ
2628 2900 2918 2971 ὀλολυγμοὶ
2942 2899 3051 2954 τῶν
3081 2900 3475 2955 ἐπιτελούντων
3500 2903 3569 2955 τά
3589 2901 3699 2956 τῶν
3729 2902 3925 2974 δαιμόο

2234 3004 2342 3040 νων
2370 2988 2674 3059 μιάσματα.
2720 2986 3196 3060 Ἐκαοαρίσθησαν
3225 2987 3304 3059 τῷ
3326 2988 3469 3060 λόγῳ
3498 2988 3592 3043 τοῦ
3623 2988 3802 3059 φωτὸς
3828 2993 3924 3045 καὶ

2233 3073 2263 3126 6
2295 3074 2425 3144 ἀὴρ,
2464 3075 2558 3128 καὶ
2603 3073 2755 3145 ήγῆ,
2785 3074 2877 3127 καὶ
2915 3076 2944 3127 6
2979 3074 3230 3145 οὐρανός.
3269 3076 3480 3146 Ὠσπερ
3519 3075 3629 3147 γὰρ
3673 3077 3929 3140 στενάζει

2234 3160 2330 3214 καὶ
2355 3163 2383 3215 6
2409 3160 2637 3231 οὐρανὸς
2661 3162 2809 3232 καὶὴ
2844 3162 2913 3233 γῆ
2942 3163 3035 3216 ἐπὶ
3065 3165 3131 3233 τῇ
3158 3163 3329 3234 κακίᾳ
3360 3161 3470 3216 τῶν
3492 3163 3726 3229 ἀσεϐῶν,
3747 3162 3925 3229 οὕτως

2232 3247 2584 3318 εὐφραίνεται
2609 3247 2770 3302 πάλιν
2796 3250 2889 3302 ἐπὶ
2916 3251 2982 3320 τῇ
3005 3249 3321 3321 δικαιοσύνῃ
3345 3248 3455 3303 τῶν
3478 3249 3920 3322 κατορθοῦντι-ιν·

2233 3335 2362 3389 ὅταν
2390 3334 2491 3406 μὲν
2525 3335 2635 3407 γὰρ
2680 3335 2971 3409 ἁμαρτάνῃ
3008 3336 3315 3407 ἄνθρωπος,
3366 3338 3666 3406 ἀγανακτεῖ
3693 3340 3722 3391 6
3751 3339 3922 3410 οὐρα-

2233 3422 2343 3487 νὸς,
2379 3423 2679 3489 ἀγανακτεῖ
2701 3422 2759 3476 δὲ
2796 3424 2888 3477 καὶ
2926 3426 2959 3495 ἡ
3001 3423 3097 3494 γῆ,
3134 3422 3211 3488 ὥς
3244 3441 3408 3496 φησιν
3443 3424 3744 3496 Ἱερεμίας·
3788 3426 3924 3492 Ἑξ-

2233 3510 2383 3576 ἐστη
2417 3513 2450 3564 ό
2488 3510 2745 3577 οὐρανὸς
2786 3510 2886 3564 ἐπὶ
2925 3512 3146 3577 τούτῳ,
3186 3512 3285 3566 καὶ
3329 3512 3576 3581 ἔφριξεν
3616 3515 3655 3583 η
3693 3512 3793 3583 γῆ.
3832 3514 3925 3570 ὅτι

2233 3595 2344 3649 δύο
2375 3595 2473 3649 καί
2501 3597 2735 3663 πονηρὰ
2759 3596 3053 3666 ἐποίησεν
3081 3600 3114 3652 ό
3134 3599 3306 3665 λαός.
3342 3598 3507 3670 Ὁρᾷς
3547 3598 3665 3663 πῶς
3705 3600 3921 3672 φρίττει

2232 3684 2263 3738 6
2290 3684 2350 3737 οὐ
2360 3683 2519 3755 ρανδς
2552 3683 2645 3737 καὶ
2677 3684 2710 3754 ἡ
2734 3684 2826 3755 γῆ,
2860 3685 3283 3758 ἁμαρτανόντων
3305 3685 3413 3741 τῶν
3445 3685 3750 3759 ἀνθρώπιον
3772 3705 3789 3754 ;
3815 3690 3923 3742 Με-

2233 3770 2602 3825 ταποιούντων
2635 3773 2693 3825 δὲ
2739 3773 2965 3837 ἑαυτοὺς
2998 3774 3077 3837 είς
3110 3773 3419 3837 εὐσέϐειαν,
3455 3773 3620 3829 ἀκουε
3656 3773 3753 3829 τοῦ
3787 3793 3922 3846 προ-

2237 3860 2408 3930 φήτου
2464 3859 2744 3927 λέγοντος·
2803 3862 3355 3929 Εὑφραινέσθωσαν
3406 3865 3461 3916 οὶ
3519 3862 3764 3930 οὐρανοί
3818 3864 3921 3921 καὶ

2234 3949 2678 4020 ἀγαλλιᾶσθωή
2708 3949 2787 4018 γῆ
2807 3969 2821 3982 ·
2851 3951 3091 4018 ρηξιίτω
3124 3950 3197 4004 τὰ
3233 3951 3339 4020 ὅρη
3377 3952 3791 4021 εὐφροσύνην,
3818 3954 3918 4007 καὶ

2235 4041 2288 4093 οἱ
2311 4038 2531 4104 ,βουνοί
2558 4039 2948 4108 ἀγαλλίασιν,
2983 4038 3072 4093 ὅτι
3102 4039 3370 4107 ἠλέησεν
3399 4043 3437 4094 ὁ
3469 4041 3612 4108 Θεὸς
3640 4041 3748 4095 τὸν
3764 4041 3925 4096 λαὸν

2234 4126 2443 4180 αὐτοῦ.
2470 4125 2688 4194 Λεγέτω
2733 4127 2886 4198 καίή
2938 4126 3235 4195 Ἐκκλησία
3275 4129 3309 4198 ή
3348 4128 3588 4199 τοσούτῳ
3640 4127 3783 4199 ὄχλῳ
3824 4132 3921 4183 καὶ

2234 4213 2349 4285 λαῷ
2396 4213 2625 4283 κομῶσα
2649 4228 2664 4243 °
2743 4212 2886 4282 Ἐγὼ
2927 4211 3286 4283 κατελείφθην
3317 4230 3450 4268 ποτε
3481 4214 3617 4285 μόνη
3637 4255 3659 4278 ,
3686 4209 3833 4269 οῦτοι

2239 4318 2329 4372 μοι
2351 4300 2455 4354 ποῦ
2479 4295 2657 4372 ﬂuctv;
2685 4299 2797 4370 ἐγὼ
2826 4300 3049 4364 ἄτεκνος
3080 4300 3174 4354 καὶ
3201 4300 3363 4371 χήρα,
3389 4301 3610 4363 τούτους
3635 4302 3692 4355 δέ
3727 4319 3819 4373 μοι
3836 4304 3921 4367 τίς

2236 4388 2520 4459 ἐγέννησε;
2546 4387 2769 4456 Λεγέτω
2794 4388 2889 4441 καὶ
2912 4387 2982 4442 τά
3008 4387 3178 4443 τέκνα
3205 4390 3305 4461 τῆς
3337 4388 3665 4460 Ἐκκλησίας
3690 4389 3762 4443 τά
3792 4407 3921 4443 συν-

2235 4476 2470 4547 εχόμενα
2498 4473 2576 4545 τῷ
2626 4473 2821 4545 πλήθει
2853 4475 2989 4547 πρὸς
3015 4474 3107 4529 τόν
3137 4476 3269 4529 Θεὸν
3293 4476 3391 4548 τὴν
3424 4478 3609 4548 φωνὴν
3644 4478 3752 4531 τῶν
3782 4496 3920 4549 πρα-

2236 4562 2421 4634 φητῶν
2440 4580 2455 4595 ·
2484 4564 2702 4629 Στενός
2729 4580 2833 4633 μοι
2867 4565 2901 4617 ό
2923 4563 3109 4628 τόπος
3128 4580 3143 4594 ’
3164 4565 3429 4633 ποίησόν
3446 4582 3550 4636 μοι
3578 4566 3788 4631 τόπον,
3816 4567 3919 4621 ἵνα

2235 4649 2577 4719 κατοικήσω

2306 4738 2438 4792 Ὀτε
2463 4736 2573 4809 γὰρ
2602 4734 2817 4808 ἤκμαζε
2842 4734 2913 4789 τὰ
2935 4736 3036 4807 τῆς
3065 4736 3292 4810 πλάνης,
3322 4739 3412 4795 ὅτε
3432 4736 3458 4776 τι
3492 4738 3793 4810 ἐπενέμετο
3818 4739 3918 4811 τὴν

2236 4825 2391 4879 πόλιν
2425 4823 2629 4893 ταύτην
2654 4825 2689 4896 ἡ
2730 4823 2870 4897 νομὴ
2908 4824 3007 4896 τῆς
3038 4826 3323 4896 αἱρέσεως,
3358 4826 3603 4897 ἀνήλωτο
3643 4825 3715 4881 τὰ
3748 4827 3917 4883 τέκνα

2234 4913 2336 4982 τῆς
2376 4911 2739 4984 Ἐκκλησίας·
2806 4911 2901 4964 καὶ
2933 4911 3122 4985 ὥσπερ
3165 4913 3329 4984 ἀκρὶς
3365 4912 3668 4968 ἐπελθοῦσα
3708 4916 3774 4985 τῇ
3820 4914 3913 4968 ὑπ’

2234 5000 2486 5073 οὐρανὸν,
2511 4999 2792 5054 ἀναλίσκει
2819 5000 2945 5063 τοὺς
2970 5001 3215 5073 καρποὺς
3231 5000 3428 5071 αὐτῆς,
3452 4999 3623 5065 οὕτως
3652 5002 3686 5071 ἠ
3716 5001 3914 5073 φθορο-

2236 5087 2388 5151 ποιὸς
2413 5086 2727 5141 διδασκαλία
2771 5087 2897 5150 τοὺς
2930 5089 3177 5159 καρποὺς
3215 5088 3317 5159 τῆς
3355 5087 3523 5152 ὅντως
3560 5089 3912 5153 διδασκαλίας

2236 5175 2493 5247 ἀνήλισκε
2523 5175 2618 5230 καὶ
2646 5175 2744 5246 τῆς
2782 5174 3082 5241 εὐσεϐείας.
3124 5175 3285 5230 Ἀλλά
3319 5178 3576 5248 σήμερον,
3606 5176 3908 5249 ἀγαπητοὶ,

2235 5262 2503 5333 ἐξεϐλήθη
2533 5264 2567 5333 ή
2604 5262 2927 5333 φθοροποιὺς
2954 5262 3290 5325 διδασκαλία,
3330 5265 3424 5319 καὶ
3457 5263 3704 5335 εἰσῆλθεν
3736 5265 3771 5337 ἡ
3808 5282 3915 5319 σω-

2234 5352 2422 5422 τήριος
2452 5351 2612 5421 χάρις
2652 5350 3004 5418 ἀναγεννῶσα
3053 5350 3144 5404 τὸν
3191 5350 3338 5416 λαὸν,
3369 5352 3464 5406 καὶ
3501 5351 3735 5421 λέγουσα
3777 5353 3914 5425 πρὸς

2234 5438 2397 5493 αὐτόν
2415 5454 2430 5470 ·
2484 5438 2622 5493 Νῦν
2653 5437 3059 5493 ἀνταποδώσω
3089 5439 3223 5494 ἀντὶ
3269 5439 3387 5494 τῶν
3415 5440 3625 5512 φόνων,
3652 5434 3743 5495 ὧν
3771 5457 3913 5495 κατα

2296 5561 2470 5627 ιι-ῌες.
2485 5563 2675 5627 ἐνδύσῃ,
2686 5569 2843 5612 recte.
2857 5562 2927 5627 [la
2943 5563 3074 5627 enim
3094 5564 3358 5625 legendum
3375 5565 3643 5615 secundum
3656 5567 3915 5627 exempl:-

2234 5625 2305 5702 εἰ)
2333 5623 2769 5685 Ηεϋηίοε,(ἶι·ωοε
2789 5630 2844 5674 ει
2861 5624 3115 5686 Lalina,el
3145 5623 3219 5676 sic
3238 5623 3824 5690 legeratBeurerus.EdI
3839 5627 3914 5675 iv.

2234 5687 2480 5814 δῗῖωῐξόῖἒί
2500 5748 2651 5814 οὔτε-λς
2673 5746 2862 5809 ἔπρεπε.
2887 5746 2989 5798 Sed
3026 5748 3177 5806 οὕτως
3200 5749 3344 5801 deest
3367 5751 3418 5800 In
3471 5748 3618 5814 BeB-o
3641 5761 3811 5813 παίω
3837 5749 3915 5799 κ’

2234 5811 2369 5875 gisse
2388 5808 2586 5859 videtur
2599 5808 2864 5858 Beurerus.

2299 5869 2326 5910 ἀ
2351 5870 2456 5935 Reg
2496 5871 2555 5918 τὰ
2579 5876 2662 5929 τῆς
2682 5869 2908 5932 αἱρέσεως
2926 5870 3022 5921 ὅτε.
