4138 6492
335 335 439 391 Si!)

338 451 517 505 omnis
551 463 748 518 nempe
777 446 935 510 iacta,
967 460 1071 498 non
1099 455 1155 496 ut
1185 442 1420 497 llzl‘l'elici
1454 442 1723 510 eﬁ‘utiunt,
1754 444 1843 515 qui
1874 444 1925 497 in

342 543 444 597 hoc
474 542 622 595 dicto
668 537 1000 593 adorandum
1037 535 1292 604 Spiritum
1341 534 1799 601 comprehendere
1842 551 1935 587 au-

342 638 489 698 dent,
518 644 570 686 et
597 631 783 686 dicunt
818 649 829 683 :
867 629 1053 683 Omnia
1081 645 1170 697 per
1210 628 1373 694 ipsum
1412 629 1547 697 facta
1587 634 1723 688 sunt,
1754 636 1801 678 et
1828 627 1936 679 sine

344 729 455 795 ipso
482 728 672 795 factum
703 733 775 776 est
799 720 929 774 nihil
955 718 1091 789 quod
1119 722 1309 789 factum
1336 720 1480 769 estin
1511 717 1644 783 ipso.
1674 716 1868 769 Verum
1889 716 1932 768 si

344 819 471 889 quid
501 819 552 871 in
584 816 705 883 ipso
739 813 935 867 factum
959 821 1064 872 est,
1095 820 1148 862 at
1181 826 1284 862 non
1328 809 1564 862 increata
1595 817 1781 861 natura
1811 806 1933 876 Spi-

343 914 499 966 ritus.
544 909 673 973 Sed,
722 908 796 961 ait
837 907 950 966 ille.
984 905 1184 958 dictum
1235 914 1337 970 est,
1372 901 1579 955 Omnia.
1631 902 1789 970 Atqui
1820 900 1935 954 hinc

340 1019 467 1065 vos.
521 1002 749 1062 Omnia,
798 1014 902 1052 non
951 1013 1070 1051 cum
1119 1003 1297 1049 creata
1346 996 1637 1048 iucrcatam
1690 1002 1931 1046 naturam

340 1091 775 1163 Comprehendit.
807 1087 957 1155 Quod
990 1087 1033 1140 si
1066 1086 1187 1140 huic
1214 1087 1352 1151 voci,
1390 1084 1595 1149 Omnia,
1628 1082 1927 1148 attendens,

339 1202 508 1241 ausus
536 1202 596 1240 es
626 1199 835 1238 sacram
869 1190 1116 1235 naturam
1158 1188 1445 1243 temerare,
1481 1179 1524 1231 si
1569 1177 1802 1231 audieris
1829 1178 1935 1231 Do-

340 1283 547 1334 minttm
578 1277 869 1337 dicentem,
914 1274 1099 1328 Omnes
1124 1282 1367 1338 quotquot
1399 1280 1639 1322 venerunt
1684 1280 1800 1322 ante
1832 1287 1928 1334 me,

336 1376 483 1443 fures
504 1379 646 1422 erant
683 1378 729 1422 et
758 1367 979 1422 latrones
1003 1365 1183 1436 (latin.
1216 1365 1302 1417 10.
1331 1362 1409 1429 8).
1445 1364 1570 1431 quid
1599 1362 1836 1415 dixeris?
1863 1377 1929 1414 au

337 1466 581 1537 Moysem
611 1465 873 1517 latronem
918 1459 1107 1513 dices?
1158 1474 1222 1509 an
1251 1458 1543 1527 prophetas
1575 1455 1761 1508 fures?
1808 1470 1928 1507 nam

333 1559 416 1612 ait
444 1557 554 1619 ille,
590 1553 778 1607 Omnes
808 1561 1050 1621 quotquot
1076 1559 1193 1602 tmte
1233 1565 1311 1600 me
1333 1557 1591 1607 venerunt,
1623 1549 1759 1615 fures
1790 1555 1930 1598 erant

337 1663 387 1705 et
416 1652 662 1705 latrones.
715 1646 817 1701 Sed
868 1658 1062 1699 sensus
1096 1642 1373 1711 distinguit
1404 1640 1471 1694 de
1508 1640 1701 1708 quibus
1751 1654 1930 1691 sermo

337 1744 411 1796 sit
441 1750 496 1794 et
537 1741 603 1792 ad
651 1754 788 1809 quos
817 1736 1105 1808 pertineat.
1142 1734 1293 1788 Nunc
1321 1733 1387 1787 de
1427 1732 1702 1785 creatione
1749 1743 1929 1783 sermo

334 1845 419 1888 est
446 1852 458 1887 :
485 1831 813 1887 creationem
847 1829 915 1881 ab
955 1842 1021 1882 eo
1048 1827 1237 1879 factam
1270 1824 1419 1886 dicit,
1454 1838 1556 1877 uon
1602 1835 1778 1877 autem
1810 1823 1931 1875 sub-

334 1926 596 1980 stantiam
650 1923 899 1992 Spiritus,
947 1936 1067 1990 qua:
1118 1920 1186 1972 ita
1234 1919 1507 1988 cognoscit
1550 1932 1609 1971 ea
1658 1933 1779 1986 qua:
1833 1916 1926 1970 Dei

332 2029 487 2085 sunt,
520 2027 578 2070 ut
606 2017 826 2085 spiritus
852 2014 1084 2067 hominis
1124 2029 1243 2083 qua:
1272 2012 1322 2065 in
1351 2028 1408 2065 sc
1439 2021 1579 2076 sunt,
1616 2019 1670 2063 ιιι
1696 2011 1769 2063 ait
1795 2010 1929 2062 Pau-

334 2113 422 2165 lus
458 2129 472 2165 :
504 2107 671 2162 Nemo
703 2106 839 2160 novit
865 2122 977 2174 qua:
1003 2113 1119 2157 sunt
1151 2103 1390 2165 hominis,
1415 2102 1510 2154 nisi
1536 2101 1744 2167 spiritus
1767 2101 1927 2153 homi-

330 2204 437 2268 nis,
466 2202 553 2269 qui
584 2201 636 2252 in
663 2199 773 2267 ipso
806 2197 997 2251 habitat
1026 2197 1104 2266 (1.
1133 2194 1249 2249 Cor.
1281 2194 1335 2249 Ξ.
1369 2194 1478 2264 11).
1509 2194 1562 2248 Si
1596 2210 1723 2260 ergo
1766 2195 1924 2262 spiri-

333 2306 421 2346 tus
451 2306 603 2346 meus
642 2290 852 2344 alienus
892 2297 976 2342 est
1015 2304 1042 2339 a
1074 2302 1188 2340 mea
1217 2296 1426 2349 natura,
1456 2284 1686 2354 Spiritus
1715 2301 1926 2354 quoque

334 2386 431 2440 Dei
484 2385 694 2437 alienus
744 2383 849 2436 erit
900 2396 928 2433 a
970 2388 1156 2433 natura
1210 2378 1301 2431 Dei
1340 2396 1351 2430 :
1384 2393 1503 2429 nam
1556 2377 1649 2438 ait,
1699 2376 1925 2446 Spiritus

333 2477 508 2531 omnia
545 2484 828 2530 scrutatur.
862 2474 1012 2526 etiam
1041 2469 1298 2541 profunda
1328 2468 1419 2521 Dei
1452 2467 1559 2541 (Ib.
1592 2485 1638 2522 ιι.
1674 2469 1783 2535 10).
1815 2467 1923 2523 Ve-

331 2584 453 2621 rum
484 2565 771 2619 ha-reticus
800 2563 950 2624 illud,
982 2572 1262 2625 scrutatur,
1293 2560 1462 2624 audit,
1497 2575 1712 2614 sensum
1746 2570 1922 2614 autem

332 2673 501 2728 prave
527 2656 833 2726 detorquet.
878 2654 931 2707 Si
960 2654 1102 2707 enim
1136 2661 1338 2715 nosset,
1386 2651 1575 2721 inquit,
1604 2649 1833 2719 Spiritus
1862 2668 1923 2705 ea

332 2765 455 2818 qua:
482 2750 535 2802 iu
567 2748 676 2802 Dea
703 2754 852 2809 sunt,
888 2760 992 2799 non
1024 2745 1205 2813 utique
1230 2752 1560 2797 scrutaretur
1586 2760 1599 2796 :
1627 2743 1737 2811 ipsa
1772 2758 1924 2796 uani-

330 2855 440 2909 que
472 2836 828 2906 perscrutatio
878 2835 1234 2903 ignorantiam
1281 2833 1476 2902 arguit.
1519 2832 1574 2888 Si
1607 2848 1738 2903 ergo
1782 2833 1924 2902 quod

331 2929 567 2999 Spiritus
596 2938 814 2981 sanctus
838 2925 1093 2995 profunda
1119 2925 1209 2980 Dei
1234 2934 1522 2991 scrutetur,
1555 2925 1603 2979 id
1633 2926 1746 2992 ejus
1772 2928 1924 2995 igno-

332 3023 559 3075 rantiam
591 3026 817 3088 arguat;
848 3034 968 3070 cum
1002 3016 1199 3071 videris
1228 3017 1393 3070 Deum
1436 3017 1597 3071 corda
1644 3018 1921 3071 hominum

329 3122 684 3173 scrutantem,
717 3112 887 3177 ipsum
929 3110 1239 3180 ignorantizc
1268 3112 1586 3165 accusabis?
1615 3112 1748 3165 Audi
1779 3113 1921 3166 enim

335 3206 558 3258 Paulum
613 3203 1010 3257 dicentem:ut
1058 3202 1125 3256 dc
1168 3202 1370 3270 Spiritu
1422 3203 1651 3268 dixerat,
1700 3204 1925 3274 Spiritus

331 3299 505 3350 omnia
550 3304 831 3359 scrutatur,
879 3295 1029 3347 etiam
1071 3294 1328 3363 profunda
1377 3293 1515 3348 Dei:
1547 3295 1625 3348 sic
1667 3296 1824 3349 etiam
1857 3294 1923 3350 de

332 3389 443 3443 Deo
473 3387 927 3456 philosophatur:
964 3384 1066 3449 Qui
1106 3401 1219 3438 vero
1266 3394 1520 3438 scrutatur
1561 3388 1737 3455 corda,
1786 3388 1923 3440 novit

326 3498 532 3535 sensum
564 3481 793 3550 Spiritus
821 3478 996 3549 (Rom.
1029 3478 1082 3533 8.
1111 3478 1227 3548 Ἦ).
1254 3480 1307 3533 Si
1341 3495 1471 3549 ergo
1507 3481 1643 3534 Deus
1672 3473 1923 3549 ignorans

328 3581 618 3636 scrutatur,
652 3572 811 3625 etiam
842 3571 1072 3638 Spiritus
1116 3580 1387 3624 scrutatur
1418 3571 1687 3640 ignorans.
1718 3572 1918 3629 Verum

329 3674 386 3717 ut
412 3665 579 3727 scias,
613 3663 840 3717 scrutari
874 3681 979 3716 non
1013 3663 1307 3731 ignorantis
1355 3678 1498 3726 esse,
1548 3665 1642 3719 sed
1687 3666 1804 3733 ejus
1831 3668 1919 3736 qui

328 3759 485 3819 sciat,
533 3757 751 3810 intulit:
784 3756 875 3809 Sic
918 3767 965 3809 et
991 3772 1104 3823 qua:
1152 3755 1243 3808 Dei
1291 3768 1411 3809 sunt
1443 3774 1586 3809 nemo
1634 3761 1788 3823 novit,
1823 3762 1922 3814 nisi

330 3846 561 3917 Spiritus
589 3847 681 3901 Dei
709 3848 783 3919 (I.
824 3846 941 3903 Cor.
973 3847 1059 3901 10.
1097 3849 1188 3918 11)
1226 3866 1238 3902 :
1269 3857 1321 3901 et
1362 3849 1724 3919 cognitionem
1753 3851 1920 3921 Spiri-

332 3940 406 3993 tui
436 3940 717 4003 adscribit,
749 3955 855 3992 uon
899 3940 1441 4009 comprehensionem
1483 3955 1549 3995 ex
1581 3951 1791 4011 natura,
1823 3943 1918 3998 sed

331 4049 397 4089 ex
428 4042 618 4086 natura
636 4032 1024 4101 cognitionem.

397 4126 453 4179 9.
496 4124 681 4194 Itaque
727 4141 793 4178 ne
832 4124 1040 4178 dividas
1096 4124 1477 4178 indivisibilem
1531 4134 1800 4190 naturam,
1851 4142 1919 4180 ne

327 4218 570 4273 disseces
616 4216 971 4269 substantiam
1011 4231 1131 4283 qua:
1178 4216 1349 4268 secari
1398 4218 1600 4284 nequit,
1656 4217 1760 4268 imo
1803 4216 1919 4283 ejus

330 4311 623 4381 potentiam
674 4318 924 4362 accurate
954 4322 1243 4375 cognosce.
1275 4306 1423 4361 Unus
1467 4317 1551 4360 est
1580 4309 1667 4376 qui
1700 4318 1921 4363 Vocatur

329 4403 489 4457 Pater
519 4414 571 4456 et
602 4401 771 4456 Filius
798 4412 851 4455 et
877 4400 1108 4470 Spiritus
1136 4409 1371 4452 sanctus.
1403 4400 1475 4453 De
1506 4400 1660 4453 Patre
1689 4416 1919 4470 namque

327 4495 457 4549 dicit
483 4495 653 4549 Filius
680 4511 693 4547 :
723 4492 852 4547 Cum
881 4493 1107 4545 videritis
1137 4490 1328 4544 Filium
1361 4493 1581 4544 hominis
1612 4491 1866 4545 sedentem
1888 4510 1919 4545 a

329 4572 521 4641 dextris
562 4586 761 4639 tirtutis
794 4584 1010 4651 (Matth.
1041 4583 1132 4637 26.
1163 4584 1276 4652 64).
1308 4583 1442 4637 Cum
1476 4585 1726 4639 virtutem
1761 4585 1914 4648 dixit,

327 4682 553 4749 gloriam
588 4679 885 4737 constituit.
910 4686 965 4731 ut
986 4678 1305 4731 sententiam
1334 4678 1563 4731 mireris.
1588 4678 1921 4747 Quapropter

329 4775 503 4844 ipsmn
534 4773 746 4827 Patrem
774 4780 828 4825 et
866 4771 1033 4823 Deum
1062 4785 1261 4823 vocans
1289 4769 1564 4828 virtutem.
1593 4769 1809 4837 Caiphae
1836 4770 1919 4822 di-

326 4866 483 4919 cebat
515 4882 527 4916 :
563 4862 689 4917 Cum
718 4863 942 4916 videritis
974 4859 1169 4914 Filium
1204 4862 1424 4914 hominis
1450 4861 1704 4914 sedentem
1736 4878 1766 4913 a
1796 4862 1921 4915 dea:-

326 4961 419 5012 tris
460 4958 685 5011 virtutis.
720 4956 902 5009 Virtus
952 4971 1080 5023 ergo
1126 4955 1329 5009 Pater:
1366 4956 1534 5008 virtus
1580 4970 1709 5009 vero
1756 4954 1918 5008 etiam

326 5050 519 5111 Filius,
550 5058 611 5102 ut
655 5053 724 5101 ait
757 5047 953 5101 Paulus
985 5064 998 5099 :
1033 5043 1260 5100 Christus
1305 5044 1402 5099 Dei
1429 5046 1584 5099 virtus
1612 5055 1660 5099 et
1696 5045 1789 5099 Dei
1828 5063 1919 5100 sa-

326 5141 519 5208 pientia
560 5138 639 5210 (1.
670 5137 792 5193 Cor.
834 5139 886 5191 1.
917 5136 1009 5205 24)
1048 5153 1061 5190 ;
1095 5136 1263 5190 virtus
1308 5134 1469 5190 etiam
1517 5135 1750 5203 Spiritus
1796 5151 1923 5189 san-

324 5248 445 5288 etus
476 5250 490 5286 :
518 5233 648 5286 dicit
675 5232 817 5285 enim
850 5230 1104 5285 Servator
1133 5228 1411 5296 discipulis
1445 5246 1457 5280 :
1491 5227 1699 5281 Manete
1742 5228 1794 5280 in
1830 5226 1922 5280 Je-

324 5326 574 5388 rusalem,
606 5326 766 5378 donec
792 5322 1078 5377 induamini
1098 5322 1277 5375 virtute
1306 5336 1368 5373 ea:
1386 5320 1489 5374 alto
1521 5320 1670 5390 (Luc.
1694 5319 1783 5373 24.
1805 5319 1913 5389 49).

325 5418 460 5474 Cum
490 5433 620 5487 ergo
648 5420 810 5482 scias,
842 5415 1058 5478 dilecte,
1089 5414 1141 5466 in
1174 5413 1331 5467 Patre
1373 5422 1426 5467 et
1457 5413 1593 5467 Filio
1624 5422 1678 5466 et
1719 5413 1921 5481 Spiritu

256 5500 257 5503 i
326 5520 518 5565 sancto
542 5524 729 5581 parem
756 5522 878 5562 esse
906 5508 1179 5568 virtutem,
1216 5504 1371 5557 tidem
1421 5514 1605 5558 teneas
1632 5505 1920 5559 inconcus-

327 5616 447 5656 sam
480 5619 495 5656 :
528 5616 596 5655 ne
637 5599 844 5654 dividas
889 5598 1108 5668 gloriam
1151 5595 1775 5663 iucomprehensibilem,
1827 5594 1920 5648 sed

333 5707 501 5749 nosce
540 5690 789 5761 baptismi
824 5698 976 5758 pacta
1010 5704 1023 5741 :
1055 5689 1235 5755 aSpice
1282 5686 1419 5740 ﬁlios
1464 5686 1650 5756 gratiae
1681 5701 1777 5756 per
1805 5701 1921 5739 ma-

332 5802 498 5858 gnum
537 5783 875 5840 sacerdotem
906 5782 1176 5843 ﬂorentes,
1227 5778 1409 5850 aspice
1448 5778 1581 5834 lucis
1611 5777 1747 5833 ﬁlios
1791 5793 1917 5833 cur-

1208 329 1271 385 IN
1314 329 1537 397 ILL‘UD,
1582 330 1645 385 ΙΝ
1686 329 2021 386 PRINCIPIO
2059 331 2243 387 ERAT
2288 333 2587 399 VERBUM,
2632 337 2777 394 ETC.

3527 354 3632 408 545

2046 454 2225 500 rentes
2255 447 2320 501 ad
2347 464 2626 518 prteconcs
2656 452 2790 506 lucis
2825 471 2836 506 :
2871 465 3083 523 oportet
3114 457 3259 513 enim
3292 475 3404 520 eos.
3441 463 3527 528 qui
3560 467 3632 517 ab

2044 537 2434 596 illuminatione
2469 559 2562 596 seu
2598 544 2861 613 baptismo
2902 551 3204 617 regenerati
3233 562 3374 616 sunt,
3407 554 3472 606 ad
3509 555 3629 607 illos

2043 631 2130 698 qui
2161 632 2345 686 orbem
2390 647 2772 702 regeneraruut
2813 654 3119 695 accurrere.
3144 642 3389 697 Dicamus
3435 657 3488 698 ct
3536 662 3631 698 nos

2044 737 2163 777 Cum
2218 727 2473 795 propheta
2521 739 2572 781 et
2619 732 2922 798 apostolis:
2958 733 3169 801 Respice
3207 738 3383 799 orn/is,
3432 750 3480 791 et
3521 740 3633 790 vide

2043 816 2178 884 ﬁlios
2203 828 2316 869 tuos
2342 832 2704 890 congregatos;
2733 833 2784 877 ct
2809 842 3043 885 rursum.
3081 828 3203 882 Vivo
3231 848 3343 901 ego,
3371 833 3501 886 dicit
3526 833 3632 887 Do«

2045 908 2242 972 minus,
2274 917 2392 978 quia
2438 913 2542 965 illis
2593 917 2825 969 omnibus
2868 922 3113 983 vestieris,
3161 925 3292 975 velut
3333 939 3629 979 ornamento

2041 1017 2241 1070 sponsa:
2269 1001 2420 1067 (lsai.
2456 1004 2547 1060 60.
2575 1005 2629 1059 4.
2654 1017 2699 1058 et
2717 1008 2803 1062 49.
2832 1011 2940 1077 18).
2973 1011 3088 1065 Stat
3118 1030 3245 1083 ergo
3272 1015 3435 1069 Isaias
3466 1017 3628 1071 hodie

2040 1090 2318 1158 alloquens
2365 1102 2561 1148 ccetum
2616 1097 3054 1167 illuminatorum,
3089 1105 3175 1172 qui
3231 1108 3336 1159 nati
3378 1120 3504 1162 sunt
3556 1125 3623 1163 ex

2040 1182 2238 1252 Spiritu
2259 1196 2462 1252 sancto,
2486 1190 2573 1257 qui
2607 1203 2823 1259 repente
2854 1198 3091 1249 renovati
3118 1209 3261 1264 sunt,
3293 1202 3381 1269 qui
3416 1203 3466 1255 iu
3500 1220 3623 1255 mo-

2041 1285 2221 1329 mento
2248 1288 2372 1331 sunt
2406 1285 2767 1349 transmutati,
2798 1285 2887 1353 qui
2910 1302 2936 1338 a
2972 1296 3183 1343 terreno
3209 1303 3351 1345 statu
3386 1294 3435 1347 in
3465 1295 3624 1349 ett-le-

2038 1376 2173 1421 stem
2232 1369 2516 1441 imaginem
2565 1374 2839 1430 reformati
2882 1390 3047 1436 sunt:
3080 1396 3301 1452 Slltpttt'c
3351 1388 3623 1454 perculsus

2039 1454 2202 1510 Isaias
2232 1458 2362 1513 dicit
2392 1478 2405 1513 :
2442 1461 2565 1526 Quis
2584 1464 2728 1528 vidit,
2763 1468 2877 1536 quis
2904 1472 3094 1524 audivit
3123 1474 3267 1535 talia,
3292 1477 3407 1542 quia
3430 1480 3623 1547 peperit

2037 1558 2171 1602 terra
2214 1552 2352 1617 ﬁlios
2400 1570 2519 1607 suos
2564 1557 2617 1608 in
2658 1559 2740 1611 die
2780 1577 2901 1626 una,
2950 1574 2997 1617 et
3043 1576 3162 1618 nata
3199 1578 3271 1620 est
3306 1586 3429 1639 gens
3470 1572 3621 1625 simul

2036 1640 2188 1711 (lsai.
2224 1645 2312 1700 66.
2346 1646 2446 1710 8)?
2473 1647 2631 1702 Velox
2661 1652 2857 1720 quippe
2884 1666 2965 1707 est
2990 1656 3218 1725 Spiritus
3251 1665 3619 1730 regt‘ttet'atio:

2037 1748 2142 1784 non
2172 1735 2337 1787 servit
2366 1738 2694 1803 temporibus
2725 1757 2821 1795 nec
2850 1748 3307 1813 generationibus,
3341 1753 3433 1804 Sed
3462 1755 3622 1808 simul

2033 1830 2193 1891 atque
2220 1826 2331 1877 vult
2362 1828 2598 1882 nascitur
2631 1832 2772 1899 quod
2817 1846 3186 1903 regeneratur.
3217 1841 3447 1894 Decebat
3480 1845 3620 1899 ﬁlios

2035 1912 2168 1967 lucis
2193 1915 2390 1986 ubique
2418 1920 2468 1972 in
2500 1919 2617 1973 foro
2647 1924 2937 1990 praedicare
2981 1939 3035 1982 et
3066 1931 3343 1987 celebrare
3370 1950 3492 1989 eum
3525 1939 3616 2005 qui

2034 2015 2254 2075 pr0pter
2278 2009 2425 2077 ipsos
2450 2011 2748 2078 descendit,
2784 2027 2837 2070 ut
2866 2027 3034 2072 totum
3064 2023 3247 2078 orbem
3276 2041 3489 2081 sursum
3522 2030 3613 2084 dev

2032 2095 2213 2152 ducat.
2249 2100 2493 2157 Christus
2536 2104 2815 2160 descendit
2840 2109 2908 2164 de
2952 2112 3098 2166 ca'lis
3128 2132 3142 2167 :
3177 2114 3472 2182 descendit,
3509 2138 3613 2174 non

2032 2185 2318 2244 discedens
2368 2192 2436 2246 de.
2489 2195 2669 2260 caelis;
2727 2199 2989 2263 ascendit,
3045 2219 3150 2257 non
3206 2205 3490 2263 discedens
3544 2212 3613 2266 de

2035 2287 2195 2334 terra.
2224 2280 2408 2351 Neque
2435 2286 2577 2339 enim
2623 2303 2743 2342 cum
2785 2290 3084 2361 descendit,
3129 2297 3294 2351 eielos
3329 2316 3389 2353 se
3418 2316 3614 2358 vacuos

2034 2370 2282 2439 reliquit;
2317 2390 2489 2444 neque
2521 2393 2642 2431 cum
2685 2382 2950 2447 ascendit,
2996 2394 3192 2440 terram
3223 2391 3613 2459 gubernatione

2032 2478 2124 2515 sua
2152 2463 2459 2518 destitutam
2494 2470 2727 2539 reliquit.
2757 2473 2988 2529 Docebat
3014 2476 3151 2531 ﬁlios
3180 2479 3311 2535 lucis
3342 2466 3611 2539 lucernam

2031 2553 2177 2608 verbi
2225 2555 2276 2608 in
2319 2556 2434 2610 loro
2477 2560 2675 2629 ubique
2723 2564 3071 2622 circumferre
3108 2576 3463 2643 :mystcriuin
3509 2595 3615 2633 non

2031 2648 2357 2702 contumelia
2411 2649 2766 2719 afﬁciebatur,
2821 2654 3104 2715 character
3142 2664 3382 2719 veritatis
3429 2684 3617 2725 recens

2032 2736 2451 2793 illuminatorum
2514 2759 2618 2795 nou
2688 2744 3166 2806 dehonestabatur.
3227 2754 3461 2817 Docebat
3523 2777 3618 2815 eos

2031 2845 2241 2899 quoque
2264 2832 2313 2884 in
2348 2832 2536 2901 plateis
2562 2844 2780 2891 cantare
2808 2856 2820 2890 :
2853 2838 3122 2907 Sapientia
3144 2846 3286 2899 enim
3317 2848 3368 2901 in
3400 2850 3619 2905 exitibus

2032 2923 2355 2993 prtedicatur,
2388 2937 2435 2979 et
2461 2927 2511 2979 in
2535 2929 2718 2999 pluteis
2749 2930 2964 2998 ﬁdenter
2990 2936 3096 3005 agit
3119 2936 3302 3004 (Prov.
3344 2943 3385 2995 1η
3423 2942 3537 3013 20),
3566 2946 3616 2999 in

2031 3018 2254 3070 sunnnis
2282 3018 2449 3071 muris
2481 3021 2820 3111 prietlicatur.
2869 3024 3166 3097 Purgcmus
3204 3045 3408 3097 aerem,
3450 3052 3610 3106 quem

2030 3109 2313 3163 cantilena:
2343 3113 2664 3166 meretricia:
2708 3109 3073 3185 inquinarunt,
3121 3137 3280 3188 quem
3315 3124 3617 3183 iniecerunt

2029 3200 2156 3253 olim
2189 3202 2469 3270 impiorum
2496 3204 2785 3269 clamores,
2816 3216 2866 3259 et
2892 3207 3123 3263 ululatus
3153 3227 3336 3267 eorum
3358 3216 3446 3285 qui
3475 3216 3618 3272 findit

2029 3294 2334 3348 daemonum
2380 3296 2632 3367 mysteria
2682 3297 3049 3353 celebrabant.
3102 3301 3277 3356 Verbo
3325 3307 3457 3360 lucis
3501 3324 3616 3374 aer,

2031 3393 2193 3448 terra,
2251 3387 2439 3440 caelum
2490 3398 2712 3457 purgata
2766 3398 2911 3442 sunt.
2964 3390 3422 3458 Quemadmodum
3472 3400 3614 3453 enim

2029 3478 2219 3532 cmlum
2250 3488 2301 3531 et
2332 3489 2471 3532 terra
2497 3479 2564 3533 de
2590 3479 2789 3534 malitia
2821 3481 3104 3549 impiorum
3133 3486 3505 3553 ingemiseunt,
3536 3493 3617 3547 sic

2031 3568 2280 3622 lzrtantur
2306 3569 2373 3624 de
2401 3570 2603 3638 iustitia
2635 3572 2921 3639 proborum
2949 3591 3102 3629 :cum
3131 3578 3273 3632 enim
3305 3580 3465 3634 homo
3494 3599 3617 3651 pec-

2027 3671 2134 3722 cat,
2167 3662 2471 3730 indignatur
2497 3663 2709 3721 carlutn.
2745 3664 3049 3734 indignatur
3077 3680 3238 3734 terra,
3271 3684 3325 3725 ut
3361 3675 3435 3727 ait
3463 3674 3620 3729 .lere—

2028 3753 2163 3806 mias
2196 3770 2209 3805 :
2245 3751 2517 3821 Obstupuit
2542 3755 2722 3807 ca'lum
2758 3771 2911 3825 super
2950 3757 3067 3816 hoc.
3102 3769 3150 3811 et
3176 3760 3428 3816 inhorruit
3458 3776 3613 3829 terra,

2027 3850 2149 3919 quia
2184 3850 2284 3902 duo
2315 3850 2451 3902 mala
2491 3850 2611 3917 fecit
2638 3852 2860 3919 populus
2892 3851 3027 3923 (Jer.
3068 3853 3123 3907 2.
3156 3855 3243 3909 12.
3282 3857 3393 3927 15).
3426 3858 3615 3914 Viden'

2027 3942 2297 4011 quomodo
2335 3942 2683 3996 exhorrescat
2723 3943 2912 3997 eielum
2962 3955 3017 3998 et
3066 3956 3233 4011 terra,
3266 3952 3615 4017 peccantibus

2027 4032 2370 4088 hominibus?
2398 4033 2530 4087 Cum
2578 4042 2757 4087 autem
2803 4033 2871 4088 ad
2901 4034 3151 4102 pietatem
3198 4051 3609 4109 convertuntur,

2025 4124 2146 4178 audi
2177 4124 2492 4193 prophetam
2524 4123 2793 4179 dicentem
2825 4142 2838 4178 :
2873 4124 3133 4181 Lwtentur
3161 4128 3275 4181 ereti
3305 4141 3354 4183 et
3393 4136 3610 4188 exsultet

2029 4227 2163 4270 terra
2185 4233 2204 4269 :
2224 4226 2491 4285 erumpant
2520 4225 2712 4269 montes
2741 4218 2793 4269 in
2819 4218 3065 4278 laetitiam,
3102 4228 3148 4271 et
3179 4221 3335 4274 colles
3363 4223 3413 4275 in
3440 4226 3617 4277 exsul-

2028 4309 2287 4369 tationem,
2309 4307 2427 4377 quia
2446 4307 2677 4359 misertus
2694 4316 2767 4359 est
2789 4305 3035 4361 Dominus
3048 4310 3226 4378 populi
3251 4313 3331 4363 sui
3348 4311 3397 4381 (Ι
3404 4314 3481 4365 sai
3489 4353 3496 4361 .
3517 4314 3608 4371 49.

2030 4398 2140 4467 15).
2172 4397 2323 4451 Dicat
2365 4404 2421 4451 ct
2451 4395 2695 4450 Ecclesia
2727 4413 2847 4465 qua:
2892 4406 3042 4452 tanto
3085 4410 3228 4455 cwtu
3270 4402 3426 4456 lloret
3458 4422 3470 4456 :
3508 4406 3616 4473 ligo

2027 4488 2295 4558 quondam
2337 4488 2523 4541 relicta
2570 4502 2687 4539 sum
2732 4488 2886 4552 sola;
2918 4488 2971 4543 hi
2999 4504 3129 4545 vero
3159 4493 3265 4545 mei
3300 4494 3385 4546 ubi
3415 4499 3617 4548 erant?

2026 4597 2126 4651 ego
2154 4581 2357 4649 absque
2386 4582 2569 4634 liberis
2608 4590 2661 4633 et
2690 4579 2848 4637 vidua
2877 4596 2890 4644 ;
2927 4582 3021 4639 hos
3044 4600 3175 4640 vero
3206 4586 3324 4655 quis
3363 4588 3492 4642 mihi
3522 4606 3617 4657 go-

2031 4675 2181 4729 nuit?
2208 4673 2392 4726 Dicant
2420 4683 2474 4725 et
2508 4672 2598 4726 ﬁlii
2628 4673 2881 4727 Ecclesitc
2910 4675 3001 4744 qui
3030 4678 3371 4732 multitudine
3413 4680 3612 4734 redun-

2028 4769 2193 4830 dant,
2242 4766 2624 4835 prophetarum
2664 4780 2796 4819 voce
2845 4767 2955 4821 Deo
3002 4769 3288 4838 loquentes
3319 4790 3330 4825 :
3359 4772 3615 4842 Angustus

2029 4862 2152 4914 mihi
2185 4862 2325 4913 locus
2350 4876 2367 4912 :
2396 4859 2479 4927 [ac
2506 4859 2627 4911 mihi
2660 4858 2825 4912 locum
2853 4870 2908 4911 ut
2949 4860 3169 4913 habilem
3206 4861 3365 4929 (Ibid.
3411 4880 3458 4917 υ.
3497 4865 3611 4934 20).

2106 4950 2346 5004 Ha'retiri
2368 4950 2565 5018 pridem
2587 4950 2907 5003 dominantes
2931 4965 2995 5003 ex
3020 4952 3219 5005 ciuitate
3241 4954 3406 5022 ejecti.
3427 4953 3617 5008 Contra

2027 5041 2318 5095 Ariamazes.
2347 5068 2420 5082 —
2446 5040 2577 5093 Cum
2609 5040 2752 5094 enim
2783 5041 2996 5095 ﬂoreret
3029 5042 3293 5109 impietas,
3328 5061 3451 5099 cum
3479 5047 3617 5099 hanc

2031 5135 2218 5187 urbem
2251 5133 2559 5186 devastaret
2602 5132 2853 5196 ha-resis,
2881 5133 3149 5203 absumpti
3180 5145 3333 5189 erant
3367 5137 3618 5191 Ecclesia:

2032 5225 2121 5279 ﬁlii
2152 5239 2253 5278 :ac
2278 5225 2411 5277 sicut
2440 5225 2642 5277 locusta
2682 5235 2876 5277 terram
2920 5225 3202 5291 invadens,
3246 5228 3363 5297 ejus
3409 5228 3614 5284 fructus

2029 5316 2296 5371 consumit
2332 5332 2345 5369 :
2378 5315 2455 5369 sic
2489 5314 2793 5384 perniciosa
2825 5314 2913 5368 illa
2943 5316 3190 5372 doctrina
3228 5317 3432 5374 fructus
3476 5338 3617 5375 verre.

2029 5409 2287 5462 doctrina:
2328 5416 2381 5461 et
2424 5408 2638 5478 pietatis
2681 5409 3041 5475 consumpsit.
3073 5407 3273 5464 Verum
3319 5410 3499 5478 hodie,
3532 5414 3618 5467 di-

2031 5498 2175 5565 lecti,
2204 5500 2372 5569 ejecta
2417 5508 2499 5553 est
2545 5499 2797 5568 pestifera
2847 5499 2938 5553 illa
2969 5500 3238 5559 doctrina.
3281 5513 3335 5556 ct
3377 5504 3615 5574 ingressa

2029 5602 2113 5647 est
2152 5591 2403 5646 salutaris
2444 5592 2635 5659 gratia,
2664 5608 2782 5661 qua:
2812 5593 3066 5662 populum
3119 5604 3405 5665 regenerat
3448 5606 3503 5651 et
3542 5598 3621 5652 sic

2031 5682 2367 5754 alloquitur:
2425 5682 2578 5736 Nunc
2607 5681 2886 5737 retribuam
2936 5701 3028 5752 pro
3078 5684 3453 5761 fatibus,qttos
3500 5704 3619 5741 conv

2034 5776 2257 5843 sumpsit
2286 5792 2436 5829 eruca
2464 5783 2509 5828 et
2538 5775 2732 5829 locusta
2757 5786 2804 5830 et
2829 5778 3009 5849 rubigo
3057 5776 3213 5847 (Joel.
3240 5778 3294 5830 2.
3335 5778 3452 5846 25).
3486 5778 3635 5848 Quid
