4138 6488
515 376 617 433 Si?

514 490 817 551 contendis,
850 486 1120 547 ltatretice,
1155 496 1280 537 cum
1319 477 1524 535 Judteis
1571 475 1797 547 gloriam
1829 470 2100 540 Unigeniti

516 583 830 642 occultare?
869 580 950 635 llli
986 574 1441 632 resurrectionem
1472 576 1730 639 quantum
1755 566 1805 619 in
1848 565 1978 632 ipsis
2004 562 2104 616 fuit

516 679 890 733 occultarunt:
925 683 976 723 tu
1006 669 1341 722 divinitatem
1372 672 1628 732 quantum
1662 670 1814 729 potes
1840 657 2099 711 occultas.

518 776 586 823 At
628 781 801 835 neque
833 763 908 815 illi
944 762 1224 815 veritatem
1275 757 1375 810 sibi
1408 754 1679 807 vindicare
1726 758 1968 820 possunt,
2005 762 2101 800 tte-

515 876 621 929 que
651 868 706 911 tu
752 856 1002 925 pietatem
1056 860 1388 920 perspectam
1435 845 1621 899 babes.
1657 842 1792 896 Audi
1824 856 1951 909 ergo
1983 854 2105 906 pro-

521 956 735 1019 phetam
765 946 1033 999 dicentem
1066 960 1079 994 :
1117 942 1328 1010 Operuit
1357 940 1508 992 melos
1534 937 1694 989 virtus
1722 936 1851 1006 ejus,
1881 942 1926 984 et
1954 930 2107 985 laude

518 1042 632 1111 ejus
659 1040 810 1110 plena
836 1046 908 1089 est
936 1046 1070 1089 terra
1122 1033 1348 1104 (Ilabac.
1377 1032 1433 1085 5.
1464 1031 1544 1096 5).
1587 1028 1789 1090 Laude,
1823 1042 1928 1078 ttott
1960 1039 2108 1075 cont-

524 1131 920 1202 prehensione;
972 1127 1115 1190 ﬁde,
1172 1140 1279 1177 non
1346 1120 1804 1191 perscrutatione;
1860 1116 2084 1169 caritate

518 1238 624 1279 non
660 1220 1069 1291 pcrquisitioue.
1095 1216 1211 1271 Non
1235 1214 1299 1268 ad
1331 1210 1762 1282 perquirendum,
1788 1208 1881 1262 sed
1903 1207 1968 1259 ad
1990 1220 2105 1262 ere.

519 1314 753 1368 dendum
807 1310 1037 1365 instituti
1091 1322 1333 1362 smnus:
1382 1305 1663 1359 credentes
1720 1301 2097 1365 illuminamur,

522 1424 626 1460 non
668 1404 881 1460 curiose
924 1403 1296 1472 perquirentes
1360 1397 1712 1466 baptizatnur.
1755 1394 1830 1447 Ne
1872 1401 1921 1446 te
1960 1393 2106 1445 deci-

527 1501 675 1567 piant
696 1508 868 1552 coetus
888 1496 1262 1549 haereticorum
1289 1510 1299 1545 :
1326 1491 1645 1559 baptismum
1663 1488 1857 1557 quippe
1888 1485 2105 1546 habent,

528 1590 621 1643 sed
670 1604 775 1642 non
827 1586 1323 1647 illutninationem;
1375 1590 1429 1634 et
1481 1580 1817 1648 baptizantur
1859 1588 2106 1642 corpore,

524 1681 619 1735 sed
658 1680 834 1733 anima
862 1693 968 1731 non
1002 1677 1392 1729 illntninantur.
1423 1673 1575 1728 Sicut
1614 1672 1755 1725 enim
1802 1669 1985 1724 Simon
2021 1668 2113 1720 ba-

527 1774 774 1842 ptizatus,
810 1787 914 1824 nott
950 1769 1282 1823 illuminams
1310 1777 1412 1831 Cal,
1452 1779 1504 1820 et
1539 1765 1622 1818 isti
1669 1764 1780 1833 pari
1829 1764 1989 1816 modo
2017 1761 2113 1815 dc-

528 1864 954 1934 prcltendttntur.
1002 1861 1287 1916 Exsultent
1313 1874 1441 1928 ergo
1472 1856 1694 1926 spiritus
1719 1859 2107 1924 apostolorum,

525 1958 614 2028 qui
642 1956 904 2027 Spirituali
935 1969 1134 2024 sagena
1170 1964 1375 2005 tantmn
1404 1950 1543 2003 hunc.
1573 1951 1826 2019 populum
1857 1955 2114 2016 ceperunt

528 2066 622 2118 per
650 2048 903 2118 Spiritum
950 2059 1217 2100 sanetum.
1250 2044 1402 2098 Nunc
1452 2044 1669 2111 impleta
1717 2053 1799 2095 est
1846 2040 1896 2093 in
1943 2039 2113 2093 Ot‘ltllS

532 2142 730 2197 nostris
780 2139 1094 2210 prophetica
1147 2154 1245 2192 vox
1280 2154 1293 2189 :
1330 2134 1395 2189 In
1440 2136 1726 2189 novissimis
1769 2134 1962 2198 diebus,
1993 2134 2114 2187 dicit

527 2231 687 2297 Dens,
719 2249 819 2284 non
871 2232 1004 2284 ultra
1052 2230 1240 2289 dicent,
1278 2227 1409 2281 Ecce
1452 2244 1573 2279 arca
1626 2226 1909 2281 testamenti
1952 2224 2115 2277 sancti

528 2324 730 2388 Israel;
775 2325 825 2378 id
871 2334 983 2387 est,
1014 2323 1188 2376 cultus
1240 2300 1527 2390 antiquus';
1581 2334 1743 2387 neque
1784 2316 2015 2369 ascendet
2062 2316 2115 2367 in

528 2435 615 2471 cor
642 2433 814 2470 eorunt
860 2424 1208 2468 testamentum
1237 2428 1370 2465 arca:
1410 2409 1626 2483 (Jerent.
1656 2410 1710 2462 5.
1747 2408 1858 2478 16).
1901 2405 2115 2473 Quare?

527 2505 665 2571 Quia
683 2523 793 2560 ecce
809 2524 900 2575 ego
918 2508 1124 2559 mittant
1140 2504 1329 2559 multos
1346 2512 1615 2558 venatores
1634 2511 1681 2555 et
1702 2505 1986 2573 piscatores
2005 2502 2112 2573 (Je-

527 2612 656 2649 rem.
673 2596 758 2649 16.
779 2594 1340 2666 l6).Circumscripsit
1366 2608 1546 2647 arcam
1575 2592 1721 2645 illam
1754 2602 1993 2647 veterem
2009 2592 2110 2662 (a),

528 2702 582 2746 et
622 2690 829 2745 induxit
854 2705 1030 2745 arcam
1063 2687 1320 2743 Ecclesia:
1342 2702 1462 2757 quze
1488 2700 1779 2755 numquam
1811 2682 1969 2754 perit.
1998 2682 2120 2737 Mit-

528 2798 631 2840 tam
659 2786 842 2839 multos
870 2795 1131 2837 venatores
1158 2791 1205 2834 et
1238 2781 1538 2850 piscatores.
1568 2779 1612 2833 Ο
1643 2793 1833 2832 novam
1869 2776 2119 2846 piscatio—

533 2876 807 2945 nemlqni
854 2874 969 2928 lteri
1017 2881 1206 2941 raptus
1250 2882 1353 2933 rsl,
1401 2870 1556 2923 bodie
1600 2871 1878 2940 piscator:
1916 2866 2116 2936 repleta

533 2967 677 3022 enim
702 2977 785 3021 est
810 2975 948 3019 terra
976 2963 1144 3034 gloria
1175 2962 1397 3027 Christi,
1428 2972 1482 3016 et
1511 2962 1708 3031 impleti
1740 2970 1864 3013 sunt
1898 2960 2001 3013 ﬁde
2029 2976 2117 3014 or-

539 3060 624 3113 bis
655 3060 809 3114 ﬁnes.
844 3058 921 3112 Ne
946 3059 1122 3125 itaque
1152 3067 1369 3126 propter
1396 3056 1573 3110 carnis
1601 3054 1958 3109 teconomiaut
1990 3068 2121 3107 con-

544 3149 780 3204 ttnncliis
810 3147 1011 3201 afﬁcias
1059 3146 1393 3216 dignitatem.
1422 3147 1463 3199 A
1506 3144 1707 3199 Jndmis
1735 3145 1864 3198 exiit
1911 3159 2115 3208 rumor,

538 3242 810 3296 venditam
849 3237 1013 3293 fuisse
1044 3236 1519 3295 resurrectionem.
1547 3246 1601 3290 et
1633 3236 1767 3289 fama
1794 3234 2117 3304 percrebuit,

539 3332 832 3400 discipulos
863 3332 1010 3385 illum
1050 3329 1255 3385 furatos
1281 3344 1423 3385 esse.
1456 3329 1531 3383 Illi
1567 3338 1754 3383 contra
1779 3343 1976 3396 corpus
2005 3328 2121 3396 ejus

533 3423 854 3479 sententiam
897 3424 1086 3476 mertis
1115 3422 1372 3485 tulerunt,
1423 3422 1473 3475 lti
1507 3422 1828 3491 theologiam
1860 3424 1979 3489 ejus
2024 3436 2119 3489 pro

534 3516 675 3572 virili
705 3516 1043 3570 annuntiant.
1072 3515 1271 3570 Verum
1306 3517 1520 3570 illorunt
1566 3531 1729 3585 Opera
1760 3531 1915 3569 error
1961 3515 2120 3569 ltodie

534 3607 883 3672 diffunditur;
912 3607 978 3661 ab
1006 3607 1243 3661 Ecclesia
1274 3622 1403 3662 vero
1426 3608 1528 3660 vita
1552 3618 1749 3661 atterna
1778 3607 2118 3676 prtcdicatur.

537 3701 623 3767 Et,
652 3701 694 3754 si
726 3700 828 3764 vis,
861 3700 1029 3754 habes
1073 3710 1307 3754 veterem
1350 3700 1633 3770 imaginem
1667 3720 1679 3753 :
1714 3708 1770 3752 ut
1811 3699 1950 3752 enim
1998 3715 2119 3752 eum

535 3790 755 3860 Josephi
792 3791 987 3846 fratres
1028 3792 1124 3859 ipsi
1165 3791 1397 3844 insidiati
1440 3799 1585 3852 sunt,
1614 3791 1781 3844 Jaeob
1806 3799 1859 3844 et
1885 3790 2000 3858 ejus
2039 3790 2120 3843 fa-

538 3884 683 3937 milia
731 3885 903 3954 ipsnm
935 3884 1088 3937 valde
1119 3883 1328 3953 lnge-bat
1358 3900 1372 3947 ;
1417 3883 1509 3937 sed
1554 3883 1819 3953 IEgyptus
1846 3883 1993 3937 illum
2024 3882 2118 3935 Ita‘

538 3975 701 4031 bebat
726 3976 990 4029 visentem
1015 3990 1076 4029 ac
1105 3985 1422 4044 regnantem
1449 3992 1462 4028 :
1495 3976 1582 4030 hic
1607 3976 1747 4045 apud
1775 3976 2036 4031 Jacobnm
2066 3985 2123 4031 ιιι

538 4076 779 4120 mortuus
809 4065 1128 4136 lugebatur;
1183 4066 1236 4119 iu
1263 4065 1499 4138 Egypto
1538 4077 1717 4121 autem
1747 4068 1897 4121 vivus
1926 4084 2123 4139 regna-

538 4159 629 4213 bat
658 4177 672 4214 :
702 4159 781 4213 sic
808 4169 860 4212 et
889 4173 1031 4212 nunc
1060 4158 1200 4227 apud
1226 4158 1442 4212 Judaros
1469 4168 1525 4213 et
1570 4158 1810 4214 furentes
1843 4161 2123 4215 hmreticos

541 4262 785 4306 mortuus
811 4251 901 4306 ille
933 4262 1179 4321 putatur;
1214 4251 1538 4322 theologiam
1571 4253 1712 4307 enim
1743 4253 2121 4325 perinmntqui

539 4343 695 4396 ﬁdem
722 4342 917 4396 tollunt
942 4352 997 4395 et
1017 4343 1344 4410 qtuestiones
1369 4352 1584 4397 movent
1608 4361 1623 4409 ;
1655 4344 1792 4412 apud
1819 4361 1915 4398 nos
1942 4356 2119 4399 autem

541 4442 730 4503 regnat
759 4434 929 4496 vivus,
960 4442 1016 4488 et
1059 4441 1115 4485 ut
1145 4433 1298 4486 deret
1337 4434 1613 4488 aduratur.
1644 4436 1713 4489 At
1740 4451 1866 4490 vere
1911 4437 2121 4490 lirnmm

542 4524 880 4594 validumque
926 4535 1009 4578 est
1059 4525 1149 4579 Dei
1203 4527 1451 4593 verbum,
1514 4529 1707 4582 invicta
1758 4535 2120 4598 apostolorum

543 4617 811 4672 doctrina.
842 4617 1027 4685 Itaque
1069 4632 1173 4669 non
1207 4616 1401 4671 frustra
1444 4619 1646 4673 laborat
1678 4620 1823 4674 Pauli
1856 4636 1956 4673 Vox
1984 4621 2124 4674 veri-

541 4716 664 4762 tatts
690 4723 905 4762 causam
951 4724 1137 4777 agens.
1185 4710 1315 4780 Age,
1352 4709 1506 4765 beate
1553 4712 1738 4775 Paule,
1774 4728 1868 4781 pro
1900 4714 2125 4767 veritate

538 4801 858 4863 concitatus,
891 4801 1172 4872 indignare
1216 4817 1313 4870 pro
1347 4802 1471 4869 ﬁde,
1517 4805 1791 4872 iratusiluc
1818 4804 1906 4857 die
1950 4804 2094 4858 lia-re

539 4894 662 4948 ticis
690 4909 701 4946 :
746 4891 1024 4949 Undensnt
1060 4894 1401 4949 Arisuiteliea
1432 4896 1607 4950 edocti
1639 4896 1807 4950 estis?
1838 4896 1958 4965 quis
2004 4896 2123 4950 Pla-

540 4995 721 5039 tonent
740 4985 1041 5055 Evangeliis
1065 4986 1335 5055 praetulit?
1365 4988 1485 5055 quis
1510 4988 1632 5040 ﬁdei
1665 4988 2121 5057 pl‘:l'dic.tll0llem,

533 5079 714 5150 ejecit,
746 5090 800 5133 et
844 5079 1171 5134 incredulam
1201 5081 1553 5150 quaestionem
1600 5079 1853 5134 induxit?
1902 5082 2119 5136 ubinam

536 5173 692 5239 illttd,
711 5174 962 5243 ingenitus
979 5183 1029 5229 et
1049 5174 1270 5243 genitus,
1288 5172 1555 5226 didicisti?
1583 5168 1865 5242 Reliquisti
1887 5175 2119 5239 Patrem,

538 5263 786 5332 respuisti
831 5263 944 5318 Filii
978 5281 1199 5329 nomen,
1231 5263 1503 5335 indignam
1550 5267 1743 5334 putasti
1773 5266 2006 5333 Spiritus
2038 5268 2123 5319 di-

539 5353 820 5422 gnitatem,
845 5353 911 5409 ad
944 5354 1174 5409 humana
1205 5356 1367 5409 verba
1398 5365 1451 5411 te
1476 5358 1766 5410 convertis.
1792 5357 1966 5414 Probe
1989 5358 2122 5414 dixit

536 5442 822 5505 Jeretttias,
853 5443 1012 5499 Periit
1040 5448 1165 5513 ﬁdes
1193 5463 1257 5502 ea:
1281 5464 1369 5501 ore
1393 5465 1570 5502 eorum
1600 5446 1732 5521 (λεν.
1758 5448 1809 5502 7.
1837 5449 1953 5519 28).
1983 5450 2123 5517 Quid

537 5535 673 5588 dixit
698 5532 889 5587 Petrus
918 5545 973 5590 et
1003 5536 1192 5590 beatus
1218 5537 1535 5606 pratdicatus
1555 5540 1674 5594 est?
1712 5538 1792 5594 Tu
1819 5558 1869 5596 es
1891 5540 2125 5596 Christus

540 5623 708 5678 Filius
736 5622 831 5679 Dei
875 5623 1093 5696 (Matth.
1134 5628 1223 5682 ιθ.
1256 5628 1368 5699 16).
1400 5629 1517 5685 Non
1547 5631 1704 5696 dixit.
1734 5632 1814 5687 Tu
1843 5647 1903 5688 es
1946 5635 2125 5704 proles

538 5714 798 5786 iugeniti;
847 5715 967 5783 sed,
1004 5717 1082 5773 [ιι
1119 5737 1172 5775 es
1200 5720 1428 5778 Christus
1473 5722 1648 5779 Filius
1694 5725 1811 5783 Dei.
1839 5728 1974 5785 Cum
2022 5727 2130 5800 ipsi

602 5810 675 5872 (α)
703 5809 752 5860 ld
779 5819 874 5872 est,
898 5823 964 5860 ne
986 5810 1110 5864 ultra
1134 5819 1486 5868 monstraretur
1510 5817 1687 5868 eﬂ'ecu.

2000 341 2231 402 DUBIA.

3687 361 3803 416 543

2213 459 2376 515 Pater
2404 463 2722 532 sapientiam
2765 467 3049 531 revelavit,
3081 484 3260 525 annon
3307 471 3450 528 illam
3478 489 3672 545 eripere
3703 494 3808 548 po.

2212 553 2351 608 tuit?
2392 570 2571 609 annon
2607 569 2819 626 poterat
2846 560 3096 617 Christus
3143 568 3400 634 apostolis
3443 568 3644 635 dicere,
3672 587 3802 626 cum

2211 646 2330 701 illos
2355 650 2514 715 jussit
2539 649 2834 719 baptizare,
2867 652 3069 709 Euntes
3095 657 3357 729 baptizate
3384 671 3574 731 gentes
3619 665 3670 718 itt
3702 682 3806 720 no-

2212 740 2354 793 mine
2380 743 2546 810 geniti
2577 751 2632 796 et
2664 744 2881 814 ingeniti
2901 747 2924 799 ?
2947 746 3052 801 Sed
3075 752 3419 821 tnysticarum
3448 755 3800 811 tradilinnunt

2211 833 2506 899 sapientius
2530 851 2723 890 nomen
2750 838 2970 892 invenit.
2996 840 3178 893 Divina
3199 843 3614 910 eircumscribis,
3638 847 3800 904 ﬁdem

2213 923 2371 985 tollis,
2407 934 2457 976 et
2486 928 2837 994 qutrstionem
2872 928 3102 987 inducis.
3136 932 3240 987 Sed
3285 936 3431 997 time,
3464 952 3496 989 0
3546 939 3799 996 inimice:

2211 1013 2403 1068 Petrus
2427 1018 2607 1072 claves
2636 1028 2779 1074 tenet
2807 1039 2820 1075 :
2853 1023 2974 1091 quia
3007 1024 3151 1077 enim
3183 1026 3336 1087 dixit,
3380 1027 3459 1081 Tu
3490 1046 3540 1082 es
3568 1031 3802 1086 Christus

2214 1104 2384 1160 Filius
2408 1107 2521 1169 Dei,
2545 1112 2725 1165 claves
2752 1114 2980 1182 accepit.
3002 1114 3148 1182 Quos
3176 1117 3365 1171 viderit
3390 1120 3579 1175 Petrus
3602 1121 3800 1177 Filium

2211 1197 2473 1264 dicentes,
2506 1201 2571 1255 iis
2619 1212 2826 1271 portam
2863 1206 3010 1274 regni
3060 1207 3232 1277 aperit
3263 1226 3276 1264 :
3305 1223 3567 1280 quotquot
3618 1225 3798 1269 autem

2211 1292 2407 1347 viderit
2436 1294 2609 1364 ipsam
2647 1314 2760 1352 rem
2788 1314 2910 1353 esse
2941 1313 3178 1355 creatam
3202 1301 3440 1357 dicentes
3469 1317 3521 1359 et
3551 1307 3801 1377 blasphe-

2214 1396 2445 1453 manlcs,
2473 1390 2536 1441 iis
2565 1401 2772 1457 portam
2796 1392 3050 1446 Ecclesia:
3073 1394 3324 1448 occludit.
3346 1396 3460 1449 Non
3487 1398 3633 1465 prius
3654 1399 3799 1454 enim

2213 1479 2393 1533 claves
2422 1482 2647 1550 accepit,
2664 1499 2821 1551 quam
2847 1483 3066 1547 diceret,
3084 1484 3158 1538 Tu
3176 1503 3229 1540 es
3249 1486 3415 1540 Filius
3437 1488 3568 1543 Dei:
3601 1501 3725 1545 tunc
3748 1506 3801 1546 et

2217 1571 2302 1623 ille
2321 1572 2467 1625 audit
2487 1573 2552 1625 ab
2585 1575 2701 1641 ipso
2728 1574 2947 1629 :Beatus
2974 1594 3045 1641 es,
3073 1577 3253 1631 Sinton
3275 1578 3497 1650 Burjona
3520 1598 3537 1635 :
3564 1584 3801 1638 tibidubo

2214 1661 2377 1716 claves
2407 1666 2551 1734 regni
2576 1665 2818 1719 (telorum
2850 1668 3068 1739 (Matth.
3101 1672 3188 1727 16.
3223 1674 3330 1744 l7).
3356 1676 3478 1728 Post
3500 1678 3798 1732 confessio—

2217 1772 2333 1808 llt'lll
2358 1768 2622 1824 potestas;
2654 1771 2773 1828 post
2793 1759 2950 1816 ﬁdem
2976 1762 3204 1819 traditur
3217 1766 3454 1821 Ecclesia
3475 1781 3523 1822 et
3547 1786 3794 1839 regnum.

2285 1848 2339 1902 5.
2372 1847 2568 1903 Verum
2618 1851 2707 1904 alii
2740 1864 2925 1907 contra
2959 1853 3153 1909 Filium
3200 1868 3463 1928 pugnant,
3494 1861 3581 1914 alii
3610 1875 3797 1917 contra

2215 1938 2473 2010 Spiritum
2528 1954 2772 1997 sanctum
2841 1948 3011 1999 aciem
3066 1949 3358 2004 instruunt.
3409 1950 3602 2007 Verum
3667 1957 3798 2010 nihil

2218 2033 2434 2101 prodest
2460 2034 2601 2103 quod
2649 2036 2921 2091 Christum
2964 2041 3351 2107 conﬁteantur,
3384 2045 3508 2099 dum
3540 2046 3798 2117 Spiritum

2216 2136 2458 2179 sanctum
2489 2137 2683 2195 nrgaut
2715 2146 2726 2178 :
2762 2128 2900 2183 sicut
2929 2130 3059 2187 nihil
3108 2133 3327 2201 prodest
3367 2135 3430 2189 iis
3468 2140 3557 2207 qui
3590 2140 3798 2196 l’atrem

2216 2215 2560 2280 conﬁtentur,
2594 2232 2644 2271 rt
2680 2220 2878 2274 Filium
2913 2233 3129 2291 negant.
3159 2224 3287 2279 Nam
3312 2239 3363 2281 et
3390 2228 3556 2282 Juda-i
3586 2231 3798 2286 Patrem

2217 2308 2557 2369 confitentur,
2587 2314 2674 2375 qui
2724 2324 2920 2381 negant
2952 2312 3169 2383 Filium,
3200 2334 3371 2385 neque
3404 2321 3601 2375 habent
3639 2326 3800 2379 vitam

2218 2410 2493 2453 a-ternatn.
2526 2403 2623 2469 Qui
2648 2403 2844 2460 Christi
2875 2406 3099 2476 gloriam
3128 2409 3375 2480 deSpicit,
3417 2431 3518 2470 non
3552 2431 3801 2487 accepta-

2220 2490 2346 2546 bilis
2389 2504 2471 2547 est
2500 2496 2640 2562 apud
2686 2497 2921 2552 Patrem.
2973 2503 3207 2556 Attende
3236 2504 3542 2575 diligenter.
3587 2509 3716 2565 Nam
3748 2523 3802 2567 et

2218 2586 2372 2638 amici
2405 2585 2526 2640 Johi
2556 2604 2675 2641 cum
2714 2590 2821 2642 Deo
2870 2595 3282 2659 rnnveniebant,
3324 2597 3417 2651 sed
3447 2598 3639 2655 Johmn
3666 2618 3794 2656 con-

2220 2675 2544 2731 demnarunt
2576 2697 2588 2732 :
2623 2679 2766 2735 Deus
2809 2698 2958 2747 Vt'l‘u,
3004 2686 3129 2738 licet
3175 2687 3248 2739 illi
3278 2702 3494 2742 causam
3527 2706 3676 2745 suam
3708 2693 3776 2748 de

2221 2771 2491 2825 fettdercnt
2513 2814 2526 2834 ,
2561 2789 2665 2826 non
2712 2776 2954 2843 probavit
2982 2784 3099 2843 eos,
3131 2779 3222 2833 sed
3251 2780 3383 2835 dixit
3413 2799 3426 2836 :
3460 2781 3562 2836 Cur
3607 2785 3803 2854 loquuti

2219 2866 2337 2916 estis
2367 2879 2545 2916 contra
2568 2882 2765 2919 servant
2792 2884 2957 2921 meum
2985 2868 3086 2922 Job
3137 2871 3153 2935 (
3179 2869 3277 2924 Job
3307 2873 3398 2927 42.
3431 2874 3521 2943 '7)?
3562 2875 3616 2930 Si
3662 2877 3804 2931 Deus

2221 2955 2444 3019 amicos,
2466 2958 2554 3025 qui
2583 2968 2772 3011 contra
2793 2958 2984 3013 Jobum
3018 2962 3217 3030 lo.ptuti
3243 2962 3454 3018 fuerant
3477 2977 3531 3019 et
3550 2981 3608 3021 se
3632 2969 3802 3037 gloria

2220 3044 2528 3111 all'ccerant,
2551 3064 2655 3102 non
2685 3051 3021 3119 approbavit,
3042 3068 3107 3105 an
3138 3070 3232 3107 eos
3254 3055 3341 3123 qui
3367 3056 3557 3111 Filium
3586 3072 3800 3130 negant,

2223 3141 2345 3195 licet
2374 3155 2432 3193 se
2461 3142 2839 3210 conﬁteantur,
2875 3147 3195 3213 probaturus
3220 3149 3341 3202 est?
3372 3150 3589 3206 Minime
3637 3169 3801 3209 sane:

2223 3247 2365 3291 nam,
2394 3231 2492 3296 Qui
2514 3235 2621 3285 odit
2651 3251 2750 3298 me,
2778 3235 2967 3304 inquit,
2989 3248 3037 3290 et
3063 3236 3266 3291 Patrem
3298 3257 3459 3294 nteant
3487 3245 3593 3297 odit
3624 3244 3802 3311 (Joan.

2227 3325 2311 3378 15.
2348 3325 2462 3394 ‘25).
2488 3325 2852 3395 Similiterque
2894 3330 3033 3383 sicut
3056 3330 3216 3386 Pater
3239 3332 3478 3390 oblatum
3507 3337 3605 3390 sibi
3638 3338 3803 3393 hono-

2224 3434 2333 3471 rent
2383 3436 2486 3472 ttott
2536 3422 2746 3490 recipit,
2779 3422 2822 3475 si
2872 3422 3041 3478 Filius
3087 3442 3193 3479 non
3253 3427 3567 3494 honoretur,
3601 3431 3679 3486 sic
3709 3448 3806 3488 nec

2226 3507 2380 3562 Pater
2408 3525 2506 3563 nec
2552 3510 2736 3578 Filius,
2773 3514 2817 3565 si
2865 3514 3097 3582 Spiritus
3145 3527 3365 3571 sanctus
3406 3531 3801 3577 contemnatur.

2226 3597 2421 3653 Paulus
2467 3611 2614 3654 certe
2667 3604 2915 3657 ltzrretiea
2966 3606 3167 3660 zizania
3219 3608 3530 3676 pttllulantia
3581 3613 3805 3681 invenit,

2224 3689 2315 3742 scd
2359 3708 2478 3760 qua:
2522 3709 2810 3763 numquam
2856 3708 3041 3764 aperte
3077 3712 3391 3769 eruperunt.
3432 3703 3563 3757 Nam
3612 3705 3805 3775 Ephesi

2226 3782 2278 3835 in
2301 3785 2424 3837 Asia
2447 3800 2568 3838 cum
2591 3787 2851 3853 quosdam
2879 3791 3170 3858 reperisset
3185 3793 3274 3861 qui
3299 3793 3546 3861 baptizati
3572 3795 3802 3862 Ineunt,

2224 3874 2360 3927 dixit
2384 3877 2463 3930 eis
2492 3895 2505 3929 :
2555 3876 2615 3931 Si
2645 3878 2900 3945 Spiritum
2926 3894 3159 3936 sanctum
3202 3887 3464 3954 accepistis
3506 3893 3810 3945 credentes?

2227 3965 2615 4032 Responderunt
2648 3969 2747 4033 illi,
2781 3970 2959 4041 Neque
3000 3976 3044 4026 si
3074 3973 3299 4042 Spiritus
3324 3990 3529 4033 sanctus
3565 3991 3636 4034 est
3660 3984 3806 4035 audi-

2225 4057 2388 4111 vimus
2434 4058 2571 4130 (Act.
2607 4060 2690 4114 l9.
2723 4060 2804 4128 2).
2835 4061 2969 4117 llinc
3020 4067 3276 4133 praeclara
3332 4068 3417 4123 illa
3464 4086 3587 4134 vox,
3618 4070 3682 4125 In
3708 4089 3806 4138 quo

2225 4167 2343 4221 ergo
2387 4152 2631 4223 baptismi
2671 4157 2834 4210 estis?
2883 4157 3072 4213 Petrus
3118 4160 3351 4231 itemque
3394 4164 3588 4219 Paulus
3619 4168 3807 4223 Eccloo

2225 4245 2357 4297 siam
2381 4245 2628 4308 doceant,
2653 4264 2757 4301 non
2784 4250 3076 4305 nectendas
3097 4268 3217 4308 esse
3239 4254 3328 4308 illa
3353 4254 3637 4314 luereticas
3661 4277 3809 4331 quae-

2227 4337 2448 4391 stiones.
2481 4336 2635 4394 Unde
2679 4340 2889 4395 nefaria
2923 4343 3007 4396 illa
3034 4343 3286 4400 Eunontii
3313 4349 3638 4419 appellatio?
3667 4354 3810 4409 unde

2227 4426 2480 4484 hterctica
2512 4433 2758 4487 sentina?
2790 4433 2932 4489 Sane
2965 4438 3123 4503 periit
3153 4439 3348 4493 veritas
3373 4442 3510 4509 apud
3535 4444 3728 4513 impios
3759 4457 3811 4499 et

2227 4520 2566 4577 Aristotelira
2598 4526 2840 4577 doctrina
2873 4526 3132 4581 obtinuit.
3159 4530 3413 4586 Ilttmante
3456 4547 3659 4589 natura:
3703 4549 3782 4591 ter

2229 4615 2404 4667 minos
2438 4630 2667 4682 usurpas
2709 4618 2850 4671 circa
2897 4617 3133 4672 divinam
3176 4636 3228 4675 et
3262 4640 3364 4677 non
3394 4625 3625 4692 genitam
3658 4640 3813 4682 natu-

2230 4720 2366 4770 ram,
2392 4714 2446 4758 et
2474 4708 2708 4775 genitam
2760 4707 2935 4761 dicis?
2962 4709 3040 4762 Ta
3091 4727 3238 4778 vero,
3285 4715 3481 4783 inquit,
3524 4719 3650 4786 quid
3690 4736 3813 4775 esse

2231 4796 2445 4852 Patrem
2476 4798 2654 4852 dicis?
2702 4798 3000 4868 lngettitnm
3032 4802 3172 4867 dico,
3207 4807 3299 4859 sed
3334 4824 3438 4861 non
3471 4811 3604 4865 sicut
3637 4821 3690 4865 tu
3720 4828 3809 4867 as-

2229 4890 2366 4944 seris
2395 4908 2408 4944 :
2439 4890 2737 4959 ingenitum
2770 4892 2891 4947 dico
2916 4893 3150 4957 Patrem,
3173 4900 3296 4967 quia
3325 4917 3429 4954 non
3461 4900 3553 4955 fuit
3572 4907 3809 4973 genitus.

2230 4981 2335 5035 Sed
2369 4993 2422 5035 et
2447 4997 2547 5049 ego
2575 4983 2837 5036 Adammn
2869 4986 3160 5052 ingenitum
3202 4989 3340 5052 dico,
3373 4993 3496 5060 quia
3525 5009 3630 5049 non
3657 4995 3816 5064 gt’l'i-

2231 5081 2336 5134 tus,
2370 5073 2462 5127 sed
2494 5072 2753 5128 formatus
2779 5086 2882 5129 est.
2915 5076 2992 5130 Ne
3035 5077 3307 5134 auditores
3333 5082 3524 5137 alienis
3553 5088 3812 5154 perctellas

2236 5162 2394 5215 dictis
2417 5180 2430 5217 τ
2460 5163 2577 5218 haec
2600 5165 2855 5234 ﬁgmenta
2878 5179 3023 5221 sunt.
3043 5168 3311 5238 lngenitus
3330 5184 3414 5227 est
3432 5174 3589 5230 Pater
3609 5194 3623 5231 :
3648 5179 3812 5232 multa

2228 5272 2440 5325 quoque
2488 5258 2591 5309 alia
2646 5259 2880 5328 ingenita
2936 5272 3082 5315 sunt.
3134 5263 3434 5334 litgenitum
3479 5270 3677 5339 quippe
3726 5282 3808 5326 est

2232 5347 2610 5417 quodcumque
2654 5366 2759 5404 non
2821 5353 3058 5421 genitum
3100 5354 3201 5408 fuit
3256 5372 3273 5411 :
3333 5358 3629 5427 ingenitum
3674 5379 3811 5431 quo-

2229 5456 2334 5511 que
2364 5440 2560 5495 dicitur
2600 5445 2742 5512 quod
2789 5445 3004 5513 quidem
3054 5446 3141 5514 ﬁt,
3187 5448 3283 5503 sed
3330 5453 3565 5506 nondum
3614 5453 3811 5509 factum

2233 5542 2335 5587 cst.
2383 5532 2728 5589 Resurrectio
2759 5548 3094 5592 mortuorum
3143 5556 3288 5596 nunc
3333 5543 3563 5613 ingenita
3588 5556 3700 5600 est:
3727 5550 3815 5604 ﬁet

2228 5627 2370 5679 enim
2389 5666 2405 5688 ,
2437 5625 2530 5679 sed
2556 5627 2793 5681 nondum
2822 5627 2962 5684 facta
2993 5639 3110 5697 est,
3143 5641 3331 5702 estque
3360 5635 3628 5693 incondita
3648 5680 3664 5702 ,
3689 5653 3812 5695 cum

2232 5720 2471 5775 nondum
2502 5721 2574 5773 sit
2613 5721 2818 5791 genita.
2851 5721 3055 5777 Dicitur
3078 5740 3290 5795 quoque
3331 5727 3623 5794 ingenitum
3666 5741 3810 5798 quod

2233 5832 2331 5872 nec
2388 5817 2605 5885 factum,
2651 5833 2828 5889 neque
2876 5834 3128 5890 umquam
3176 5821 3476 5879 faciendum
3507 5831 3609 5893 est,
3635 5841 3812 5896 eoque
