  <div class='ocr_page' id='page_1' title='image "/cluster/home/n/w/nwhite01/storage/ocr_20150623/63:no.12/coo.31924054869635/443.png"; bbox 0 0 4138 6448; ppageno 0'>
   <div class='ocr_carea' id='block_1_1' title="bbox 451 289 558 348">
    <p class='ocr_par' dir='ltr' id='par_1_1' title="bbox 451 289 558 348">
     <span class='ocr_line' id='line_1_1' title="bbox 451 289 558 348; baseline -0.037 0"><span class='ocrx_word' id='word_1_1' title='bbox 451 289 558 348; x_wconf 67' lang='grc'>519</span> 
     </span>
    </p>
   </div>
   <div class='ocr_carea' id='block_1_2' title="bbox 453 399 2119 476">
    <p class='ocr_par' dir='ltr' id='par_1_2' title="bbox 453 399 2119 476">
     <span class='ocr_line' id='line_1_2' title="bbox 453 399 2119 476; baseline -0.003 -17"><span class='ocrx_word' id='word_1_2' title='bbox 453 408 488 476; x_wconf 71' lang='grc' dir='ltr'>ἢ</span> <span class='ocrx_word' id='word_1_3' title='bbox 521 405 818 467; x_wconf 78' lang='grc' dir='ltr'>ἀνάστασις</span> <span class='ocrx_word' id='word_1_4' title='bbox 853 401 962 457; x_wconf 86' lang='grc' dir='ltr'>τῶν</span> <span class='ocrx_word' id='word_1_5' title='bbox 1004 401 1211 472; x_wconf 79' lang='grc' dir='ltr'>νεκρῶν</span> <span class='ocrx_word' id='word_1_6' title='bbox 1249 399 1541 470; x_wconf 85' lang='grc' dir='ltr'>ἀγέννητος</span> <span class='ocrx_word' id='word_1_7' title='bbox 1572 400 1665 453; x_wconf 83' lang='grc' dir='ltr'>νῦν</span> <span class='ocrx_word' id='word_1_8' title='bbox 1687 415 1700 429; x_wconf 89' lang='grc'>·</span> <span class='ocrx_word' id='word_1_9' title='bbox 1737 399 1946 466; x_wconf 89' lang='grc' dir='ltr'>γίνεται</span> <span class='ocrx_word' id='word_1_10' title='bbox 1989 401 2119 472; x_wconf 86' lang='grc' dir='ltr'>γὰρ,</span> 
     </span>
    </p>
   </div>
   <div class='ocr_carea' id='block_1_3' title="bbox 456 489 2124 562">
    <p class='ocr_par' dir='ltr' id='par_1_3' title="bbox 456 489 2124 562">
     <span class='ocr_line' id='line_1_3' title="bbox 456 489 2124 562; baseline -0.003 -14"><span class='ocrx_word' id='word_1_11' title='bbox 456 495 570 548; x_wconf 83' lang='grc' dir='ltr'>ἀλλ’</span> <span class='ocrx_word' id='word_1_12' title='bbox 603 494 754 548; x_wconf 79' lang='grc' dir='ltr'>οῦπω</span> <span class='ocrx_word' id='word_1_13' title='bbox 794 493 1035 562; x_wconf 87' lang='grc' dir='ltr'>γέγονεν,</span> <span class='ocrx_word' id='word_1_14' title='bbox 1074 491 1168 543; x_wconf 77' lang='grc' dir='ltr'>καὶ</span> <span class='ocrx_word' id='word_1_15' title='bbox 1199 489 1344 541; x_wconf 82' lang='grc' dir='ltr'>ἐστιν</span> <span class='ocrx_word' id='word_1_16' title='bbox 1369 489 1865 551; x_wconf 73' lang='grc' dir='ltr'>ἀκατασκεύαστος,</span> <span class='ocrx_word' id='word_1_17' title='bbox 1898 491 2124 560; x_wconf 83' lang='grc' dir='ltr'>μηδέπω</span> 
     </span>
    </p>
   </div>
   <div class='ocr_carea' id='block_1_4' title="bbox 454 575 2123 652">
    <p class='ocr_par' dir='ltr' id='par_1_4' title="bbox 454 575 2123 652">
     <span class='ocr_line' id='line_1_4' title="bbox 454 575 2123 652; baseline -0.004 -16"><span class='ocrx_word' id='word_1_18' title='bbox 454 584 790 652; x_wconf 81' lang='grc' dir='ltr'>γεννωμένη.</span> <span class='ocrx_word' id='word_1_19' title='bbox 837 581 1068 647; x_wconf 83' lang='grc' dir='ltr'><strong>Λέγεται</strong></span> <span class='ocrx_word' id='word_1_20' title='bbox 1106 577 1399 646; x_wconf 85' lang='grc' dir='ltr'>ἀγέννητον</span> <span class='ocrx_word' id='word_1_21' title='bbox 1433 577 1528 628; x_wconf 71' lang='grc' dir='ltr'>καὶ</span> <span class='ocrx_word' id='word_1_22' title='bbox 1570 575 1629 628; x_wconf 86' lang='grc' dir='ltr'>τὸ</span> <span class='ocrx_word' id='word_1_23' title='bbox 1665 576 1932 646; x_wconf 88' lang='grc' dir='ltr'>μηδέποτε</span> <span class='ocrx_word' id='word_1_24' title='bbox 1987 581 2123 648; x_wconf 87' lang='grc' dir='ltr'>μήτε</span> 
     </span>
    </p>
   </div>
   <div class='ocr_carea' id='block_1_5' title="bbox 458 657 2120 737">
    <p class='ocr_par' dir='ltr' id='par_1_5' title="bbox 458 657 2120 737">
     <span class='ocr_line' id='line_1_5' title="bbox 458 657 2120 737; baseline -0.003 -15"><span class='ocrx_word' id='word_1_25' title='bbox 458 669 760 736; x_wconf 80' lang='grc' dir='ltr'>γινόμενον,</span> <span class='ocrx_word' id='word_1_26' title='bbox 789 669 925 737; x_wconf 88' lang='grc' dir='ltr'>μήτε</span> <span class='ocrx_word' id='word_1_27' title='bbox 955 663 1204 733; x_wconf 85' lang='grc' dir='ltr'>γενέσθαι</span> <span class='ocrx_word' id='word_1_28' title='bbox 1224 663 1456 731; x_wconf 81' lang='grc' dir='ltr'>ὀφεῖλον,</span> <span class='ocrx_word' id='word_1_29' title='bbox 1484 657 1594 714; x_wconf 80' lang='grc' dir='ltr'>οἷον</span> <span class='ocrx_word' id='word_1_30' title='bbox 1621 663 1792 715; x_wconf 90' lang='grc' dir='ltr'>πολλά</span> <span class='ocrx_word' id='word_1_31' title='bbox 1817 663 2086 734; x_wconf 87' lang='grc' dir='ltr'>ἀγέννητα</span> <span class='ocrx_word' id='word_1_32' title='bbox 2105 681 2120 695; x_wconf 75' lang='grc'><strong><em>⁸</em></strong></span> 
     </span>
    </p>
   </div>
   <div class='ocr_carea' id='block_1_6' title="bbox 455 749 2126 824">
    <p class='ocr_par' dir='ltr' id='par_1_6' title="bbox 455 749 2126 824">
     <span class='ocr_line' id='line_1_6' title="bbox 455 749 2126 824; baseline -0.001 -17"><span class='ocrx_word' id='word_1_33' title='bbox 455 756 579 808; x_wconf 81' lang='grc' dir='ltr'>ἐπεὶ</span> <span class='ocrx_word' id='word_1_34' title='bbox 610 751 703 807; x_wconf 76' lang='grc' dir='ltr'>οὖν</span> <span class='ocrx_word' id='word_1_35' title='bbox 725 755 774 806; x_wconf 84' lang='grc' dir='ltr'>οἱ</span> <span class='ocrx_word' id='word_1_36' title='bbox 802 753 1096 824; x_wconf 80' lang='grc' dir='ltr'>προφῆται,</span> <span class='ocrx_word' id='word_1_37' title='bbox 1119 751 1214 804; x_wconf 78' lang='grc' dir='ltr'>καὶ</span> <span class='ocrx_word' id='word_1_38' title='bbox 1236 749 1433 820; x_wconf 77' lang='grc' dir='ltr'>Δανιὴλ</span> <span class='ocrx_word' id='word_1_39' title='bbox 1464 751 1560 820; x_wconf 84' lang='grc' dir='ltr'>μὲν</span> <span class='ocrx_word' id='word_1_40' title='bbox 1581 750 1728 817; x_wconf 85' lang='grc' dir='ltr'>λέγει</span> <span class='ocrx_word' id='word_1_41' title='bbox 1747 767 1758 778; x_wconf 91' lang='grc'>·</span> <span class='ocrx_word' id='word_1_42' title='bbox 1803 750 2126 819; x_wconf 79' lang='grc' dir='ltr'>Ἐθεώρουν</span> 
     </span>
    </p>
   </div>
   <div class='ocr_carea' id='block_1_7' title="bbox 453 835 2123 909">
    <p class='ocr_par' dir='ltr' id='par_1_7' title="bbox 453 835 2123 909">
     <span class='ocr_line' id='line_1_7' title="bbox 453 835 2123 909; baseline -0.002 -14"><span class='ocrx_word' id='word_1_43' title='bbox 453 841 720 909; x_wconf 77' lang='grc' dir='ltr'>τέσσαρα</span> <span class='ocrx_word' id='word_1_44' title='bbox 757 841 931 907; x_wconf 76' lang='grc' dir='ltr'>θηρία</span> <span class='ocrx_word' id='word_1_45' title='bbox 961 837 1324 905; x_wconf 76' lang='grc' dir='ltr'>ἐξερχόμενα</span> <span class='ocrx_word' id='word_1_46' title='bbox 1368 837 1436 890; x_wconf 84' lang='grc' dir='ltr'>ἐκ</span> <span class='ocrx_word' id='word_1_47' title='bbox 1482 835 1595 904; x_wconf 82' lang='grc' dir='ltr'>τῆς</span> <span class='ocrx_word' id='word_1_48' title='bbox 1639 835 1990 903; x_wconf 69' lang='grc' dir='ltr'>θαλάσσης·</span> <span class='ocrx_word' id='word_1_49' title='bbox 2025 839 2123 891; x_wconf 80' lang='grc' dir='ltr'>καὶ</span> 
     </span>
    </p>
   </div>
   <div class='ocr_carea' id='block_1_8' title="bbox 453 925 2124 1000">
    <p class='ocr_par' dir='ltr' id='par_1_8' title="bbox 453 925 2124 1000">
     <span class='ocr_line' id='line_1_8' title="bbox 453 925 2124 1000; baseline -0.004 -15"><span class='ocrx_word' id='word_1_50' title='bbox 453 928 533 1000; x_wconf 81' lang='grc' dir='ltr'>ἦν</span> <span class='ocrx_word' id='word_1_51' title='bbox 564 929 630 982; x_wconf 86' lang='grc' dir='ltr'>τὸ</span> <span class='ocrx_word' id='word_1_52' title='bbox 665 928 901 996; x_wconf 82' lang='grc' dir='ltr'>πρῶτον</span> <span class='ocrx_word' id='word_1_53' title='bbox 926 930 1136 995; x_wconf 75' lang='grc' dir='ltr'>θηρίον</span> <span class='ocrx_word' id='word_1_54' title='bbox 1169 926 1311 978; x_wconf 84' lang='grc' dir='ltr'>ὡσεί</span> <span class='ocrx_word' id='word_1_55' title='bbox 1338 925 1572 988; x_wconf 72' lang='grc' dir='ltr'>λέαινα,</span> <span class='ocrx_word' id='word_1_56' title='bbox 1597 925 1696 977; x_wconf 84' lang='grc' dir='ltr'>καί</span> <span class='ocrx_word' id='word_1_57' title='bbox 1727 927 1910 992; x_wconf 82' lang='grc' dir='ltr'>πτερὰ</span> <span class='ocrx_word' id='word_1_58' title='bbox 1939 927 2124 979; x_wconf 85' lang='grc' dir='ltr'>αὐτοῦ</span> 
     </span>
    </p>
   </div>
   <div class='ocr_carea' id='block_1_9' title="bbox 452 1011 2124 1085">
    <p class='ocr_par' dir='ltr' id='par_1_9' title="bbox 452 1011 2124 1085">
     <span class='ocr_line' id='line_1_9' title="bbox 452 1011 2124 1085; baseline -0.005 -13"><span class='ocrx_word' id='word_1_59' title='bbox 452 1021 532 1085; x_wconf 87' lang='grc' dir='ltr'>ὡς</span> <span class='ocrx_word' id='word_1_60' title='bbox 575 1016 774 1071; x_wconf 83' lang='grc' dir='ltr'>ἀετοῦ.</span> <span class='ocrx_word' id='word_1_61' title='bbox 817 1016 927 1068; x_wconf 85' lang='lat' dir='ltr'>Kal</span> <span class='ocrx_word' id='word_1_62' title='bbox 953 1015 1080 1080; x_wconf 87' lang='grc' dir='ltr'>ποῦ,</span> <span class='ocrx_word' id='word_1_63' title='bbox 1119 1015 1240 1066; x_wconf 90' lang='grc' dir='ltr'>είπέ</span> <span class='ocrx_word' id='word_1_64' title='bbox 1286 1031 1398 1084; x_wconf 92' lang='grc' dir='ltr'>μοι,</span> <span class='ocrx_word' id='word_1_65' title='bbox 1428 1011 1636 1065; x_wconf 88' lang='grc' dir='ltr'>ἐθεάσω</span> <span class='ocrx_word' id='word_1_66' title='bbox 1682 1011 1866 1082; x_wconf 83' lang='grc' dir='ltr'>θηρίον</span> <span class='ocrx_word' id='word_1_67' title='bbox 1907 1012 2124 1082; x_wconf 78' lang='grc' dir='ltr'>λεαίνης</span> 
     </span>
    </p>
   </div>
   <div class='ocr_carea' id='block_1_10' title="bbox 451 1095 2124 1174">
    <p class='ocr_par' dir='ltr' id='par_1_10' title="bbox 451 1095 2124 1174">
     <span class='ocr_line' id='line_1_10' title="bbox 451 1095 2124 1174; baseline -0.005 -15"><span class='ocrx_word' id='word_1_68' title='bbox 451 1106 593 1160; x_wconf 84' lang='grc' dir='ltr'>οὐτω</span> <span class='ocrx_word' id='word_1_69' title='bbox 635 1102 1099 1174; x_wconf 82' lang='grc' dir='ltr'>διεσκευασμένην</span> <span class='ocrx_word' id='word_1_70' title='bbox 1133 1101 1254 1170; x_wconf 78' lang='grc' dir='ltr'>ἕχον</span> <span class='ocrx_word' id='word_1_71' title='bbox 1287 1101 1385 1171; x_wconf 85' lang='grc' dir='ltr'>τὴν</span> <span class='ocrx_word' id='word_1_72' title='bbox 1423 1099 1790 1159; x_wconf 85' lang='grc' dir='ltr'>κατάστασιν;</span> <span class='ocrx_word' id='word_1_73' title='bbox 1843 1099 1944 1152; x_wconf 86' lang='grc' dir='ltr'>ποῦ</span> <span class='ocrx_word' id='word_1_74' title='bbox 1987 1095 2124 1163; x_wconf 71' lang='grc' dir='ltr'>εἶδες</span> 
     </span>
    </p>
   </div>
   <div class='ocr_carea' id='block_1_11' title="bbox 454 1185 2124 1265">
    <p class='ocr_par' dir='ltr' id='par_1_11' title="bbox 454 1185 2124 1265">
     <span class='ocr_line' id='line_1_11' title="bbox 454 1185 2124 1265; baseline -0.005 -19"><span class='ocrx_word' id='word_1_75' title='bbox 454 1193 641 1265; x_wconf 86' lang='grc' dir='ltr'>θηρίον</span> <span class='ocrx_word' id='word_1_76' title='bbox 671 1192 793 1262; x_wconf 81' lang='grc' dir='ltr'>ἕχον</span> <span class='ocrx_word' id='word_1_77' title='bbox 815 1192 1012 1259; x_wconf 70' lang='grc' dir='ltr'>ὄνυχας</span> <span class='ocrx_word' id='word_1_78' title='bbox 1034 1187 1284 1259; x_wconf 79' lang='grc' dir='ltr'>σιδηροῦς</span> <span class='ocrx_word' id='word_1_79' title='bbox 1312 1188 1405 1240; x_wconf 72' lang='grc' dir='ltr'>καὶ</span> <span class='ocrx_word' id='word_1_80' title='bbox 1421 1187 1636 1249; x_wconf 80' lang='grc' dir='ltr'>ὀδόντας</span> <span class='ocrx_word' id='word_1_81' title='bbox 1652 1185 1882 1256; x_wconf 82' lang='grc' dir='ltr'>χαλκοῦς</span> <span class='ocrx_word' id='word_1_82' title='bbox 1904 1203 1918 1249; x_wconf 92' lang='grc'><strong>;</strong></span> <span class='ocrx_word' id='word_1_83' title='bbox 1938 1185 2124 1238; x_wconf 89' lang='grc' dir='ltr'>Ταῦτα</span> 
     </span>
    </p>
   </div>
   <div class='ocr_carea' id='block_1_12' title="bbox 449 1267 2121 1348">
    <p class='ocr_par' dir='ltr' id='par_1_12' title="bbox 449 1267 2121 1348">
     <span class='ocr_line' id='line_1_12' title="bbox 449 1267 2121 1348; baseline -0.005 -16"><span class='ocrx_word' id='word_1_84' title='bbox 449 1280 508 1332; x_wconf 70' lang='grc' dir='ltr'>δὲ</span> <span class='ocrx_word' id='word_1_85' title='bbox 537 1281 614 1340; x_wconf 84' lang='grc' dir='ltr'>είς</span> <span class='ocrx_word' id='word_1_86' title='bbox 645 1277 879 1348; x_wconf 81' lang='grc' dir='ltr'>θεωρίαν</span> <span class='ocrx_word' id='word_1_87' title='bbox 902 1275 1236 1328; x_wconf 86' lang='grc' dir='ltr'>ἀνέπλαττεν</span> <span class='ocrx_word' id='word_1_88' title='bbox 1268 1267 1607 1343; x_wconf 69' lang='grc' dir='ltr'>δ’προφήτης</span> <span class='ocrx_word' id='word_1_89' title='bbox 1626 1289 1639 1302; x_wconf 88' lang='grc'>·</span> <span class='ocrx_word' id='word_1_90' title='bbox 1671 1273 1731 1324; x_wconf 89' lang='grc' dir='ltr'>οὐ</span> <span class='ocrx_word' id='word_1_91' title='bbox 1759 1272 1862 1341; x_wconf 79' lang='grc' dir='ltr'>μὴν</span> <span class='ocrx_word' id='word_1_92' title='bbox 1889 1271 2121 1337; x_wconf 86' lang='grc' dir='ltr'>ἐγένετο,</span> 
     </span>
    </p>
   </div>
   <div class='ocr_carea' id='block_1_13' title="bbox 453 1358 2125 1432">
    <p class='ocr_par' dir='ltr' id='par_1_13' title="bbox 453 1358 2125 1432">
     <span class='ocr_line' id='line_1_13' title="bbox 453 1358 2125 1432; baseline -0.005 -14"><span class='ocrx_word' id='word_1_93' title='bbox 453 1366 576 1418; x_wconf 83' lang='grc' dir='ltr'>οὐδὲ</span> <span class='ocrx_word' id='word_1_94' title='bbox 611 1367 839 1432; x_wconf 86' lang='grc' dir='ltr'>γίνεται,</span> <span class='ocrx_word' id='word_1_95' title='bbox 871 1364 987 1416; x_wconf 76' lang='grc' dir='ltr'>ἀλλ’</span> <span class='ocrx_word' id='word_1_96' title='bbox 1022 1362 1137 1415; x_wconf 78' lang='grc' dir='ltr'>ἐστι</span> <span class='ocrx_word' id='word_1_97' title='bbox 1163 1363 1222 1413; x_wconf 86' lang='lat'>1:6</span> <span class='ocrx_word' id='word_1_98' title='bbox 1255 1361 1441 1430; x_wconf 82' lang='grc' dir='ltr'>θηρίον</span> <span class='ocrx_word' id='word_1_99' title='bbox 1471 1362 1647 1412; x_wconf 89' lang='grc' dir='ltr'>ἐκεῖνο</span> <span class='ocrx_word' id='word_1_100' title='bbox 1674 1358 1985 1428; x_wconf 90' lang='grc' dir='ltr'>ἀγέννητον,</span> <span class='ocrx_word' id='word_1_101' title='bbox 2019 1377 2125 1430; x_wconf 89' lang='grc' dir='ltr'>μη-</span> 
     </span>
    </p>
   </div>
   <div class='ocr_carea' id='block_1_14' title="bbox 452 1445 2118 1520">
    <p class='ocr_par' dir='ltr' id='par_1_14' title="bbox 452 1445 2118 1520">
     <span class='ocr_line' id='line_1_14' title="bbox 452 1445 2118 1520; baseline -0.005 -16"><span class='ocrx_word' id='word_1_102' title='bbox 452 1452 732 1505; x_wconf 80' lang='grc' dir='ltr'>δεπώποτε</span> <span class='ocrx_word' id='word_1_103' title='bbox 775 1452 1084 1520; x_wconf 84' lang='grc' dir='ltr'>γενόμενον,</span> <span class='ocrx_word' id='word_1_104' title='bbox 1123 1448 1235 1501; x_wconf 79' lang='grc' dir='ltr'>ἀλλ’</span> <span class='ocrx_word' id='word_1_105' title='bbox 1273 1445 1566 1517; x_wconf 83' lang='grc' dir='ltr'>ὠνομάσθη</span> <span class='ocrx_word' id='word_1_106' title='bbox 1603 1445 1781 1516; x_wconf 87' lang='grc' dir='ltr'>μόνον.</span> <span class='ocrx_word' id='word_1_107' title='bbox 1829 1447 1983 1497; x_wconf 89' lang='grc' dir='ltr'>Ποῖαι</span> <span class='ocrx_word' id='word_1_108' title='bbox 2016 1461 2118 1512; x_wconf 86' lang='grc' dir='ltr'>γυ-</span> 
     </span>
    </p>
   </div>
   <div class='ocr_carea' id='block_1_15' title="bbox 452 1528 2124 1607">
    <p class='ocr_par' dir='ltr' id='par_1_15' title="bbox 452 1528 2124 1607">
     <span class='ocr_line' id='line_1_15' title="bbox 452 1528 2124 1607; baseline -0.004 -17"><span class='ocrx_word' id='word_1_109' title='bbox 452 1542 638 1600; x_wconf 86' lang='grc' dir='ltr'>ναῖκες</span> <span class='ocrx_word' id='word_1_110' title='bbox 688 1538 932 1606; x_wconf 82' lang='grc' dir='ltr'>ἐγένοντο</span> <span class='ocrx_word' id='word_1_111' title='bbox 964 1537 1142 1607; x_wconf 89' lang='grc' dir='ltr'>πτερά</span> <span class='ocrx_word' id='word_1_112' title='bbox 1187 1536 1428 1605; x_wconf 78' lang='grc' dir='ltr'>ἔχουσαι,</span> <span class='ocrx_word' id='word_1_113' title='bbox 1471 1533 1588 1596; x_wconf 81' lang='grc' dir='ltr'>οἵας</span> <span class='ocrx_word' id='word_1_114' title='bbox 1637 1528 1743 1586; x_wconf 82' lang='grc' dir='ltr'>οἶδε</span> <span class='ocrx_word' id='word_1_115' title='bbox 1777 1545 1803 1572; x_wconf 73' lang='grc' dir='ltr'>ι</span> <span class='ocrx_word' id='word_1_116' title='bbox 1849 1532 2124 1602; x_wconf 75' lang='grc' dir='ltr'>Ζαχαρίας</span> 
     </span>
    </p>
   </div>
   <div class='ocr_carea' id='block_1_16' title="bbox 453 1620 2119 1696">
    <p class='ocr_par' dir='ltr' id='par_1_16' title="bbox 453 1620 2119 1696">
     <span class='ocr_line' id='line_1_16' title="bbox 453 1620 2119 1696; baseline -0.004 -17"><span class='ocrx_word' id='word_1_117' title='bbox 453 1627 631 1696; x_wconf 88' lang='grc' dir='ltr'>πτερά</span> <span class='ocrx_word' id='word_1_118' title='bbox 665 1625 972 1696; x_wconf 80' lang='grc' dir='ltr'>φερούσαςς</span> <span class='ocrx_word' id='word_1_119' title='bbox 1005 1625 1104 1677; x_wconf 83' lang='grc' dir='ltr'>ποῦ</span> <span class='ocrx_word' id='word_1_120' title='bbox 1129 1624 1336 1676; x_wconf 83' lang='grc' dir='ltr'>ἐθεάσω</span> <span class='ocrx_word' id='word_1_121' title='bbox 1364 1621 1628 1692; x_wconf 80' lang='grc' dir='ltr'>πάρδαλιν</span> <span class='ocrx_word' id='word_1_122' title='bbox 1657 1621 1883 1689; x_wconf 79' lang='grc' dir='ltr'>ἔχουσαν</span> <span class='ocrx_word' id='word_1_123' title='bbox 1913 1620 2119 1690; x_wconf 89' lang='grc' dir='ltr'>πτερά;</span> 
     </span>
    </p>
   </div>
   <div class='ocr_carea' id='block_1_17' title="bbox 454 1705 2122 1780">
    <p class='ocr_par' dir='ltr' id='par_1_17' title="bbox 454 1705 2122 1780">
     <span class='ocr_line' id='line_1_17' title="bbox 454 1705 2122 1780; baseline -0.004 -14"><span class='ocrx_word' id='word_1_124' title='bbox 454 1714 638 1767; x_wconf 82' lang='grc' dir='ltr'>Ταῦτα</span> <span class='ocrx_word' id='word_1_125' title='bbox 674 1713 729 1765; x_wconf 80' lang='grc' dir='ltr'>δὲ</span> <span class='ocrx_word' id='word_1_126' title='bbox 762 1713 938 1765; x_wconf 86' lang='grc' dir='ltr'>πάντα</span> <span class='ocrx_word' id='word_1_127' title='bbox 967 1712 1235 1780; x_wconf 73' lang='grc' dir='ltr'>ἐξηγεῖται</span> <span class='ocrx_word' id='word_1_128' title='bbox 1264 1712 1291 1762; x_wconf 98' lang='lat'>6</span> <span class='ocrx_word' id='word_1_129' title='bbox 1323 1709 1589 1779; x_wconf 89' lang='grc' dir='ltr'>μακάριος</span> <span class='ocrx_word' id='word_1_130' title='bbox 1618 1705 1832 1776; x_wconf 88' lang='grc' dir='ltr'>Δανιήλ.</span> <span class='ocrx_word' id='word_1_131' title='bbox 1871 1705 2019 1778; x_wconf 71' lang='grc'>[421]</span> <span class='ocrx_word' id='word_1_132' title='bbox 2050 1708 2122 1759; x_wconf 86' lang='grc' dir='ltr'><strong><em>Ἦ</em></strong></span> 
     </span>
    </p>
   </div>
   <div class='ocr_carea' id='block_1_18' title="bbox 455 1793 2122 1870">
    <p class='ocr_par' dir='ltr' id='par_1_18' title="bbox 455 1793 2122 1870">
     <span class='ocr_line' id='line_1_18' title="bbox 455 1793 2122 1870; baseline -0.005 -16"><span class='ocrx_word' id='word_1_133' title='bbox 455 1801 558 1854; x_wconf 86' lang='grc' dir='ltr'>ποῦ</span> <span class='ocrx_word' id='word_1_134' title='bbox 586 1800 795 1853; x_wconf 77' lang='grc' dir='ltr'>ἐθεάσω</span> <span class='ocrx_word' id='word_1_135' title='bbox 826 1799 1116 1870; x_wconf 82' lang='grc' dir='ltr'>ἀνδριάντα</span> <span class='ocrx_word' id='word_1_136' title='bbox 1146 1798 1254 1851; x_wconf 80' lang='grc' dir='ltr'>ἀπὸ</span> <span class='ocrx_word' id='word_1_137' title='bbox 1275 1795 1476 1866; x_wconf 77' lang='grc' dir='ltr'>χρυσοῦ</span> <span class='ocrx_word' id='word_1_138' title='bbox 1501 1795 1595 1848; x_wconf 79' lang='grc' dir='ltr'>καὶ</span> <span class='ocrx_word' id='word_1_139' title='bbox 1621 1793 1862 1865; x_wconf 87' lang='grc' dir='ltr'>ἀργύρου</span> <span class='ocrx_word' id='word_1_140' title='bbox 1887 1794 1979 1846; x_wconf 84' lang='grc' dir='ltr'>καὶ</span> <span class='ocrx_word' id='word_1_141' title='bbox 2001 1793 2122 1862; x_wconf 89' lang='grc' dir='ltr'>χαλ-</span> 
     </span>
    </p>
   </div>
   <div class='ocr_carea' id='block_1_19' title="bbox 455 1882 2120 1958">
    <p class='ocr_par' dir='ltr' id='par_1_19' title="bbox 455 1882 2120 1958">
     <span class='ocr_line' id='line_1_19' title="bbox 455 1882 2120 1958; baseline -0.005 -15"><span class='ocrx_word' id='word_1_142' title='bbox 455 1889 555 1943; x_wconf 86' lang='grc' dir='ltr'>κοῦ</span> <span class='ocrx_word' id='word_1_143' title='bbox 589 1890 681 1942; x_wconf 74' lang='grc' dir='ltr'>καὶ</span> <span class='ocrx_word' id='word_1_144' title='bbox 717 1889 935 1958; x_wconf 81' lang='grc' dir='ltr'>σιδήρου</span> <span class='ocrx_word' id='word_1_145' title='bbox 971 1889 1064 1940; x_wconf 81' lang='grc' dir='ltr'>καὶ</span> <span class='ocrx_word' id='word_1_146' title='bbox 1095 1887 1364 1956; x_wconf 82' lang='grc' dir='ltr'>ὀστράκου</span> <span class='ocrx_word' id='word_1_147' title='bbox 1392 1885 1491 1954; x_wconf 79' lang='grc' dir='ltr'>τήν</span> <span class='ocrx_word' id='word_1_148' title='bbox 1529 1882 1878 1952; x_wconf 77' lang='grc' dir='ltr'>κατασκευὴν</span> <span class='ocrx_word' id='word_1_149' title='bbox 1912 1883 2120 1951; x_wconf 81' lang='grc' dir='ltr'>ἔχοντα,</span> 
     </span>
    </p>
   </div>
   <div class='ocr_carea' id='block_1_20' title="bbox 453 1968 2124 2044">
    <p class='ocr_par' dir='ltr' id='par_1_20' title="bbox 453 1968 2124 2044">
     <span class='ocr_line' id='line_1_20' title="bbox 453 1968 2124 2044; baseline -0.005 -16"><span class='ocrx_word' id='word_1_150' title='bbox 453 1972 565 2029; x_wconf 72' lang='grc' dir='ltr'>οἷον</span> <span class='ocrx_word' id='word_1_151' title='bbox 588 1971 696 2028; x_wconf 84' lang='grc' dir='ltr'>εἶδε</span> <span class='ocrx_word' id='word_1_152' title='bbox 727 1975 959 2044; x_wconf 76' lang='grc' dir='ltr'>Δανιὴλ;</span> <span class='ocrx_word' id='word_1_153' title='bbox 994 1975 1226 2028; x_wconf 72' lang='grc' dir='ltr'>ἕκαστον</span> <span class='ocrx_word' id='word_1_154' title='bbox 1253 1973 1310 2025; x_wconf 83' lang='grc' dir='ltr'>δέ</span> <span class='ocrx_word' id='word_1_155' title='bbox 1339 1971 1544 2024; x_wconf 90' lang='grc' dir='ltr'>τούτων</span> <span class='ocrx_word' id='word_1_156' title='bbox 1566 1970 1861 2038; x_wconf 82' lang='grc' dir='ltr'>ἀγέννητον</span> <span class='ocrx_word' id='word_1_157' title='bbox 1887 1982 1901 1996; x_wconf 85' lang='lat'>&#39;</span> <span class='ocrx_word' id='word_1_158' title='bbox 1928 1969 1988 2020; x_wconf 92' lang='grc' dir='ltr'>οὐ</span> <span class='ocrx_word' id='word_1_159' title='bbox 2016 1968 2124 2039; x_wconf 82' lang='grc' dir='ltr'>γὰρ</span> 
     </span>
    </p>
   </div>
   <div class='ocr_carea' id='block_1_21' title="bbox 453 2053 2123 2134">
    <p class='ocr_par' dir='ltr' id='par_1_21' title="bbox 453 2053 2123 2134">
     <span class='ocr_line' id='line_1_21' title="bbox 453 2053 2123 2134; baseline -0.007 -17"><span class='ocrx_word' id='word_1_160' title='bbox 453 2065 668 2132; x_wconf 82' lang='grc' dir='ltr'>ἐγένετο</span> <span class='ocrx_word' id='word_1_161' title='bbox 694 2081 706 2092; x_wconf 90' lang='grc'>·</span> <span class='ocrx_word' id='word_1_162' title='bbox 725 2062 1008 2134; x_wconf 80' lang='grc' dir='ltr'>ἀνεγράφη</span> <span class='ocrx_word' id='word_1_163' title='bbox 1037 2061 1092 2112; x_wconf 87' lang='grc' dir='ltr'>δὲ</span> <span class='ocrx_word' id='word_1_164' title='bbox 1122 2061 1197 2122; x_wconf 84' lang='grc' dir='ltr'>ῶς</span> <span class='ocrx_word' id='word_1_165' title='bbox 1220 2058 1442 2128; x_wconf 81' lang='grc' dir='ltr'>πλάσμα</span> <span class='ocrx_word' id='word_1_166' title='bbox 1461 2059 1553 2110; x_wconf 74' lang='grc' dir='ltr'>καὶ</span> <span class='ocrx_word' id='word_1_167' title='bbox 1579 2055 1800 2125; x_wconf 87' lang='grc' dir='ltr'>θεωρία.</span> <span class='ocrx_word' id='word_1_168' title='bbox 1830 2055 1920 2124; x_wconf 81' lang='grc' dir='ltr'>Μὴ</span> <span class='ocrx_word' id='word_1_169' title='bbox 1945 2053 2123 2106; x_wconf 89' lang='grc' dir='ltr'>τοίνυν</span> 
     </span>
    </p>
   </div>
   <div class='ocr_carea' id='block_1_22' title="bbox 453 2139 2123 2222">
    <p class='ocr_par' dir='ltr' id='par_1_22' title="bbox 453 2139 2123 2222">
     <span class='ocr_line' id='line_1_22' title="bbox 453 2139 2123 2222; baseline -0.006 -19"><span class='ocrx_word' id='word_1_170' title='bbox 453 2151 681 2222; x_wconf 75' lang='grc' dir='ltr'>νομίσῃς</span> <span class='ocrx_word' id='word_1_171' title='bbox 719 2149 859 2220; x_wconf 90' lang='grc' dir='ltr'>μέγα</span> <span class='ocrx_word' id='word_1_172' title='bbox 889 2166 940 2201; x_wconf 91' lang='grc' dir='ltr'>τι</span> <span class='ocrx_word' id='word_1_173' title='bbox 973 2147 1049 2216; x_wconf 77' lang='grc' dir='ltr'>τῷ</span> <span class='ocrx_word' id='word_1_174' title='bbox 1083 2146 1255 2216; x_wconf 74' lang='grc' dir='ltr'>Πατρὶ</span> <span class='ocrx_word' id='word_1_175' title='bbox 1296 2142 1616 2214; x_wconf 76' lang='grc' dir='ltr'>χαρίζεσθαι</span> <span class='ocrx_word' id='word_1_176' title='bbox 1652 2141 1729 2212; x_wconf 86' lang='grc' dir='ltr'>τῷ</span> <span class='ocrx_word' id='word_1_177' title='bbox 1756 2140 1934 2207; x_wconf 86' lang='grc' dir='ltr'>λέγειν</span> <span class='ocrx_word' id='word_1_178' title='bbox 1963 2139 2123 2193; x_wconf 82' lang='grc' dir='ltr'>αὐτὸν</span> 
     </span>
    </p>
   </div>
   <div class='ocr_carea' id='block_1_23' title="bbox 454 2227 2124 2309">
    <p class='ocr_par' dir='ltr' id='par_1_23' title="bbox 454 2227 2124 2309">
     <span class='ocr_line' id='line_1_23' title="bbox 454 2227 2124 2309; baseline -0.008 -16"><span class='ocrx_word' id='word_1_179' title='bbox 454 2240 772 2309; x_wconf 80' lang='grc' dir='ltr'>ἀγέννητον.</span> <span class='ocrx_word' id='word_1_180' title='bbox 807 2238 895 2290; x_wconf 81' lang='grc' dir='ltr'>διὰ</span> <span class='ocrx_word' id='word_1_181' title='bbox 933 2237 993 2290; x_wconf 82' lang='lat'>:6</span> <span class='ocrx_word' id='word_1_182' title='bbox 1029 2235 1198 2288; x_wconf 87' lang='grc' dir='ltr'>πολλὰ</span> <span class='ocrx_word' id='word_1_183' title='bbox 1225 2237 1318 2288; x_wconf 75' lang='grc' dir='ltr'>καὶ</span> <span class='ocrx_word' id='word_1_184' title='bbox 1347 2234 1510 2304; x_wconf 86' lang='grc' dir='ltr'>ἐτερα</span> <span class='ocrx_word' id='word_1_185' title='bbox 1544 2233 1618 2302; x_wconf 78' lang='grc' dir='ltr'>μὴ</span> <span class='ocrx_word' id='word_1_186' title='bbox 1644 2229 2015 2298; x_wconf 85' lang='grc' dir='ltr'>γεγεννημένα</span> <span class='ocrx_word' id='word_1_187' title='bbox 2037 2227 2124 2280; x_wconf 83' lang='grc' dir='ltr'>λέ-</span> 
     </span>
    </p>
   </div>
   <div class='ocr_carea' id='block_1_24' title="bbox 453 2313 2123 2395">
    <p class='ocr_par' dir='ltr' id='par_1_24' title="bbox 453 2313 2123 2395">
     <span class='ocr_line' id='line_1_24' title="bbox 453 2313 2123 2395; baseline -0.007 -16"><span class='ocrx_word' id='word_1_188' title='bbox 453 2326 646 2394; x_wconf 87' lang='grc' dir='ltr'>γεσθαι</span> <span class='ocrx_word' id='word_1_189' title='bbox 671 2325 957 2395; x_wconf 79' lang='grc' dir='ltr'>ἀγέννητα.</span> <span class='ocrx_word' id='word_1_190' title='bbox 990 2319 1124 2376; x_wconf 85' lang='grc' dir='ltr'>υἷδα</span> <span class='ocrx_word' id='word_1_191' title='bbox 1147 2324 1228 2375; x_wconf 85' lang='grc' dir='ltr'>ὅτι</span> <span class='ocrx_word' id='word_1_192' title='bbox 1249 2321 1414 2392; x_wconf 78' lang='grc' dir='ltr'>βαθὺς</span> <span class='ocrx_word' id='word_1_193' title='bbox 1429 2322 1457 2372; x_wconf 90' lang='lat'>6</span> <span class='ocrx_word' id='word_1_194' title='bbox 1477 2319 1633 2385; x_wconf 78' lang='grc' dir='ltr'>λόγος</span> <span class='ocrx_word' id='word_1_195' title='bbox 1651 2333 1662 2344; x_wconf 89' lang='grc'>·</span> <span class='ocrx_word' id='word_1_196' title='bbox 1685 2316 1796 2369; x_wconf 78' lang='grc' dir='ltr'>ἀλλ’</span> <span class='ocrx_word' id='word_1_197' title='bbox 1815 2316 1899 2368; x_wconf 82' lang='grc' dir='ltr'>ἵνα</span> <span class='ocrx_word' id='word_1_198' title='bbox 1922 2313 2123 2383; x_wconf 83' lang='grc' dir='ltr'>ἐλέγξω</span> 
     </span>
    </p>
   </div>
   <div class='ocr_carea' id='block_1_25' title="bbox 454 2402 2119 2485">
    <p class='ocr_par' dir='ltr' id='par_1_25' title="bbox 454 2402 2119 2485">
     <span class='ocr_line' id='line_1_25' title="bbox 454 2402 2119 2485; baseline -0.009 -17"><span class='ocrx_word' id='word_1_199' title='bbox 454 2414 553 2485; x_wconf 79' lang='grc' dir='ltr'>τὴν</span> <span class='ocrx_word' id='word_1_200' title='bbox 585 2413 868 2484; x_wconf 80' lang='grc' dir='ltr'>αίρετικήν</span> <span class='ocrx_word' id='word_1_201' title='bbox 891 2412 1109 2475; x_wconf 85' lang='grc' dir='ltr'>κακίαν,</span> <span class='ocrx_word' id='word_1_202' title='bbox 1153 2413 1233 2472; x_wconf 88' lang='grc' dir='ltr'>εἰς</span> <span class='ocrx_word' id='word_1_203' title='bbox 1275 2407 1463 2460; x_wconf 89' lang='grc' dir='ltr'>τούσδε</span> <span class='ocrx_word' id='word_1_204' title='bbox 1489 2409 1613 2466; x_wconf 80' lang='grc' dir='ltr'>τούς</span> <span class='ocrx_word' id='word_1_205' title='bbox 1639 2405 1834 2466; x_wconf 87' lang='grc' dir='ltr'>τόπους</span> <span class='ocrx_word' id='word_1_206' title='bbox 1867 2402 2119 2473; x_wconf 78' lang='grc' dir='ltr'>ἐλήλυθα.</span> 
     </span>
    </p>
   </div>
   <div class='ocr_carea' id='block_1_26' title="bbox 462 2489 2124 2569">
    <p class='ocr_par' dir='ltr' id='par_1_26' title="bbox 462 2489 2124 2569">
     <span class='ocr_line' id='line_1_26' title="bbox 462 2489 2124 2569; baseline -0.008 -13"><span class='ocrx_word' id='word_1_207' title='bbox 462 2503 693 2568; x_wconf 82' lang='grc' dir='ltr'>Λέγεται</span> <span class='ocrx_word' id='word_1_208' title='bbox 737 2501 829 2553; x_wconf 69' lang='grc' dir='ltr'>καὶ</span> <span class='ocrx_word' id='word_1_209' title='bbox 864 2499 1150 2569; x_wconf 82' lang='grc' dir='ltr'>ἄνθρωπος</span> <span class='ocrx_word' id='word_1_210' title='bbox 1185 2498 1478 2564; x_wconf 87' lang='grc' dir='ltr'>άγέννητος</span> <span class='ocrx_word' id='word_1_211' title='bbox 1508 2494 1536 2545; x_wconf 89' lang='lat'>6</span> <span class='ocrx_word' id='word_1_212' title='bbox 1569 2494 1643 2562; x_wconf 81' lang='grc' dir='ltr'>μὴ</span> <span class='ocrx_word' id='word_1_213' title='bbox 1683 2489 1983 2562; x_wconf 86' lang='grc' dir='ltr'>γεννηθείς.</span> <span class='ocrx_word' id='word_1_214' title='bbox 2013 2490 2124 2543; x_wconf 98' lang='lat' dir='ltr'>Kal</span> 
     </span>
    </p>
   </div>
   <div class='ocr_carea' id='block_1_27' title="bbox 457 2577 2126 2658">
    <p class='ocr_par' dir='ltr' id='par_1_27' title="bbox 457 2577 2126 2658">
     <span class='ocr_line' id='line_1_27' title="bbox 457 2577 2126 2658; baseline -0.007 -16"><span class='ocrx_word' id='word_1_215' title='bbox 457 2589 508 2642; x_wconf 84' lang='grc' dir='ltr'>εί</span> <span class='ocrx_word' id='word_1_216' title='bbox 538 2589 613 2658; x_wconf 81' lang='grc' dir='ltr'>μὴ</span> <span class='ocrx_word' id='word_1_217' title='bbox 641 2587 927 2656; x_wconf 79' lang='grc' dir='ltr'>ἐγεννήθη,</span> <span class='ocrx_word' id='word_1_218' title='bbox 952 2587 1106 2656; x_wconf 79' lang='grc' dir='ltr'>φησὶ,</span> <span class='ocrx_word' id='word_1_219' title='bbox 1139 2584 1254 2647; x_wconf 88' lang='grc' dir='ltr'>πῶς</span> <span class='ocrx_word' id='word_1_220' title='bbox 1266 2583 1481 2651; x_wconf 88' lang='grc' dir='ltr'>λέγεται</span> <span class='ocrx_word' id='word_1_221' title='bbox 1505 2599 1519 2645; x_wconf 90' lang='lat'><strong>;</strong></span> <span class='ocrx_word' id='word_1_222' title='bbox 1543 2580 1801 2650; x_wconf 87' lang='grc' dir='ltr'>Δείκνυμί</span> <span class='ocrx_word' id='word_1_223' title='bbox 1823 2595 1904 2633; x_wconf 89' lang='grc' dir='ltr'>σοι</span> <span class='ocrx_word' id='word_1_224' title='bbox 1923 2577 2126 2651; x_wconf 78' lang='grc' dir='ltr'>ἀνθρω-</span> 
     </span>
    </p>
   </div>
   <div class='ocr_carea' id='block_1_28' title="bbox 454 2665 2122 2746">
    <p class='ocr_par' dir='ltr' id='par_1_28' title="bbox 454 2665 2122 2746">
     <span class='ocr_line' id='line_1_28' title="bbox 454 2665 2122 2746; baseline -0.007 -16"><span class='ocrx_word' id='word_1_225' title='bbox 454 2693 555 2730; x_wconf 84' lang='grc' dir='ltr'>πον</span> <span class='ocrx_word' id='word_1_226' title='bbox 588 2677 661 2746; x_wconf 80' lang='grc' dir='ltr'>μὴ</span> <span class='ocrx_word' id='word_1_227' title='bbox 695 2675 1055 2744; x_wconf 78' lang='grc' dir='ltr'>γεννηθέντα·</span> <span class='ocrx_word' id='word_1_228' title='bbox 1081 2673 1229 2740; x_wconf 89' lang='grc' dir='ltr'>λέγει</span> <span class='ocrx_word' id='word_1_229' title='bbox 1257 2667 1348 2724; x_wconf 83' lang='grc' dir='ltr'>οὖν</span> <span class='ocrx_word' id='word_1_230' title='bbox 1375 2672 1403 2722; x_wconf 89' lang='lat'>6</span> <span class='ocrx_word' id='word_1_231' title='bbox 1430 2668 1620 2736; x_wconf 86' lang='grc' dir='ltr'>Σωτὴρ</span> <span class='ocrx_word' id='word_1_232' title='bbox 1656 2668 1783 2736; x_wconf 77' lang='grc' dir='ltr'>περὶ</span> <span class='ocrx_word' id='word_1_233' title='bbox 1823 2665 1989 2720; x_wconf 86' lang='grc' dir='ltr'>Ἰούδα</span> <span class='ocrx_word' id='word_1_234' title='bbox 2026 2665 2122 2719; x_wconf 87' lang='grc' dir='ltr'>τοῦ</span> 
     </span>
    </p>
   </div>
   <div class='ocr_carea' id='block_1_29' title="bbox 455 2750 2124 2836">
    <p class='ocr_par' dir='ltr' id='par_1_29' title="bbox 455 2750 2124 2836">
     <span class='ocr_line' id='line_1_29' title="bbox 455 2750 2124 2836; baseline -0.005 -20"><span class='ocrx_word' id='word_1_235' title='bbox 455 2766 716 2836; x_wconf 85' lang='grc' dir='ltr'>προδότου</span> <span class='ocrx_word' id='word_1_236' title='bbox 739 2781 753 2794; x_wconf 90' lang='grc'>·</span> <span class='ocrx_word' id='word_1_237' title='bbox 777 2763 923 2817; x_wconf 82' lang='grc' dir='ltr'>Οὐαί</span> <span class='ocrx_word' id='word_1_238' title='bbox 949 2761 1027 2827; x_wconf 83' lang='grc' dir='ltr'>τῷ</span> <span class='ocrx_word' id='word_1_239' title='bbox 1055 2759 1342 2828; x_wconf 83' lang='grc' dir='ltr'>ἀνθρώπῳ</span> <span class='ocrx_word' id='word_1_240' title='bbox 1355 2758 1582 2822; x_wconf 82' lang='grc' dir='ltr'>ἐκείνῳ,</span> <span class='ocrx_word' id='word_1_241' title='bbox 1605 2754 1676 2807; x_wconf 87' lang='grc' dir='ltr'>δι’</span> <span class='ocrx_word' id='word_1_242' title='bbox 1700 2750 1770 2809; x_wconf 85' lang='grc' dir='ltr'>οὗ</span> <span class='ocrx_word' id='word_1_243' title='bbox 1801 2753 2124 2822; x_wconf 84' lang='grc' dir='ltr'>παραδίδο-</span> 
     </span>
    </p>
   </div>
   <div class='ocr_carea' id='block_1_30' title="bbox 451 2839 2122 2916">
    <p class='ocr_par' dir='ltr' id='par_1_30' title="bbox 451 2839 2122 2916">
     <span class='ocr_line' id='line_1_30' title="bbox 451 2839 2122 2916; baseline -0.007 -11"><span class='ocrx_word' id='word_1_244' title='bbox 451 2868 546 2905; x_wconf 81' lang='grc' dir='ltr'>ται</span> <span class='ocrx_word' id='word_1_245' title='bbox 578 2854 611 2904; x_wconf 87' lang='grc' dir='ltr'>ό</span> <span class='ocrx_word' id='word_1_246' title='bbox 651 2852 781 2916; x_wconf 69' lang='grc' dir='ltr'>Υἱὸς</span> <span class='ocrx_word' id='word_1_247' title='bbox 818 2849 924 2903; x_wconf 82' lang='grc' dir='ltr'>τοῦ</span> <span class='ocrx_word' id='word_1_248' title='bbox 968 2848 1310 2914; x_wconf 83' lang='grc' dir='ltr'>ἀνθρώπου·</span> <span class='ocrx_word' id='word_1_249' title='bbox 1350 2843 1684 2912; x_wconf 65' lang='grc' dir='ltr'>συνέφερεν</span> <span class='ocrx_word' id='word_1_250' title='bbox 1720 2841 1898 2906; x_wconf 79' lang='grc' dir='ltr'>αὐτῷ,</span> <span class='ocrx_word' id='word_1_251' title='bbox 1943 2843 1995 2894; x_wconf 78' lang='grc' dir='ltr'>εὶ</span> <span class='ocrx_word' id='word_1_252' title='bbox 2033 2839 2122 2909; x_wconf 79' lang='grc' dir='ltr'><em>μὴ</em></span> 
     </span>
    </p>
   </div>
   <div class='ocr_carea' id='block_1_31' title="bbox 452 2929 2122 3007">
    <p class='ocr_par' dir='ltr' id='par_1_31' title="bbox 452 2929 2122 3007">
     <span class='ocr_line' id='line_1_31' title="bbox 452 2929 2122 3007; baseline -0.007 -16"><span class='ocrx_word' id='word_1_253' title='bbox 452 2937 764 3007; x_wconf 73' lang='grc' dir='ltr'>ἐγεννήθη.</span> <span class='ocrx_word' id='word_1_254' title='bbox 815 2936 918 2990; x_wconf 82' lang='lat' dir='ltr'>Kal</span> <span class='ocrx_word' id='word_1_255' title='bbox 965 2936 1078 2999; x_wconf 86' lang='grc' dir='ltr'>πῶς</span> <span class='ocrx_word' id='word_1_256' title='bbox 1111 2933 1260 3004; x_wconf 88' lang='grc' dir='ltr'>αὐτῷ</span> <span class='ocrx_word' id='word_1_257' title='bbox 1299 2933 1590 3002; x_wconf 84' lang='grc' dir='ltr'>συνέφερε;</span> <span class='ocrx_word' id='word_1_258' title='bbox 1637 2930 1717 3000; x_wconf 80' lang='grc' dir='ltr'>τῷ</span> <span class='ocrx_word' id='word_1_259' title='bbox 1742 2931 1850 2998; x_wconf 73' lang='grc' dir='ltr'>γὰρ</span> <span class='ocrx_word' id='word_1_260' title='bbox 1901 2931 1976 2998; x_wconf 80' lang='grc' dir='ltr'>μὴ</span> <span class='ocrx_word' id='word_1_261' title='bbox 2010 2929 2122 2981; x_wconf 75' lang='grc' dir='ltr'>ὄντι</span> 
     </span>
    </p>
   </div>
   <div class='ocr_carea' id='block_1_32' title="bbox 451 3016 2122 3095">
    <p class='ocr_par' dir='ltr' id='par_1_32' title="bbox 451 3016 2122 3095">
     <span class='ocr_line' id='line_1_32' title="bbox 451 3016 2122 3095; baseline -0.005 -16"><span class='ocrx_word' id='word_1_262' title='bbox 451 3027 605 3080; x_wconf 80' lang='grc' dir='ltr'>οὐδὲν</span> <span class='ocrx_word' id='word_1_263' title='bbox 638 3024 762 3078; x_wconf 78' lang='grc' dir='ltr'>οὐτε</span> <span class='ocrx_word' id='word_1_264' title='bbox 796 3025 1086 3095; x_wconf 80' lang='grc' dir='ltr'>συμφέρει,</span> <span class='ocrx_word' id='word_1_265' title='bbox 1125 3021 1248 3076; x_wconf 84' lang='grc' dir='ltr'>οὐτε</span> <span class='ocrx_word' id='word_1_266' title='bbox 1276 3021 1480 3091; x_wconf 80' lang='grc' dir='ltr'>ζημίαν</span> <span class='ocrx_word' id='word_1_267' title='bbox 1521 3021 1696 3091; x_wconf 85' lang='grc' dir='ltr'>φέρει.</span> <span class='ocrx_word' id='word_1_268' title='bbox 1729 3020 1838 3071; x_wconf 83' lang='lat' dir='ltr'>Kal</span> <span class='ocrx_word' id='word_1_269' title='bbox 1870 3016 2122 3088; x_wconf 78' lang='grc' dir='ltr'>Σολομὼν</span> 
     </span>
    </p>
   </div>
   <div class='ocr_carea' id='block_1_33' title="bbox 450 3105 2117 3184">
    <p class='ocr_par' dir='ltr' id='par_1_33' title="bbox 450 3105 2117 3184">
     <span class='ocr_line' id='line_1_33' title="bbox 450 3105 2117 3184; baseline -0.007 -17"><span class='ocrx_word' id='word_1_270' title='bbox 450 3115 506 3167; x_wconf 78' lang='grc' dir='ltr'>δέ</span> <span class='ocrx_word' id='word_1_271' title='bbox 541 3113 830 3184; x_wconf 79' lang='grc' dir='ltr'>μακαρίζει</span> <span class='ocrx_word' id='word_1_272' title='bbox 853 3111 1138 3183; x_wconf 76' lang='grc' dir='ltr'>ἄνθρωπον</span> <span class='ocrx_word' id='word_1_273' title='bbox 1165 3110 1254 3162; x_wconf 82' lang='grc' dir='ltr'>τὸν</span> <span class='ocrx_word' id='word_1_274' title='bbox 1285 3110 1360 3179; x_wconf 83' lang='grc' dir='ltr'>μὴ</span> <span class='ocrx_word' id='word_1_275' title='bbox 1387 3107 1736 3178; x_wconf 84' lang='grc' dir='ltr'>γεννηθέντα,</span> <span class='ocrx_word' id='word_1_276' title='bbox 1769 3105 1894 3158; x_wconf 89' lang='grc' dir='ltr'>τάδε</span> <span class='ocrx_word' id='word_1_277' title='bbox 1912 3105 2084 3171; x_wconf 88' lang='grc' dir='ltr'>λέγων</span> <span class='ocrx_word' id='word_1_278' title='bbox 2103 3121 2117 3136; x_wconf 78' lang='grc'><strong><em>⁸</em></strong></span> 
     </span>
    </p>
   </div>
   <div class='ocr_carea' id='block_1_34' title="bbox 451 3191 2122 3268">
    <p class='ocr_par' dir='ltr' id='par_1_34' title="bbox 451 3191 2122 3268">
     <span class='ocr_line' id='line_1_34' title="bbox 451 3191 2122 3268; baseline -0.007 -12"><span class='ocrx_word' id='word_1_279' title='bbox 451 3200 751 3268; x_wconf 80' lang='grc' dir='ltr'>Μακάριος</span> <span class='ocrx_word' id='word_1_280' title='bbox 785 3203 818 3254; x_wconf 84' lang='grc' dir='ltr'>ό</span> <span class='ocrx_word' id='word_1_281' title='bbox 845 3199 1141 3265; x_wconf 78' lang='grc' dir='ltr'>τεθνηκὼς</span> <span class='ocrx_word' id='word_1_282' title='bbox 1164 3195 1402 3267; x_wconf 70' lang='grc' dir='ltr'>μᾶλλον</span> <span class='ocrx_word' id='word_1_283' title='bbox 1435 3197 1472 3264; x_wconf 82' lang='grc' dir='ltr'><strong><em>ἢ</em></strong></span> <span class='ocrx_word' id='word_1_284' title='bbox 1495 3193 1624 3258; x_wconf 80' lang='grc' dir='ltr'>ζῶν,</span> <span class='ocrx_word' id='word_1_285' title='bbox 1658 3193 1756 3247; x_wconf 83' lang='grc' dir='ltr'>καί</span> <span class='ocrx_word' id='word_1_286' title='bbox 1784 3193 1936 3261; x_wconf 83' lang='grc' dir='ltr'>ὑπὲρ</span> <span class='ocrx_word' id='word_1_287' title='bbox 1978 3191 2122 3256; x_wconf 83' lang='grc' dir='ltr'>τοὺς</span> 
     </span>
    </p>
   </div>
   <div class='ocr_carea' id='block_1_35' title="bbox 450 3277 2121 3356">
    <p class='ocr_par' dir='ltr' id='par_1_35' title="bbox 450 3277 2121 3356">
     <span class='ocr_line' id='line_1_35' title="bbox 450 3277 2121 3356; baseline -0.008 -13"><span class='ocrx_word' id='word_1_288' title='bbox 450 3290 562 3343; x_wconf 86' lang='grc' dir='ltr'>δύο</span> <span class='ocrx_word' id='word_1_289' title='bbox 591 3292 624 3342; x_wconf 77' lang='grc' dir='ltr'>ό</span> <span class='ocrx_word' id='word_1_290' title='bbox 671 3286 756 3356; x_wconf 78' lang='grc' dir='ltr'>μὴ</span> <span class='ocrx_word' id='word_1_291' title='bbox 785 3288 1113 3356; x_wconf 78' lang='grc' dir='ltr'>γεννηθείς.</span> <span class='ocrx_word' id='word_1_292' title='bbox 1147 3285 1256 3340; x_wconf 87' lang='lat' dir='ltr'>Kal</span> <span class='ocrx_word' id='word_1_293' title='bbox 1285 3285 1333 3336; x_wconf 88' lang='grc' dir='ltr'>εί</span> <span class='ocrx_word' id='word_1_294' title='bbox 1364 3283 1438 3354; x_wconf 79' lang='grc' dir='ltr'>μή</span> <span class='ocrx_word' id='word_1_295' title='bbox 1462 3281 1748 3350; x_wconf 83' lang='grc' dir='ltr'>ἐγεννήθη,</span> <span class='ocrx_word' id='word_1_296' title='bbox 1793 3279 1908 3343; x_wconf 88' lang='grc' dir='ltr'>πῶς</span> <span class='ocrx_word' id='word_1_297' title='bbox 1941 3277 2121 3348; x_wconf 88' lang='grc' dir='ltr'>μακά-</span> 
     </span>
    </p>
   </div>
   <div class='ocr_carea' id='block_1_36' title="bbox 454 3365 2122 3446">
    <p class='ocr_par' dir='ltr' id='par_1_36' title="bbox 454 3365 2122 3446">
     <span class='ocr_line' id='line_1_36' title="bbox 454 3365 2122 3446; baseline -0.006 -18"><span class='ocrx_word' id='word_1_298' title='bbox 454 3393 569 3446; x_wconf 91' lang='grc' dir='ltr'>ριος</span> <span class='ocrx_word' id='word_1_299' title='bbox 587 3393 602 3442; x_wconf 90' lang='lat'><strong>;</strong></span> <span class='ocrx_word' id='word_1_300' title='bbox 621 3375 793 3428; x_wconf 84' lang='grc' dir='ltr'>Βλέπε</span> <span class='ocrx_word' id='word_1_301' title='bbox 814 3373 1052 3444; x_wconf 83' lang='grc' dir='ltr'>ὀνόματα</span> <span class='ocrx_word' id='word_1_302' title='bbox 1072 3373 1362 3443; x_wconf 84' lang='grc' dir='ltr'>ἀγεννήτου</span> <span class='ocrx_word' id='word_1_303' title='bbox 1386 3370 1620 3438; x_wconf 82' lang='grc' dir='ltr'>φύσεως.</span> <span class='ocrx_word' id='word_1_304' title='bbox 1650 3365 1811 3420; x_wconf 81' lang='grc' dir='ltr'>Εἶπεν</span> <span class='ocrx_word' id='word_1_305' title='bbox 1839 3366 2122 3436; x_wconf 86' lang='grc' dir='ltr'>ἄνθρωπον</span> 
     </span>
    </p>
   </div>
   <div class='ocr_carea' id='block_1_37' title="bbox 452 3453 2122 3532">
    <p class='ocr_par' dir='ltr' id='par_1_37' title="bbox 452 3453 2122 3532">
     <span class='ocr_line' id='line_1_37' title="bbox 452 3453 2122 3532; baseline -0.007 -18"><span class='ocrx_word' id='word_1_306' title='bbox 452 3463 543 3516; x_wconf 86' lang='grc' dir='ltr'>τὸν</span> <span class='ocrx_word' id='word_1_307' title='bbox 578 3463 653 3532; x_wconf 83' lang='grc' dir='ltr'>μὴ</span> <span class='ocrx_word' id='word_1_308' title='bbox 685 3461 1016 3532; x_wconf 84' lang='grc' dir='ltr'>γεννηθέντα</span> <span class='ocrx_word' id='word_1_309' title='bbox 1051 3460 1185 3531; x_wconf 88' lang='grc' dir='ltr'>μηδέ</span> <span class='ocrx_word' id='word_1_310' title='bbox 1220 3458 1528 3512; x_wconf 89' lang='grc' dir='ltr'>πλασθέντα</span> <span class='ocrx_word' id='word_1_311' title='bbox 1569 3456 1859 3526; x_wconf 85' lang='grc' dir='ltr'>μακάριον.</span> <span class='ocrx_word' id='word_1_312' title='bbox 1889 3453 2052 3506; x_wconf 82' lang='grc' dir='ltr'>Ὥστε</span> <span class='ocrx_word' id='word_1_313' title='bbox 2088 3453 2122 3522; x_wconf 88' lang='grc' dir='ltr'>ή</span> 
     </span>
    </p>
   </div>
   <div class='ocr_carea' id='block_1_38' title="bbox 450 3539 2122 3620">
    <p class='ocr_par' dir='ltr' id='par_1_38' title="bbox 450 3539 2122 3620">
     <span class='ocr_line' id='line_1_38' title="bbox 450 3539 2122 3620; baseline -0.007 -17"><span class='ocrx_word' id='word_1_314' title='bbox 450 3549 546 3604; x_wconf 86' lang='grc' dir='ltr'>τοῦ</span> <span class='ocrx_word' id='word_1_315' title='bbox 579 3551 876 3620; x_wconf 84' lang='grc' dir='ltr'>ἀγεννήτου</span> <span class='ocrx_word' id='word_1_316' title='bbox 923 3548 1266 3620; x_wconf 83' lang='grc' dir='ltr'>προσηγορία</span> <span class='ocrx_word' id='word_1_317' title='bbox 1310 3547 1369 3600; x_wconf 90' lang='grc' dir='ltr'>οὐ</span> <span class='ocrx_word' id='word_1_318' title='bbox 1419 3545 1580 3614; x_wconf 87' lang='grc' dir='ltr'>φύσιν</span> <span class='ocrx_word' id='word_1_319' title='bbox 1626 3542 1774 3595; x_wconf 89' lang='grc' dir='ltr'>θείαν</span> <span class='ocrx_word' id='word_1_320' title='bbox 1808 3539 2122 3612; x_wconf 85' lang='grc' dir='ltr'>ἐρμηνεύει,</span> 
     </span>
    </p>
   </div>
   <div class='ocr_carea' id='block_1_39' title="bbox 513 3651 1202 3716">
    <p class='ocr_par' dir='ltr' id='par_1_39' title="bbox 513 3651 1202 3716">
     <span class='ocr_line' id='line_1_39' title="bbox 513 3651 1202 3716; baseline 0 -16"><span class='ocrx_word' id='word_1_321' title='bbox 513 3654 540 3683; x_wconf 84' lang='grc'><strong><em>⁸</em></strong></span> <span class='ocrx_word' id='word_1_322' title='bbox 565 3651 847 3716; x_wconf 74' lang='lat' dir='ltr'>Legendum</span> <span class='ocrx_word' id='word_1_323' title='bbox 870 3653 1066 3702; x_wconf 77' lang='lat' dir='ltr'>videtur</span> <span class='ocrx_word' id='word_1_324' title='bbox 1091 3651 1202 3701; x_wconf 76' lang='grc' dir='ltr'>εἶδε.</span> 
     </span>
    </p>
   </div>
   <div class='ocr_carea' id='block_1_40' title="bbox 2055 278 2284 336">
    <p class='ocr_par' dir='ltr' id='par_1_40' title="bbox 2055 278 2284 336">
     <span class='ocr_line' id='line_1_40' title="bbox 2055 278 2284 336; baseline 0.017 -4"><span class='ocrx_word' id='word_1_325' title='bbox 2055 278 2284 336; x_wconf 79' lang='grc' dir='ltr'>υυΒΙΛ.</span> 
     </span>
    </p>
   </div>
   <div class='ocr_carea' id='block_1_41' title="bbox 3781 289 3886 344">
    <p class='ocr_par' dir='ltr' id='par_1_41' title="bbox 3781 289 3886 344">
     <span class='ocr_line' id='line_1_41' title="bbox 3781 289 3886 344; baseline 0.019 -2"><span class='ocrx_word' id='word_1_326' title='bbox 3781 289 3886 344; x_wconf 79' lang='grc'><strong>550</strong></span> 
     </span>
    </p>
   </div>
   <div class='ocr_carea' id='block_1_42' title="bbox 2223 404 3890 477">
    <p class='ocr_par' dir='ltr' id='par_1_42' title="bbox 2223 404 3890 477">
     <span class='ocr_line' id='line_1_42' title="bbox 2223 404 3890 477; baseline -0.002 -19"><span class='ocrx_word' id='word_1_327' title='bbox 2223 405 2366 467; x_wconf 71' lang='grc' dir='ltr'>οὐδὲ,</span> <span class='ocrx_word' id='word_1_328' title='bbox 2389 405 2464 470; x_wconf 83' lang='grc' dir='ltr'>ὡς</span> <span class='ocrx_word' id='word_1_329' title='bbox 2494 408 2558 461; x_wconf 80' lang='grc' dir='ltr'>σὺ</span> <span class='ocrx_word' id='word_1_330' title='bbox 2586 407 2782 473; x_wconf 83' lang='grc' dir='ltr'>λέγεις,</span> <span class='ocrx_word' id='word_1_331' title='bbox 2808 405 3098 475; x_wconf 88' lang='grc' dir='ltr'>ἀγέννητον</span> <span class='ocrx_word' id='word_1_332' title='bbox 3120 406 3310 459; x_wconf 90' lang='grc' dir='ltr'>οὐσίαν</span> <span class='ocrx_word' id='word_1_333' title='bbox 3338 406 3612 477; x_wconf 86' lang='grc' dir='ltr'>σημαίνει,</span> <span class='ocrx_word' id='word_1_334' title='bbox 3633 404 3694 458; x_wconf 90' lang='grc' dir='ltr'>οὐ</span> <span class='ocrx_word' id='word_1_335' title='bbox 3721 404 3890 475; x_wconf 81' lang='grc' dir='ltr'>τιμὴν</span> 
     </span>
    </p>
   </div>
   <div class='ocr_carea' id='block_1_43' title="bbox 2223 491 3891 564">
    <p class='ocr_par' dir='ltr' id='par_1_43' title="bbox 2223 491 3891 564">
     <span class='ocr_line' id='line_1_43' title="bbox 2223 491 3891 564; baseline 0 -20"><span class='ocrx_word' id='word_1_336' title='bbox 2223 491 2301 563; x_wconf 82' lang='grc' dir='ltr'>τῷ</span> <span class='ocrx_word' id='word_1_337' title='bbox 2336 493 2510 564; x_wconf 69' lang='grc' dir='ltr'>Πατρὶ</span> <span class='ocrx_word' id='word_1_338' title='bbox 2552 495 2738 564; x_wconf 74' lang='grc' dir='ltr'>φέρει·</span> <span class='ocrx_word' id='word_1_339' title='bbox 2768 494 2937 546; x_wconf 76' lang='grc' dir='ltr'>όντων</span> <span class='ocrx_word' id='word_1_340' title='bbox 2975 495 3068 546; x_wconf 75' lang='grc' dir='ltr'>καὶ</span> <span class='ocrx_word' id='word_1_341' title='bbox 3104 494 3304 564; x_wconf 86' lang='grc' dir='ltr'>ἐτέρων</span> <span class='ocrx_word' id='word_1_342' title='bbox 3344 493 3494 564; x_wconf 82' lang='grc' dir='ltr'>παρὰ</span> <span class='ocrx_word' id='word_1_343' title='bbox 3523 491 3600 562; x_wconf 82' lang='grc' dir='ltr'>τῷ</span> <span class='ocrx_word' id='word_1_344' title='bbox 3633 494 3891 563; x_wconf 77' lang='grc' dir='ltr'>προφήτῃ</span> 
     </span>
    </p>
   </div>
   <div class='ocr_carea' id='block_1_44' title="bbox 2224 579 3889 652">
    <p class='ocr_par' dir='ltr' id='par_1_44' title="bbox 2224 579 3889 652">
     <span class='ocr_line' id='line_1_44' title="bbox 2224 579 3889 652; baseline -0.001 -21"><span class='ocrx_word' id='word_1_345' title='bbox 2224 580 2504 650; x_wconf 79' lang='grc' dir='ltr'>ὀνομάτων</span> <span class='ocrx_word' id='word_1_346' title='bbox 2538 582 2849 652; x_wconf 67' lang='grc' dir='ltr'>ἀγεννήτων</span> <span class='ocrx_word' id='word_1_347' title='bbox 2875 599 2935 633; x_wconf 88' lang='grc' dir='ltr'>τε</span> <span class='ocrx_word' id='word_1_348' title='bbox 2965 583 3058 634; x_wconf 67' lang='grc' dir='ltr'>καὶ</span> <span class='ocrx_word' id='word_1_349' title='bbox 3087 581 3380 650; x_wconf 84' lang='grc' dir='ltr'>γεννητῶν,</span> <span class='ocrx_word' id='word_1_350' title='bbox 3415 580 3558 634; x_wconf 76' lang='grc' dir='ltr'>καθά</span> <span class='ocrx_word' id='word_1_351' title='bbox 3581 579 3889 649; x_wconf 80' lang='grc' dir='ltr'>προαποδέ-</span> 
     </span>
    </p>
   </div>
   <div class='ocr_carea' id='block_1_45' title="bbox 2223 667 3892 739">
    <p class='ocr_par' dir='ltr' id='par_1_45' title="bbox 2223 667 3892 739">
     <span class='ocr_line' id='line_1_45' title="bbox 2223 667 3892 739; baseline -0.002 -19"><span class='ocrx_word' id='word_1_352' title='bbox 2223 668 2432 720; x_wconf 87' lang='grc' dir='ltr'>δεικται</span> <span class='ocrx_word' id='word_1_353' title='bbox 2453 683 2465 696; x_wconf 91' lang='grc'>·</span> <span class='ocrx_word' id='word_1_354' title='bbox 2491 668 2626 722; x_wconf 85' lang='grc' dir='ltr'>ἀλλά</span> <span class='ocrx_word' id='word_1_355' title='bbox 2651 669 2711 720; x_wconf 84' lang='grc' dir='ltr'>τὸ</span> <span class='ocrx_word' id='word_1_356' title='bbox 2736 670 2810 739; x_wconf 78' lang='grc' dir='ltr'>μὴ</span> <span class='ocrx_word' id='word_1_357' title='bbox 2845 668 3064 736; x_wconf 81' lang='grc' dir='ltr'>γεγονὸς</span> <span class='ocrx_word' id='word_1_358' title='bbox 3090 669 3326 721; x_wconf 83' lang='grc' dir='ltr'>δείκνυσι</span> <span class='ocrx_word' id='word_1_359' title='bbox 3347 668 3525 738; x_wconf 88' lang='grc' dir='ltr'>μόνον.</span> <span class='ocrx_word' id='word_1_360' title='bbox 3561 667 3696 719; x_wconf 82' lang='grc' dir='ltr'>Ἀλλ’</span> <span class='ocrx_word' id='word_1_361' title='bbox 3725 667 3892 718; x_wconf 75' lang='grc' dir='ltr'>εἴπω-</span> 
     </span>
    </p>
   </div>
   <div class='ocr_carea' id='block_1_46' title="bbox 2228 753 3891 826">
    <p class='ocr_par' dir='ltr' id='par_1_46' title="bbox 2228 753 3891 826">
     <span class='ocr_line' id='line_1_46' title="bbox 2228 753 3891 826; baseline -0.001 -20"><span class='ocrx_word' id='word_1_362' title='bbox 2228 771 2328 824; x_wconf 89' lang='grc' dir='ltr'>μεν</span> <span class='ocrx_word' id='word_1_363' title='bbox 2363 756 2499 826; x_wconf 72' lang='grc' dir='ltr'>πρὸς</span> <span class='ocrx_word' id='word_1_364' title='bbox 2527 757 2722 819; x_wconf 84' lang='grc' dir='ltr'>αὐτοὺς</span> <span class='ocrx_word' id='word_1_365' title='bbox 2754 757 2890 826; x_wconf 88' lang='grc' dir='ltr'>μετά</span> <span class='ocrx_word' id='word_1_366' title='bbox 2919 756 3014 808; x_wconf 90' lang='grc' dir='ltr'>τοῦ</span> <span class='ocrx_word' id='word_1_367' title='bbox 3045 755 3226 818; x_wconf 78' lang='grc' dir='ltr'>Δαυῒδ,</span> <span class='ocrx_word' id='word_1_368' title='bbox 3255 753 3630 824; x_wconf 68' lang='grc' dir='ltr'>Διηγήσαντό</span> <span class='ocrx_word' id='word_1_369' title='bbox 3650 771 3750 820; x_wconf 86' lang='grc' dir='ltr'>μοι</span> <span class='ocrx_word' id='word_1_370' title='bbox 3775 768 3891 804; x_wconf 84' lang='grc' dir='ltr'>πα-</span> 
     </span>
    </p>
   </div>
   <div class='ocr_carea' id='block_1_47' title="bbox 2216 839 3894 911">
    <p class='ocr_par' dir='ltr' id='par_1_47' title="bbox 2216 839 3894 911">
     <span class='ocr_line' id='line_1_47' title="bbox 2216 839 3894 911; baseline -0.001 -18"><span class='ocrx_word' id='word_1_371' title='bbox 2216 841 2468 910; x_wconf 78' lang='grc' dir='ltr'>ράνομοι</span> <span class='ocrx_word' id='word_1_372' title='bbox 2501 843 2889 911; x_wconf 71' lang='grc' dir='ltr'>ἀδολεσχίας,</span> <span class='ocrx_word' id='word_1_373' title='bbox 2914 843 3048 896; x_wconf 71' lang='grc' dir='ltr'>ἀλλ’</span> <span class='ocrx_word' id='word_1_374' title='bbox 3071 844 3182 909; x_wconf 81' lang='grc' dir='ltr'>οὐχ</span> <span class='ocrx_word' id='word_1_375' title='bbox 3211 842 3290 906; x_wconf 88' lang='grc' dir='ltr'>ὠς</span> <span class='ocrx_word' id='word_1_376' title='bbox 3319 844 3352 894; x_wconf 86' lang='grc' dir='ltr'>ό</span> <span class='ocrx_word' id='word_1_377' title='bbox 3383 843 3566 910; x_wconf 83' lang='grc' dir='ltr'>νόμος</span> <span class='ocrx_word' id='word_1_378' title='bbox 3603 857 3741 898; x_wconf 88' lang='grc' dir='ltr'>σου,</span> <span class='ocrx_word' id='word_1_379' title='bbox 3775 839 3894 892; x_wconf 84' lang='grc' dir='ltr'>Κύ-</span> 
     </span>
    </p>
   </div>
   <div class='ocr_carea' id='block_1_48' title="bbox 2216 925 3891 1001">
    <p class='ocr_par' dir='ltr' id='par_1_48' title="bbox 2216 925 3891 1001">
     <span class='ocr_line' id='line_1_48' title="bbox 2216 925 3891 1001; baseline -0.004 -20"><span class='ocrx_word' id='word_1_380' title='bbox 2216 945 2331 996; x_wconf 86' lang='grc' dir='ltr'>ριε.</span> <span class='ocrx_word' id='word_1_381' title='bbox 2369 929 2480 999; x_wconf 78' lang='grc' dir='ltr'>Τὴν</span> <span class='ocrx_word' id='word_1_382' title='bbox 2504 929 2711 1001; x_wconf 78' lang='grc' dir='ltr'>Πέτρου</span> <span class='ocrx_word' id='word_1_383' title='bbox 2739 931 2886 994; x_wconf 77' lang='grc' dir='ltr'>δέξαι</span> <span class='ocrx_word' id='word_1_384' title='bbox 2909 932 3113 999; x_wconf 77' lang='grc' dir='ltr'>φωνὴν,</span> <span class='ocrx_word' id='word_1_385' title='bbox 3142 929 3240 996; x_wconf 77' lang='grc' dir='ltr'>τὴν</span> <span class='ocrx_word' id='word_1_386' title='bbox 3267 928 3479 982; x_wconf 82' lang='grc' dir='ltr'>Παύλου</span> <span class='ocrx_word' id='word_1_387' title='bbox 3507 925 3856 979; x_wconf 85' lang='grc' dir='ltr'>διδασκαλίαν</span> <span class='ocrx_word' id='word_1_388' title='bbox 3873 941 3891 957; x_wconf 90' lang='grc'>·</span> 
     </span>
    </p>
   </div>
   <div class='ocr_carea' id='block_1_49' title="bbox 2224 1013 3894 1084">
    <p class='ocr_par' dir='ltr' id='par_1_49' title="bbox 2224 1013 3894 1084">
     <span class='ocr_line' id='line_1_49' title="bbox 2224 1013 3894 1084; baseline -0.001 -17"><span class='ocrx_word' id='word_1_389' title='bbox 2224 1015 2476 1081; x_wconf 79' lang='grc' dir='ltr'>Χριστὸς</span> <span class='ocrx_word' id='word_1_390' title='bbox 2508 1016 2658 1068; x_wconf 81' lang='grc' dir='ltr'>κατὰ</span> <span class='ocrx_word' id='word_1_391' title='bbox 2697 1016 2913 1084; x_wconf 82' lang='grc' dir='ltr'>σάρκα,</span> <span class='ocrx_word' id='word_1_392' title='bbox 2957 1019 2988 1070; x_wconf 86' lang='grc' dir='ltr'><em>ὀ</em></span> <span class='ocrx_word' id='word_1_393' title='bbox 3015 1015 3099 1068; x_wconf 87' lang='grc' dir='ltr'>ὢν</span> <span class='ocrx_word' id='word_1_394' title='bbox 3134 1015 3232 1068; x_wconf 76' lang='grc' dir='ltr'>ἐπὶ</span> <span class='ocrx_word' id='word_1_395' title='bbox 3261 1013 3502 1067; x_wconf 80' lang='grc' dir='ltr'>πάντων</span> <span class='ocrx_word' id='word_1_396' title='bbox 3535 1013 3678 1077; x_wconf 77' lang='grc' dir='ltr'>Θεὸς</span> <span class='ocrx_word' id='word_1_397' title='bbox 3713 1013 3894 1065; x_wconf 76' lang='grc' dir='ltr'>εὐλοο</span> 
     </span>
    </p>
   </div>
   <div class='ocr_carea' id='block_1_50' title="bbox 2223 1103 3891 1173">
    <p class='ocr_par' dir='ltr' id='par_1_50' title="bbox 2223 1103 3891 1173">
     <span class='ocr_line' id='line_1_50' title="bbox 2223 1103 3891 1173; baseline -0.002 -17"><span class='ocrx_word' id='word_1_398' title='bbox 2223 1105 2402 1173; x_wconf 74' lang='grc' dir='ltr'>γητος</span> <span class='ocrx_word' id='word_1_399' title='bbox 2445 1107 2534 1170; x_wconf 85' lang='grc' dir='ltr'>εὶς</span> <span class='ocrx_word' id='word_1_400' title='bbox 2573 1105 2716 1171; x_wconf 83' lang='grc' dir='ltr'>τοὺς</span> <span class='ocrx_word' id='word_1_401' title='bbox 2754 1104 2996 1171; x_wconf 83' lang='grc' dir='ltr'>αἰῶνας.</span> <span class='ocrx_word' id='word_1_402' title='bbox 3024 1105 3097 1157; x_wconf 82' lang='lat' dir='ltr'>T6</span> <span class='ocrx_word' id='word_1_403' title='bbox 3119 1103 3344 1173; x_wconf 89' lang='grc' dir='ltr'>Πνεῦμα</span> <span class='ocrx_word' id='word_1_404' title='bbox 3373 1103 3432 1156; x_wconf 83' lang='lat'>:6</span> <span class='ocrx_word' id='word_1_405' title='bbox 3466 1103 3619 1170; x_wconf 80' lang='grc' dir='ltr'>ἆγιον</span> <span class='ocrx_word' id='word_1_406' title='bbox 3647 1119 3891 1172; x_wconf 87' lang='grc' dir='ltr'>προσκυ-</span> 
     </span>
    </p>
   </div>
   <div class='ocr_carea' id='block_1_51' title="bbox 2233 1189 3893 1262">
    <p class='ocr_par' dir='ltr' id='par_1_51' title="bbox 2233 1189 3893 1262">
     <span class='ocr_line' id='line_1_51' title="bbox 2233 1189 3893 1262; baseline -0.001 -20"><span class='ocrx_word' id='word_1_407' title='bbox 2233 1191 2437 1253; x_wconf 70' lang='grc' dir='ltr'>ιείσθω,</span> <span class='ocrx_word' id='word_1_408' title='bbox 2468 1194 2834 1262; x_wconf 79' lang='grc' dir='ltr'>ἀνυμνείσθω,</span> <span class='ocrx_word' id='word_1_409' title='bbox 2856 1192 3177 1260; x_wconf 76' lang='grc' dir='ltr'>δοξαζέσθω.</span> <span class='ocrx_word' id='word_1_410' title='bbox 3230 1193 3323 1244; x_wconf 80' lang='grc' dir='ltr'>Ἐκ</span> <span class='ocrx_word' id='word_1_411' title='bbox 3347 1193 3454 1244; x_wconf 90' lang='grc' dir='ltr'>τῶν</span> <span class='ocrx_word' id='word_1_412' title='bbox 3481 1191 3640 1244; x_wconf 80' lang='grc' dir='ltr'>θείων</span> <span class='ocrx_word' id='word_1_413' title='bbox 3660 1189 3893 1260; x_wconf 84' lang='grc' dir='ltr'>Γραφῶν</span> 
     </span>
    </p>
   </div>
   <div class='ocr_carea' id='block_1_52' title="bbox 2226 1278 3892 1351">
    <p class='ocr_par' dir='ltr' id='par_1_52' title="bbox 2226 1278 3892 1351">
     <span class='ocr_line' id='line_1_52' title="bbox 2226 1278 3892 1351; baseline 0.003 -21"><span class='ocrx_word' id='word_1_414' title='bbox 2226 1278 2607 1349; x_wconf 87' lang='grc' dir='ltr'>θεολογοῦμεν,</span> <span class='ocrx_word' id='word_1_415' title='bbox 2643 1281 2745 1333; x_wconf 74' lang='grc' dir='ltr'>κᾶν</span> <span class='ocrx_word' id='word_1_416' title='bbox 2774 1281 3000 1333; x_wconf 81' lang='grc' dir='ltr'>θέλωσιν</span> <span class='ocrx_word' id='word_1_417' title='bbox 3024 1283 3071 1333; x_wconf 91' lang='grc' dir='ltr'>οἱ</span> <span class='ocrx_word' id='word_1_418' title='bbox 3094 1279 3298 1351; x_wconf 70' lang='grc' dir='ltr'>ἐχθροὶ,</span> <span class='ocrx_word' id='word_1_419' title='bbox 3331 1279 3432 1332; x_wconf 81' lang='grc' dir='ltr'>κᾶν</span> <span class='ocrx_word' id='word_1_420' title='bbox 3463 1281 3568 1348; x_wconf 85' lang='grc' dir='ltr'>μή·</span> <span class='ocrx_word' id='word_1_421' title='bbox 3610 1279 3892 1347; x_wconf 81' lang='grc' dir='ltr'>μαρτυρή-</span> 
     </span>
    </p>
   </div>
   <div class='ocr_carea' id='block_1_53' title="bbox 2225 1363 3894 1436">
    <p class='ocr_par' dir='ltr' id='par_1_53' title="bbox 2225 1363 3894 1436">
     <span class='ocr_line' id='line_1_53' title="bbox 2225 1363 3894 1436; baseline -0.002 -16"><span class='ocrx_word' id='word_1_422' title='bbox 2225 1385 2308 1420; x_wconf 91' lang='grc' dir='ltr'>σει</span> <span class='ocrx_word' id='word_1_423' title='bbox 2346 1368 2404 1420; x_wconf 83' lang='grc' dir='ltr'>δέ</span> <span class='ocrx_word' id='word_1_424' title='bbox 2451 1385 2542 1436; x_wconf 88' lang='grc' dir='ltr'>μοι</span> <span class='ocrx_word' id='word_1_425' title='bbox 2583 1370 2676 1420; x_wconf 78' lang='grc' dir='ltr'>καὶ</span> <span class='ocrx_word' id='word_1_426' title='bbox 2709 1367 2918 1430; x_wconf 84' lang='grc' dir='ltr'>Παῦλος</span> <span class='ocrx_word' id='word_1_427' title='bbox 2964 1367 3168 1434; x_wconf 89' lang='grc' dir='ltr'>λέγων·</span> <span class='ocrx_word' id='word_1_428' title='bbox 3215 1368 3336 1419; x_wconf 84' lang='grc' dir='ltr'>Οὐκ</span> <span class='ocrx_word' id='word_1_429' title='bbox 3376 1365 3575 1417; x_wconf 78' lang='grc' dir='ltr'>οἴδατε</span> <span class='ocrx_word' id='word_1_430' title='bbox 3604 1363 3693 1416; x_wconf 84' lang='grc' dir='ltr'>ὅτι</span> <span class='ocrx_word' id='word_1_431' title='bbox 3745 1366 3894 1430; x_wconf 73' lang='grc' dir='ltr'>ναὸς</span> 
     </span>
    </p>
   </div>
   <div class='ocr_carea' id='block_1_54' title="bbox 2225 1451 3895 1519">
    <p class='ocr_par' dir='ltr' id='par_1_54' title="bbox 2225 1451 3895 1519">
     <span class='ocr_line' id='line_1_54' title="bbox 2225 1451 3895 1519; baseline -0.002 -12"><span class='ocrx_word' id='word_1_432' title='bbox 2225 1453 2374 1507; x_wconf 84' lang='grc' dir='ltr'>Θεοῦ</span> <span class='ocrx_word' id='word_1_433' title='bbox 2398 1454 2560 1513; x_wconf 81' lang='grc' dir='ltr'>ἐστε.</span> <span class='ocrx_word' id='word_1_434' title='bbox 2587 1455 2683 1506; x_wconf 80' lang='grc' dir='ltr'>καί</span> <span class='ocrx_word' id='word_1_435' title='bbox 2709 1456 2798 1519; x_wconf 76' lang='grc' dir='ltr'>τίς</span> <span class='ocrx_word' id='word_1_436' title='bbox 2824 1457 2856 1507; x_wconf 82' lang='grc' dir='ltr'><em>ὀ</em></span> <span class='ocrx_word' id='word_1_437' title='bbox 2881 1452 3199 1515; x_wconf 82' lang='grc' dir='ltr'>κατοικῶν;</span> <span class='ocrx_word' id='word_1_438' title='bbox 3218 1452 3333 1514; x_wconf 72' lang='grc' dir='ltr'>καὶ,</span> <span class='ocrx_word' id='word_1_439' title='bbox 3369 1451 3610 1519; x_wconf 82' lang='grc' dir='ltr'>Πνεῦμα</span> <span class='ocrx_word' id='word_1_440' title='bbox 3637 1451 3781 1503; x_wconf 86' lang='grc' dir='ltr'>Θεοῦ</span> <span class='ocrx_word' id='word_1_441' title='bbox 3810 1454 3895 1504; x_wconf 78' lang='grc' dir='ltr'>οὶ-</span> 
     </span>
    </p>
   </div>
   <div class='ocr_carea' id='block_1_55' title="bbox 2223 1535 3894 1608">
    <p class='ocr_par' dir='ltr' id='par_1_55' title="bbox 2223 1535 3894 1608">
     <span class='ocr_line' id='line_1_55' title="bbox 2223 1535 3894 1608; baseline -0.001 -17"><span class='ocrx_word' id='word_1_442' title='bbox 2223 1540 2313 1592; x_wconf 77' lang='grc' dir='ltr'>κεῐ</span> <span class='ocrx_word' id='word_1_443' title='bbox 2345 1540 2415 1592; x_wconf 84' lang='grc' dir='ltr'>ἐν</span> <span class='ocrx_word' id='word_1_444' title='bbox 2440 1540 2600 1608; x_wconf 82' lang='grc' dir='ltr'>ὑμῖν.</span> <span class='ocrx_word' id='word_1_445' title='bbox 2641 1540 2804 1593; x_wconf 75' lang='grc' dir='ltr'>Ἄλλο</span> <span class='ocrx_word' id='word_1_446' title='bbox 2829 1536 2922 1593; x_wconf 81' lang='grc' dir='ltr'>οῦν</span> <span class='ocrx_word' id='word_1_447' title='bbox 2952 1539 3099 1601; x_wconf 78' lang='grc' dir='ltr'>ναὸς,</span> <span class='ocrx_word' id='word_1_448' title='bbox 3138 1540 3230 1592; x_wconf 79' lang='grc' dir='ltr'>καὶ</span> <span class='ocrx_word' id='word_1_449' title='bbox 3267 1537 3422 1600; x_wconf 83' lang='grc' dir='ltr'>ἀλλος</span> <span class='ocrx_word' id='word_1_450' title='bbox 3444 1539 3472 1590; x_wconf 91' lang='lat'>6</span> <span class='ocrx_word' id='word_1_451' title='bbox 3505 1535 3746 1589; x_wconf 87' lang='grc' dir='ltr'>ἐνοικῶν.</span> <span class='ocrx_word' id='word_1_452' title='bbox 3776 1537 3894 1589; x_wconf 84' lang='grc' dir='ltr'>Οὐκ</span> 
     </span>
    </p>
   </div>
   <div class='ocr_carea' id='block_1_56' title="bbox 2223 1624 3894 1698">
    <p class='ocr_par' dir='ltr' id='par_1_56' title="bbox 2223 1624 3894 1698">
     <span class='ocr_line' id='line_1_56' title="bbox 2223 1624 3894 1698; baseline -0.002 -20"><span class='ocrx_word' id='word_1_453' title='bbox 2223 1627 2461 1696; x_wconf 83' lang='grc' dir='ltr'>ῆκουσας</span> <span class='ocrx_word' id='word_1_454' title='bbox 2497 1627 2706 1698; x_wconf 84' lang='grc' dir='ltr'>Πέτρου</span> <span class='ocrx_word' id='word_1_455' title='bbox 2746 1627 3030 1694; x_wconf 82' lang='grc' dir='ltr'>λέγοντος·</span> <span class='ocrx_word' id='word_1_456' title='bbox 3077 1625 3341 1686; x_wconf 82' lang='grc' dir='ltr'>Ἀνανία,</span> <span class='ocrx_word' id='word_1_457' title='bbox 3376 1625 3532 1676; x_wconf 78' lang='grc' dir='ltr'>ἕνατί</span> <span class='ocrx_word' id='word_1_458' title='bbox 3569 1624 3894 1690; x_wconf 74' lang='grc' dir='ltr'>ἐπείρασεν</span> 
     </span>
    </p>
   </div>
   <div class='ocr_carea' id='block_1_57' title="bbox 2223 1710 3894 1783">
    <p class='ocr_par' dir='ltr' id='par_1_57' title="bbox 2223 1710 3894 1783">
     <span class='ocr_line' id='line_1_57' title="bbox 2223 1710 3894 1783; baseline -0.002 -16"><span class='ocrx_word' id='word_1_459' title='bbox 2223 1717 2256 1767; x_wconf 83' lang='grc' dir='ltr'>ό</span> <span class='ocrx_word' id='word_1_460' title='bbox 2279 1712 2550 1780; x_wconf 81' lang='grc' dir='ltr'>Σατανᾶς</span> <span class='ocrx_word' id='word_1_461' title='bbox 2570 1715 2685 1781; x_wconf 79' lang='grc' dir='ltr'>τὴν</span> <span class='ocrx_word' id='word_1_462' title='bbox 2705 1714 2954 1783; x_wconf 79' lang='grc' dir='ltr'>καρδίαν</span> <span class='ocrx_word' id='word_1_463' title='bbox 2968 1731 3084 1768; x_wconf 91' lang='grc' dir='ltr'>σου</span> <span class='ocrx_word' id='word_1_464' title='bbox 3103 1712 3450 1782; x_wconf 75' lang='grc' dir='ltr'>ψεύσασθαί</span> <span class='ocrx_word' id='word_1_465' title='bbox 3470 1728 3543 1764; x_wconf 88' lang='grc' dir='ltr'>σε</span> <span class='ocrx_word' id='word_1_466' title='bbox 3568 1712 3630 1763; x_wconf 84' lang='grc' dir='ltr'>τὸ</span> <span class='ocrx_word' id='word_1_467' title='bbox 3651 1710 3894 1779; x_wconf 80' lang='grc' dir='ltr'>Πνεῦμα</span> 
     </span>
    </p>
   </div>
   <div class='ocr_carea' id='block_1_58' title="bbox 2223 1798 3890 1870">
    <p class='ocr_par' dir='ltr' id='par_1_58' title="bbox 2223 1798 3890 1870">
     <span class='ocr_line' id='line_1_58' title="bbox 2223 1798 3890 1870; baseline -0.002 -16"><span class='ocrx_word' id='word_1_468' title='bbox 2223 1802 2288 1854; x_wconf 83' lang='grc' dir='ltr'>τὸ</span> <span class='ocrx_word' id='word_1_469' title='bbox 2341 1801 2546 1870; x_wconf 61' lang='lat' dir='ltr'>(irier;</span> <span class='ocrx_word' id='word_1_470' title='bbox 2594 1803 2688 1855; x_wconf 68' lang='grc' dir='ltr'>κιιά⁵</span> <span class='ocrx_word' id='word_1_471' title='bbox 2736 1803 3036 1870; x_wconf 87' lang='grc' dir='ltr'>ἐπήγαγεν,</span> <span class='ocrx_word' id='word_1_472' title='bbox 3095 1804 3216 1854; x_wconf 84' lang='grc' dir='ltr'>Οὐκ</span> <span class='ocrx_word' id='word_1_473' title='bbox 3257 1801 3498 1869; x_wconf 74' lang='grc' dir='ltr'>ἐψεύσω</span> <span class='ocrx_word' id='word_1_474' title='bbox 3535 1798 3890 1865; x_wconf 68' lang='grc' dir='ltr'>ἀνθρώποις,</span> 
     </span>
    </p>
   </div>
   <div class='ocr_carea' id='block_1_59' title="bbox 2221 1885 3893 1959">
    <p class='ocr_par' dir='ltr' id='par_1_59' title="bbox 2221 1885 3893 1959">
     <span class='ocr_line' id='line_1_59' title="bbox 2221 1885 3893 1959; baseline -0.001 -18"><span class='ocrx_word' id='word_1_475' title='bbox 2221 1889 2381 1941; x_wconf 73' lang='grc' dir='ltr'>ἀλλὰ</span> <span class='ocrx_word' id='word_1_476' title='bbox 2403 1887 2482 1952; x_wconf 79' lang='grc' dir='ltr'>τῷ</span> <span class='ocrx_word' id='word_1_477' title='bbox 2504 1887 2646 1952; x_wconf 83' lang='grc' dir='ltr'>Θεῷ.</span> <span class='ocrx_word' id='word_1_478' title='bbox 2685 1888 2850 1941; x_wconf 83' lang='grc' dir='ltr'>Ἀλλά</span> <span class='ocrx_word' id='word_1_479' title='bbox 2883 1905 3047 1958; x_wconf 82' lang='grc' dir='ltr'>φασιν</span> <span class='ocrx_word' id='word_1_480' title='bbox 3079 1891 3128 1942; x_wconf 89' lang='grc' dir='ltr'>οἱ</span> <span class='ocrx_word' id='word_1_481' title='bbox 3162 1887 3449 1959; x_wconf 67' lang='grc' dir='ltr'>αἱρετικοὶ,</span> <span class='ocrx_word' id='word_1_482' title='bbox 3476 1889 3548 1942; x_wconf 87' lang='grc' dir='ltr'>Οὐ</span> <span class='ocrx_word' id='word_1_483' title='bbox 3583 1887 3643 1939; x_wconf 84' lang='lat'>:6</span> <span class='ocrx_word' id='word_1_484' title='bbox 3669 1885 3893 1956; x_wconf 85' lang='grc' dir='ltr'>Πνεῦμα</span> 
     </span>
    </p>
   </div>
   <div class='ocr_carea' id='block_1_60' title="bbox 2221 1973 3896 2046">
    <p class='ocr_par' dir='ltr' id='par_1_60' title="bbox 2221 1973 3896 2046">
     <span class='ocr_line' id='line_1_60' title="bbox 2221 1973 3896 2046; baseline -0.002 -18"><span class='ocrx_word' id='word_1_485' title='bbox 2221 1974 2447 2028; x_wconf 86' lang='grc' dir='ltr'>ἐκάλεσε</span> <span class='ocrx_word' id='word_1_486' title='bbox 2474 1973 2625 2035; x_wconf 82' lang='grc' dir='ltr'>Θεὸν,</span> <span class='ocrx_word' id='word_1_487' title='bbox 2667 1974 2782 2027; x_wconf 84' lang='grc' dir='ltr'>ἀλλ’</span> <span class='ocrx_word' id='word_1_488' title='bbox 2822 1975 3010 2046; x_wconf 81' lang='grc' dir='ltr'>ἐπειδὴ</span> <span class='ocrx_word' id='word_1_489' title='bbox 3048 1976 3107 2026; x_wconf 85' lang='grc' dir='ltr'>τὸ</span> <span class='ocrx_word' id='word_1_490' title='bbox 3137 1974 3358 2044; x_wconf 86' lang='grc' dir='ltr'>Πνεῦμα</span> <span class='ocrx_word' id='word_1_491' title='bbox 3399 1977 3463 2027; x_wconf 87' lang='grc' dir='ltr'>ἐκ</span> <span class='ocrx_word' id='word_1_492' title='bbox 3493 1973 3582 2028; x_wconf 88' lang='grc' dir='ltr'>τοῦ</span> <span class='ocrx_word' id='word_1_493' title='bbox 3613 1973 3745 2026; x_wconf 81' lang='grc' dir='ltr'>Θεοῦ</span> <span class='ocrx_word' id='word_1_494' title='bbox 3791 1974 3896 2024; x_wconf 84' lang='lat'>6::-</span> 
     </span>
    </p>
   </div>
   <div class='ocr_carea' id='block_1_61' title="bbox 2223 2054 3893 2129">
    <p class='ocr_par' dir='ltr' id='par_1_61' title="bbox 2223 2054 3893 2129">
     <span class='ocr_line' id='line_1_61' title="bbox 2223 2054 3893 2129; baseline 0.001 -19"><span class='ocrx_word' id='word_1_495' title='bbox 2223 2057 2444 2126; x_wconf 81' lang='grc' dir='ltr'>εστάλη.</span> <span class='ocrx_word' id='word_1_496' title='bbox 2486 2058 2545 2109; x_wconf 90' lang='lat'>&#39;0</span> <span class='ocrx_word' id='word_1_497' title='bbox 2575 2057 2830 2129; x_wconf 77' lang='grc' dir='ltr'>ὑϐρίζων,</span> <span class='ocrx_word' id='word_1_498' title='bbox 2859 2060 3013 2128; x_wconf 77' lang='grc' dir='ltr'>φησὶ,</span> <span class='ocrx_word' id='word_1_499' title='bbox 3045 2059 3104 2110; x_wconf 83' lang='lat'>:6</span> <span class='ocrx_word' id='word_1_500' title='bbox 3135 2058 3376 2128; x_wconf 87' lang='grc' dir='ltr'>Πνεῦμα,</span> <span class='ocrx_word' id='word_1_501' title='bbox 3409 2059 3499 2111; x_wconf 86' lang='grc' dir='ltr'>τὸν</span> <span class='ocrx_word' id='word_1_502' title='bbox 3522 2057 3652 2110; x_wconf 84' lang='grc' dir='ltr'>Θεὸν</span> <span class='ocrx_word' id='word_1_503' title='bbox 3679 2054 3893 2127; x_wconf 74' lang='grc' dir='ltr'>ὑϐρίζει</span> 
     </span>
    </p>
   </div>
   <div class='ocr_carea' id='block_1_62' title="bbox 2223 2144 3892 2214">
    <p class='ocr_par' dir='ltr' id='par_1_62' title="bbox 2223 2144 3892 2214">
     <span class='ocr_line' id='line_1_62' title="bbox 2223 2144 3892 2214; baseline -0.001 -17"><span class='ocrx_word' id='word_1_504' title='bbox 2223 2145 2314 2197; x_wconf 84' lang='grc' dir='ltr'>τὸν</span> <span class='ocrx_word' id='word_1_505' title='bbox 2341 2144 2738 2198; x_wconf 86' lang='grc' dir='ltr'>ἀποστείλαντα</span> <span class='ocrx_word' id='word_1_506' title='bbox 2759 2145 2818 2196; x_wconf 86' lang='lat'>:6</span> <span class='ocrx_word' id='word_1_507' title='bbox 2841 2144 3086 2214; x_wconf 87' lang='grc' dir='ltr'>Πνεῦμα.</span> <span class='ocrx_word' id='word_1_508' title='bbox 3125 2145 3284 2206; x_wconf 80' lang='grc' dir='ltr'>Ἀλλ’,</span> <span class='ocrx_word' id='word_1_509' title='bbox 3307 2146 3477 2214; x_wconf 81' lang='grc' dir='ltr'>ἄφρον</span> <span class='ocrx_word' id='word_1_510' title='bbox 3504 2145 3597 2198; x_wconf 68' lang='grc' dir='ltr'>καὶ</span> <span class='ocrx_word' id='word_1_511' title='bbox 3609 2145 3857 2212; x_wconf 84' lang='grc' dir='ltr'>ἀλόγιστε</span> <span class='ocrx_word' id='word_1_512' title='bbox 3878 2159 3892 2172; x_wconf 89' lang='grc'>·</span> 
     </span>
    </p>
   </div>
   <div class='ocr_carea' id='block_1_63' title="bbox 2222 2231 3892 2302">
    <p class='ocr_par' dir='ltr' id='par_1_63' title="bbox 2222 2231 3892 2302">
     <span class='ocr_line' id='line_1_63' title="bbox 2222 2231 3892 2302; baseline -0.001 -16"><span class='ocrx_word' id='word_1_513' title='bbox 2222 2232 2444 2296; x_wconf 81' lang='grc' dir='ltr'>οὐδεμία</span> <span class='ocrx_word' id='word_1_514' title='bbox 2465 2231 2574 2302; x_wconf 83' lang='grc' dir='ltr'>γὰρ</span> <span class='ocrx_word' id='word_1_515' title='bbox 2599 2231 2732 2302; x_wconf 77' lang='grc' dir='ltr'>ἄλλη</span> <span class='ocrx_word' id='word_1_516' title='bbox 2757 2233 3043 2302; x_wconf 84' lang='grc' dir='ltr'>πρέπουσα</span> <span class='ocrx_word' id='word_1_517' title='bbox 3063 2232 3140 2301; x_wconf 85' lang='grc' dir='ltr'>τῷ</span> <span class='ocrx_word' id='word_1_518' title='bbox 3163 2232 3307 2300; x_wconf 86' lang='grc' dir='ltr'>ἀθέῳ</span> <span class='ocrx_word' id='word_1_519' title='bbox 3337 2231 3697 2302; x_wconf 84' lang='grc' dir='ltr'>προσηγορία,</span> <span class='ocrx_word' id='word_1_520' title='bbox 3733 2233 3780 2284; x_wconf 88' lang='grc' dir='ltr'>εί</span> <span class='ocrx_word' id='word_1_521' title='bbox 3813 2234 3892 2302; x_wconf 83' lang='grc' dir='ltr'>μὴ</span> 
     </span>
    </p>
   </div>
   <div class='ocr_carea' id='block_1_64' title="bbox 2216 2316 3889 2390">
    <p class='ocr_par' dir='ltr' id='par_1_64' title="bbox 2216 2316 3889 2390">
     <span class='ocr_line' id='line_1_64' title="bbox 2216 2316 3889 2390; baseline 0 -18"><span class='ocrx_word' id='word_1_522' title='bbox 2216 2319 2250 2387; x_wconf 81' lang='grc' dir='ltr'>ὴ</span> <span class='ocrx_word' id='word_1_523' title='bbox 2295 2318 2389 2372; x_wconf 88' lang='grc' dir='ltr'>τοῦ</span> <span class='ocrx_word' id='word_1_524' title='bbox 2435 2320 2669 2388; x_wconf 82' lang='grc' dir='ltr'>ἄφρονος</span> <span class='ocrx_word' id='word_1_525' title='bbox 2694 2334 2708 2349; x_wconf 93' lang='grc'>·</span> <span class='ocrx_word' id='word_1_526' title='bbox 2743 2316 2888 2373; x_wconf 81' lang='grc' dir='ltr'>Εἶπε</span> <span class='ocrx_word' id='word_1_527' title='bbox 2925 2319 3032 2390; x_wconf 73' lang='grc' dir='ltr'>γάρ</span> <span class='ocrx_word' id='word_1_528' title='bbox 3079 2321 3285 2388; x_wconf 56' lang='grc' dir='ltr'>ἄφρων</span> <span class='ocrx_word' id='word_1_529' title='bbox 3326 2320 3396 2372; x_wconf 79' lang='grc' dir='ltr'>ἐν</span> <span class='ocrx_word' id='word_1_530' title='bbox 3425 2318 3635 2386; x_wconf 78' lang='grc' dir='ltr'>καρδίᾳ</span> <span class='ocrx_word' id='word_1_531' title='bbox 3677 2319 3889 2381; x_wconf 86' lang='grc' dir='ltr'>αὑτοῦ,</span> 
     </span>
    </p>
   </div>
   <div class='ocr_carea' id='block_1_65' title="bbox 2227 2402 3890 2478">
    <p class='ocr_par' dir='ltr' id='par_1_65' title="bbox 2227 2402 3890 2478">
     <span class='ocr_line' id='line_1_65' title="bbox 2227 2402 3890 2478; baseline -0.002 -17"><span class='ocrx_word' id='word_1_532' title='bbox 2227 2405 2350 2461; x_wconf 83' lang='grc' dir='ltr'>Οὐκ</span> <span class='ocrx_word' id='word_1_533' title='bbox 2396 2406 2527 2459; x_wconf 78' lang='grc' dir='ltr'>ἔστι</span> <span class='ocrx_word' id='word_1_534' title='bbox 2569 2406 2714 2469; x_wconf 85' lang='grc' dir='ltr'>Θεός</span> <span class='ocrx_word' id='word_1_535' title='bbox 2737 2423 2751 2436; x_wconf 90' lang='grc'>·</span> <span class='ocrx_word' id='word_1_536' title='bbox 2795 2407 2894 2459; x_wconf 89' lang='grc' dir='ltr'>οὐκ</span> <span class='ocrx_word' id='word_1_537' title='bbox 2923 2402 3098 2466; x_wconf 86' lang='grc' dir='ltr'>εἶπεν,</span> <span class='ocrx_word' id='word_1_538' title='bbox 3123 2407 3198 2469; x_wconf 85' lang='grc' dir='ltr'>ὡς</span> <span class='ocrx_word' id='word_1_539' title='bbox 3232 2407 3296 2459; x_wconf 88' lang='grc' dir='ltr'>σύ</span> <span class='ocrx_word' id='word_1_540' title='bbox 3329 2407 3573 2474; x_wconf 88' lang='grc' dir='ltr'>ἐνόησας.</span> <span class='ocrx_word' id='word_1_541' title='bbox 3619 2407 3680 2458; x_wconf 73' lang='lat' dir='ltr'><strong><em>El</em></strong></span> <span class='ocrx_word' id='word_1_542' title='bbox 3718 2406 3826 2476; x_wconf 72' lang='grc' dir='ltr'>γάρ</span> <span class='ocrx_word' id='word_1_543' title='bbox 3852 2408 3890 2478; x_wconf 73' lang='grc' dir='ltr'><strong>ἡ</strong></span> 
     </span>
    </p>
   </div>
   <div class='ocr_carea' id='block_1_66' title="bbox 2223 2493 3892 2564">
    <p class='ocr_par' dir='ltr' id='par_1_66' title="bbox 2223 2493 3892 2564">
     <span class='ocr_line' id='line_1_66' title="bbox 2223 2493 3892 2564; baseline 0 -18"><span class='ocrx_word' id='word_1_544' title='bbox 2223 2494 2319 2546; x_wconf 91' lang='grc' dir='ltr'>τοῦ</span> <span class='ocrx_word' id='word_1_545' title='bbox 2353 2493 2666 2561; x_wconf 88' lang='grc' dir='ltr'>Πνεύματος</span> <span class='ocrx_word' id='word_1_546' title='bbox 2703 2493 2862 2564; x_wconf 77' lang='grc' dir='ltr'>ὕϐρις</span> <span class='ocrx_word' id='word_1_547' title='bbox 2908 2496 2987 2557; x_wconf 88' lang='grc' dir='ltr'>είς</span> <span class='ocrx_word' id='word_1_548' title='bbox 3026 2494 3157 2546; x_wconf 81' lang='grc' dir='ltr'>Θεὸν</span> <span class='ocrx_word' id='word_1_549' title='bbox 3202 2495 3488 2563; x_wconf 77' lang='grc' dir='ltr'>ἀνέτρεχεν</span> <span class='ocrx_word' id='word_1_550' title='bbox 3518 2494 3592 2556; x_wconf 86' lang='grc' dir='ltr'>ῶς</span> <span class='ocrx_word' id='word_1_551' title='bbox 3639 2493 3892 2546; x_wconf 85' lang='grc' dir='ltr'>ἀποστεί-</span> 
     </span>
    </p>
   </div>
   <div class='ocr_carea' id='block_1_67' title="bbox 2224 2579 3893 2650">
    <p class='ocr_par' dir='ltr' id='par_1_67' title="bbox 2224 2579 3893 2650">
     <span class='ocr_line' id='line_1_67' title="bbox 2224 2579 3893 2650; baseline -0.001 -17"><span class='ocrx_word' id='word_1_552' title='bbox 2224 2580 2411 2644; x_wconf 91' lang='grc' dir='ltr'>λαντα,</span> <span class='ocrx_word' id='word_1_553' title='bbox 2447 2580 2613 2650; x_wconf 83' lang='grc' dir='ltr'>ἐχρῆν</span> <span class='ocrx_word' id='word_1_554' title='bbox 2643 2581 2817 2632; x_wconf 76' lang='grc' dir='ltr'>εἰπεῖν</span> <span class='ocrx_word' id='word_1_555' title='bbox 2836 2581 2977 2633; x_wconf 77' lang='grc' dir='ltr'>Ὀὐκ</span> <span class='ocrx_word' id='word_1_556' title='bbox 3012 2579 3222 2650; x_wconf 61' lang='grc' dir='ltr'>ἐψεύσω</span> <span class='ocrx_word' id='word_1_557' title='bbox 3245 2579 3322 2650; x_wconf 79' lang='grc' dir='ltr'>τῷ</span> <span class='ocrx_word' id='word_1_558' title='bbox 3349 2579 3634 2650; x_wconf 80' lang='grc' dir='ltr'>Πνεύματι,</span> <span class='ocrx_word' id='word_1_559' title='bbox 3660 2580 3793 2632; x_wconf 81' lang='grc' dir='ltr'>ἁλλά</span> <span class='ocrx_word' id='word_1_560' title='bbox 3814 2579 3893 2650; x_wconf 85' lang='grc' dir='ltr'>τῷ</span> 
     </span>
    </p>
   </div>
   <div class='ocr_carea' id='block_1_68' title="bbox 2225 2667 3892 2738">
    <p class='ocr_par' dir='ltr' id='par_1_68' title="bbox 2225 2667 3892 2738">
     <span class='ocr_line' id='line_1_68' title="bbox 2225 2667 3892 2738; baseline -0.001 -16"><span class='ocrx_word' id='word_1_561' title='bbox 2225 2667 2364 2738; x_wconf 84' lang='grc' dir='ltr'>Θεῷ.</span> <span class='ocrx_word' id='word_1_562' title='bbox 2407 2667 2568 2720; x_wconf 79' lang='grc' dir='ltr'>Ἀλλά</span> <span class='ocrx_word' id='word_1_563' title='bbox 2595 2668 2766 2721; x_wconf 89' lang='grc' dir='ltr'>ταῦτα</span> <span class='ocrx_word' id='word_1_564' title='bbox 2793 2669 2889 2738; x_wconf 82' lang='grc' dir='ltr'>μὲν</span> <span class='ocrx_word' id='word_1_565' title='bbox 2916 2670 2994 2731; x_wconf 84' lang='grc' dir='ltr'>είς</span> <span class='ocrx_word' id='word_1_566' title='bbox 3016 2667 3297 2720; x_wconf 84' lang='grc' dir='ltr'>τοσοῦτον·</span> <span class='ocrx_word' id='word_1_567' title='bbox 3329 2668 3410 2720; x_wconf 87' lang='grc' dir='ltr'>δεῖ</span> <span class='ocrx_word' id='word_1_568' title='bbox 3437 2667 3545 2736; x_wconf 80' lang='grc' dir='ltr'>γὰρ</span> <span class='ocrx_word' id='word_1_569' title='bbox 3565 2670 3630 2737; x_wconf 83' lang='grc' dir='ltr'>τῇ</span> <span class='ocrx_word' id='word_1_570' title='bbox 3657 2669 3892 2720; x_wconf 86' lang='grc' dir='ltr'>ἀποστο-</span> 
     </span>
    </p>
   </div>
   <div class='ocr_carea' id='block_1_69' title="bbox 2225 2755 3891 2826">
    <p class='ocr_par' dir='ltr' id='par_1_69' title="bbox 2225 2755 3891 2826">
     <span class='ocr_line' id='line_1_69' title="bbox 2225 2755 3891 2826; baseline 0.001 -18"><span class='ocrx_word' id='word_1_571' title='bbox 2225 2755 2348 2826; x_wconf 80' lang='grc' dir='ltr'>λικῇ</span> <span class='ocrx_word' id='word_1_572' title='bbox 2385 2755 2573 2826; x_wconf 81' lang='grc' dir='ltr'>χορείᾳ</span> <span class='ocrx_word' id='word_1_573' title='bbox 2607 2755 3006 2825; x_wconf 80' lang='grc' dir='ltr'>παραχωρῆσαι</span> <span class='ocrx_word' id='word_1_574' title='bbox 3044 2756 3142 2826; x_wconf 76' lang='grc' dir='ltr'>τὴν</span> <span class='ocrx_word' id='word_1_575' title='bbox 3179 2756 3340 2823; x_wconf 86' lang='grc' dir='ltr'>ἁγίαν</span> <span class='ocrx_word' id='word_1_576' title='bbox 3365 2756 3592 2826; x_wconf 84' lang='grc' dir='ltr'>Τριάδα,</span> <span class='ocrx_word' id='word_1_577' title='bbox 3627 2757 3692 2824; x_wconf 72' lang='grc' dir='ltr'>ἢν</span> <span class='ocrx_word' id='word_1_578' title='bbox 3726 2757 3754 2807; x_wconf 91' lang='grc' dir='ltr'>ὁ</span> <span class='ocrx_word' id='word_1_579' title='bbox 3781 2757 3891 2809; x_wconf 67' lang='lat' dir='ltr'><strong><em>lla-</em></strong></span> 
     </span>
    </p>
   </div>
   <div class='ocr_carea' id='block_1_70' title="bbox 2223 2841 3893 2913">
    <p class='ocr_par' dir='ltr' id='par_1_70' title="bbox 2223 2841 3893 2913">
     <span class='ocr_line' id='line_1_70' title="bbox 2223 2841 3893 2913; baseline 0 -17"><span class='ocrx_word' id='word_1_580' title='bbox 2223 2843 2328 2913; x_wconf 83' lang='grc' dir='ltr'>τὴρ</span> <span class='ocrx_word' id='word_1_581' title='bbox 2351 2841 2726 2910; x_wconf 87' lang='grc' dir='ltr'>καταγγέλλει.</span> <span class='ocrx_word' id='word_1_582' title='bbox 2761 2843 2930 2913; x_wconf 80' lang='grc' dir='ltr'>Τριάς</span> <span class='ocrx_word' id='word_1_583' title='bbox 2955 2843 3263 2894; x_wconf 79' lang='grc' dir='ltr'>ἀποστόλων</span> <span class='ocrx_word' id='word_1_584' title='bbox 3288 2843 3495 2912; x_wconf 87' lang='grc' dir='ltr'>μάρτυς</span> <span class='ocrx_word' id='word_1_585' title='bbox 3515 2843 3611 2912; x_wconf 87' lang='grc' dir='ltr'>τῆς</span> <span class='ocrx_word' id='word_1_586' title='bbox 3639 2841 3893 2908; x_wconf 83' lang='grc' dir='ltr'>οὐρανίου</span> 
     </span>
    </p>
   </div>
   <div class='ocr_carea' id='block_1_71' title="bbox 2225 2927 3891 3002">
    <p class='ocr_par' dir='ltr' id='par_1_71' title="bbox 2225 2927 3891 3002">
     <span class='ocr_line' id='line_1_71' title="bbox 2225 2927 3891 3002; baseline 0 -21"><span class='ocrx_word' id='word_1_587' title='bbox 2225 2930 2473 3000; x_wconf 83' lang='grc' dir='ltr'>Τριάδος.</span> <span class='ocrx_word' id='word_1_588' title='bbox 2510 2929 2874 2999; x_wconf 83' lang='grc' dir='ltr'>Χορεύσωμεν</span> <span class='ocrx_word' id='word_1_589' title='bbox 2933 2927 3026 2983; x_wconf 81' lang='grc' dir='ltr'>οὖν</span> <span class='ocrx_word' id='word_1_590' title='bbox 3073 2931 3415 3002; x_wconf 87' lang='grc' dir='ltr'>εἰλικρινῶς,</span> <span class='ocrx_word' id='word_1_591' title='bbox 3470 2931 3565 2982; x_wconf 77' lang='grc' dir='ltr'>καὶ</span> <span class='ocrx_word' id='word_1_592' title='bbox 3626 2931 3891 2998; x_wconf 82' lang='grc' dir='ltr'>εἴπωμεν,</span> 
     </span>
    </p>
   </div>
   <div class='ocr_carea' id='block_1_72' title="bbox 2223 3017 3890 3088">
    <p class='ocr_par' dir='ltr' id='par_1_72' title="bbox 2223 3017 3890 3088">
     <span class='ocr_line' id='line_1_72' title="bbox 2223 3017 3890 3088; baseline -0.002 -15"><span class='ocrx_word' id='word_1_593' title='bbox 2223 3019 2430 3073; x_wconf 71' lang='grc' dir='ltr'>Πολλὰ</span> <span class='ocrx_word' id='word_1_594' title='bbox 2456 3019 2528 3072; x_wconf 81' lang='grc' dir='ltr'>τὰ</span> <span class='ocrx_word' id='word_1_595' title='bbox 2553 3019 2732 3072; x_wconf 82' lang='grc' dir='ltr'>τέκνα</span> <span class='ocrx_word' id='word_1_596' title='bbox 2763 3018 2872 3084; x_wconf 85' lang='grc' dir='ltr'>τῆς</span> <span class='ocrx_word' id='word_1_597' title='bbox 2905 3019 3128 3087; x_wconf 81' lang='grc' dir='ltr'>ἐρήμου</span> <span class='ocrx_word' id='word_1_598' title='bbox 3150 3019 3392 3088; x_wconf 72' lang='grc' dir='ltr'>μᾶλλον</span> <span class='ocrx_word' id='word_1_599' title='bbox 3419 3019 3456 3084; x_wconf 75' lang='grc' dir='ltr'><strong>ἢ</strong></span> <span class='ocrx_word' id='word_1_600' title='bbox 3485 3017 3593 3085; x_wconf 84' lang='grc' dir='ltr'>τῆς</span> <span class='ocrx_word' id='word_1_601' title='bbox 3625 3019 3890 3086; x_wconf 74' lang='grc' dir='ltr'>ἐχούσης</span> 
     </span>
    </p>
   </div>
   <div class='ocr_carea' id='block_1_73' title="bbox 2223 3106 3893 3178">
    <p class='ocr_par' dir='ltr' id='par_1_73' title="bbox 2223 3106 3893 3178">
     <span class='ocr_line' id='line_1_73' title="bbox 2223 3106 3893 3178; baseline -0.001 -16"><span class='ocrx_word' id='word_1_602' title='bbox 2223 3109 2331 3162; x_wconf 83' lang='grc' dir='ltr'>τὸν</span> <span class='ocrx_word' id='word_1_603' title='bbox 2349 3107 2561 3176; x_wconf 78' lang='grc' dir='ltr'>ἄνδρα·</span> <span class='ocrx_word' id='word_1_604' title='bbox 2601 3108 2789 3177; x_wconf 73' lang='grc' dir='ltr'>ἤγουν,</span> <span class='ocrx_word' id='word_1_605' title='bbox 2829 3106 2860 3177; x_wconf 85' lang='grc' dir='ltr'>ἦ</span> <span class='ocrx_word' id='word_1_606' title='bbox 2889 3109 3035 3160; x_wconf 81' lang='grc' dir='ltr'>πᾶσα</span> <span class='ocrx_word' id='word_1_607' title='bbox 3065 3109 3277 3178; x_wconf 76' lang='grc' dir='ltr'>αἵρεσις</span> <span class='ocrx_word' id='word_1_608' title='bbox 3315 3110 3348 3178; x_wconf 92' lang='grc' dir='ltr'>ή</span> <span class='ocrx_word' id='word_1_609' title='bbox 3381 3107 3662 3178; x_wconf 82' lang='grc' dir='ltr'>ἄνθρωπον</span> <span class='ocrx_word' id='word_1_610' title='bbox 3693 3107 3893 3177; x_wconf 73' lang='grc' dir='ltr'>ἔχουσα</span> 
     </span>
    </p>
   </div>
   <div class='ocr_carea' id='block_1_74' title="bbox 2223 3195 3892 3266">
    <p class='ocr_par' dir='ltr' id='par_1_74' title="bbox 2223 3195 3892 3266">
     <span class='ocr_line' id='line_1_74' title="bbox 2223 3195 3892 3266; baseline -0.002 -16"><span class='ocrx_word' id='word_1_611' title='bbox 2223 3196 2562 3258; x_wconf 85' lang='grc' dir='ltr'>διδάσκαλον,</span> <span class='ocrx_word' id='word_1_612' title='bbox 2583 3197 2678 3249; x_wconf 71' lang='grc' dir='ltr'>καὶ</span> <span class='ocrx_word' id='word_1_613' title='bbox 2700 3197 2758 3248; x_wconf 92' lang='grc' dir='ltr'>οὐ</span> <span class='ocrx_word' id='word_1_614' title='bbox 2781 3196 2934 3250; x_wconf 86' lang='grc' dir='ltr'>Θεόν.</span> <span class='ocrx_word' id='word_1_615' title='bbox 2952 3197 3164 3249; x_wconf 83' lang='grc' dir='ltr'>Γένοιτο</span> <span class='ocrx_word' id='word_1_616' title='bbox 3178 3197 3233 3249; x_wconf 82' lang='grc' dir='ltr'>δὲ</span> <span class='ocrx_word' id='word_1_617' title='bbox 3255 3197 3441 3266; x_wconf 81' lang='grc' dir='ltr'>εὐχαῖς</span> <span class='ocrx_word' id='word_1_618' title='bbox 3466 3197 3559 3248; x_wconf 79' lang='grc' dir='ltr'>καὶ</span> <span class='ocrx_word' id='word_1_619' title='bbox 3575 3195 3892 3266; x_wconf 87' lang='grc' dir='ltr'>πρεσϐείαις</span> 
     </span>
    </p>
   </div>
   <div class='ocr_carea' id='block_1_75' title="bbox 2223 3281 3894 3354">
    <p class='ocr_par' dir='ltr' id='par_1_75' title="bbox 2223 3281 3894 3354">
     <span class='ocr_line' id='line_1_75' title="bbox 2223 3281 3894 3354; baseline -0.003 -18"><span class='ocrx_word' id='word_1_620' title='bbox 2223 3283 2317 3336; x_wconf 89' lang='grc' dir='ltr'>τοῦ</span> <span class='ocrx_word' id='word_1_621' title='bbox 2368 3282 2547 3336; x_wconf 90' lang='grc' dir='ltr'>κοινοῦ</span> <span class='ocrx_word' id='word_1_622' title='bbox 2601 3282 2805 3352; x_wconf 76' lang='grc' dir='ltr'>πατρὸς</span> <span class='ocrx_word' id='word_1_623' title='bbox 2861 3284 2955 3336; x_wconf 72' lang='grc' dir='ltr'>καὶ</span> <span class='ocrx_word' id='word_1_624' title='bbox 3001 3283 3343 3344; x_wconf 87' lang='grc' dir='ltr'>διδασκάλου,</span> <span class='ocrx_word' id='word_1_625' title='bbox 3388 3281 3538 3354; x_wconf 66' lang='grc'>[422]</span> <span class='ocrx_word' id='word_1_626' title='bbox 3576 3281 3894 3344; x_wconf 84' lang='grc' dir='ltr'>ἀποστόλοις</span> 
     </span>
    </p>
   </div>
   <div class='ocr_carea' id='block_1_76' title="bbox 2225 3369 3896 3441">
    <p class='ocr_par' dir='ltr' id='par_1_76' title="bbox 2225 3369 3896 3441">
     <span class='ocr_line' id='line_1_76' title="bbox 2225 3369 3896 3441; baseline -0.001 -19"><span class='ocrx_word' id='word_1_627' title='bbox 2225 3371 2433 3432; x_wconf 86' lang='grc' dir='ltr'>πάντας</span> <span class='ocrx_word' id='word_1_628' title='bbox 2457 3370 2602 3438; x_wconf 78' lang='grc' dir='ltr'>ἡμᾶς</span> <span class='ocrx_word' id='word_1_629' title='bbox 2634 3371 2725 3422; x_wconf 74' lang='grc' dir='ltr'>καὶ</span> <span class='ocrx_word' id='word_1_630' title='bbox 2767 3370 3032 3441; x_wconf 85' lang='grc' dir='ltr'>μάρτυσιν</span> <span class='ocrx_word' id='word_1_631' title='bbox 3057 3372 3115 3422; x_wconf 86' lang='grc' dir='ltr'>ἐν</span> <span class='ocrx_word' id='word_1_632' title='bbox 3148 3369 3414 3440; x_wconf 79' lang='grc' dir='ltr'>ὀρθοδόξῳ</span> <span class='ocrx_word' id='word_1_633' title='bbox 3441 3371 3620 3422; x_wconf 82' lang='grc' dir='ltr'>πίστει</span> <span class='ocrx_word' id='word_1_634' title='bbox 3646 3370 3896 3422; x_wconf 86' lang='grc' dir='ltr'>συναυλί-</span> 
     </span>
    </p>
   </div>
   <div class='ocr_carea' id='block_1_77' title="bbox 2225 3447 3892 3526">
    <p class='ocr_par' dir='ltr' id='par_1_77' title="bbox 2225 3447 3892 3526">
     <span class='ocr_line' id='line_1_77' title="bbox 2225 3447 3892 3526; baseline -0.001 -21"><span class='ocrx_word' id='word_1_635' title='bbox 2225 3451 2432 3516; x_wconf 78' lang='grc' dir='ltr'>ζεσθαι,</span> <span class='ocrx_word' id='word_1_636' title='bbox 2477 3453 2536 3505; x_wconf 89' lang='grc' dir='ltr'>ἐν</span> <span class='ocrx_word' id='word_1_637' title='bbox 2570 3451 2793 3522; x_wconf 82' lang='grc' dir='ltr'>Χριστῷ</span> <span class='ocrx_word' id='word_1_638' title='bbox 2841 3453 3014 3522; x_wconf 85' lang='grc' dir='ltr'>Ἰησοῦ</span> <span class='ocrx_word' id='word_1_639' title='bbox 3055 3453 3132 3524; x_wconf 82' lang='grc' dir='ltr'>τῷ</span> <span class='ocrx_word' id='word_1_640' title='bbox 3168 3455 3358 3525; x_wconf 83' lang='grc' dir='ltr'>Κυρίῳ</span> <span class='ocrx_word' id='word_1_641' title='bbox 3393 3455 3573 3526; x_wconf 78' lang='grc' dir='ltr'>ἡμῶν,</span> <span class='ocrx_word' id='word_1_642' title='bbox 3620 3447 3664 3520; x_wconf 80' lang='grc' dir='ltr'>ᾧ</span> <span class='ocrx_word' id='word_1_643' title='bbox 3693 3455 3726 3523; x_wconf 87' lang='grc' dir='ltr'>ή</span> <span class='ocrx_word' id='word_1_644' title='bbox 3764 3452 3892 3516; x_wconf 78' lang='grc' dir='ltr'>δόξα</span> 
     </span>
    </p>
   </div>
   <div class='ocr_carea' id='block_1_78' title="bbox 2226 3541 3890 3614">
    <p class='ocr_par' dir='ltr' id='par_1_78' title="bbox 2226 3541 3890 3614">
     <span class='ocr_line' id='line_1_78' title="bbox 2226 3541 3890 3614; baseline -0.001 -18"><span class='ocrx_word' id='word_1_645' title='bbox 2226 3543 2407 3597; x_wconf 79' lang='grc' dir='ltr'>καὶτὸ</span> <span class='ocrx_word' id='word_1_646' title='bbox 2435 3542 2634 3613; x_wconf 87' lang='grc' dir='ltr'>κράτος</span> <span class='ocrx_word' id='word_1_647' title='bbox 2667 3543 2762 3595; x_wconf 80' lang='grc' dir='ltr'>σὺν</span> <span class='ocrx_word' id='word_1_648' title='bbox 2808 3542 2885 3612; x_wconf 84' lang='grc' dir='ltr'>τῷ</span> <span class='ocrx_word' id='word_1_649' title='bbox 2916 3543 3110 3613; x_wconf 70' lang='grc' dir='ltr'>Πατρὶ,</span> <span class='ocrx_word' id='word_1_650' title='bbox 3144 3542 3259 3613; x_wconf 71' lang='grc' dir='ltr'>ἅμα</span> <span class='ocrx_word' id='word_1_651' title='bbox 3295 3542 3373 3614; x_wconf 82' lang='grc' dir='ltr'>τῷ</span> <span class='ocrx_word' id='word_1_652' title='bbox 3412 3545 3551 3614; x_wconf 82' lang='grc' dir='ltr'>ἁγίῳ</span> <span class='ocrx_word' id='word_1_653' title='bbox 3589 3541 3890 3612; x_wconf 87' lang='grc' dir='ltr'>Πνεύματι,</span> 
     </span>
    </p>
   </div>
   <div class='ocr_carea' id='block_1_79' title="bbox 2225 3629 3817 3700">
    <p class='ocr_par' dir='ltr' id='par_1_79' title="bbox 2225 3629 3817 3700">
     <span class='ocr_line' id='line_1_79' title="bbox 2225 3629 3817 3700; baseline -0.001 -16"><span class='ocrx_word' id='word_1_654' title='bbox 2225 3629 2321 3686; x_wconf 88' lang='grc' dir='ltr'>νῦν</span> <span class='ocrx_word' id='word_1_655' title='bbox 2354 3632 2449 3684; x_wconf 72' lang='grc' dir='ltr'>καὶ</span> <span class='ocrx_word' id='word_1_656' title='bbox 2473 3631 2580 3694; x_wconf 73' lang='grc' dir='ltr'>ἀεὶ,</span> <span class='ocrx_word' id='word_1_657' title='bbox 2608 3632 2701 3683; x_wconf 73' lang='grc' dir='ltr'>καὶ</span> <span class='ocrx_word' id='word_1_658' title='bbox 2729 3630 2808 3693; x_wconf 85' lang='grc' dir='ltr'>είς</span> <span class='ocrx_word' id='word_1_659' title='bbox 2835 3629 2961 3693; x_wconf 85' lang='grc' dir='ltr'>τούς</span> <span class='ocrx_word' id='word_1_660' title='bbox 2988 3629 3192 3694; x_wconf 81' lang='grc' dir='ltr'>αἰῶνας</span> <span class='ocrx_word' id='word_1_661' title='bbox 3216 3630 3322 3684; x_wconf 90' lang='grc' dir='ltr'>τῶν</span> <span class='ocrx_word' id='word_1_662' title='bbox 3349 3630 3581 3686; x_wconf 82' lang='grc' dir='ltr'>αἰώνων.</span> <span class='ocrx_word' id='word_1_663' title='bbox 3621 3631 3817 3700; x_wconf 80' lang='grc' dir='ltr'>Ἀμήν.</span> 
     </span>
    </p>
   </div>
   <div class='ocr_carea' id='block_1_80' title="bbox 1725 4725 2592 4792">
    <p class='ocr_par' dir='ltr' id='par_1_80' title="bbox 1725 4725 2592 4792">
     <span class='ocr_line' id='line_1_80' title="bbox 1725 4725 2592 4792; baseline -0.002 -11"><span class='ocrx_word' id='word_1_664' title='bbox 1725 4725 1835 4781; x_wconf 82' lang='grc' dir='ltr'>Τοῦ</span> <span class='ocrx_word' id='word_1_665' title='bbox 1868 4725 2052 4780; x_wconf 82' lang='grc' dir='ltr'>αὑτοῦ</span> <span class='ocrx_word' id='word_1_666' title='bbox 2080 4725 2210 4792; x_wconf 76' lang='grc' dir='ltr'>περὶ</span> <span class='ocrx_word' id='word_1_667' title='bbox 2241 4725 2592 4792; x_wconf 82' lang='grc' dir='ltr'>πραότητος.</span> 
     </span>
    </p>
   </div>
   <div class='ocr_carea' id='block_1_81' title="bbox 524 4907 2119 4988">
    <p class='ocr_par' dir='ltr' id='par_1_81' title="bbox 524 4907 2119 4988">
     <span class='ocr_line' id='line_1_81' title="bbox 524 4907 2119 4988; baseline -0.008 -15"><span class='ocrx_word' id='word_1_668' title='bbox 524 4925 592 4973; x_wconf 86' lang='grc' dir='ltr'>α’.</span> <span class='ocrx_word' id='word_1_669' title='bbox 633 4911 802 4988; x_wconf 82' lang='grc' dir='ltr'>Οἶμαι</span> <span class='ocrx_word' id='word_1_670' title='bbox 831 4916 1040 4978; x_wconf 85' lang='grc' dir='ltr'>πάντας</span> <span class='ocrx_word' id='word_1_671' title='bbox 1070 4914 1216 4985; x_wconf 86' lang='grc' dir='ltr'>ὐμᾶς</span> <span class='ocrx_word' id='word_1_672' title='bbox 1243 4909 1567 4965; x_wconf 82' lang='grc' dir='ltr'>ἐπίστασθαι</span> <span class='ocrx_word' id='word_1_673' title='bbox 1596 4907 1804 4977; x_wconf 81' lang='grc' dir='ltr'>σαφῶς,</span> <span class='ocrx_word' id='word_1_674' title='bbox 1835 4909 1918 4962; x_wconf 79' lang='grc' dir='ltr'>ὅτι</span> <span class='ocrx_word' id='word_1_675' title='bbox 1951 4925 2119 4979; x_wconf 88' lang='grc' dir='ltr'>προσ-</span> 
     </span>
    </p>
   </div>
   <div class='ocr_carea' id='block_1_82' title="bbox 450 4991 2119 5075">
    <p class='ocr_par' dir='ltr' id='par_1_82' title="bbox 450 4991 2119 5075">
     <span class='ocr_line' id='line_1_82' title="bbox 450 4991 2119 5075; baseline -0.008 -16"><span class='ocrx_word' id='word_1_676' title='bbox 450 5005 576 5075; x_wconf 80' lang='grc' dir='ltr'>ήκει</span> <span class='ocrx_word' id='word_1_677' title='bbox 599 5006 728 5068; x_wconf 83' lang='grc' dir='ltr'>τοὺς</span> <span class='ocrx_word' id='word_1_678' title='bbox 746 5003 854 5057; x_wconf 87' lang='grc' dir='ltr'>τῶν</span> <span class='ocrx_word' id='word_1_679' title='bbox 877 5002 1074 5071; x_wconf 88' lang='grc' dir='ltr'>λογίων</span> <span class='ocrx_word' id='word_1_680' title='bbox 1101 4999 1196 5054; x_wconf 90' lang='grc' dir='ltr'>τοῦ</span> <span class='ocrx_word' id='word_1_681' title='bbox 1222 4997 1356 5052; x_wconf 84' lang='grc' dir='ltr'>Θεοῦ</span> <span class='ocrx_word' id='word_1_682' title='bbox 1387 4996 1620 5058; x_wconf 85' lang='grc' dir='ltr'>συνετῶς</span> <span class='ocrx_word' id='word_1_683' title='bbox 1646 4995 1960 5058; x_wconf 89' lang='grc' dir='ltr'>ἀκούοντας,</span> <span class='ocrx_word' id='word_1_684' title='bbox 1987 4991 2119 5064; x_wconf 79' lang='grc' dir='ltr'>ἦθος</span> 
     </span>
    </p>
   </div>
   <div class='ocr_carea' id='block_1_83' title="bbox 449 5075 2118 5161">
    <p class='ocr_par' dir='ltr' id='par_1_83' title="bbox 449 5075 2118 5161">
     <span class='ocr_line' id='line_1_83' title="bbox 449 5075 2118 5161; baseline -0.008 -15"><span class='ocrx_word' id='word_1_685' title='bbox 449 5091 654 5160; x_wconf 82' lang='grc' dir='ltr'>ἀγαθὸν</span> <span class='ocrx_word' id='word_1_686' title='bbox 679 5091 775 5144; x_wconf 75' lang='grc' dir='ltr'>καὶ</span> <span class='ocrx_word' id='word_1_687' title='bbox 813 5089 1030 5161; x_wconf 76' lang='grc' dir='ltr'>τρόποιν</span> <span class='ocrx_word' id='word_1_688' title='bbox 1077 5086 1276 5160; x_wconf 82' lang='grc' dir='ltr'>ἀρετὴν</span> <span class='ocrx_word' id='word_1_689' title='bbox 1309 5086 1513 5138; x_wconf 85' lang='grc' dir='ltr'>ἀσκεῖν.</span> <span class='ocrx_word' id='word_1_690' title='bbox 1547 5081 1717 5136; x_wconf 89' lang='grc' dir='ltr'>Τοῦτο</span> <span class='ocrx_word' id='word_1_691' title='bbox 1749 5083 1858 5153; x_wconf 91' lang='grc' dir='ltr'>γάρ</span> <span class='ocrx_word' id='word_1_692' title='bbox 1899 5083 2045 5135; x_wconf 85' lang='grc' dir='ltr'>ἐστιν</span> <span class='ocrx_word' id='word_1_693' title='bbox 2072 5075 2118 5149; x_wconf 84' lang='grc' dir='ltr'>ᾧ</span> 
     </span>
    </p>
   </div>
   <div class='ocr_carea' id='block_1_84' title="bbox 454 5164 2117 5245">
    <p class='ocr_par' dir='ltr' id='par_1_84' title="bbox 454 5164 2117 5245">
     <span class='ocr_line' id='line_1_84' title="bbox 454 5164 2117 5245; baseline -0.007 -16"><span class='ocrx_word' id='word_1_694' title='bbox 454 5164 688 5244; x_wconf 85' lang='grc' dir='ltr'>μάλιστα</span> <span class='ocrx_word' id='word_1_695' title='bbox 734 5174 1081 5245; x_wconf 84' lang='grc' dir='ltr'>διαφέρουσιν</span> <span class='ocrx_word' id='word_1_696' title='bbox 1128 5171 1178 5223; x_wconf 89' lang='grc' dir='ltr'>οί</span> <span class='ocrx_word' id='word_1_697' title='bbox 1216 5167 1390 5222; x_wconf 85' lang='grc' dir='ltr'>δοῦλοι</span> <span class='ocrx_word' id='word_1_698' title='bbox 1433 5166 1527 5220; x_wconf 91' lang='grc' dir='ltr'>τοῦ</span> <span class='ocrx_word' id='word_1_699' title='bbox 1578 5165 1812 5236; x_wconf 88' lang='grc' dir='ltr'>Χριστοῦ</span> <span class='ocrx_word' id='word_1_700' title='bbox 1855 5167 1964 5219; x_wconf 91' lang='grc' dir='ltr'>τῶν</span> <span class='ocrx_word' id='word_1_701' title='bbox 2018 5168 2117 5237; x_wconf 78' lang='grc' dir='ltr'>τὴν</span> 
     </span>
    </p>
   </div>
   <div class='ocr_carea' id='block_1_85' title="bbox 451 5252 2117 5332">
    <p class='ocr_par' dir='ltr' id='par_1_85' title="bbox 451 5252 2117 5332">
     <span class='ocr_line' id='line_1_85' title="bbox 451 5252 2117 5332; baseline -0.007 -16"><span class='ocrx_word' id='word_1_702' title='bbox 451 5262 711 5332; x_wconf 87' lang='grc' dir='ltr'>ἀλήθειαν</span> <span class='ocrx_word' id='word_1_703' title='bbox 757 5261 1114 5331; x_wconf 81' lang='grc' dir='ltr'>ἀγνοούντων,</span> <span class='ocrx_word' id='word_1_704' title='bbox 1157 5257 1233 5326; x_wconf 82' lang='grc' dir='ltr'>τῷ</span> <span class='ocrx_word' id='word_1_705' title='bbox 1275 5253 1603 5328; x_wconf 88' lang='grc' dir='ltr'>χρηστότητι</span> <span class='ocrx_word' id='word_1_706' title='bbox 1653 5252 1820 5323; x_wconf 73' lang='grc' dir='ltr'>συζῆν</span> <span class='ocrx_word' id='word_1_707' title='bbox 1868 5253 1962 5306; x_wconf 77' lang='grc' dir='ltr'>καὶ</span> <span class='ocrx_word' id='word_1_708' title='bbox 2003 5253 2117 5324; x_wconf 87' lang='grc' dir='ltr'>βίον</span> 
     </span>
    </p>
   </div>
   <div class='ocr_carea' id='block_1_86' title="bbox 452 5338 2120 5416">
    <p class='ocr_par' dir='ltr' id='par_1_86' title="bbox 452 5338 2120 5416">
     <span class='ocr_line' id='line_1_86' title="bbox 452 5338 2120 5416; baseline -0.007 -15"><span class='ocrx_word' id='word_1_709' title='bbox 452 5347 601 5412; x_wconf 78' lang='grc' dir='ltr'>ἀξιον</span> <span class='ocrx_word' id='word_1_710' title='bbox 638 5346 738 5416; x_wconf 90' lang='grc' dir='ltr'>τῆς</span> <span class='ocrx_word' id='word_1_711' title='bbox 796 5347 1076 5408; x_wconf 88' lang='grc' dir='ltr'>εὐσεϐείας</span> <span class='ocrx_word' id='word_1_712' title='bbox 1124 5341 1477 5414; x_wconf 86' lang='grc' dir='ltr'>παρέχεσθαι.</span> <span class='ocrx_word' id='word_1_713' title='bbox 1529 5338 1667 5401; x_wconf 80' lang='grc' dir='ltr'>Τοὺς</span> <span class='ocrx_word' id='word_1_714' title='bbox 1712 5338 1812 5407; x_wconf 86' lang='grc' dir='ltr'>μὲν</span> <span class='ocrx_word' id='word_1_715' title='bbox 1863 5339 1974 5409; x_wconf 90' lang='grc' dir='ltr'>γάρ</span> <span class='ocrx_word' id='word_1_716' title='bbox 2025 5339 2120 5391; x_wconf 77' lang='grc' dir='ltr'>τὸν</span> 
     </span>
    </p>
   </div>
   <div class='ocr_carea' id='block_1_87' title="bbox 454 5422 2117 5506">
    <p class='ocr_par' dir='ltr' id='par_1_87' title="bbox 454 5422 2117 5506">
     <span class='ocr_line' id='line_1_87' title="bbox 454 5422 2117 5506; baseline -0.008 -18"><span class='ocrx_word' id='word_1_717' title='bbox 454 5435 687 5506; x_wconf 74' lang='grc' dir='ltr'>Χριστὸν</span> <span class='ocrx_word' id='word_1_718' title='bbox 716 5433 1038 5502; x_wconf 84' lang='grc' dir='ltr'>ἀγνοοῦντας</span> <span class='ocrx_word' id='word_1_719' title='bbox 1057 5432 1208 5486; x_wconf 85' lang='grc' dir='ltr'>οὐδὲν</span> <span class='ocrx_word' id='word_1_720' title='bbox 1233 5427 1461 5491; x_wconf 74' lang='grc' dir='ltr'>ἀπεικὸς</span> <span class='ocrx_word' id='word_1_721' title='bbox 1489 5428 1757 5497; x_wconf 87' lang='grc' dir='ltr'>πονηρούς</span> <span class='ocrx_word' id='word_1_722' title='bbox 1780 5443 1838 5480; x_wconf 90' lang='grc' dir='ltr'>τε</span> <span class='ocrx_word' id='word_1_723' title='bbox 1863 5422 2002 5478; x_wconf 77' lang='grc' dir='ltr'>εἶναι</span> <span class='ocrx_word' id='word_1_724' title='bbox 2024 5423 2117 5477; x_wconf 71' lang='grc' dir='ltr'>καὶ</span> 
     </span>
    </p>
   </div>
   <div class='ocr_carea' id='block_1_88' title="bbox 458 5514 2114 5595">
    <p class='ocr_par' dir='ltr' id='par_1_88' title="bbox 458 5514 2114 5595">
     <span class='ocr_line' id='line_1_88' title="bbox 458 5514 2114 5595; baseline -0.007 -18"><span class='ocrx_word' id='word_1_725' title='bbox 458 5522 765 5595; x_wconf 79' lang='grc' dir='ltr'>μοχθηροὺς</span> <span class='ocrx_word' id='word_1_726' title='bbox 790 5522 880 5575; x_wconf 79' lang='grc' dir='ltr'>τὸν</span> <span class='ocrx_word' id='word_1_727' title='bbox 903 5522 1132 5593; x_wconf 81' lang='grc' dir='ltr'>τρόπον·</span> <span class='ocrx_word' id='word_1_728' title='bbox 1167 5522 1195 5572; x_wconf 88' lang='lat'>6</span> <span class='ocrx_word' id='word_1_729' title='bbox 1228 5518 1286 5570; x_wconf 81' lang='grc' dir='ltr'>δὲ</span> <span class='ocrx_word' id='word_1_730' title='bbox 1312 5514 1406 5569; x_wconf 90' lang='grc' dir='ltr'>τοῦ</span> <span class='ocrx_word' id='word_1_731' title='bbox 1435 5514 1673 5585; x_wconf 87' lang='grc' dir='ltr'>Χριστοῦ</span> <span class='ocrx_word' id='word_1_732' title='bbox 1707 5514 1892 5576; x_wconf 84' lang='grc' dir='ltr'>δοῦλος</span> <span class='ocrx_word' id='word_1_733' title='bbox 1919 5515 1983 5566; x_wconf 88' lang='grc' dir='ltr'>ἐκ</span> <span class='ocrx_word' id='word_1_734' title='bbox 2015 5514 2114 5582; x_wconf 88' lang='grc' dir='ltr'>τῆς</span> 
     </span>
    </p>
   </div>
   <div class='ocr_carea' id='block_1_89' title="bbox 453 5600 2114 5680">
    <p class='ocr_par' dir='ltr' id='par_1_89' title="bbox 453 5600 2114 5680">
     <span class='ocr_line' id='line_1_89' title="bbox 453 5600 2114 5680; baseline -0.005 -18"><span class='ocrx_word' id='word_1_735' title='bbox 453 5609 564 5663; x_wconf 88' lang='grc' dir='ltr'>τῶν</span> <span class='ocrx_word' id='word_1_736' title='bbox 589 5610 733 5680; x_wconf 76' lang='grc' dir='ltr'>ήθῶν</span> <span class='ocrx_word' id='word_1_737' title='bbox 761 5609 1096 5680; x_wconf 79' lang='grc' dir='ltr'>ἡμερότητος</span> <span class='ocrx_word' id='word_1_738' title='bbox 1119 5603 1387 5659; x_wconf 87' lang='grc' dir='ltr'>καλείσθω</span> <span class='ocrx_word' id='word_1_739' title='bbox 1419 5600 1636 5672; x_wconf 79' lang='grc' dir='ltr'>μᾶλλον,</span> <span class='ocrx_word' id='word_1_740' title='bbox 1667 5600 1700 5672; x_wconf 80' lang='grc' dir='ltr'>ἢ</span> <span class='ocrx_word' id='word_1_741' title='bbox 1727 5601 1820 5654; x_wconf 90' lang='grc' dir='ltr'>τοῦ</span> <span class='ocrx_word' id='word_1_742' title='bbox 1837 5601 1985 5672; x_wconf 86' lang='grc' dir='ltr'>παρά</span> <span class='ocrx_word' id='word_1_743' title='bbox 2008 5601 2114 5654; x_wconf 89' lang='grc' dir='ltr'>τῶν</span> 
     </span>
    </p>
   </div>
   <div class='ocr_carea' id='block_1_90' title="bbox 453 5688 2115 5768">
    <p class='ocr_par' dir='ltr' id='par_1_90' title="bbox 453 5688 2115 5768">
     <span class='ocr_line' id='line_1_90' title="bbox 453 5688 2115 5768; baseline -0.003 -20"><span class='ocrx_word' id='word_1_744' title='bbox 453 5697 657 5767; x_wconf 75' lang='grc' dir='ltr'>γονέων</span> <span class='ocrx_word' id='word_1_745' title='bbox 685 5697 835 5768; x_wconf 83' lang='grc' dir='ltr'>αὐτῷ</span> <span class='ocrx_word' id='word_1_746' title='bbox 862 5695 1108 5760; x_wconf 83' lang='grc' dir='ltr'>τεθέντος</span> <span class='ocrx_word' id='word_1_747' title='bbox 1136 5694 1415 5764; x_wconf 81' lang='grc' dir='ltr'>ὀνόματος.</span> <span class='ocrx_word' id='word_1_748' title='bbox 1447 5688 1521 5742; x_wconf 85' lang='grc' dir='ltr'>Οὐ</span> <span class='ocrx_word' id='word_1_749' title='bbox 1557 5688 1664 5758; x_wconf 81' lang='grc' dir='ltr'>γὰρ</span> <span class='ocrx_word' id='word_1_750' title='bbox 1693 5688 1866 5754; x_wconf 77' lang='grc' dir='ltr'>οὕτως</span> <span class='ocrx_word' id='word_1_751' title='bbox 1901 5691 2115 5759; x_wconf 71' lang='grc' dir='ltr'>ἀγαπᾶ-</span> 
     </span>
    </p>
   </div>
   <div class='ocr_carea' id='block_1_91' title="bbox 2223 4901 3888 4977">
    <p class='ocr_par' dir='ltr' id='par_1_91' title="bbox 2223 4901 3888 4977">
     <span class='ocr_line' id='line_1_91' title="bbox 2223 4901 3888 4977; baseline -0.002 -17"><span class='ocrx_word' id='word_1_752' title='bbox 2223 4924 2314 4960; x_wconf 91' lang='grc' dir='ltr'>ται</span> <span class='ocrx_word' id='word_1_753' title='bbox 2365 4906 2516 4977; x_wconf 82' lang='grc' dir='ltr'>παρά</span> <span class='ocrx_word' id='word_1_754' title='bbox 2563 4903 2658 4958; x_wconf 78' lang='grc' dir='ltr'>τοῦ</span> <span class='ocrx_word' id='word_1_755' title='bbox 2687 4901 2826 4955; x_wconf 84' lang='grc' dir='ltr'>Θεοῦ</span> <span class='ocrx_word' id='word_1_756' title='bbox 2858 4902 2918 4956; x_wconf 82' lang='lat'>:6</span> <span class='ocrx_word' id='word_1_757' title='bbox 2947 4903 3054 4956; x_wconf 89' lang='grc' dir='ltr'>τῶν</span> <span class='ocrx_word' id='word_1_758' title='bbox 3103 4903 3406 4975; x_wconf 81' lang='grc' dir='ltr'>ἀνθρώπων</span> <span class='ocrx_word' id='word_1_759' title='bbox 3449 4903 3624 4970; x_wconf 86' lang='grc' dir='ltr'>γένος,</span> <span class='ocrx_word' id='word_1_760' title='bbox 3651 4904 3751 4956; x_wconf 88' lang='grc' dir='ltr'>οὐκ</span> <span class='ocrx_word' id='word_1_761' title='bbox 3781 4902 3888 4957; x_wconf 84' lang='lat'>61:6</span> 
     </span>
    </p>
   </div>
   <div class='ocr_carea' id='block_1_92' title="bbox 2225 4991 3889 5064">
    <p class='ocr_par' dir='ltr' id='par_1_92' title="bbox 2225 4991 3889 5064">
     <span class='ocr_line' id='line_1_92' title="bbox 2225 4991 3889 5064; baseline -0.001 -17"><span class='ocrx_word' id='word_1_762' title='bbox 2225 4993 2543 5064; x_wconf 87' lang='grc' dir='ltr'>παρθενίας,</span> <span class='ocrx_word' id='word_1_763' title='bbox 2577 4993 2676 5044; x_wconf 90' lang='grc' dir='ltr'>οὐκ</span> <span class='ocrx_word' id='word_1_764' title='bbox 2713 4995 2816 5045; x_wconf 84' lang='lat'>61:6</span> <span class='ocrx_word' id='word_1_765' title='bbox 2838 4993 3110 5063; x_wconf 81' lang='grc' dir='ltr'>νηστείας,</span> <span class='ocrx_word' id='word_1_766' title='bbox 3139 4993 3238 5046; x_wconf 87' lang='grc' dir='ltr'>οὐκ</span> <span class='ocrx_word' id='word_1_767' title='bbox 3267 4993 3374 5045; x_wconf 88' lang='lat'>61:6</span> <span class='ocrx_word' id='word_1_768' title='bbox 3405 4991 3499 5045; x_wconf 88' lang='grc' dir='ltr'>τοῦ</span> <span class='ocrx_word' id='word_1_769' title='bbox 3526 4993 3633 5044; x_wconf 85' lang='grc' dir='ltr'>τῶν</span> <span class='ocrx_word' id='word_1_770' title='bbox 3671 4993 3889 5064; x_wconf 78' lang='grc' dir='ltr'>χρημάο</span> 
     </span>
    </p>
   </div>
   <div class='ocr_carea' id='block_1_93' title="bbox 2221 5080 3888 5151">
    <p class='ocr_par' dir='ltr' id='par_1_93' title="bbox 2221 5080 3888 5151">
     <span class='ocr_line' id='line_1_93' title="bbox 2221 5080 3888 5151; baseline 0 -19"><span class='ocrx_word' id='word_1_771' title='bbox 2221 5098 2329 5133; x_wconf 77' lang='grc' dir='ltr'>των</span> <span class='ocrx_word' id='word_1_772' title='bbox 2353 5083 2734 5150; x_wconf 77' lang='grc' dir='ltr'>καταφρονεῖν,</span> <span class='ocrx_word' id='word_1_773' title='bbox 2763 5083 2861 5134; x_wconf 89' lang='grc' dir='ltr'>οὐκ</span> <span class='ocrx_word' id='word_1_774' title='bbox 2890 5081 2996 5134; x_wconf 87' lang='lat'>61:6</span> <span class='ocrx_word' id='word_1_775' title='bbox 3022 5080 3115 5133; x_wconf 87' lang='grc' dir='ltr'>τοῦ</span> <span class='ocrx_word' id='word_1_776' title='bbox 3148 5080 3440 5151; x_wconf 82' lang='grc' dir='ltr'>προθύμως</span> <span class='ocrx_word' id='word_1_777' title='bbox 3462 5083 3612 5150; x_wconf 81' lang='grc' dir='ltr'>χεῖρα</span> <span class='ocrx_word' id='word_1_778' title='bbox 3639 5083 3754 5143; x_wconf 85' lang='grc' dir='ltr'>τοῖς</span> <span class='ocrx_word' id='word_1_779' title='bbox 3773 5081 3888 5132; x_wconf 83' lang='grc' dir='ltr'>δεοο</span> 
     </span>
    </p>
   </div>
   <div class='ocr_carea' id='block_1_94' title="bbox 2225 5166 3887 5238">
    <p class='ocr_par' dir='ltr' id='par_1_94' title="bbox 2225 5166 3887 5238">
     <span class='ocr_line' id='line_1_94' title="bbox 2225 5166 3887 5238; baseline -0.001 -20"><span class='ocrx_word' id='word_1_780' title='bbox 2225 5167 2407 5236; x_wconf 89' lang='grc' dir='ltr'>μένοις</span> <span class='ocrx_word' id='word_1_781' title='bbox 2441 5167 2674 5236; x_wconf 80' lang='grc' dir='ltr'>ὀρέγειν,</span> <span class='ocrx_word' id='word_1_782' title='bbox 2719 5167 2792 5230; x_wconf 84' lang='grc' dir='ltr'>ὼς</span> <span class='ocrx_word' id='word_1_783' title='bbox 2834 5167 2942 5219; x_wconf 88' lang='lat'>61:6</span> <span class='ocrx_word' id='word_1_784' title='bbox 2975 5167 3072 5235; x_wconf 83' lang='grc' dir='ltr'>τῆς</span> <span class='ocrx_word' id='word_1_785' title='bbox 3115 5167 3449 5238; x_wconf 79' lang='grc' dir='ltr'>ἡμερότητος</span> <span class='ocrx_word' id='word_1_786' title='bbox 3494 5168 3587 5220; x_wconf 81' lang='grc' dir='ltr'>καὶ</span> <span class='ocrx_word' id='word_1_787' title='bbox 3633 5166 3734 5234; x_wconf 80' lang='grc' dir='ltr'>τῆς</span> <span class='ocrx_word' id='word_1_788' title='bbox 3779 5167 3887 5218; x_wconf 89' lang='grc' dir='ltr'>τῶν</span> 
     </span>
    </p>
   </div>
   <div class='ocr_carea' id='block_1_95' title="bbox 2222 5252 3887 5325">
    <p class='ocr_par' dir='ltr' id='par_1_95' title="bbox 2222 5252 3887 5325">
     <span class='ocr_line' id='line_1_95' title="bbox 2222 5252 3887 5325; baseline -0.001 -19"><span class='ocrx_word' id='word_1_789' title='bbox 2222 5253 2368 5322; x_wconf 79' lang='grc' dir='ltr'>ἡθῶν</span> <span class='ocrx_word' id='word_1_790' title='bbox 2397 5252 2678 5316; x_wconf 71' lang='grc' dir='ltr'>εὐταξίας·</span> <span class='ocrx_word' id='word_1_791' title='bbox 2719 5255 2896 5308; x_wconf 89' lang='grc' dir='ltr'>καίτοι</span> <span class='ocrx_word' id='word_1_792' title='bbox 2921 5255 3011 5308; x_wconf 81' lang='grc' dir='ltr'>καὶ</span> <span class='ocrx_word' id='word_1_793' title='bbox 3045 5255 3103 5306; x_wconf 79' lang='grc' dir='ltr'>τὸ</span> <span class='ocrx_word' id='word_1_794' title='bbox 3142 5253 3437 5325; x_wconf 85' lang='grc' dir='ltr'>προθύμως</span> <span class='ocrx_word' id='word_1_795' title='bbox 3464 5255 3725 5322; x_wconf 82' lang='grc' dir='ltr'>ἐπαρκεῖν</span> <span class='ocrx_word' id='word_1_796' title='bbox 3775 5258 3887 5316; x_wconf 82' lang='grc' dir='ltr'>τοῖς</span> 
     </span>
    </p>
   </div>
   <div class='ocr_carea' id='block_1_96' title="bbox 2218 5339 3887 5411">
    <p class='ocr_par' dir='ltr' id='par_1_96' title="bbox 2218 5339 3887 5411">
     <span class='ocr_line' id='line_1_96' title="bbox 2218 5339 3887 5411; baseline 0 -19"><span class='ocrx_word' id='word_1_797' title='bbox 2218 5339 2492 5409; x_wconf 84' lang='grc' dir='ltr'>δεομένοις</span> <span class='ocrx_word' id='word_1_798' title='bbox 2526 5341 2625 5392; x_wconf 86' lang='grc' dir='ltr'>οὐκ</span> <span class='ocrx_word' id='word_1_799' title='bbox 2654 5339 2874 5394; x_wconf 85' lang='grc' dir='ltr'>ἀλλοθεν</span> <span class='ocrx_word' id='word_1_800' title='bbox 2903 5341 3222 5410; x_wconf 86' lang='grc' dir='ltr'>οὐδαμόθεν,</span> <span class='ocrx_word' id='word_1_801' title='bbox 3251 5341 3364 5394; x_wconf 83' lang='grc' dir='ltr'>ἀλλ’</span> <span class='ocrx_word' id='word_1_802' title='bbox 3395 5340 3502 5394; x_wconf 83' lang='lat'>61:6</span> <span class='ocrx_word' id='word_1_803' title='bbox 3526 5341 3626 5410; x_wconf 84' lang='grc' dir='ltr'>τῆς</span> <span class='ocrx_word' id='word_1_804' title='bbox 3653 5340 3887 5411; x_wconf 71' lang='grc' dir='ltr'>χρηστόα</span> 
     </span>
    </p>
   </div>
   <div class='ocr_carea' id='block_1_97' title="bbox 2218 5427 3886 5499">
    <p class='ocr_par' dir='ltr' id='par_1_97' title="bbox 2218 5427 3886 5499">
     <span class='ocr_line' id='line_1_97' title="bbox 2218 5427 3886 5499; baseline 0.001 -21"><span class='ocrx_word' id='word_1_805' title='bbox 2218 5443 2379 5496; x_wconf 82' lang='grc' dir='ltr'>τητος</span> <span class='ocrx_word' id='word_1_806' title='bbox 2405 5427 2748 5498; x_wconf 88' lang='grc' dir='ltr'>περιγίνεται</span> <span class='ocrx_word' id='word_1_807' title='bbox 2777 5431 2910 5482; x_wconf 82' lang='grc' dir='ltr'>πᾶσι</span> <span class='ocrx_word' id='word_1_808' title='bbox 2948 5432 3060 5491; x_wconf 91' lang='grc' dir='ltr'>τοῖς</span> <span class='ocrx_word' id='word_1_809' title='bbox 3082 5428 3174 5481; x_wconf 80' lang='grc' dir='ltr'>τὸν</span> <span class='ocrx_word' id='word_1_810' title='bbox 3203 5428 3439 5499; x_wconf 83' lang='grc' dir='ltr'>Χριστὸν</span> <span class='ocrx_word' id='word_1_811' title='bbox 3463 5429 3737 5496; x_wconf 81' lang='grc' dir='ltr'>ἀγαπῶσι.</span> <span class='ocrx_word' id='word_1_812' title='bbox 3778 5429 3886 5480; x_wconf 80' lang='grc' dir='ltr'>Καὶ</span> 
     </span>
    </p>
   </div>
   <div class='ocr_carea' id='block_1_98' title="bbox 2219 5511 3885 5586">
    <p class='ocr_par' dir='ltr' id='par_1_98' title="bbox 2219 5511 3885 5586">
     <span class='ocr_line' id='line_1_98' title="bbox 2219 5511 3885 5586; baseline -0.001 -20"><span class='ocrx_word' id='word_1_813' title='bbox 2219 5511 2406 5584; x_wconf 85' lang='grc' dir='ltr'>ῶσπερ</span> <span class='ocrx_word' id='word_1_814' title='bbox 2440 5517 2502 5567; x_wconf 88' lang='grc' dir='ltr'>ἐκ</span> <span class='ocrx_word' id='word_1_815' title='bbox 2535 5515 2642 5567; x_wconf 88' lang='grc' dir='ltr'>τῶν</span> <span class='ocrx_word' id='word_1_816' title='bbox 2675 5515 2865 5584; x_wconf 85' lang='grc' dir='ltr'>πηγῶν</span> <span class='ocrx_word' id='word_1_817' title='bbox 2896 5516 2944 5568; x_wconf 89' lang='grc' dir='ltr'>οἱ</span> <span class='ocrx_word' id='word_1_818' title='bbox 2989 5515 3208 5583; x_wconf 80' lang='grc' dir='ltr'>ρύακες,</span> <span class='ocrx_word' id='word_1_819' title='bbox 3244 5515 3415 5578; x_wconf 75' lang='grc' dir='ltr'>οὕτως</span> <span class='ocrx_word' id='word_1_820' title='bbox 3442 5517 3475 5585; x_wconf 84' lang='grc' dir='ltr'>ή</span> <span class='ocrx_word' id='word_1_821' title='bbox 3521 5515 3745 5586; x_wconf 83' lang='grc' dir='ltr'>πρόνοια</span> <span class='ocrx_word' id='word_1_822' title='bbox 3779 5515 3885 5568; x_wconf 88' lang='grc' dir='ltr'>τῶν</span> 
     </span>
    </p>
   </div>
   <div class='ocr_carea' id='block_1_99' title="bbox 2220 5601 3883 5675">
    <p class='ocr_par' dir='ltr' id='par_1_99' title="bbox 2220 5601 3883 5675">
     <span class='ocr_line' id='line_1_99' title="bbox 2220 5601 3883 5675; baseline 0.003 -23"><span class='ocrx_word' id='word_1_823' title='bbox 2220 5601 2455 5670; x_wconf 85' lang='grc' dir='ltr'>πτωχῶν</span> <span class='ocrx_word' id='word_1_824' title='bbox 2477 5603 2541 5654; x_wconf 86' lang='grc' dir='ltr'>ἐκ</span> <span class='ocrx_word' id='word_1_825' title='bbox 2567 5603 2666 5670; x_wconf 78' lang='grc' dir='ltr'>τῆς</span> <span class='ocrx_word' id='word_1_826' title='bbox 2691 5604 2796 5656; x_wconf 88' lang='grc' dir='ltr'>τῶν</span> <span class='ocrx_word' id='word_1_827' title='bbox 2823 5605 2858 5671; x_wconf 77' lang='grc' dir='ltr'><strong>ἡ</strong></span> <span class='ocrx_word' id='word_1_828' title='bbox 2864 5602 2971 5656; x_wconf 89' lang='grc' dir='ltr'>θῶν</span> <span class='ocrx_word' id='word_1_829' title='bbox 2993 5607 3024 5673; x_wconf 78' lang='grc' dir='ltr'>ἡ</span> <span class='ocrx_word' id='word_1_830' title='bbox 3033 5621 3096 5674; x_wconf 90' lang='grc' dir='ltr'>με</span> <span class='ocrx_word' id='word_1_831' title='bbox 3105 5605 3348 5675; x_wconf 88' lang='grc' dir='ltr'>ρότητος.</span> <span class='ocrx_word' id='word_1_832' title='bbox 3374 5607 3489 5668; x_wconf 77' lang='grc' dir='ltr'>Πᾶς</span> <span class='ocrx_word' id='word_1_833' title='bbox 3510 5603 3619 5675; x_wconf 82' lang='grc' dir='ltr'>γὰρ</span> <span class='ocrx_word' id='word_1_834' title='bbox 3637 5601 3883 5674; x_wconf 71' lang='grc' dir='ltr'>ἐπιεικής</span> 
     </span>
    </p>
   </div>
   <div class='ocr_carea' id='block_1_100' title="bbox 2218 5690 3882 5764">
    <p class='ocr_par' dir='ltr' id='par_1_100' title="bbox 2218 5690 3882 5764">
     <span class='ocr_line' id='line_1_100' title="bbox 2218 5690 3882 5764; baseline 0.001 -24"><span class='ocrx_word' id='word_1_835' title='bbox 2218 5705 2276 5740; x_wconf 86' lang='grc' dir='ltr'>τε</span> <span class='ocrx_word' id='word_1_836' title='bbox 2313 5690 2403 5741; x_wconf 77' lang='grc' dir='ltr'>καὶ</span> <span class='ocrx_word' id='word_1_837' title='bbox 2444 5693 2615 5762; x_wconf 77' lang='grc' dir='ltr'>πρᾶος</span> <span class='ocrx_word' id='word_1_838' title='bbox 2648 5692 2846 5763; x_wconf 74' lang='grc' dir='ltr'>ῥᾳδίως</span> <span class='ocrx_word' id='word_1_839' title='bbox 2871 5695 2950 5756; x_wconf 81' lang='grc' dir='ltr'>εἰς</span> <span class='ocrx_word' id='word_1_840' title='bbox 2976 5693 3387 5764; x_wconf 75' lang='grc' dir='ltr'>φιλανθρωπίαν</span> <span class='ocrx_word' id='word_1_841' title='bbox 3421 5693 3764 5754; x_wconf 86' lang='grc' dir='ltr'>καθέλκεται.</span> <span class='ocrx_word' id='word_1_842' title='bbox 3792 5693 3882 5745; x_wconf 76' lang='grc' dir='ltr'>καὶ</span> 
     </span>
    </p>
   </div>
  </div>
