4138 6488
326 461 432 525 εἴτ)

329 598 485 659 pacto
514 589 685 644 multa
716 597 843 646 sunt
862 589 1098 661 ingenita
1131 604 1145 642 :
1178 598 1240 644 ut
1263 601 1385 643 cum
1410 588 1685 658 prophetae
1712 587 1921 651 dicunt,

329 681 717 752 speciatimque
746 682 933 737 Daniel
958 700 970 735 :
999 681 1320 751 Aspiciebam
1360 688 1578 746 quatuor
1617 679 1800 733 bestias
1826 694 1919 732 ex-

328 781 496 825 euntes
526 777 591 825 de
620 775 750 826 mari
779 788 797 826 :
837 782 882 826 et
920 780 1030 827 erat
1073 774 1238 843 prima
1279 772 1436 825 bestia
1462 772 1607 841 quasi
1655 772 1835 832 (eterra,
1866 778 1914 822 et

327 862 424 916 alia
447 863 561 931 eius
592 867 732 921 sicut
770 866 959 935 aquila:
985 863 1149 936 (Dan.
1182 864 1237 917 7.
1264 864 1319 918 '5.
1347 862 1424 934 4).
1456 864 1520 917 Et
1553 863 1665 929 ubi,
1712 876 1918 931 quasso,

328 955 509 1009 vidisti
544 956 770 1010 lcmuam
805 958 973 1011 feram
1023 957 1111 1011 illa
1140 956 1353 1011 forma?
1384 957 1472 1011 ubi
1500 956 1679 1010 vidisti
1727 954 1916 1019 feram,

328 1063 445 1117 qua:
493 1047 696 1103 habeat
724 1064 930 1119 ungues
974 1049 1179 1105 ferreos
1208 1058 1265 1104 et
1307 1049 1497 1104 dentes
1536 1049 1750 1103 cereos?
1794 1048 1920 1102 Hzcc

324 1149 471 1196 certe
512 1142 810 1197 secundum
856 1143 1123 1197 visionem
1174 1142 1463 1213 descripsit
1510 1142 1790 1212 propheta,
1823 1140 1918 1195 sed

326 1250 617 1305 numquam
658 1235 829 1303 fuere,
867 1252 969 1292 nec
997 1236 1171 1290 futura
1201 1247 1365 1300 sunt;
1397 1235 1490 1291 sed
1515 1244 1598 1289 est
1630 1235 1796 1289 bestia
1829 1234 1917 1288 illa

327 1328 594 1397 ingenita,
628 1344 804 1399 neque
855 1344 1106 1399 umquam
1139 1328 1302 1390 facta.
1334 1329 1430 1383 sed
1480 1337 1686 1382 tantum
1740 1330 1917 1381 notui-

325 1430 467 1473 nata.
499 1419 633 1486 Qua:
663 1435 913 1490 umquam
956 1421 1215 1477 mulieres
1257 1420 1474 1475 fuerunt
1511 1420 1609 1473 alis
1641 1421 1917 1473 instructa:

323 1512 508 1567 uuales
537 1513 676 1566 vidit
704 1512 995 1567 Zacharias
1035 1511 1224 1583 (Zach.
1258 1513 1311 1567 5.
1342 1511 1437 1581 9)?
1477 1511 1566 1566 ubi
1593 1510 1770 1565 vidisti
1800 1524 1919 1579 par-

322 1604 483 1659 dalim
528 1605 643 1660 alas
689 1605 1017 1661 habentem?
1065 1606 1191 1660 lltcc
1224 1622 1383 1676 porro
1425 1607 1603 1660 omnia
1649 1606 1919 1661 enarravit

324 1706 508 1753 beatus
539 1695 1048 1770 Daniel(Dan.c.7).
1085 1700 1191 1753 Aut
1220 1699 1310 1754 ubi
1351 1698 1531 1753 vidisti
1574 1707 1804 1753 statuam
1848 1714 1912 1751 ex

321 1806 472 1854 auro,
507 1802 759 1862 argento,
784 1807 914 1859 tere,
946 1792 1111 1856 ferro,
1146 1800 1283 1847 testa
1314 1790 1530 1858 factam,
1550 1791 1762 1860 qualem
1787 1789 1917 1844 vidit

325 1884 547 1937 Daniel?
574 1882 1009 1953 Unumquodque
1036 1883 1228 1938 horum
1258 1892 1340 1938 est
1370 1884 1661 1954 ingenitum
1690 1900 1703 1947 ;
1742 1896 1917 1951 neque

326 1978 466 2032 enim
500 1992 755 2046 umquam
807 1977 1005 2032 laetum
1049 1986 1176 2031 est:
1224 1978 1319 2034 sed
1363 1977 1688 2044 descriptum
1732 1983 1816 2032 est
1860 1984 1917 2028 ut

320 2070 464 2125 ﬁctio
491 2079 548 2126 et
579 2070 740 2125 visio.
764 2069 842 2125 Nc
872 2071 1049 2140 itaque
1079 2079 1235 2141 putes
1266 2080 1317 2125 te
1360 2085 1612 2139 maguum
1643 2067 1912 2138 quidpiam

316 2163 461 2217 l‘atri
493 2162 757 2227 tribuere,
781 2176 903 2216 cum
946 2162 1083 2215 dicis
1118 2162 1266 2215 illum
1310 2161 1629 2232 ingenitum,
1678 2162 1917 2230 quando-

313 2255 534 2324 quidem
585 2257 753 2310 multa
789 2256 914 2318 alia,
945 2272 1066 2325 qua:
1112 2271 1404 2327 numquam
1460 2255 1631 2322 fuere,
1677 2256 1913 2325 ingenita

312 2348 593 2403 dicuntur.
627 2347 760 2402 Novi
813 2347 1137 2417 profundum
1169 2364 1288 2403 esse
1338 2363 1682 2413 sermonem;
1730 2347 1823 2402 sed
1857 2358 1916 2401 ut

318 2441 635 2496 hmrcticam
665 2442 959 2512 nequitiam
992 2442 1348 2508 confutarem,
1382 2458 1448 2497 co
1476 2443 1739 2497 deductus
1770 2457 1911 2497 sum.

316 2536 525 2589 Dicitur
550 2548 769 2606 quoque
798 2536 960 2589 homo
997 2551 1099 2591 non
1132 2537 1359 2606 genitus,
1386 2537 1474 2606 qui
1502 2544 1663 2590 natus
1690 2550 1796 2589 non
1819 2536 1910 2590 sit.

310 2630 476 2699 Atqui
508 2628 557 2683 si
582 2636 742 2683 natus
773 2642 880 2683 non
909 2637 1014 2693 est,
1047 2630 1277 2699 inquies,
1309 2628 1578 2699 quomodo
1602 2628 1653 2682 id
1680 2628 1915 2683 dicitur?

312 2720 604 2775 Hominem
662 2721 756 2775 tibi
810 2721 1124 2775 monstrabo
1168 2738 1275 2775 non
1320 2725 1609 2792 genitura:
1658 2722 1917 2778 Servator

308 2814 457 2868 enim
487 2815 565 2868 ait
594 2813 665 2869 de
689 2813 826 2870 Juda
858 2815 1134 2884 proditore
1159 2833 1171 2868 :
1208 2813 1293 2869 Vw
1324 2816 1517 2869 homini
1543 2816 1625 2870 illi
1656 2832 1745 2887 per
1770 2833 1916 2888 quem

312 2907 484 2961 Filius
536 2908 757 2961 hominis
806 2909 1037 2961 tradetur
1066 2908 1087 2961 ,ν
1135 2909 1317 2961 bonum
1345 2909 1389 2963 ei
1420 2918 1549 2977 erat,
1569 2910 1613 2963 si
1641 2920 1789 2963 natus
1813 2925 1921 2964 non

311 3002 493 3067 fuisset
534 2999 754 3071 (Matth.
787 3000 878 3056 26.
924 3002 1044 3068 25).
1069 3002 1136 3056 Et
1155 3002 1428 3071 quomodo
1456 3004 1658 3057 bonum
1687 3004 1734 3058 ei
1764 3005 1918 3058 erat?

312 3096 366 3147 ei
396 3106 632 3163 namque
663 3094 753 3163 qui
805 3110 910 3148 non
941 3095 1156 3149 exsistit
1185 3095 1319 3149 nihil
1347 3096 1568 3161 bonum,
1604 3096 1735 3149 nihil
1764 3096 1918 3150 dam-

311 3201 531 3243 nosum.
562 3188 823 3242 Salomon
851 3204 1064 3258 quoque
1092 3189 1306 3242 beatum
1333 3188 1588 3259 praedicat
1618 3190 1912 3258 hominem,

308 3282 403 3350 qui
446 3294 606 3335 natus
634 3297 741 3335 non
771 3280 953 3348 fuerit,
986 3282 1068 3335 his
1096 3282 1273 3336 verbis
1307 3301 1319 3335 :
1355 3282 1543 3337 Beatus
1568 3285 1654 3352 qui
1686 3294 1919 3338 mortuus

310 3386 411 3440 est,
445 3386 491 3428 et
518 3378 685 3445 magis
732 3391 885 3443 quam
925 3375 1011 3441 qui
1042 3375 1181 3439 vivit,
1216 3384 1262 3427 et
1310 3375 1425 3443 plus
1468 3393 1617 3446 quam
1648 3376 1794 3431 ambo
1831 3378 1919 3447 qui

309 3477 465 3519 natus
494 3478 597 3519 non
642 3475 714 3519 est
750 3464 944 3536 (Eccle.
973 3466 1027 3519 4.
1059 3465 1112 3518 2.
1148 3468 1224 3533 5).
1254 3466 1359 3520 Sed
1409 3468 1451 3521 si
1488 3478 1642 3522 natus
1674 3484 1780 3522 non
1809 3477 1909 3533 est,

308 3559 591 3628 quomodo
646 3558 877 3613 beatus?
929 3558 1064 3613 Vide
1117 3560 1335 3612 noruina
1391 3560 1642 3629 ingenitae
1688 3569 1911 3613 natur-aa

314 3652 469 3707 Dixit
524 3653 744 3707 beatum
787 3652 1097 3711 hominem,
1144 3654 1234 3722 qui
1291 3668 1389 3706 nec
1442 3663 1599 3706 natus
1643 3668 1743 3708 nec
1806 3654 1914 3706 lor-

314 3756 495 3801 matus
534 3745 719 3801 fuerit.
752 3746 932 3815 Itaque
978 3746 1198 3815 ingeniti
1244 3761 1440 3799 nomen
1488 3755 1732 3800 naturam
1774 3746 1912 3800 divi-

313 3854 442 3893 nam
498 3854 606 3893 non
664 3837 924 3908 explicat,
974 3853 1171 3907 neque,
1223 3846 1280 3891 ut
1334 3848 1386 3891 tu
1430 3838 1592 3902 dicis,
1623 3840 1914 3908 ingenitam

314 3930 680 3984 substantiam
728 3930 1018 4000 signiﬁcat,
1064 3945 1237 3998 neque
1280 3929 1422 3984 Patri
1470 3930 1574 3984 fert
1620 3930 1911 3995 honorem;

340 4054 502 4063 ..ρος-..σ-

1480 464 1571 519 illi
1612 464 1659 520 Μ
1676 464 1981 521 \NSUETU
1994 465 2151 521 DINE
2190 468 2444 527 SEBMO.
3526 489 3628 544 δελ

2041 602 2161 643 cum
2193 592 2333 661 apud
2364 593 2684 663 prophetam
2732 596 2835 649 alia
2870 597 3088 652 nomina
3117 598 3226 654 sint
3269 601 3631 672 ingenuorum

2033 684 2434 752 ctgenitorum,
2466 697 2525 741 ut
2572 702 2735 759 supra
2780 689 3274 749 demonstravimus
3319 712 3333 748 :
3387 696 3482 751 sed
3511 713 3631 768 qua:

2032 790 2147 831 rem
2180 792 2284 831 non
2312 780 2506 833 factam
2533 796 2653 836 esse
2687 792 2892 837 tantum
2928 784 3226 841 declarent.
3261 787 3454 843 Verum
3485 789 3631 844 dicae

2033 881 2150 921 mus
2181 869 2287 923 illis
2326 886 2447 924 cum
2480 873 2679 928 Davide
2707 892 2719 927 :
2756 874 3109 931 Narraveruut
3139 880 3264 932 mihi
3294 879 3455 950 iniqui
3484 877 3631 945 {abu-

2032 957 2274 1027 lationes,
2305 963 2395 1015 sed
2422 980 2523 1017 non
2564 975 2620 1018 ut
2661 968 2743 1020 lea:
2770 978 2876 1033 tua,
2906 968 3124 1023 Domine
3155 970 3326 1039 (Psal.
3359 974 3480 1028 118.
3506 973 3623 1044 85).

2032 1049 2174 1105 Petri
2201 1068 2409 1121 vocem,
2444 1056 2593 1111 Pauli
2640 1058 2941 1114 doctrinam
2989 1064 3218 1132 accipe:
3263 1064 3494 1120 Christus
3542 1084 3619 1121 se-

2029 1144 2258 1198 cundum
2289 1162 2514 1213 carnem,
2545 1152 2631 1219 qui
2661 1160 2734 1204 est
2771 1168 2924 1220 super
2954 1156 3126 1208 omnia
3170 1154 3310 1209 Deus
3338 1158 3627 1211 benedictus

2027 1235 2081 1288 in
2112 1236 2303 1290 saecula
2359 1238 2534 1308 (Rom.
2590 1241 2642 1294 9.
2674 1241 2751 1312 5).
2786 1242 3020 1312 Spiritus
3075 1258 3296 1301 sanctus
3347 1248 3622 1314 adoretur,

2028 1329 2355 1396 celebretur,
2374 1332 2730 1400 gloriﬁcetur.
2763 1336 2841 1390 Ex
2863 1338 3065 1394 divinis
3096 1339 3388 1410 Scripturis
3414 1343 3483 1398 de
3512 1344 3621 1397 Deo

2032 1423 2320 1493 loquimur,
2348 1428 2518 1482 velint
2547 1430 2719 1483 nolint
2749 1431 2974 1486 inimici.
3002 1432 3176 1488 Testis
3199 1435 3301 1488 crit
3327 1435 3457 1489 mihi
3487 1437 3622 1490 Pau—

2032 1519 2115 1569 lus
2146 1516 2329 1572 diccns
2364 1538 2377 1572 :
2430 1519 2656 1575 Nescitis
2702 1526 2823 1593 quia
2854 1528 3099 1596 (emplum
3132 1526 3226 1581 Dei
3254 1530 3392 1595 estis,
3425 1538 3470 1582 et
3506 1532 3619 1598 quis

2027 1607 2090 1659 sit
2134 1609 2219 1674 qui
2270 1610 2557 1665 inhabitet?
2603 1623 2676 1678 et,
2728 1614 2957 1683 Spiritus
3008 1616 3106 1671 Dei
3158 1618 3351 1673 habitat
3394 1622 3448 1674 in
3489 1621 3625 1675 vobis

2029 1698 2102 1766 (l.
2136 1698 2253 1753 '(Ior.
2288 1703 2341 1755 '5.
2374 1703 2485 1771 16).
2516 1705 2671 1759 Aliud
2703 1718 2784 1761 est
2810 1721 2937 1777 ergo
2972 1710 3253 1778 templum,
3282 1720 3336 1766 et
3361 1712 3496 1766 alius
3528 1714 3617 1781 qui

2030 1791 2309 1845 inhabitat.
2344 1793 2457 1848 Non
2512 1794 2705 1850 audisti
2758 1799 2972 1853 Petrum
3022 1801 3341 1857 dicentem:
3394 1805 3619 1867 Anania,

2027 1900 2119 1937 cur
2168 1889 2376 1939 tentavit
2426 1898 2632 1942 satanas
2678 1907 2765 1943 cor
2819 1901 2994 1955 tuum,
3044 1895 3242 1947 mentiri
3290 1905 3338 1948 te
3389 1896 3615 1965 Spiritui

2027 1979 2243 2031 sancto?
2287 1988 2341 2033 et
2391 1979 2588 2047 intulit,
2620 1981 2742 2035 Non
2789 1985 3022 2038 mentitus
3073 2003 3124 2040 es
3170 1987 3478 2050 hominibus,
3526 1990 3617 2042 sed

2027 2067 2137 2121 Deo
2175 2070 2308 2138 (Act.
2339 2072 2393 2126 5.
2422 2073 2475 2125 ὅ.
2505 2074 2585 2143 4).
2619 2073 2724 2129 Sed
2754 2074 2939 2129 dicunt
2968 2078 3204 2131 lnerctici
3238 2095 3250 2133 :
3284 2078 3399 2132 Non
3444 2079 3617 2148 Spiri-

2032 2171 2141 2215 tum
2172 2165 2385 2217 vocavit
2412 2164 2602 2230 Deum,
2636 2168 2731 2220 sed
2774 2166 2825 2221 id
2857 2166 3005 2229 dicit,
3037 2169 3158 2239 quia
3188 2169 3420 2239 Spiritus
3447 2186 3478 2225 a
3510 2172 3617 2225 Deo

2027 2256 2225 2307 missus
2256 2263 2359 2311 est.
2388 2257 2489 2324 Qui
2531 2260 2857 2313 contumelia
2887 2259 3071 2323 afﬁcit,
3110 2262 3300 2331 inquit,
3332 2260 3616 2332 Spiritum,

2030 2347 2196 2401 Deum
2226 2349 2527 2404 mittentem
2557 2352 2882 2407 contumelia
2907 2353 3091 2407 allicit.
3127 2356 3189 2407 At
3214 2395 3230 2419 ,
3263 2357 3422 2409 stulte
3453 2366 3503 2409 et
3537 2358 3618 2409 iu-

2027 2440 2407 2507 consideratc;
2455 2445 2618 2498 albeo
2665 2444 2810 2499 enim
2855 2460 2959 2499 nou
3010 2447 3115 2500 alia
3160 2448 3449 2516 appellatio
3475 2463 3622 2500 com-

2029 2542 2191 2602 petat,
2223 2548 2381 2603 quam
2406 2536 2552 2588 stulti
2586 2554 2598 2588 :
2631 2552 2776 2599 nam,
2813 2536 2952 2590 Dixit
2983 2539 3227 2607 insipiens
3256 2541 3307 2591 in
3334 2540 3483 2592 corde
3506 2556 3619 2603 suo,

2030 2625 2153 2679 Non
2182 2637 2255 2679 est
2305 2626 2445 2681 Deus
2478 2627 2650 2697 (Psal.
2687 2630 2773 2683 15.
2812 2631 2861 2699 l)
2891 2647 2902 2683 :
2938 2646 3044 2683 non
3071 2630 3228 2697 dixit,
3280 2640 3333 2682 ut
3375 2642 3426 2685 tu
3472 2632 3620 2700 cogi-

2031 2721 2178 2774 tasti.
2206 2719 2360 2789 Nam,
2393 2722 2439 2775 si
2478 2722 2805 2777 contumelia
2840 2722 2889 2775 in
2924 2722 3181 2791 Spiritum
3229 2723 3521 2777 referretur
3570 2725 3618 2775 in

2032 2813 2198 2867 Deum
2230 2821 2288 2866 ut
2331 2814 2661 2879 mittentem,
2706 2814 2885 2869 dicere
2915 2816 3246 2883 oportuisset
3276 2836 3288 2867 ι
3324 2814 3438 2867 Non
3472 2831 3623 2867 rncn-

2029 2908 2156 2961 titus
2203 2920 2263 2961 es
2306 2905 2552 2976 Spiritui,
2584 2907 2681 2961 sed
2731 2908 2861 2961 Deo.
2908 2906 3108 2960 Verum
3164 2907 3278 2960 lucc
3327 2907 3621 2961 hactenus:

2027 3007 2237 3068 oportet
2255 2999 2397 3055 enim
2417 3008 2657 3053 sanctam
2672 2998 2990 3053 Trinitatem
3011 3000 3307 3068 apostolico
3326 3000 3492 3053 choro
3504 3013 3625 3052 con-

2028 3092 2245 3158 cedere,
2276 3104 2436 3161 quam
2468 3092 2629 3146 Pater
2659 3094 2962 3145 annuntiat.
2992 3092 3228 3145 Trinitas
3256 3092 3625 3161 apostolorum

2030 3188 2182 3241 testis
2212 3186 2561 3241 cstcaclestis
2602 3186 2899 3239 Trinitatis.
2951 3185 3191 3240 Choreas
3237 3200 3365 3255 ergo
3417 3184 3626 3238 sincere

2030 3293 2272 3350 agamus,
2306 3288 2359 3333 et
2388 3279 2630 3332 dicamus
2663 3295 2675 3329 :
2712 3277 2866 3330 Multi
2895 3277 2993 3345 ﬁlii
3023 3278 3253 3342 desertaz,
3286 3276 3448 3347 magis
3474 3292 3625 3345 quam

2030 3376 2140 3444 ejus
2161 3386 2274 3444 qua?
2310 3373 2455 3426 habet
2480 3373 2645 3425 virum
2675 3370 2831 3440 (lsai.
2855 3372 2943 3425 54.
2977 3370 3070 3441 1);
3105 3371 3239 3435 sive,
3267 3383 3425 3439 quam
3450 3358 3627 3422 omnis

2032 3470 2275 3530 ha‘rcsis,
2305 3483 2424 3537 quae
2457 3465 2728 3520 hominem
2762 3465 3040 3518 doctorem
3074 3464 3254 3527 habet,
3285 3478 3394 3516 non
3434 3463 3621 3516 Deum.

2030 3556 2247 3615 Utinam
2279 3574 2408 3611 vero
2456 3557 2707 3627 precibus
2735 3565 2788 3610 et
2820 3556 3161 3609 orationibus
3191 3554 3495 3609 communis
3537 3568 3627 3620 pa-

2031 3654 2125 3706 tris
2153 3661 2205 3705 et
2230 3650 2489 3713 doctoris,
2518 3664 2641 3702 cum
2666 3649 2925 3717 apostolis
2950 3657 3004 3701 et
3033 3646 3357 3718 martyribus
3390 3660 3486 3699 nos
3510 3658 3624 3697 oni-

2031 3758 2126 3799 ues
2158 3743 2208 3797 in
2242 3752 2388 3796 recta
2419 3741 2522 3795 ﬁde
2552 3754 2853 3802 versemur,
2891 3740 2941 3791 in
2971 3738 3187 3793 Christo
3223 3737 3352 3791 Jesu
3394 3736 3622 3790 Domino

2031 3842 2235 3899 nostro,
2260 3835 2345 3888 cui
2374 3833 2542 3904 gloria
2567 3841 2621 3887 et
2649 3832 2932 3901 imperium
2955 3844 3078 3885 cum
3123 3830 3283 3883 Patre
3331 3836 3385 3883 et
3420 3827 3626 3897 Spiritu
3680 3828 3695 3840 ‘

2028 3936 2230 3992 sancto,
2248 3940 2393 3980 nunc
2405 3935 2700 3993 etsemper,
2719 3931 2774 3977 ct
2792 3923 2845 3976 in
2864 3921 3058 3976 smcula
3077 3920 3596 3974 saeculorum.Amcn
3609 3958 3622 3971 .

2749 4044 2831 4056 ,—

2534 4043 2740 4056 _—_~

325 4038 3627 4092 ῳ

1317 4091 1326 4092 ,
1371 4090 1382 4092 μ
2250 4091 2264 4092 γ
2291 4082 3407 4092 ,,_________________________

1004 4090 1382 4100 Μ

416 4093 665 4102 _._.___

702 4094 998 4102 .————--.—._—.

3045 4082 3407 4091 ————~—-———

2844 4084 3043 4093 .-————

1520 4168 2407 4283 MONITUM

1247 4341 1325 4401 ΙΝ
1373 4340 1816 4403 SERMONEM
1861 4342 1967 4403 DE
2014 4338 2668 4403 MANSUETUDINE.

392 4466 464 4521 De
502 4465 663 4533 hujus
696 4463 962 4518 sermonis
1002 4472 1221 4519 auctore
1260 4462 1445 4527 multi,
1485 4477 1585 4516 nec
1621 4463 1831 4531 injuria.
1866 4464 1918 4517 ni

320 4558 472 4615 fallor
496 4602 509 4624 ,
540 4559 891 4615 dubitarunt:
917 4557 1113 4612 absunt
1145 4557 1290 4611 enim
1326 4568 1513 4610 omnes
1547 4556 1918 4627 Cbrysostomi

321 4653 424 4705 stili
443 4663 605 4707 nolzc.
638 4652 737 4707 llic
759 4650 953 4705 frustra
972 4665 1181 4721 qtucras
1195 4650 1356 4714 sales,
1372 4650 1687 4718 tropos,vim
1702 4650 1917 4720 elegan-

322 4745 556 4815 tiamque
574 4744 820 4809 dicendi,
840 4758 961 4812 qua:
978 4743 1029 4796 in
1048 4743 1215 4796 sancti
1234 4741 1470 4796 doctoris
1485 4742 1698 4810 scriptis
1717 4742 1916 4811 passim

319 4846 630 4890 occurrunt.
675 4834 1035 4902 Quamobrem
1088 4850 1206 4888 eum
1258 4834 1397 4888 inter
1439 4833 1617 4903 spuria
1664 4834 1915 4905 ablegare

1236 4948 1447 4955 Μ

2026 4461 2503 4516 destinaveramus.
2543 4457 2648 4513 Sed
2688 4457 2813 4527 quia
2851 4472 2883 4512 a
2922 4456 3243 4524 quibusdam
3282 4456 3413 4510 viris
3454 4455 3626 4511 doetis

2027 4560 2300 4625 tamquam
2343 4564 2632 4621 germanus
2674 4558 2921 4618 receptus
2946 4556 3068 4615 est,
3101 4549 3220 4603 aliis
3248 4557 3423 4604 tamen
3450 4548 3623 4603 recla-

2027 4644 2334 4709 mantibus,
2364 4643 2505 4697 inter
2532 4640 2693 4696 dubia
2720 4641 2899 4695 locum
2930 4639 3145 4696 habeat.

2099 4735 2477 4805 lnterpretatio
2504 4734 2695 4789 Latina
2719 4743 2803 4789 est
2833 4733 3027 4789 incerti
3053 4732 3353 4803 cujusdam.

1520 5006 1602 5048 DE
1643 5004 1729 5048 MA
1737 5004 1775 5048 Ν
1780 5004 2136 5051 SUETUDINE
2180 5008 2391 5057 SERMO
2402 5041 2414 5054 .

1792 5083 2161 5124 ...ἤθε’-,-

390 5188 458 5242 In
498 5203 599 5262 quo
628 5183 867 5253 digerant
895 5182 1069 5251 ﬁdeles
1097 5182 1158 5234 ab
1189 5180 1495 5249 inﬁdelibus.
1536 5211 1609 5223 -—-
1649 5181 1914 5237 Omnibus

325 5280 470 5336 vobis
506 5279 847 5349 perspicuum
889 5289 1008 5331 esse
1048 5272 1279 5327 arbitror
1303 5313 1318 5337 ,
1349 5288 1508 5342 quam
1538 5275 1823 5328 conveniat
1854 5274 1917 5327 iis

321 5374 407 5439 qui
435 5373 614 5426 divina
641 5369 932 5440 prudenter
957 5366 1179 5420 audiunt
1205 5366 1436 5433 eloquia.
1462 5375 1519 5421 ut
1544 5381 1722 5421 mores
1750 5366 1918 5420 bonos

321 5476 372 5517 et
419 5463 889 5519 conversationem
934 5459 1128 5513 virtute
1176 5458 1452 5526 praeditam
1501 5468 1811 5513 exerceant.
1861 5459 1917 5512 ln

323 5558 420 5612 hoc
451 5557 598 5611 enim
630 5554 771 5609 servi
806 5552 1007 5606 Christi
1035 5564 1130 5606 eos
1152 5593 1166 5615 ,
1198 5551 1288 5619 qui
1321 5549 1599 5605 veritatem
1631 5553 1914 5621 ignorant,

325 5650 663 5715 potissimum
692 5643 1019 5700 antecellunt
1046 5682 1060 5706 ,
1089 5642 1133 5695 si
1166 5640 1220 5695 in
1252 5641 1661 5695 mansuetudine
1688 5658 1917 5697 conver-

321 5752 505 5796 sentur
555 5748 611 5794 et
655 5739 819 5793 vitam
873 5743 1034 5805 agant
1082 5748 1179 5789 sua
1227 5734 1485 5803 religione
1528 5733 1764 5804 dignam.
1816 5734 1915 5802 Qui

317 5834 594 5889 Christum
627 5832 874 5901 ignorant
896 5869 911 5894 ,
952 5826 1092 5882 haud
1125 5828 1318 5881 mirum
1347 5869 1359 5890 ,
1390 5827 1433 5880 si
1468 5827 1590 5880 mali
1618 5827 1726 5882 sint
1754 5828 1917 5882 mori—

319 5927 523 5997 busque
575 5922 845 5980 damnatis
894 5939 907 5974 :
953 5935 1142 5976 servus
1188 5929 1367 5975 autem
1417 5920 1616 5975 Christi
1668 5923 1839 5992 magis
1884 5941 1912 5978 a

666 6032 946 6092 ΡΑτιιοι..
990 6030 1108 6090 Gn.
1160 6031 1354 6091 LXIII

2023 5198 2231 5239 morum
2260 5185 2703 5250 mansuetudine,
2735 5200 2893 5255 quam
2926 5186 3144 5240 nomine
3173 5185 3316 5255 quod
3343 5185 3390 5240 ei
3427 5201 3622 5257 paren-

2030 5285 2111 5330 tes
2137 5276 2541 5346 imposuerunt,
2570 5276 2842 5333 vocandus
2866 5286 2970 5332 est.
3000 5275 3183 5346 Neque
3210 5277 3350 5332 Deus
3378 5278 3623 5334 homines

2026 5367 2098 5420 ita
2119 5365 2289 5435 diligit
2312 5375 2529 5436 propter
2546 5365 2932 5436 virginitatem,
2951 5366 3237 5437 jejunium,
3254 5375 3619 5442 contemptum

2027 5456 2371 5527 divitiarum,
2415 5460 2643 5514 hilarem
2691 5445 3154 5531 eleemosynarum
3202 5461 3516 5527 datiOnem,
3569 5479 3624 5517 ut

2024 5560 2247 5622 propter
2287 5554 2445 5607 mites
2488 5553 2731 5621 beneque
2768 5553 3097 5623 compositos
3138 5569 3317 5610 mores
3358 5572 3370 5609 :
3410 5558 3623 5610 tametsi

2026 5654 2081 5699 et
2104 5642 2234 5698 illud
2259 5644 2509 5699 alacriter
2533 5645 2878 5715 suppeditare
2900 5645 3259 5717 indigentibus
3280 5664 3384 5701 non
3406 5648 3623 5703 aliunde

2026 5735 2384 5805 proﬁciscitur
2412 5747 2467 5791 et
2495 5738 2811 5793 conceditur
2840 5740 2905 5795 iis
2934 5741 3024 5811 qui
3054 5742 3322 5797 Christum
3352 5741 3578 5814 diligunt
3602 5786 3618 5809 ,

2026 5843 2183 5897 quam
2214 5844 2242 5881 a
2275 5828 2706 5885 mansuetudine.
2750 5829 2819 5885 Ut
2848 5833 2990 5888 enim
3021 5848 3049 5887 a
3082 5832 3226 5889 fonte
3262 5835 3412 5890 rivus
3437 5873 3454 5901 .
3482 5834 3562 5891 sic
3591 5854 3619 5887 a

2034 5939 2241 5978 morum
2266 5923 2527 5978 suavitate
2547 5938 2675 5979 cura
2699 5936 2989 5995 pauperum
3015 5928 3247 5997 proﬂuit.
3276 5927 3453 5983 Facile
3474 5929 3617 5984 enim

3225 6034 3307 6095 28
