4138 6500
548 466 639 524 551

541 583 619 638 ad
662 578 1081 637 misericordiam
1120 572 1379 627 mansueti
1416 580 1471 626 et
1514 569 1802 641 mquabiles
1839 565 2119 621 trahuntur

550 687 738 730 annos
756 713 771 737 ,
801 686 973 742 neque
1002 669 1137 724 ferre
1156 674 1380 740 possunt
1404 662 1667 720 contemni
1696 670 1954 730 pauperes
1978 694 1994 717 ,
2023 648 2118 706 sed

538 768 773 821 aliorum
797 762 1025 832 inopiam
1052 774 1202 813 mam
1230 758 1560 814 arbitrantur
1581 750 1954 807 calamitatem.
1980 743 2117 799 Pro-

549 866 732 925 pterea
748 852 942 908 invidia
970 849 1198 920 pessima
1218 847 1454 901 omnium
1471 842 1808 899 affectiouttm
1826 846 1929 900 est;
1949 846 2117 925 neque

543 922 794 1019 umquam
821 958 1035 1014 gravem
1067 942 1213 996 illum
1237 937 1483 994 morbum
1513 935 1562 988 in
1593 933 1825 986 animam
1851 941 2000 1019 suam
2026 922 2119 977 ad-

542 1017 707 1095 mittit
739 1035 823 1091 vir
859 1035 1122 1104 benignus
1163 1040 1219 1086 et
1264 1030 1445 1092 mitis;
1489 1026 1582 1080 sed
1619 1022 1664 1078 si
1699 1020 1891 1076 viderit
1928 1017 2118 1071 fratres

541 1125 1182 1197 bonoratos,congaudet
1208 1120 1611 1192 ate-gratulatur,
1640 1116 1864 1170 aliorum
1894 1110 2116 1181 gloriam

539 1240 690 1281 suam
731 1235 927 1292 putans
956 1237 971 1274 :
1000 1217 1234 1287 alioquin
1279 1217 1567 1269 amicorum
1607 1209 1784 1264 omnia
1817 1202 2117 1262 communia

537 1332 788 1383 censeas,
812 1315 863 1369 in
887 1313 1044 1369 bonis
1064 1308 1276 1380 quidem
1303 1303 1619 1375 congaudet,
1645 1301 1698 1355 in
1723 1296 1962 1353 tristibus
1988 1306 2118 1347 vero

538 1407 809 1464 condolet.
851 1403 979 1459 Hzec
1018 1401 1162 1457 enim
1209 1393 1628 1453 mansuetudinis
1673 1390 1813 1445 dona
1858 1396 1981 1441 sunt
2008 1426 2024 1450 ,
2063 1390 2118 1438 et

541 1501 661 1555 talis
700 1496 905 1552 mitium
943 1502 1023 1548 est
1063 1492 1165 1546 vita
1198 1508 1211 1544 ε
1242 1489 1386 1543 mitis
1424 1483 1787 1554 orphanorum
1816 1485 1964 1546 pater
1991 1482 2076 1529 est
2097 1514 2112 1537 ,

540 1590 819 1644 viduarum
852 1595 1127 1655 patronus,
1154 1579 1480 1652 paupertatis
1505 1583 1737 1629 curator.
1770 1569 1961 1637 injuria
1985 1565 2116 1620 affe-

539 1695 747 1737 etornm
770 1680 981 1750 adiutor
997 1719 1011 1742 ,
1036 1690 1247 1745 semper
1269 1684 1484 1728 strenue
1505 1671 1611 1739 agit
1628 1665 1771 1737 quod
1791 1664 1990 1734 iustum
2011 1668 2110 1714 est.

545 1773 612 1828 Et
656 1774 762 1826 filio
793 1767 1116 1826 reverendus
1144 1774 1226 1819 cst
1269 1772 1416 1834 pater
1460 1761 1603 1814 mitis
1629 1766 1682 1812 et
1707 1755 1844 1809 filius
1875 1751 2030 1822 patri,
2062 1756 2118 1802 ct

537 1861 903 1919 observandas
931 1859 1147 1914 domino
1180 1864 1263 1910 est
1283 1866 1496 1916 servus,
1525 1860 1577 1904 et
1607 1847 1738 1904 nihil
1770 1848 1842 1902 ita
1868 1841 2121 1898 conciliat.

537 1956 756 2011 domino
788 1952 1073 2006 familiares
1094 1991 1109 2017 ,
1138 1957 1195 2002 ut
1221 1945 1360 2017 quod
1389 1944 1535 1999 illum
1566 1940 1751 1996 vident
1777 1953 1900 2008 erga
1916 1952 2116 1993 omnes

541 2050 780 2105 modeste
814 2061 878 2102 se
902 2059 1090 2116 gerere
1116 2084 1130 2107 ,
1172 2050 1226 2097 et
1257 2036 1661 2094 mansuetudine
1685 2033 1889 2090 cunctis
1922 2031 2115 2102 iucun-

540 2142 666 2195 dntn
698 2157 710 2191 :
741 2153 861 2193 nam
894 2145 949 2191 et
978 2134 1136 2190 talem
1183 2130 1398 2201 majoris
1438 2128 1637 2183 faciunt
1674 2135 1727 2180 et
1764 2123 2107 2186 admirantur,

538 2233 845 2301 habentch
874 2242 969 2298 pro
1000 2235 1147 2298 patre
1167 2266 1182 2292 ,
1217 2239 1321 2278 non
1352 2237 1448 2292 pro
1471 2220 1707 2276 domino.

610 2323 739 2389 Quae
765 2320 895 2375 bona
924 2318 1090 2389 pariat
1117 2311 1474 2369 mansuetudo.
1497 2340 1570 2353 —-
1595 2312 1705 2379 Age
1730 2324 1826 2379 pro
1851 2306 1989 2362 virili
2016 2320 2115 2360 ηοο

534 2426 645 2469 sua
684 2413 964 2483 diligenter
988 2409 1317 2479 inquiramus
1341 2447 1357 2473 ,
1389 2419 1631 2476 quaenam
1650 2418 1727 2457 ex
1756 2414 1959 2456 morum
1987 2413 2114 2452 sua-

532 2508 696 2561 vitate
720 2505 857 2560 bona
887 2501 1179 2558 mansuetis
1211 2499 1541 2569 proveniant.
1575 2495 1768 2551 Gratus
1792 2501 1846 2549 et
1872 2490 2115 2546 amabilis

532 2607 619 2654 est
641 2596 974 2660 videntibus,
1003 2601 1182 2664 gratus
1206 2591 1336 2646 item
1364 2589 1428 2644 iis
1450 2587 1642 2658 quibus
1671 2594 1872 2640 tantum
1901 2583 2115 2639 nomine

537 2698 697 2743 notus
733 2696 817 2742 cst
849 2707 864 2742 :
894 2700 1067 2754 neque
1096 2682 1248 2737 facile
1279 2681 1443 2735 ullum
1473 2678 1709 2733 invenies
1732 2717 1746 2739 .
1777 2676 1865 2744 qni
1893 2674 2115 2732 audiens

538 2777 738 2834 laudari
766 2776 1033 2831 hominem
1057 2782 1416 2835 mansuetum,
1440 2771 1585 2826 illum
1608 2769 1788 2823 videre
1808 2777 1862 2823 et
1885 2782 2113 2823 exoscu-

536 2870 633 2924 lari
664 2884 770 2924 non
808 2866 1117 2933 desideret,
1145 2874 1199 2922 et
1227 2879 1331 2920 non
1369 2863 1559 2919 habeat
1598 2863 1650 2917 in
1684 2862 1951 2932 aliquanta
1979 2859 2115 2916 lucri

540 2970 690 3030 parte
714 2961 829 3030 eius
855 2959 1085 3014 amicitia
1118 2971 1274 3028 posse
1299 2956 1419 3011 frui.
1463 2954 1615 3021 Quod
1644 2952 1691 3008 si
1715 2953 1985 3023 contingat
2008 2951 2113 3006 ali-

536 3068 673 3123 quos
702 3061 921 3122 propter
944 3064 1075 3120 opes
1096 3050 1235 3104 inter
1256 3061 1375 3103 sese
1398 3045 1690 3110 dissidere,
1718 3059 1842 3099 mox
1870 3042 1936 3098 ad
1961 3042 2111 3098 beni-

537 3160 701 3216 gnum
727 3152 780 3200 et
805 3151 1139 3199 mansuetum
1164 3142 1309 3197 illum
1336 3146 1641 3209 properant,
1669 3136 1803 3191 bona
1832 3150 1948 3205 spe,
1972 3132 2113 3205 quod

537 3236 654 3306 eius
699 3234 935 3289 bonitate
970 3228 1218 3304 quicquid
1255 3229 1422 3285 litium
1451 3235 1508 3283 et
1545 3226 1943 3282 contentionum
1973 3232 2057 3280 est
2080 3239 2116 3280 ο

537 3327 720 3383 nietlio
758 3326 988 3381 tollatur.
1025 3325 1260 3387 Rursus,
1289 3321 1334 3376 si
1372 3319 1629 3391 capitales
1661 3318 1802 3373 inter
1830 3332 1891 3372 se
1918 3316 2115 3372 inimici

538 3419 647 3473 sint
667 3460 682 3486 ,
711 3415 975 3472 mansueti
1003 3414 1101 3470 viri
1126 3412 1460 3483 correptione
1486 3410 1765 3480 placantur
1787 3415 1843 3465 et
1869 3421 2111 3462 mansne.

472 3560 492 3575 ,
538 3519 729 3575 scunt,
761 3507 965 3564 etiamsi
1008 3514 1192 3562 natura
1236 3504 1290 3559 in
1333 3503 1465 3558 iram
1502 3511 1557 3557 et
1593 3500 1825 3555 furorem
1867 3497 2113 3568 propensi

537 3601 667 3656 sint.
699 3599 797 3666 Qui
825 3612 954 3654 vero
982 3596 1136 3651 aliter
1161 3593 1334 3650 affecti
1359 3600 1514 3657 sunt,
1539 3590 1584 3645 si
1608 3588 1954 3644 reconciliare
1979 3588 2118 3643 inter

538 3708 601 3746 se
627 3691 789 3746 velint
808 3702 915 3745 eos
932 3688 1020 3758 qui
1046 3684 1404 3757 digladiantur
1425 3689 1481 3736 et
1506 3689 1760 3751 pugnant,
1787 3677 1931 3733 nullo
1959 3677 2118 3732 modo

534 3780 874 3838 venerabiles
896 3786 1120 3851 possunt
1142 3773 1342 3830 videri:
1366 3770 1460 3827 sed
1483 3772 1535 3826 in
1556 3770 1746 3841 quavis
1765 3782 1924 3824 causa
1945 3769 2119 3839 aptior

539 3884 596 3929 et
638 3871 805 3943 magis
850 3868 1073 3925 idoneus
1106 3865 1171 3921 ad
1201 3861 1625 3935 persuadendum
1652 3869 1708 3916 et
1732 3860 2114 3917 consulendum

540 3973 623 4020 est
649 3963 695 4018 is
714 4005 728 4029 ,
757 3961 845 4033 qni
871 3974 964 4016 eas
988 3958 1225 4014 actiones
1250 3969 1470 4025 quarum
1501 3952 1777 4008 consilium
1802 3951 1893 4006 dat
1917 3953 2118 4023 primus

541 4054 866 4127 aggreditur.
911 4051 1132 4119 Insuper
1171 4046 1421 4118 quoniam
1458 4044 1706 4114 exemplo
1735 4057 1831 4097 suo
1869 4045 2115 4114 magister

541 4155 626 4204 est
650 4141 1090 4206 mansuetudinis,
1112 4148 1167 4196 et
1189 4139 1303 4210 ipse
1325 4135 1570 4206 exemplo
1589 4149 1685 4190 suo
1705 4133 1906 4189 stabilit
1919 4149 1979 4190 ea
2000 4149 2119 4205 quas

542 4238 742 4304 tradit,
771 4234 928 4291 simul
957 4247 1020 4288 ac
1048 4238 1303 4303 apparet,
1332 4228 1536 4298 mitigat
1563 4227 1721 4282 etiam
1748 4224 2076 4280 'fnribundos
2099 4266 2114 4293 ,

543 4342 718 4399 neque
758 4324 938 4381 multis
967 4323 1014 4379 ei
1044 4320 1222 4376 verbis
1251 4319 1331 4373 vel
1360 4314 1809 4373 admonitionibus
1838 4330 1972 4383 opus
1997 4323 2115 4381 est,

534 4419 637 4476 sed
663 4429 718 4474 et
744 4430 950 4486 pacem,
973 4412 1277 4482 priusquam
1305 4410 1569 4479 loquatur,
1596 4405 1899 4476 persuadet.
1925 4405 2120 4473 Quem-

544 4508 830 4567 admodum
868 4505 1083 4563 et-soiis
1117 4503 1310 4573 iubar,
1343 4510 1401 4554 ιιι
1438 4499 1664 4569 primum
1695 4505 1948 4568 apparet,
1978 4496 2118 4568 fugat

548 4602 793 4658 tenebras
821 4614 838 4655 :
865 4598 936 4651 ita
973 4603 1280 4649 mansuetus
1317 4598 1371 4646 et
1407 4590 1666 4659 benignus
1702 4603 1796 4644 sua
1838 4588 2129 4657 prtcsentia'

544 4708 634 4747 res
677 4689 1009 4746 turbulentas
1049 4683 1321 4755 componit
1359 4683 1671 4753 quietasque
1711 4696 1775 4735 ac
1814 4681 2124 4751 tranquillas

544 4781 739 4839 reddit.
790 4780 884 4835 Est
923 4789 1102 4833 autem
1144 4784 1199 4831 et
1242 4773 1346 4829 hoc
1385 4773 1601 4843 dignum
1646 4771 1912 4827 recenseri
1938 4813 1952 4837 ,
1982 4770 2121 4841 quod

543 4873 789 4929 Christus
811 4872 984 4928 solum
1010 4869 1259 4941 pacificos
1285 4866 1421 4922 filios
1446 4866 1535 4921 Dei
1558 4874 1712 4920 vocat
1730 4861 1941 4935 (Matth.
1964 4864 2017 4919 5.
2041 4864 2119 4930 9).

548 4966 612 5021 Et
638 4979 804 5036 quare
831 4976 989 5019 suum
1016 4956 1331 5015 vocabulum
1363 4954 1579 5011 mitibus
1608 4955 2005 5011 communicat?
2028 4954 2128 5010 So-

545 5057 630 5109 lus
665 5054 757 5110 ille
785 5051 977 5108 Filium
1007 5049 1103 5106 Dei
1130 5062 1228 5119 pro
1256 5047 1456 5102 viribus
1482 5046 1717 5100 imitatur
1739 5086 1755 5112 ,
1787 5046 1874 5114 qui
1902 5045 2047 5115 pacis
2074 5054 2126 5101 et

550 5144 800 5203 amicitim
830 5152 1018 5200 auctor
1044 5141 1163 5195 aliis
1193 5139 1271 5194 fit.
1321 5137 1615 5193 Namsicut
1638 5136 1882 5192 Christus
1914 5137 2049 5192 Dens
2075 5147 2136 5192 et'

548 5237 787 5292 omnium
831 5235 1090 5291 Dominus
1109 5273 1127 5300 ,
1157 5231 1211 5287 in
1235 5245 1413 5287 carne
1440 5227 1616 5284 divina
1646 5229 1799 5285 nobis
1823 5244 2087 5298 apparens
2109 5271 2126 5296 ,

551 5336 766 5382 sanctos
792 5324 1008 5397 angelos
1031 5336 1153 5379 eum
1177 5322 1481 5376 hominibus
1502 5320 1799 5375 concordes
1818 5319 2012 5380 en‘eeit.
2041 5314 2134 5392 qni'

550 5417 701 5486 quasi
735 5414 875 5471 bello
901 5415 1128 5485 quodam
1154 5430 1184 5469 a
1216 5413 1369 5469 nobis
1404 5411 1731 5468 dissidebant
1762 5430 1777 5466 :
1806 5413 1876 5467 ita
1906 5425 1953 5468 et
1985 5431 2132 5468 man.

549 5519 739 5562 suetus
779 5507 939 5561 homo
967 5503 1163 5561 fratres
1187 5514 1243 5561 et
1266 5512 1520 5575 cognatos
1548 5513 1603 5559 et
1631 5503 1952 5559 domesticos
1979 5521 2133 5561 reve-

556 5596 665 5671 reri
681 5596 835 5666 ‘leges
858 5603 912 5650 et
933 5603 1254 5665 praeceptum
1283 5595 1396 5661 Dei,
1423 5594 1747 5666 abiectisque
1772 5595 2062 5650 inimicitiis
2077 5595 2107 5651 (κ

556 5687 781 5757 gratiam
810 5690 1046 5739 mutuam
1076 5682 1250 5741 redire
1277 5683 1420 5739 facit.
1452 5684 1619 5740 Porro
1643 5684 1785 5754 quod
1810 5685 1865 5739 in
1893 5684 2135 5754 corpori-

2060 445 2283 502 ωειλ.

3694 458 3806 520 53!

2224 572 2378 616 vocat
2407 576 2600 634 corpus
2633 574 2685 620 et
2715 568 2948 623 membra
2978 570 3200 627 invicem
3229 571 3440 645 (Epltes.
3469 577 3521 631 ι.
3552 575 3644 650 25)
3668 596 3682 630 :
3707 580 3800 650 qui

2222 663 2399 708 autem
2429 656 2662 713 divulsos
2689 669 2741 713 et
2772 672 3064 730 pugnantes
3088 668 3234 722 coire
3260 666 3384 722 facit
3407 669 3458 723 in
3481 670 3798 739 amicitiam,

2218 744 2326 814 iam
2356 747 2500 802 Pauli
2529 765 2826 807 sermonem
2855 755 3155 824 confirmat,
3183 758 3273 828 qui
3297 760 3486 816 suadet
3510 762 3758 818 omnibus
3776 803 3797 832 ,

2222 853 2291 893 ne
2335 838 2578 908 ignorent
2617 844 2855 900 membra
2889 861 2983 902 sua
3016 863 3190 919 neque
3222 860 3405 907 mutuo
3431 867 3492 909 se
3518 853 3797 912 devorent.

2227 928 2374 985 Unde
2415 947 2572 987 verus
2615 944 2696 989 cst
2753 951 2930 992 sermo
2979 939 3107 1005 ille,
3157 942 3298 1011 quod
3343 944 3655 1011 pacificator
3691 945 3802 1002 fra-

2223 1028 2361 1076 trum
2397 1025 2636 1081 eamdem
2674 1028 2918 1085 virtutem
2950 1031 3110 1088 babet
3142 1032 3195 1088 in
3229 1036 3450 1091 ecclesia
3480 1045 3537 1092 et
3560 1038 3720 1095 domo
3745 1048 3805 1096 et

2221 1112 2435 1170 civitate
2457 1155 2472 1179 ,
2501 1133 2656 1187 quam
2685 1118 2881 1174 habent
2909 1122 2960 1175 itt
2990 1126 3302 1194 corporibus
3330 1129 3500 1193 nervi,
3531 1128 3654 1183 dum
3682 1129 3801 1185 dis-

2223 1219 2376 1273 persa
2436 1217 2491 1261 et
2555 1209 2777 1266 invicem
2828 1215 3107 1283 pugnantia
3154 1218 3426 1287 coniungit
3466 1228 3521 1274 et
3562 1222 3798 1291 copulat.

2225 1297 2417 1352 Verum
2445 1298 2561 1356 hinc
2583 1300 2747 1356 virtus
2770 1313 2894 1359 tunc
2912 1306 3070 1360 alicui
3094 1309 3215 1362 data
3239 1319 3339 1374 est,
3363 1310 3573 1375 quando
3592 1313 3801 1381 primus

2223 1388 2336 1458 ipso
2379 1401 2653 1448 mansuete
2690 1394 2871 1450 vivere
2916 1398 3139 1467 incipit:
3165 1409 3218 1453 at
3257 1403 3343 1468 qui
3384 1401 3534 1457 facile
3573 1404 3625 1457 in
3663 1402 3798 1458 iram

2221 1485 2487 1552 erumpit,
2521 1487 2677 1555 vulgo
2720 1486 2975 1543 ridiculus
3013 1492 3325 1559 apparebit,
3375 1493 3420 1547 si
3463 1493 3674 1563 quando
3701 1510 3799 1548 es-

2220 1585 2497 1655 asperatos
2521 1578 2652 1632 alios
2678 1579 2887 1647 placare
2915 1589 3158 1637 attentat.

2206 1682 2209 1685 ·
2290 1667 2396 1722 Ira:
2418 1681 2604 1739 quanta
2629 1671 2846 1741 foeditas.
2870 1672 3072 1729 -—Jam
3121 1674 3243 1743 quid
3293 1675 3528 1732 deterius
3567 1677 3801 1736 homini-

2220 1758 2318 1814 bus
2348 1761 2434 1829 qni
2482 1762 2575 1815 ira:
2620 1763 2893 1818 serviunt?
2938 1766 3055 1833 quis
3085 1780 3180 1820 eos
3218 1766 3405 1821 videns
3449 1783 3554 1823 non
3605 1770 3801 1824 avertit

2218 1850 2441 1906 oculos?
2470 1851 2561 1906 Vir
2580 1851 2866 1909 iracundus
2894 1855 3124 1910 insuavis
3155 1865 3233 1910 est
3258 1855 3451 1923 obviis,
3486 1858 3719 1914 insuavis
3742 1868 3801 1914 ct

2218 1943 2408 1997 vicinis
2439 1962 2452 1997 :
2486 1954 2540 1998 et
2561 1944 2604 1998 si
2637 1945 2880 2014 pecuniis
2900 1962 3020 2002 eum
3045 1962 3231 2003 carere
3256 1950 3550 2019 contingat,
3580 1966 3684 2005 non
3715 1951 3798 2006 fa-

2217 2034 2320 2089 cile
2346 2036 2545 2106 repcrit
2567 2037 2657 2107 qni
2684 2038 2801 2107 eius
2831 2039 3024 2110 inopia:
3052 2051 3346 2095 succurrat.
3375 2042 3687 2098 Communis
3713 2052 3799 2099 est

2219 2125 2389 2181 hostis
2419 2136 2471 2182 et
2496 2127 2690 2183 civium
2718 2140 2771 2185 et
2799 2131 3201 2201 peregrinorum
3234 2149 3248 2186 :
3279 2132 3496 2201 clamat,
3530 2134 3799 2191 vocifera-

2220 2226 2325 2282 tur,
2357 2220 2538 2290 plagas
2564 2221 2968 2277 occurrentibus
2998 2224 3244 2289 intentat,
3293 2224 3515 2280 dicenda
3560 2226 3801 2297 loquitur

2217 2321 2272 2365 et
2295 2310 2532 2377 tacenda,
2562 2323 2780 2380 aSpectu
2811 2321 2985 2377 torvo.
3015 2313 3192 2368 inﬂata
3217 2312 3367 2377 facie,
3389 2316 3566 2385 lingua
3590 2317 3797 2383 rabida,

2218 2401 2467 2457 manibus
2507 2402 2573 2457 ad
2615 2402 2792 2457 omnia
2823 2405 3312 2475 prorumpentibus,
3343 2414 3415 2472 et,
3448 2416 3508 2461 ut
3548 2418 3794 2477 apparet,

2217 2493 2463 2549 daemone
2492 2496 2719 2563 plenus:
2751 2503 2808 2549 et
2832 2497 2877 2549 si
2917 2496 3040 2565 quis
3068 2495 3244 2551 videat
3283 2497 3456 2551 virum
3496 2498 3567 2551 ita
3597 2499 3795 2563 furere,

2217 2582 2542 2638 dubitaverit
2561 2599 2627 2638 an
2654 2583 2920 2639 daemonio
2937 2586 3166 2655 agitetur
3193 2586 3374 2651 miser,
3406 2601 3474 2642 an
3500 2588 3798 2645 voluntarie

2216 2673 2270 2728 in
2303 2683 2501 2731 tantam
2540 2675 2801 2731 insaniam
2827 2676 3155 2745 prosilierit?
3196 2677 3274 2733 ira
3312 2678 3644 2736 voluntarius
3677 2680 3789 2736 dte-

2217 2782 2367 2832 mon,
2411 2767 2613 2823 insania
2652 2777 2967 2836 spontaneo,
3014 2769 3209 2824 mentis
3251 2778 3334 2824 est
3373 2770 3604 2827 defectio
3648 2791 3661 2827 :
3702 2775 3795 2844 qui

2217 2858 2486 2922 irascitur,
2513 2858 2712 2914 diaboli
2750 2858 3035 2914 ludibrium
3065 2869 3167 2924 est,
3213 2860 3516 2916 daemonum
3560 2861 3796 2928 officina,

2215 2957 2271 3005 et
2320 2948 2573 3019 nequitia:
2611 2950 2821 3005 illorum
2870 2950 3062 3020 dignus
3104 2951 3367 3006 minister.
3408 2952 3795 3019 l)ic,obsecro,

2217 3039 2343 3113 quid
2375 3041 2708 3110 potissimum
2737 3041 2928 3097 volunt
2960 3041 3254 3110 daemones,
3285 3052 3343 3097 ut
3385 3043 3582 3099 faciant
3625 3043 3800 3100 Itami-

2217 3133 2358 3189 nes?
2398 3149 2576 3189 nonne
2624 3142 2680 3189 ttt
2718 3134 3046 3204 exprobrent
3090 3135 3463 3204 genitoribus?
3518 3150 3698 3193 nonne
3740 3146 3798 3191 nt

2218 3224 2449 3294 pollutas
2479 3240 2668 3281 manus
2697 3225 3003 3295 parentibus
3031 3225 3296 3281 inferant?
3324 3242 3501 3282 nonne
3527 3236 3585 3282 ut
3628 3228 3797 3283 Deum

2219 3317 2629 3389 blasphemcnt?
2674 3318 2800 3373 Haec
2840 3329 3018 3375 autem
3062 3319 3238 3373 omnia
3276 3317 3629 3375 irascentium
3674 3330 3800 3374 sunt

2218 3425 2401 3480 opera.
2444 3413 2618 3480 Atque
2663 3409 2798 3465 adeo
2828 3410 2903 3463 ira
2950 3410 3122 3469 servis
3159 3410 3270 3464 suis
3311 3409 3465 3466 facile
3512 3410 3801 3481 impietatis

2217 3512 2407 3559 auctor
2433 3509 2516 3558 est
2546 3522 2559 3558 :
2594 3517 2764 3572 neque
2789 3501 2931 3557 enim
2956 3502 3056 3556 sibi
3084 3502 3215 3571 ipsis
3238 3502 3388 3558 facile
3416 3504 3680 3573 imperare
3709 3520 3801 3577 va-

2218 3592 2330 3648 lent
2354 3593 2441 3664 qui
2470 3609 2499 3647 a
2532 3591 2712 3648 furore
2754 3602 2809 3648 et
2848 3593 2924 3647 ira
2951 3593 3274 3659 vincuntur;
3304 3594 3397 3650 sed
3436 3595 3640 3650 similes
3675 3605 3799 3650 sunt

2220 3683 2363 3745 navi,
2395 3699 2512 3753 qtne
2545 3684 2597 3738 in
2630 3683 2802 3739 media
2846 3693 3162 3756 tempestate
3191 3700 3220 3739 a
3244 3685 3606 3756 gubernatore
3631 3686 3802 3742 desti-

2222 3783 2333 3829 tuta
2363 3773 2738 3844 submergitnr,
2774 3775 3126 3846 nudcqnaque
3164 3777 3216 3831 in
3247 3791 3376 3832 eam
3414 3778 3671 3848 procellis
3718 3779 3804 3832 in-

2219 3866 2436 3938 gressis.
2468 3865 2547 3920 lra
2578 3868 2719 3921 enim
2745 3866 2896 3936 quasi
2927 3867 3125 3922 fulmen
3153 3878 3205 3923 et
3240 3877 3527 3938 tempestas
3552 3868 3802 3941 qna'dant

2222 3958 2274 4013 itt
2301 3957 2531 4013 animam
2554 3957 2725 4023 irruit,
2756 3959 3181 4029 servientcmque
3201 3959 3301 4016 sibi
3324 3961 3595 4031 stupidum
3623 3962 3803 4018 reddit

2221 4059 2276 4104 et
2303 4058 2593 4105 amentem.
2635 4048 2771 4117 Quid
2815 4050 2975 4119 igitur
3004 4049 3345 4106 faciendum?
3383 4052 3668 4108 Prudentis
3686 4052 3803 4108 'ho-

2210 4144 2383 4203 .minis
2411 4142 2587 4207 fuerit,
2620 4151 2678 4198 ut
2713 4143 2813 4198 sibi
2847 4142 2915 4198 ab
2942 4142 3045 4199 hoc
3083 4143 3275 4199 morbo
3310 4153 3517 4214 caveat,
3562 4154 3801 4202 mentem

2222 4235 2491 4291 contineat
2515 4244 2568 4290 et
2599 4234 2829 4291 furorem
2860 4236 3036 4306 sopiat
3057 4236 3451 4306 Scripturarum
3481 4236 3806 4292 admonitio-

2223 4324 2395 4389 nibus,
2426 4324 2733 4396 priusquam
2763 4326 2814 4381 in
2842 4325 2973 4381 iram
3010 4325 3304 4381 inducatur.
3334 4325 3467 4381 Nam
3502 4327 3546 4381 si
3589 4326 3804 4396 prasti-

2222 4415 2487 4489 giatorum
2526 4417 2938 4473 incantamentis
2985 4416 3168 4472 bestiae
3205 4416 3587 4486 obtemperant
3623 4432 3638 4471 :
3672 4416 3805 4487 quid

2225 4507 2416 4561 mirum
2437 4508 2481 4562 si
2507 4506 2716 4576 eloquia
2744 4506 2945 4561 Christi
2980 4506 3176 4563 ferocis
3202 4508 3397 4562 animae
3416 4516 3614 4562 statum
3646 4505 3806 4562 facile

2226 4598 2567 4668 tranquillum
2593 4607 2648 4652 ct
2671 4597 2984 4667 aequabilem
3016 4598 3237 4654 reddant
3256 4598 3280 4653 Ἰ
3296 4598 3486 4653 Omnis
3511 4597 3678 4661 enim,
3719 4597 3808 4651 in-

2226 4690 2357 4758 quit,
2385 4689 2675 4743 anmritmfo
2716 4699 2766 4741 et
2808 4689 2886 4741 ira
2930 4698 2976 4742 et
2998 4693 3149 4759 {uror
3176 4700 3223 4743 et
3260 4690 3463 4743 denter
3483 4688 3747 4758 auferam-
3768 4705 3809 4741 ιι

2227 4781 2362 4835 robis
2387 4796 2501 4833 cum
2538 4781 2677 4833 omni
2704 4778 2921 4833 malitia.
2950 4779 3125 4834 Estotc
3151 4780 3362 4836 invicem
3392 4780 3613 4854 benigni,
3654 4781 3810 4833 mise-

2227 4871 2469 4937 ricordes,
2504 4870 2849 4929 contionantes
2874 4871 3010 4925 vobis
3044 4870 3188 4941 ipsis,
3222 4876 3266 4924 si
3295 4872 3407 4940 quis
3432 4871 3677 4925 adversus
3705 4869 3809 4923 ali-

2227 4976 2373 5029 cum:
2415 4963 2562 5016 habet
2603 4963 3043 5032 reprehensionem
3074 4978 3092 5015 :
3117 4961 3538 5033 quemadmodum
3579 4971 3626 5016 et
3664 4960 3811 5015 Dens

2228 5054 2280 5109 in
2307 5051 2506 5107 Christo
2529 5052 2829 5107 condonavit
2856 5053 3010 5108 vobis.
3047 5053 3175 5108 Sitis
3216 5054 3371 5124 igitur
3408 5055 3685 5108 imitatores
3715 5053 3813 5107 Dei

2234 5142 2448 5217 (Εῃιροσ.
2477 5144 2533 5198 ‘4.
2579 5142 2667 5199 5L
2701 5142 2788 5199 52.
2821 5153 2867 5197 et
2894 5144 2948 5199 5.
2989 5143 3068 5214 l).
3114 5143 3316 5198 Videtis
3347 5143 3519 5214 qualis
3557 5144 3627 5197 sit
3655 5158 3811 5197 man-

2230 5245 2416 5290 suetus
2446 5251 2463 5290 :
2488 5234 2641 5305 cuius
2665 5242 2884 5291 vocetur
2912 5235 3146 5289 imitator
3163 5233 3189 5287 ἲ
3214 5249 3319 5289 non
3342 5232 3678 5305 angelorum,
3702 5248 3810 5287 non

2232 5326 2692 5392 archangelorum,
2736 5325 2831 5381 sed
2876 5325 3088 5381 Domini
3120 5325 3494 5380 universorum
3532 5342 3550 5379 ε
3597 5327 3812 5379 tametsi

2232 5418 2391 5472 etiam
2420 5417 2492 5470 illi
2519 5416 2785 5471 mitissimi
2808 5415 2934 5481 sint,
2965 5417 3266 5484 virtuteqne
3291 5413 3435 5470 omni
3468 5414 3611 5474 slent
3630 5430 3651 5481 ς
3673 5414 3813 5469 Pan-

2232 5508 2318 5563 lus
2349 5515 2526 5561 tamen
2552 5507 2708 5560 mites
2748 5505 2959 5559 vocavit
3000 5504 3091 5559 Dei
3123 5506 3438 5568 imitatores,
3478 5519 3588 5575 quo
3619 5519 3815 5574 propo-

2204 5599 2333 5652 ‘sita
2373 5597 2503 5651 tanti
2550 5595 2771 5651 honoris
2801 5594 3161 5666 magnitudine
3192 5594 3509 5664 persuadeat
3540 5594 3811 5649 audienti-

2237 5686 2355 5749 bus,
2399 5695 2459 5742 ut
2495 5688 2604 5742 sint
2646 5685 2911 5740 mitissimi
2937 5726 2952 5748 ,
3000 5693 3059 5740 ut
3117 5699 3305 5741 omnes
3348 5685 3440 5755 qui
3488 5684 3809 5740 contumelia

557 5779 661 5834 bus
697 5775 896 5833 nostris
923 5776 1109 5846 nervi,
1132 5775 1236 5833 hoc
1259 5785 1341 5832 est
1377 5788 1684 5834 mansuetus
1711 5778 1871 5835 homo
1902 5780 1953 5834 in
1979 5780 2139 5835 domo
2236 5777 2561 5843 afficiuntur,
2584 5776 2669 5832 vel
2696 5775 2841 5831 aliud
2871 5775 3119 5845 quiddam
3158 5790 3322 5847 grave
3350 5775 3644 5847 patiuntur,
3684 5788 3812 5830 con-

555 5885 612 5928 et
638 5869 952 5951 ecclosiact
978 5870 1212 5971 civitate.
1245 5871 1439 5962 l’anlus
1469 5874 1609 5929 enim
1642 5890 1788 5931 more
1818 5890 1913 5931 suo
1945 5875 2136 5934 fratres

1465 5974 1599 6003 Βαμῗί
1622 5992 1632 6001 .

1531 6022 1690 6042 δεμ.

2240 5872 2374 5929 vicia
2400 5879 2560 5941 atque
2589 5869 2692 5925 alia
2722 5872 2994 5929 moderate
3020 5869 3213 5932 ferant,
3243 5871 3675 5947 imperantcsque
3695 5868 3808 5932 ira.

2617 5987 2791 6031 ..’,ἰ

2593 6039 2635 6051 δη
