4138 6464
234 377 332 436 551

231 498 330 551 οὐκ
363 497 656 569 ἀνάσχοιτο
698 501 961 573 περιιδεῖν
978 501 1122 568 ’τοὺς
1170 507 1228 561 ἐν
1256 508 1433 583 ἐνδείᾳ
1481 514 1913 586 καθεστηκότας,

230 580 426 635 ἑαυτοῦ
458 583 697 654 νομίζων
722 586 1011 659 συμφορὰν
1045 589 1142 661 τὴν
1174 593 1368 648 πενίαν
1395 580 1505 649 τῶν
1531 597 1727 654 ἀλλων.
1760 603 1916 655 Ἔστι

227 668 407 722 τοίνυν
440 671 639 738 φθόνος
672 672 771 743 μέν
796 675 1051 760 ἁπάντων
1082 678 1370 745 κάκιστος⁶
1402 684 1545 756 ἀνὴρ
1586 687 1643 740 δὲ
1678 689 1917 760 χρηστὸς

232 752 322 805 καὶ
361 755 541 824 πρᾶος
574 756 637 808 οὐ
687 757 1053 827 παραδέχεται
1093 765 1159 832 τῇ
1187 761 1332 835 ψυχῇ
1379 767 1442 819 τὸ
1474 752 1725 840 πονηρὸν
1758 752 1915 824 τοῦτο

227 836 465 905 νὸσημα,
497 836 637 890 ἀλλά
674 840 803 903 τοὺς
832 841 1257 912 εὐδοκιμοῦντας
1286 846 1547 917 ἀδελφοὺς
1579 836 1742 922 δρῶν,
1782 869 1913 921 συγ-

224 918 407 991 χαίρει
442 920 537 972 καὶ
568 922 875 992 συνήδεται,
908 925 1103 979 ἑαυτοῦ
1131 928 1368 999 νομίζων
1405 918 1648 999 εὐδοξίαν
1676 934 1774 1006 τὴν
1805 918 1911 989 τῶν

224 1007 399 1061 ἄλλων
427 1008 695 1075 εὐδοξίαν,
727 1013 882 1066 κοινά
908 1014 978 1068 τὰ
1014 1015 1125 1069 τῶν
1163 1018 1332 1087 φίλων
1366 1021 1689 1093 ἡγούμενος,
1725 1026 1782 1078 ἐν
1811 1024 1910 1095 μὲν

221 1097 334 1158 τοῖς
368 1095 604 1163 ἀγαθοῖς
636 1099 969 1171 συγχαίρων,
1006 1104 1063 1158 ἐν
1083 1104 1140 1159 δὲ
1166 1109 1278 1170 τοῖς
1307 1107 1572 1181 λυπηροῖς
1603 1112 1904 1181 συναλγῶν.

222 1183 465 1238 Τοιαῦτα
486 1186 556 1238 τά
586 1187 689 1257 τῆς
715 1190 1023 1261 πραότητος
1050 1193 1219 1267 δῶρα,
1242 1196 1482 1261 τοιοῦτος
1506 1200 1535 1252 6
1567 1198 1680 1270 βίος
1715 1201 1822 1255 τῶν
1849 1203 1907 1254 ἐν

224 1273 504 1345 ἐπιεικείᾳ
538 1274 858 1339 συζώντων·
899 1280 927 1330 6
974 1283 1149 1351 πρᾶος
1195 1284 1449 1355 ὀρφανῶν
1485 1287 1690 1360 πατὴρ,
1720 1290 1905 1361 χηρῶν

219 1363 559 1433 προστάτης,
589 1364 783 1429 πενίας
816 1365 970 1440 [423]
992 1369 1262 1442 κηδεμὼν,
1292 1374 1662 1446 ἀδικουμένων
1689 1378 1902 1450 βοηθὸς,

216 1450 495 1522 πανταχοῦ
543 1452 715 1506 ποιῶν
749 1453 846 1509 τοῦ
894 1456 1103 1512 δικαίου
1136 1460 1199 1514 τὸ
1237 1462 1463 1533 κράτος.
1498 1465 1610 1519 Καὶ
1656 1467 1854 1538 παιδίῳ
1883 1477 1903 1499 ⁸

216 1539 400 1611 πατὴρ
435 1541 722 1613 αἰδέσιμος
742 1545 771 1597 6
797 1545 1069 1617 πραότητι
1094 1547 1292 1615 συζῶν,
1323 1552 1418 1604 καὶ
1438 1554 1567 1617 παῖς
1596 1555 1781 1627 πατρὶ,
1807 1556 1902 1610 καὶ

212 1627 399 1691 δοῦλος
423 1629 684 1704 δεσπότῃ,
715 1631 921 1687 καὶτὸν
943 1634 1212 1709 δεσπότην
1234 1638 1390 1692 οὐδὲν
1415 1640 1603 1711 ἕτερον
1620 1642 1718 1713 τῆς
1746 1646 1902 1717 παρὰ

211 1716 319 1769 τῶν
351 1717 584 1772 οἰκετῶν
612 1720 827 1784 εὐνοίας
860 1722 1157 1779 ἀπολαύειν
1185 1731 1348 1783 ποιεῖ.
1387 1730 1553 1785 Ὅταν
1577 1732 1687 1804 γὰρ
1719 1716 1900 1791 ἴδωσιν

210 1806 373 1859 αὐτὸν
409 1807 690 1880 ἐπιεικείᾳ
722 1809 1007 1883 χαίροντα,
1045 1814 1138 1867 καὶ
1166 1816 1359 1888 πράως
1387 1819 1559 1874 ἅπασι
1589 1824 1897 1895 προσφερό-

215 1909 396 1966 μενον,
432 1898 563 1968 περὶ
602 1897 798 1953 πολλοῦ
842 1900 1119 1956 ποιοῦνται
1153 1904 1246 1957 καὶ
1289 1905 1647 1978 θαυμάζουσι,
1682 1913 1898 1982 πατέρα

216 1984 414 2055 μᾶλλον
448 1986 480 2057 ἢ
510 1986 780 2058 δεσπότην
811 1988 904 2041 τὸν
936 1991 1276 2062 κεκτημένον
1306 1995 1639 2066 νομίζοντες.

277 2074 416 2145 Φέρε
440 2075 527 2145 δὴ,
550 2074 691 2128 κατά
716 2074 945 2148 δύναμιν
963 2079 1241 2152 ἡμετέραν
1258 2083 1503 2154 ἀκριϐῶς
1523 2085 1891 2159 ἐξετάσωμεν,

212 2163 305 2216 ὅσα
326 2166 441 2227 τοῖς
473 2164 779 2217 ἐπιεικέσιν
813 2167 877 2219 ἐκ
904 2168 1002 2237 τῆς
1024 2168 1133 2222 τῶν
1168 2169 1316 2239 ἠθῶν
1345 2173 1684 2246 ἡμερότητος
1713 2177 1893 2245 ἀγαθά

214 2252 573 2322 περιγίνεται.
602 2249 815 2305 Οὐκοῦν
836 2256 864 2307 6
887 2256 1061 2326 πρᾶος
1090 2257 1242 2325 φίλος
1268 2258 1366 2329 μὲν
1385 2262 1497 2324 τοῖς
1517 2263 1704 2334 ὁρῶσι,
1740 2266 1893 2332 φίλος

212 2338 261 2390 δὲ
291 2339 384 2391 καὶ
418 2341 535 2401 τοῖς
569 2340 705 2410 ἀκοῇ
738 2340 1068 2412 γνωρίμοις·
1102 2344 1196 2397 καὶ
1223 2345 1398 2409 οὐδείς
1419 2348 1566 2401 ἐστιν
1601 2349 1659 2413 ὃς
1683 2352 1892 2424 ἥμερον

212 2424 493 2495 ἄνθρωπον
534 2427 925 2498 ἐπαινούμενον
973 2429 1207 2496 ἀκούων,
1254 2433 1355 2487 οὐκ
1392 2433 1459 2487 ἂν
1500 2436 1890 2511 ἐπιθυμήσειεν

215 2513 333 2565 ἰδεῖν
358 2516 455 2567 καὶ
481 2514 837 2569 ἀσπάσασθαι
870 2516 965 2569 καὶ
987 2518 1227 2588 συνεχῶς
1259 2522 1412 2596 όρᾷν,
1445 2523 1502 2575 ἐν
1531 2524 1760 2595 κέρδους
1793 2529 1891 2597 μέ-

213 2618 287 2670 ρει
312 2601 413 2672 τὴν
441 2601 539 2655 τοῦ
574 2603 818 2657 τοιούτου
845 2604 1028 2674 φιλίαν
1058 2606 1403 2678 ποιούμενος.
1432 2611 1552 2663 Κᾶν
1582 2613 1723 2684 ὑπὲρ
1754 2634 1889 2688 χρη.

211 2689 390 2757 μάτων
414 2692 563 2755 τινὲς
586 2692 724 2763 πρὸς
748 2692 1014 2763 ἀλλήλους
1038 2693 1403 2766 διενεχθῶσιν,
1426 2700 1518 2753 ἐπὶ
1535 2700 1625 2754 τὸν
1653 2707 1888 2774 χρηστὸν

207 2778 294 2831 καὶ
332 2781 515 2851 πρᾶον
556 2780 889 2848 ἐπείγονται,
918 2782 1235 2852 νομίζοντες
1259 2787 1436 2840 πᾶσαν
1465 2787 1582 2859 ἔριν
1612 2793 1705 2844 καί⁸
1738 2794 1887 2861 φιλο-

205 2868 408 2921 νεικίαν
430 2868 763 2939 λυθήσεσθαι
784 2869 995 2940 ταχέως
1022 2871 1128 2925 ὑπὸ
1146 2874 1242 2943 τῆς
1259 2874 1467 2930 ἐκείνου
1489 2881 1879 2953 χρηστότητος.

204 2954 307 3010 Καὶ
356 2955 472 3025 γὰρ
513 2954 581 3009 ἂν
619 2957 800 3028 συμϐῇ
848 2958 973 3021 τοὺς
1026 2959 1348 3030 ἀνθρώπους
1392 2965 1695 3037 φιλέχθρως
1741 2971 1884 3041 ἔχειν

203 3039 334 3108 πρὸς
359 3040 652 3110 ἀλλήλους,
686 3043 719 3111 ἠ
756 3042 850 3095 τοῦ
883 3042 1199 3108 δικάζοντος
1228 3048 1502 3120 ἡμερότης
1534 3039 1776 3107 δυσωπεῖ
1792 3039 1882 3125 γε-

202 3126 384 3180 νέσθαι
415 3128 629 3198 πράους
669 3129 796 3193 τοὺς
839 3130 1040 3201 ῥᾳδίως
1073 3133 1154 3195 εἰς
1178 3134 1347 3205 ὀργὴν
1378 3138 1473 3191 καὶ
1505 3138 1676 3211 θυμὸν
1716 3145 1879 3214 ἐκφε-

204 3215 482 3285 ρομένους.
532 3217 631 3269 ’Ἂν
678 3215 735 3269 δέ
769 3217 919 3270 ἄλλοι
959 3217 1170 3286 φανῶσί
1221 3239 1366 3286 τινες
1393 3226 1473 3288 εἰς
1508 3224 1692 3295 φιλίαν
1728 3231 1881 3298 άγειν

200 3302 319 3365 τοὺς
349 3302 699 3372 μαχομένους
724 3303 1023 3369 ἐθέλοντες,
1065 3307 1163 3359 ούκ
1197 3307 1264 3361 ἂν
1301 3308 1577 3383 δυνηθεῖεν
1611 3316 1879 3389 αἰδέσιμοι

200 3389 506 3455 φαίνεσθαι.
573 3391 689 3458 Ἐφ’
749 3392 980 3446 ἑκάστου
1030 3396 1139 3466 γάρ
1188 3391 1343 3468 οἶμαι
1377 3400 1487 3453 τῶν
1537 3406 1879 3476 πραγμάτων

199 3477 500 3549 σύμϐουλος
534 3478 760 3544 πιθανὸς
790 3482 819 3532 6
849 3481 1064 3552 πρῶτος
1094 3482 1202 3536 τῶν
1234 3486 1507 3557 πράξεων,
1550 3484 1624 3545 ὧν
1659 3494 1878 3565 ἔχεσθαι

197 3566 637 3631 συνεϐούλευσεν,
677 3568 1006 3641 ἁπτόμενος.
1060 3572 1227 3626 Ὅταν
1265 3571 1357 3628 οὖν
1387 3580 1415 3630 6
1445 3578 1543 3650 τῆς
1576 3583 1878 3648 ἐπιεικείας

193 3652 515 3718 διδάσκαλος
558 3654 778 3725 πρῶτος
834 3661 976 3728 φανῇ
1013 3658 1083 3711 τά
1125 3664 1563 3735 παραγγέλματα
1618 3668 1872 3737 βεϐαιῶν,

191 3740 304 3813 ἃμα
334 3760 393 3795 τε
423 3741 585 3815 ὤφθη
629 3743 871 3809 καὶτοὺς
922 3749 1235 3820 μεμηνότας
1263 3753 1540 3824 ἡμέρωσε,
1593 3760 1686 3812 καὶ
1722 3759 1873 3817 οὐδὲν

192 3830 338 3901 αὖτῷ
357 3831 440 3884 δεῖ
468 3830 754 3896 νουθεσίας
777 3834 871 3887 καὶ
892 3833 1091 3905 λόγων,
1124 3836 1261 3892 ἀλλά
1288 3841 1417 3912 πρίν
1435 3860 1488 3895 τι
1512 3843 1869 3915 φθέγξασθαι,

188 3916 284 3986 τὴν
311 3918 538 3990 εἰρήνην
569 3920 885 3989 εἰσήγαγεν.
918 3922 1028 3976 Καὶ
1052 3923 1242 3997 ὥσπερ
1261 3927 1418 3994 ἀκτὶς
1444 3929 1597 4001 ἡλίου
1616 3938 1868 4002 φανεῖσα,

187 4003 246 4055 τὸ
276 4005 469 4068 σκότος
490 4004 787 4060 ἀπελαύνει
807 4009 1019 4079 ταχέως
1041 4027 1054 4041 ·
1085 4012 1257 4077 οῦτως
1277 4019 1305 4069 6
1327 4021 1561 4089 χρηστὸς
1580 4024 1673 4076 καὶ
1696 4027 1870 4095 πρᾶος

186 4090 283 4155 τὴν
313 4093 561 4177 ταραχὴν
594 4093 687 4146 καὶ
716 4093 814 4166 τὴν
837 4097 1017 4167 μάχην
1044 4101 1124 4163 εἰς
1149 4103 1373 4175 εἰρήνην
1400 4107 1491 4158 καὶ
1509 4090 1749 4180 ἡσυχίαν-
1769 4090 1866 4183 μεέ

184 4172 551 4251 ταρῥυθμίζει
576 4181 809 4250 ταχέως.
838 4184 1025 4249 Ἄξιον
1060 4187 1239 4241 τοίνυν
1260 4172 1489 4246 κάκεῖνο
1520 4172 1867 4271 ἐπισημήνα-

188 4267 335 4327 σθαι,
368 4268 451 4320 ὃτι
484 4268 681 4337 μόνους
714 4268 842 4334 τοὺς
864 4272 1181 4345 εἰρηνικοὺς
1202 4279 1295 4332 τὸν
1325 4282 1525 4352 τρόπον
1550 4287 1698 4351 υἱοὺς
1725 4286 1863 4346 εἶναι

180 4354 276 4406 τοῦ
300 4355 435 4407 θεοῦ
456 4373 625 4425 φησιν
648 4359 676 4410 6
696 4357 953 4428 Χριστός.
987 4361 1144 4427 Τίνος
1164 4360 1255 4419 οῦν
1284 4366 1446 4422 ἕνεκα
1470 4371 1567 4442 τῆς
1592 4390 1864 4448 προσηγο·

183 4440 305 4509 ρίας
335 4442 432 4513 τῆς
452 4444 661 4506 οἰκείας
694 4445 876 4515 μόνοις
902 4449 1201 4504 ἐπιεικέσιν
1235 4440 1568 4524 μετέδωκεν;
1602 4440 1722 4516 Ὅτι
1753 4440 1863 4534 μό-

179 4545 268 4592 νος
295 4531 324 4582 6
357 4531 538 4599 φιλίας
572 4532 667 4584 καὶ
697 4534 920 4605 εἰρήνης
958 4537 1129 4601 αἴτιος
1174 4542 1286 4603 τοῖς
1318 4542 1495 4609 ἀλλοις
1530 4531 1862 4624 καθιστάμε-

175 4633 295 4683 νος,
322 4619 413 4672 τὸν
447 4620 574 4671 Υίὺν
595 4620 690 4673 τοῦ
720 4621 857 4675 Θεοῦ
891 4627 1138 4693 μιμεῖται
1172 4629 1311 4682 κατὰ
1336 4632 1585 4700 δύναμιν.
1625 4638 1861 4708 Ἐκεῖνος

177 4706 275 4774 μὲν
304 4708 414 4777 γὰρ
437 4706 510 4771 ὡς
545 4707 679 4771 Θεὸς
710 4710 805 4762 καὶ
843 4710 952 4763 τῶν
975 4711 1110 4765 ὅλων
1147 4714 1333 4787 κύριος
1370 4722 1497 4785 τοὺς
1523 4722 1710 4793 ἁγίους
1755 4733 1857 4800 ἀγ·-

170 4794 366 4858 γέλους
416 4795 981 4867 ἐκπεπολεμωμένους
1030 4804 1143 4864 τοῖς
1187 4805 1498 4877 ἀνθρώποις
1542 4812 1622 4877 εἰς
1674 4817 1858 4885 φιλίαν

172 4881 560 4952 συνεκέρασεν,
598 4883 884 4951 ἐπιφανεὶς
915 4887 1047 4957 ἡμῖν
1083 4888 1173 4943 διὰ
1204 4893 1304 4963 τῆς
1339 4894 1487 4961 θείας
1527 4903 1692 4956 αὑτοῦ
1725 4923 1857 4979 σαρ-

168 4968 287 5031 κός·
323 4969 563 5039 χρηστὸς
593 4969 649 5022 δέ
684 4971 975 5041 ἄνθρωπος
1010 4976 1272 5046 ἀδελφοὺς
1303 4982 1393 5036 καί
1442 4996 1723 5057 συγγενεῖς
1762 4968 1856 5050 καὶ

165 5055 410 5120 οἰκείους
458 5056 833 5128 πολεμοῦντας
878 5060 1151 5133 ἀλλήλοις,
1198 5068 1460 5127 αἰδεῖσθαι
1510 5055 1855 5149 πείθειῗτοὺς

164 5142 369 5213 νόμους
398 5143 495 5198 τοῦ
528 5144 689 5210 Θεοῦ,
737 5149 832 5201 καὶ
859 5149 958 5219 τήν
992 5150 1190 5223 ἔχθραν
1236 5155 1648 5231 ἀπορρίψαντας
1678 5142 1853 5237 φιλεῖν

162 5230 431 5303 ἀλλήλους
468 5233 614 5288 κατά
647 5236 707 5289 τὸ
748 5236 891 5292 θεῖον
922 5238 1225 5315 ἐπίταγμα.
1269 5248 1380 5302 Καὶ
1434 5230 1561 5323 μὴν,
1609 5230 1747 5330 ὅπερ
1789 5264 1848 5315 ἐν

162 5322 273 5383 τοῖς
314 5319 537 5392 σώμασι
577 5326 690 5386 τοῖς
740 5324 1030 5398 ἡμετέροις
1061 5331 1129 5384 τά
1172 5332 1360 5405 νεῦρα,
1418 5319 1576 5394 τοῦτο
1611 5319 1846 5417 χρηστὸς

161 5404 453 5475 ἄνθρωπος
486 5409 542 5463 ἐν
573 5410 727 5485 οἰκίᾳ
749 5413 842 5465 καὶ
874 5414 1139 5488 ἐκκλησίᾳ
1187 5404 1280 5475 καί
1319 5422 1490 5482 πόλει.
1746 5404 1845 5506 μὲν

161 5494 270 5566 γὰρ
296 5498 395 5551 και
427 5498 563 5569 μέλη
593 5497 845 5571 ἀλλήλων
891 5503 1011 5570 ἔθος
1046 5507 1330 5578 ὀνομάζειν
1373 5514 1451 5585 τῷ
1493 5494 1690 5592 nam
1719 5494 1845 5590 τοὺς

162 5584 427 5655 ἀδελφούς
449 5605 461 5616 ·
506 5589 534 5644 6
559 5588 615 5643 δὲ
649 5591 776 5654 τοὺς
806 5591 1232 5665 διεσπασμένους
1263 5602 1358 5654 καὶ
1393 5584 1734 5677 μαχομένους
1764 5584 1844 5678 εἰς

161 5673 343 5738 φιλίαν
379 5674 549 5741 ἄγων,
584 5674 878 5732 ἐϐεϐαίωσε
925 5681 1019 5734 τοῦ
1064 5683 1277 5739 Παύλου
1309 5688 1400 5742 τὸν
1430 5673 1607 5762 λόγον,
1639 5673 1844 5755 πείθων

162 5757 409 5825 ἃπαντας
445 5763 519 5833 μὴ
568 5764 781 5833 ἀγνοεῖν
832 5769 900 5822 τά
956 5770 1112 5841 μέλη,
1156 5776 1287 5845 μηδὲ
1329 5757 1633 5837 κατεσθίειν
1670 5788 1841 5861 ἀλλ’ἡ-

219 5850 245 5877 ⁸
270 5848 353 5899 Slc
378 5862 405 5896 e
432 5849 615 5899 Suvilio
635 5862 923 5911 cog-rectum.
958 5857 1234 5917 Περικλυμ-
1248 5866 1462 5915 παιδίων.
1493 5870 1623 5920 Enrr.

1473 395 1561 450 DE
1600 396 2145 457 MANSUETUDINE
2182 404 2435 464 SERMO.

3599 425 3705 481 55?.

2022 518 2166 584 λους.
2198 525 2407 579 Οὐκοῦν
2440 526 2645 599 ἀληθὴς
2684 531 2712 584 6
2740 530 2895 602 λόγος
2928 531 3135 600 ἐκεῖνος
3168 553 3178 566 ·
3228 534 3364 593 ὥστε
3396 536 3493 611 τήν
3532 543 3704 617 αὐτὴν

2019 606 2130 678 ἔχει
2160 610 2388 682 δύναμιν
2417 615 2474 666 ἐν
2514 616 2782 691 ἐκκλησίᾳ
2812 619 2903 674 καί
2930 623 3078 694 οἰκίᾳ
3120 623 3216 676 καὶ
3239 625 3393 680 πόλει
3486 631 3587 701 τῆς
3621 606 3703 686 εἰο

2020 698 2187 768 ρήνης
2216 700 2387 766 αἴτιος
2410 705 2524 766 τοῖς
2549 705 2799 775 ἀδελφοῖς
2837 709 3254 783 καθιστάμενος,
3298 715 3365 785 ἡν
3397 715 3511 787 ἔχει
3541 698 3705 775 δύνα-

1970 842 1983 851 λ
2020 802 2113 855 μιν
2152 787 2209 840 ἐν
2236 790 2348 852 τοῖς
2375 788 2589 861 σώμασι
2617 792 2687 845 τά
2711 794 2899 867 νεῦρα,
2941 799 3251 866 συγκολλῶν
3286 802 3379 855 καὶ
3415 806 3701 861 συνάπτων

2014 873 2140 936 τοὺς
2169 874 2599 947 διεσπασμένους
2635 882 2727 934 καὶ
2764 884 3134 955 πολεμοῦντας
3172 885 3441 959 ἀλλήλοις.
3478 894 3700 968 Ταύτην

2018 960 2198 1029 μέντοι
2214 962 2479 1033 λαμϐάνει
2495 967 2592 1038 τὴν
2608 967 2835 1041 δύναμιν
2851 973 2945 1026 ἐπὶ
2962 974 3069 1027 τῶν
3086 973 3239 1049 [424]
3254 978 3430 1033 ἄλλων
3443 960 3696 1051 ἕκαστος,

2013 1047 2142 1103 ὅταν
2176 1052 2340 1115 αὐτὸς
2373 1058 2513 1127 φανῇ
2546 1056 2762 1128 πρῶτος
2788 1059 3059 1135 ἐπιεικείᾳ
3087 1047 3264 1131 συζῶν
3289 1084 3304 1098 ·
3348 1071 3378 1122 6
3407 1069 3465 1123 δέ
3497 1047 3698 1144 ῥᾳδίως

2012 1137 2092 1200 εἰς
2117 1136 2285 1209 ὀργὴν
2326 1141 2716 1214 ἐκφερόμενος,
2757 1149 3158 1218 καταγέλαστος
3207 1149 3345 1210 εἷναι
3395 1136 3595 1225 δόξειεν
3627 1136 3695 1214 ἂν

2010 1226 2124 1286 τοῖς
2154 1224 2388 1290 πολλοῖς,
2416 1229 2546 1282 ὅταν
2577 1232 2828 1305 ἐπιχειρῇ
2856 1237 2981 1298 τοὺς
3004 1237 3377 1310 θυμουμένους
3404 1224 3693 1316 πραΰνειν.

2009 1311 2076 1363 Τί
2099 1312 2207 1383 γάρ
2236 1314 2302 1368 ἂν
2326 1314 2536 1385 γένοιτο
2562 1322 2743 1389 χεῖρον
2770 1323 2911 1395 ὀργῇ
2942 1324 3300 1382 δουλευόντων
3341 1311 3645 1404 ἀνθρώπων
3672 1352 3691 1402 ;

2006 1398 2091 1462 τίς
2119 1399 2175 1453 δὲ
2205 1401 2297 1454 τὸν
2341 1404 2580 1459 τοιοῦτον
2620 1409 2782 1479 ὁρῶν,
2830 1412 2929 1465 οὐκ
2964 1415 3297 1486 ἀποστρέφει
3335 1398 3460 1485 τοὺς
3492 1398 3695 1491 όφθαλιλ

2010 1485 2183 1556 μούς;
2234 1488 2394 1562 Ἀνὴρ
2422 1492 2639 1565 ὀργίλος
2672 1498 2843 1569 ἀηδὴς
2878 1500 2977 1570 μὲν
3002 1504 3115 1566 τοῖς
3147 1485 3480 1571 ἀπαντῶσιν,
3518 1485 3691 1583 ἀηδής

2003 1573 2062 1628 δὲ
2091 1578 2203 1641 τοῖς
2235 1579 2461 1646 γείτοσι,
2502 1582 2607 1636 κᾶν
2639 1585 2721 1648 εἰς
2749 1586 2939 1657 χρείαν
2984 1595 3228 1664 καταστῇ
3276 1573 3595 1667 χρημάτων,

2006 1664 2203 1734 ῥᾳδίως
2250 1669 2474 1739 εὐπορεῖ
2516 1669 2626 1723 τῶν
2677 1674 3045 1742 κουφιζόντων
3084 1679 3184 1750 τὴν
3226 1683 3418 1737 πενίαν
3449 1702 3465 1719 ο
3513 1689 3691 1752 κοινός

2002 1751 2120 1805 ἐστι
2146 1753 2403 1825 πολέμιος
2430 1756 2523 1809 καί⁵
2557 1758 2794 1814 πολιτῶν
2833 1764 2929 1817 καὶ
2974 1764 3159 1833 ξένων,
3195 1768 3335 1839 βοῶν
3361 1773 3457 1827 καὶ
3485 1792 3690 1848 κεκρα-

2001 1839 2134 1908 γὼς,
2166 1842 2379 1913 πληγὰς
2402 1848 2513 1909 τοῖς
2539 1848 2857 1904 ἀπαντῶσιν
2883 1854 3154 1919 ἐντείνων,
3180 1859 3322 1929 ῥητά
3350 1862 3445 1914 καὶ
3471 1839 3689 1936 ἀρῥητα

1999 1928 2201 1996 λέγων’
2238 1930 2315 2001 τῷ
2336 1933 2564 2005 τοιούτῳ
2583 1936 2644 1989 τὸ
2675 1937 2894 2010 βλέμμα
2920 1928 3268 2013 ταράττεται,
3300 1947 3359 2000 τὸ
3392 1928 3686 2021 πρόσωπον

1997 2016 2242 2087 οἰδαίνει,
2271 2020 2305 2091 ή
2336 2021 2558 2089 γλῶσσα
2598 2023 2792 2097 λυσσᾷ,
2832 2029 3034 2099 ῥᾳδίως
3066 2033 3123 2086 αἱ
3155 2037 3337 2105 χεῖρες
3374 2016 3468 2091 ἐπὶ
3503 2041 3684 2095 πάντα

1997 2105 2272 2175 φέρονται,
2318 2108 2387 2163 τά
2429 2110 2538 2165 τῶν
2569 2112 2948 2185 δαιμονῶντων
2987 2121 3015 2172 6
3062 2122 3302 2188 τοιοῦτος
3343 2126 3635 2197 ἐργάζεται
3662 2147 3680 2162 ο

1996 2194 2090 2248 καί
2118 2212 2199 2260 τις
2228 2196 2370 2267 ὁρῶν
2399 2197 2739 2272 θυμούμενον
2765 2204 3072 2277 ἄνθρωπον,
3103 2194 3432 2283 ἀπορήσειεν
3467 2216 3533 2269 ἂν
3567 2218 3680 2273 εἴτε

1993 2283 2021 2335 6
2049 2280 2256 2362 δαίμων
2303 2283 2515 2341 ἐλαύνει
2562 2289 2654 2341 τὸν
2699 2290 2914 2355 ἄθλιον,
2969 2296 3078 2349 εἴτε
3114 2280 3366 2365 ἐκίοννείς
3411 2305 3680 2378 τοσαύτην

1995 2369 2255 2442 ἐξηνέχθη
2305 2375 2519 2443 μανίαν.
2579 2376 2746 2450 Ὀργὴ
2794 2379 3003 2452 δαίμων
3038 2384 3303 2453 ἑκούσιος,
3356 2369 3681 2465 αὐθαίρετος

1995 2456 2179 2527 μανία,
2205 2459 2409 2531 ἐρημία
2442 2462 2653 2532 φρενῶν
2674 2482 2687 2494 υ
2723 2468 2750 2519 6
2776 2466 3118 2540 θυμούμενος
3151 2474 3245 2528 τοῦ
3274 2456 3680 2535 διαϐόλουπαίζ

1990 2560 2178 2613 γνιον,
2225 2548 2587 2623 ἐργαστήριον
2629 2552 2938 2625 δαιμόνων,
2991 2559 3091 2631 τῆς
3142 2563 3367 2619 ἐκείνων
3409 2570 3681 2642 πονηρίας

1990 2633 2271 2706 ὑπηρέτης
2318 2636 2485 2702 ἄξιος.
2542 2639 2673 2694 Εἰπέ
2708 2660 2831 2712 μοι,
2866 2645 2920 2699 τί
2955 2649 3189 2718 μάλιστα
3226 2651 3503 2721 βούλονται
3534 2633 3677 2723 ’τοὺς

1989 2720 2308 2793 ἀνθρώπους
2342 2725 2390 2776 οί
2427 2725 2679 2797 δαίμονες
2707 2732 3036 2800 ἐργάζεσθαι
3065 2754 3079 2799 ;
3129 2720 3248 2809 ούχί
3288 2743 3480 2809 γονέας
3514 2720 3670 2817 ὑϐρίλ

1989 2809 2133 2875 ζειν;
2161 2810 2281 2881 ούχί
2301 2811 2400 2876 τὰς
2425 2815 2627 2886 μιαράς
2655 2820 2841 2889 χεῖρας
2864 2824 2977 2887 τοῖς
2996 2829 3382 2897 γεγεννηκὸσιν
3408 2809 3672 2901 ἐπάγείνς

1986 2896 2105 2968 οὐχὶ
2155 2897 2495 2971 βλασφημεῖν
2528 2903 2622 2957 τὸν
2667 2906 2832 2973 Θεόν;
2884 2911 3069 2965 Ταῦτα
3103 2896 3281 2969 τοίνυν
3306 2896 3541 2973 ἅπαντα-
3561 2896 3674 2976 τῶν

1986 2984 2342 3057 θυμουμένων
2386 2988 2545 3060 ἔργα.
2599 2993 2760 3048 Ὥστε
2793 2998 2889 3050 καὶ
2920 2999 3175 3067 ἀσεϐείας
3209 3006 3237 3056 6
3269 3004 3438 3076 θυμὸς
3469 3010 3670 3081 ῥᾳδίως

1984 3072 2158 3137 αἴτιος
2186 3074 2393 3143 γίνεται
2424 3082 2535 3142 τοῖς
2566 3080 2703 3153 ὀργῇ
2734 3082 3077 3142 δουλεύουσιν
3098 3106 3111 3119 ·
3161 3091 3283 3145 ούδέ
3310 3072 3419 3166 γάρ
3447 3072 3668 3168 κρατεῖν

1983 3162 2210 3227 ἑαυτοὺς
2230 3163 2482 3220 δύνανται
2502 3170 2710 3239 ταχέως
2735 3174 2785 3225 οί
2811 3173 3105 3241 δεδωκότες
3128 3179 3351 3245 ἐαυτοὺς
3470 3162 3628 3256 θυμῷ
3650 3203 3664 3216 °

1981 3246 2098 3300 ἀλλ’
2126 3247 2316 3321 ὥσπερ
2345 3253 2403 3304 ἐν
2432 3255 2660 3325 χειμῶνι
2700 3258 2794 3311 καὶ
2832 3260 2967 3331 ζάλῃ
3006 3261 3295 3337 θαλάττης,
3332 3246 3663 3343 κυϐερνήτου

1985 3334 2058 3405 μὴ
2110 3337 2414 3408 παρόντος,
2469 3343 2962 3415 παραλαμϐάνοντα
3008 3349 3079 3403 τά
3125 3334 3345 3423 κύματα
3532 3334 3665 3414 ναῦν

1979 3420 2187 3494 ἔρημον
2225 3425 2555 3499 ὑποϐρύχιον
2585 3436 2731 3486 ποιεῖ
2750 3435 2961 3505 ταχέως
2983 3452 2995 3464 ·
3029 3420 3251 3503 οὕτωςνό
3277 3420 3453 3513 θυμὸς
3474 3446 3665 3520 ῶσπερ

1976 3526 2062 3573 τις
2092 3513 2331 3583 σκηπτὸς
2361 3517 2455 3569 καὶ
2481 3517 2686 3589 χειμὼν
2712 3522 2968 3590 ἐμπεσὼν
3001 3528 3066 3595 τῇ
3097 3527 3266 3599 ψυχῇ,
3305 3530 3543 3603 ἔκφρονα
3568 3513 3667 3594 καὶ

1978 3599 2315 3669 παραπλῆγα
2342 3606 2485 3656 ποιεῖ
2514 3606 2723 3675 ταχέως
2750 3608 2842 3661 τὸν
2871 3611 3021 3682 αὐτῷ
3047 3613 3384 3671 δουλεύοντα.
3436 3622 3501 3673 Τί
3525 3618 3619 3676 οὖν
3643 3665 3660 3688 ,

1976 3682 2036 3738 εὖ
2069 3687 2410 3757 φρονούντων
2451 3692 2754 3762 ἀνθρώπων
2788 3698 2904 3750 ἐστὶ
2932 3703 3382 3769 προαναστέλλειν
3405 3707 3467 3760 τὸ
3496 3682 3658 3778 νόσηέ

1978 3789 2075 3841 μα,
2113 3774 2207 3827 καὶ
2247 3777 2378 3847 πρὶν
2423 3780 2501 3841 είς
2536 3780 2704 3852 ὀργὴν
2739 3782 3107 3855 ἐξενεχθῆναι,
3149 3789 3401 3862 κατέχειν
3429 3795 3526 3866 τὴν
3552 3774 3658 3866 ψυ-

1974 3860 2096 3933 χὴν,
2129 3862 2221 3916 καὶ
2252 3866 2372 3929 ταῖς
2398 3866 2507 3920 ἀπὸ
2550 3868 2651 3938 τῆς
2684 3870 2723 3921 Γ
2727 3872 2906 3943 ραφῆς
2935 3874 3239 3941 νουθεσίαις
3269 3860 3535 3950 κοιμίζειν
3561 3860 3655 3937 τὸν

1974 3947 2162 4019 θυμόν.
2207 3951 2271 4003 Εἰ
2300 3952 2407 4023 γάρ
2439 3953 2546 4007 τῶν
2573 3956 2783 4026 γοήτων
2817 3960 3054 4029 ἐπῳδαῖς
3085 3962 3221 4017 εἴκει
3256 3969 3326 4020 τά
3359 3947 3529 4040 θηρία
3558 3974 3655 4043 ῥᾳ-

1968 4035 2116 4101 δίως,
2132 4037 2497 4109 τίθαυμάζεις
2512 4044 2560 4095 εἰ
2585 4043 2655 4095 τὰ
2684 4043 2839 4113 λόγια
2854 4046 2948 4100 τοῦ
2968 4049 3205 4120 Χριστοῦ
3232 4035 3651 4129 ψυχὴνάγρίαίο

1969 4140 2165 4178 νουσαν
2198 4128 2276 4189 εἰς
2328 4129 2569 4200 γαλήνην
2626 4131 2717 4184 καὶ
2760 4133 3040 4204 ίσοψυχίαν
3088 4128 3523 4214 μεταρῥυθμίζει
3554 4165 3651 4200 τα-

1968 4210 2145 4281 χέως;
2193 4214 2389 4281 Πᾶσα,
2437 4219 2590 4288 φησὶ,
2629 4222 2833 4287 πικρία
2878 4224 2976 4277 καί
3020 4223 3164 4295 ὀργὴ
3196 4210 3297 4282 κάὶ
3331 4210 3518 4301 θῦμὸς
3548 4236 3649 4288 καὶ

1966 4295 2197 4365 κραυγὴ
2221 4298 2456 4366 ἀρθήτω
2476 4302 2576 4370 ἀφ’
2598 4303 2783 4371 ὑμῶν,
2814 4306 2938 4359 σὺν
2964 4308 3133 4379 πάσῃ
3158 4315 3337 4382 κακίᾳ
3356 4332 3371 4346 ο
3401 4295 3649 4386 Ῑγίκεσθε

1965 4382 2033 4437 δὲ
2052 4386 2140 4450 εὶς
2158 4386 2470 4455 ἀλλήλους
2503 4393 2775 4460 χρηστοί,
2809 4397 3245 4468 εὔσπλαγχνοι,
3277 4382 3649 4477 χαριζόμενοι

1964 4472 2200 4539 ἑαυτοῖς
2222 4490 2234 4502 ·
2264 4473 2374 4528 ἐάν
2397 4493 2485 4542 τις
2517 4482 2666 4546 πρός
2690 4498 2822 4535 τινα
2840 4484 2950 4553 ἔχῃ
2968 4488 3239 4556 μομφὴν,
3268 4472 3587 4560 καθὼς-καὶ
3611 4503 3646 4554 ὁ

1966 4560 2110 4625 Θεὸς
2144 4562 2213 4613 ἐν
2237 4562 2469 4628 Χριστῷ
2501 4565 2824 4654 ἐχαρίσατο
2848 4572 3007 4640 ὑμῖν.
3045 4576 3303 4633 Γίνεσθε
3334 4577 3447 4637 οὖν
3464 4602 3646 4654 μιμη-

1962 4646 2058 4700 ταὶ
2080 4647 2182 4701 τοῦ
2208 4649 2377 4703 Θεοῦ.
2424 4652 2617 4722 Ὁρᾶτε
2646 4649 2757 4718 οἷός
2781 4658 2929 4712 ἐστιν
2956 4662 2983 4715 6
3020 4666 3225 4735 πρᾶος;
3275 4668 3417 4735 τίνος
3445 4646 3643 4743 ἀναμά-

1964 4734 2113 4797 ζεται
2158 4738 2436 4807 μιμητής;
2479 4742 2581 4795 οὐκ
2610 4743 2892 4811 ἀγγέλων,
2946 4750 3047 4803 οὐκ
3093 4734 3471 4824 ἀρχαγγέλων,
3506 4734 3642 4815 ἀλλά

1959 4822 2053 4875 τοῦ
2083 4824 2352 4877 Δεσπότου
2388 4826 2494 4879 τῶν
2520 4828 2675 4883 ὅλων.
2712 4833 2904 4888 Καίτοι
2942 4838 3179 4893 κάκεῖνοι
3213 4845 3505 4913 πραότατοι
3546 4852 3639 4900 καὶ

1961 4911 2140 4999 πάσης
2172 4913 2374 4984 ἀρετῆς
2403 4914 2662 4986 γέμοντες
2694 4936 2708 4949 ·
2758 4920 2873 4975 ἀλλ’
2899 4924 3049 4994 ὅμως
3073 4930 3101 4981 6
3145 4911 3355 4997 Παῦλος
3391 4934 3639 5004 ζηλωτάς

1957 4994 2243 5062 Θεοῦτοὺς
2274 5001 2515 5072 ἡμέρους
2543 5004 2849 5075 ὠνόμασεν,
2880 5010 2965 5064 ἵνα
2996 5013 3083 5068 διά
3112 5015 3205 5070 τοῦ
3244 5020 3508 5088 μεγέθους
3536 5025 3637 5093 τῆς

1955 5085 2121 5153 τιμῆς
2162 5086 2504 5154 πραοτάτους
2546 5086 2685 5145 εἶναι
2732 5096 2994 5170 παιδεύσῃ
3036 5098 3161 5165 τοὺς
3189 5104 3505 5171 ἀκούοντας,
3547 5109 3634 5163 ἵνα

1957 5172 2062 5233 πᾶς
2092 5172 2120 5223 6
2170 5170 2524 5242 ὑϐριζόμενος
2571 5178 2602 5248 ἢ
2648 5179 2777 5235 ἄλλο
2832 5201 2885 5236 τι
2928 5187 3154 5257 πάσχων
3199 5190 3391 5255 δεινὸν,
3439 5170 3631 5265 πράως

1953 5258 2150 5330 ἐνέγκῃ
2179 5258 2277 5324 τὰς
2316 5260 2600 5334 λοιδορίας,
2640 5270 2733 5322 καὶ
2761 5274 3012 5347 κρατήσῃ
3057 5276 3157 5346 τῆς
3200 5279 3389 5352 ὀργῆς,
3434 5258 3511 5347 ὡς
3551 5284 3631 5354 τῷ

1951 5344 2069 5414 Θεῷ
2102 5346 2308 5440 μέλλων
2332 5348 2654 5440 ἀκολουθεῖν
2682 5357 2740 5410 ἐν
2763 5359 2840 5429 τῷ
2874 5344 3096 5432 κρατεῖν
3116 5344 3448 5440 τῆξόργῆς.
3491 5344 3629 5428 τινὰ

1950 5430 2059 5501 γὰρ
2102 5431 2167 5501 δὴ
2212 5432 2280 5486 τὰ
2324 5434 2496 5501 Θεοῦ;
2543 5440 2782 5530 Ἀνωθεν
2836 5430 2934 5515 μὲν
2978 5430 3198 5509 ἅπαντα
3246 5430 3348 5509 καὶ⁷
3535 5460 3628 5516 καὶ

1948 5519 2157 5583 ἀκούει,
2186 5522 2243 5573 ἐν
2270 5521 2326 5576 δὲ
2351 5525 2464 5588 τοῖς
2490 5526 2584 5580 ἐπὶ
2614 5528 2720 5598 γῆς
2762 5532 2856 5586 καὶ
2904 5534 3219 5608 λεγομένοις
3264 5544 3357 5597 καὶ

1951 5608 2132 5678 μένοις
2179 5610 2491 5682 ἀδικήματα
2543 5616 2730 5674 πολλά.
2784 5622 2904 5677 Εἰσὶ
2954 5625 3011 5680 δέ
3058 5646 3202 5694 τινες
3251 5634 3331 5693 εἰς
3371 5608 3625 5692 τοσοῦτον

1947 5696 2171 5765 ἥκοντες
2204 5699 2474 5764 ἀσεϐείας,
2502 5703 2577 5768 ὡς
2603 5706 2696 5759 καὶ
2723 5708 3062 5785 βλασφημεῖν
3088 5719 3179 5771 τὸν
3211 5718 3344 5774 Θεὸν
3365 5763 3379 5787 ,
3412 5724 3540 5777 ὅταν
3571 5745 3621 5779 τι

1945 5784 2097 5854 παρὰ
2115 5787 2223 5838 τῶν
2240 5790 2582 5859 πραγμάτων
2601 5793 2898 5865 λυπῶνται,
2922 5784 3014 5858 καὶ
3032 5804 3322 5873 βλέποντες
3341 5784 3422 5876 εἰς
3438 5814 3527 5869 τὸν
3536 5818 3614 5869 6-}-

1951 5873 2127 5940 ρανιν,
2149 5874 2356 5938 οὐδενὸς
2374 5878 2666 5950 ἀπέχονται
2686 5887 2948 5955 ῥήματος·
2983 5888 3134 5966 [425]
3156 5898 3183 5949 τι
3208 5897 3261 5949 δὲ
3280 5873 3415 5963 ea;
3430 5903 3612 5974 ἀνέχε·
3653 5918 3661 5927 ·
