4170 6454
368 480 475 538 953$

370 594 611 649 n-cmbra
658 590 935 660 suppliciis
979 595 1034 643 et
1076 585 1353 641 doloribus
1395 580 1626 636 obnoxia
1672 588 1850 660 sonu.
1878 575 1967 660 ille

370 684 499 719 vero
528 667 579 718 in
611 680 669 719 se
700 649 916 717 dolores
942 660 1155 733 admisit
1186 664 1242 712 et
1272 663 1535 709 tormenta
1566 668 1707 733 qua},
1740 649 1962 721 perinde

371 748 532 804 atque
562 737 633 789 illi
659 735 748 806 qui
779 732 1021 806 corporis
1042 737 1168 806 sunt
1203 735 1477 806 expertes,
1510 724 1747 805 pertulit.

448 799 711 861 Praeterea
740 813 795 859 et
818 799 919 856 alia
950 802 1114 855 multa
1142 807 1267 853 sunt
1290 799 1340 851 in
1366 812 1432 851 eo
1458 810 1653 864 generi
1681 799 1961 847 virtutum.

372 880 614 933 Similem
660 878 803 932 enim
849 874 997 927 illttm
1040 872 1197 946 Petro
1240 868 1509 946 et__Panlo
1545 867 1725 919 dicere
1766 868 1961 946 ausim.

374 951 615 1019 Namque
637 948 777 1019 sicut
802 946 874 999 illi
893 945 1105 1019 magnis
1121 939 1430 1019 conatibus,
1451 951 1745 1007 magnaque
1770 939 1966 1019 virtute

377 1005 559 1089 plagas
598 1005 1076 1089 Occitleut:tles_vab
1121 1012 1428 1089 idololatria
1466 1005 1855 1089 revocaverunt
1885 1005 1964 1089 ad

376 1077 516 1145 viain
546 1108 666 1162 qua:
693 1090 758 1142 ad
789 1086 1149 1162 cognitionem
1183 1083 1271 1137 Dei
1303 1081 1576 1162 perducit:
1600 1081 1752 1162 ita-et
1781 1077 1966 1162 beatus

375 1148 668 1233 tiregoiius
703 1148 1016 1233 Orienvlales
1034 1165 1210 1233 partes
1248 1148 1623 1233 pri’cdicatione
1659 1148 1963 1233 illttstravit.

378 1219 570 1287 Docuit
595 1233 737 1288 enim
784 1231 899 1284 illas
937 1219 1219 1281 colondunt
1249 1219 1383 1278 esse
1429 1223 1662 1286 l’atrem,
1696 1219 1886 1273 Filium
1915 1226 1968 1273 et

375 1305 634 1373 Spiritum
679 1311 922 1355 sanctum
961 1317 972 1349 :
1007 1296 1238 1373 Verbum
1266 1312 1294 1348 a
1322 1293 1482 1373 Patre
1515 1291 1847 1373 individuum
1880 1304 1966 1373 as-

376 1360 672 1444 stimpsisse
696 1387 906 1444 At-orpus
946 1386 1009 1424 es
1053 1367 1305 1444 Virgine:
1337 1364 1632 1434 perfectum
1682 1360 1964 1444 Domitia-

378 1434 522 1500 ctum
546 1460 666 1499 esse
694 1434 962 1497 hominem
989 1440 1299 1508 perfectum.
1329 1447 1488 1505 atque
1518 1450 1610 1502 per
1639 1434 1968 1508 nativitatem

379 1518 582 1571 doloris
609 1525 901 1584 expertem
921 1505 1561 1584 incorruptibilecorpus
1588 1505 1965 1584 assumpsisse.

455 1575 696 1642 Verbum
734 1586 848 1649 liei,
894 1575 1184 1649 inquieba't,
1212 1577 1354 1647 quod
1394 1586 1477 1631 est
1513 1576 1729 1654 eloquio
1773 1575 1966 1654 majus,

379 1673 607 1721 corpore
636 1671 756 1711 eum
785 1645 1067 1714 crevisset,
1098 1645 1593 1721 conversanunest
1622 1648 1760 1700 inter
1793 1645 1969 1721 horni-

382 1716 510 1794 nesv;
559 1736 614 1781 et.
651 1725 1116 1781 circumcisionem
1138 1764 1152 1785 ,
1184 1736 1343 1789 quam
1381 1720 1637 1794 subierat,
1672 1734 1765 1794 per
1795 1716 1969 1794 bapti—

381 1789 555 1853 smum
597 1797 896 1879 abrogavit.
934 1794 1190 1879 Traditus
1229 1800 1447 1879 est'pro
1483 1789 1788 1851 nobis.ille,
1821 1789 1907 1857 qui
1940 1802 1969 1840 a

379 1872 501 1925 sinu
531 1870 704 1925 Patris
734 1862 1074 1921 indivisibilis
1109 1870 1261 1918 erat:
1290 1862 1488 1914 elatum
1512 1869 1596 1913 est
1624 1875 1786 1928 super
1811 1874 1971 1913 cruce

386 1942 617 1996 Verbum
653 1949 707 1994 et
741 1947 1008 1993 mortuum
1036 1945 1118 1989 est
1155 1932 1369 2003 quidem
1416 1940 1668 2000 quantum
1698 1929 1761 1983 ad
1786 1930 1967 1983 buma—

384 2028 506 2066 naut
534 2020 800 2071 naturam.
830 2008 923 2061 sed
953 2002 1255 2061 immortale
1301 2004 1448 2057 stetit
1483 2011 1536 2057 et
1573 2002 1766 2055 mansit
1806 2017 1966 2070 quau-

385 2094 496 2135 ttuu
527 2082 592 2137 ad
620 2080 953 2136 divinitatem
983 2093 1100 2147 quae
1130 2077 1181 2129 itt
1209 2074 1464 2147 illerrat.
1511 2072 1645 2147 Quia
1686 2081 1865 2125 autent
1905 2087 1969 2124 ex

382 2154 583 2223 duplici
626 2162 814 2207 natura
854 2144 1260 2223 unus'efticitur
1288 2144 1553 2223 Christus,
1591 2144 1711 2223 ideo
1743 2151 1970 2223 iinn'tem

384 2213 675 2295 pcipessus
712 2231 796 2279 est
829 2234 1079 2290 corpore,
1106 2217 1247 2288 quod
1288 2228 1398 2295 erat
1447 2214 1709 2295 divinitati
1750 2213 1973 2295 conjunf

381 2286 553 2351 ctum.
593 2294 733 2349 Caro
767 2286 1192 2364 qme‘tormen—ta
1240 2287 1540 2364 sustinuit,_
1563 2286 1701 2364 Dens
1741 2294 1888 2364 erat,
1919 2292 1974 2364 et

386 2366 706 2421 immortalis
734 2356 851 2418 erat
879 2361 1130 2417 divinitas
1157 2375 1274 2429 qua:
1302 2374 1497 2426 Corpus
1528 2356 1797 2429 induerat.
1834 2356 1975 2409 Divi-

385 2445 525 2491 nitas
550 2451 768 2491 carnem
803 2435 969 2489 Deum
1000 2428 1211 2493 effecit,
1257 2440 1416 2499 atque
1453 2429 1522 2499 ita
1554 2428 1889 2497 aequabiliter
1920 2435 1975 2481 et.

384 2511 544 2577 plane
578 2523 700 2561 cum
730 2504 910 2560 Verbo
937 2504 1079 2557 unita
1111 2498 1485 2577 fuit,_utillnd
1521 2498 1677 2577 quod
1696 2513 1792 2567 pro
1818 2499 1973 2552 nobis

383 2571 654 2633 inortnum
694 2586 749 2631 et
787 2577 1053 2645 sepultum
1086 2571 1364 2645 est,4id_em
1395 2571 1847 2645 per‘divinilatem
1878 2585 1975 2645 _re-

380 2651 688 2704 surrexerit
732 2656 787 2702 ct
829 2640 1155 2701 destruxerit
1204 2640 1423 2696 inferos.
1474 2640 1607 2696 Illud
1637 2641 1974 2710 cognoscite,

380 2721 513 2775 illud
547 2721 788 2785 adorate,
811 2718 933 2788 quia
958 2716 1086 2771 illud
1115 2715 1262 2785 (cum
1287 2712 1464 2769 Verbo
1494 2711 1864 2783 eonjunctum)
1891 2721 1975 2767 est

379 2794 622 2845 onmium
657 2792 813 2846 Dens.

456 2863 531 2916 Ea
562 2872 740 2916 autem
773 2867 859 2916 est
885 2856 1151 2919 doctrina,
1184 2870 1286 2926 qua
1315 2854 1605 2926 superbam
1630 2854 1776 2909 illam
1805 2862 1861 2910 et
1886 2868 1977 2909 su-

381 2934 726 3003 perciliosam
752 2940 967 3003 gentem
995 2927 1296 3003 erudiebat.

458 2994 782 3057 Pra’dicatiJ
797 3001 959 3055 sancti
983 2998 1237 3069 Gregorii.
1263 2996 1419 3051 Fides
1440 2997 1550 3065 eius
1570 2996 1623 3050 in
1649 2994 1776 3050 Deo.
1807 2995 1902 3050 Sol
1922 2996 1976 3050 in

385 3076 614 3131 tenebris
640 3074 1039 3142 [ulgens,radix
1064 3073 1188 3140 ﬁdei
1208 3081 1256 3124 et
1279 3074 1502 3125 ca'testis
1528 3071 1765 3139 agricola
1785 3069 1980 3142 Grego-

384 3150 501 3201 rius
520 3141 923 3213 este—Taleum
960 3143 1062 3198 sibi
1087 3142 1294 3196 credita
1330 3143 1418 3195 hic
1453 3142 1772 3210 multiplicia
1799 3141 1982 3213 reddi-

382 3219 490 3281 dit,
507 3230 617 3269 non
633 3212 851 3285 quidem
874 3213 982 3267 duo
1005 3228 1102 3285 pro
1127 3213 1427 3285 nnico,aut
1455 3224 1693 3285 quatuor
1722 3228 1821 3282 pro
1847 3212 1984 3267 duo-

384 3288 513 3346 bus.
538 3296 630 3340 aut
652 3283 837 3339 decem
861 3299 959 3353 pro
979 3284 1221 3353 quinque
1246 3284 1506 3353 referens,
1532 3283 1625 3338 sed
1650 3286 1981 3337 talentorum

380 3374 473 3429 my
486 3356 671 3429 riatlas
689 3352 932 3409 lucratus
954 3352 1058 3429 est,
1084 3362 1136 3407 et
1160 3353 1365 3429 idcirco
1386 3367 1416 3405 a
1444 3352 1669 3429 Domino
1689 3354 1850 3408 verba
1866 3353 1987 3429 haec

380 3423 561 3482 audiit
590 3445 603 3480 :
627 3424 788 3495 Euge,
808 3442 950 3479 serite
972 3425 1099 3477 bene
1126 3433 1174 3477 et
1205 3423 1543 3495 ﬁdelis,quia
1575 3423 1629 3476 in
1658 3439 1828 3485 pauca
1857 3423 1987 3476 huc-

380 3513 554 3564 usque
584 3494 733 3563 fuisti
758 3495 956 3564 fidelis,
986 3509 1164 3564 supra_
1180 3494 1357 3564 multa
1379 3503 1435 3564 ite
1471 3497 1812 3559 constituam,
1844 3495 1986 3548 intra

381 3569 439 3621 in
472 3562 735 3634 gaudium
758 3562 977 3619 Domini
1008 3565 1084 3616 tui
1117 3562 1335 3631 (Matth.
1366 3563 1459 3618 25.
1492 3564 1579 3617 tl.
1610 3575 1660 3617 et
1683 3565 1801 3633 25).

454 3640 678 3691 Beatum
712 3637 852 3691 hunc
879 3636 1106 3705 apostoli
1138 3637 1353 3688 nomine
1383 3636 1631 3704 insignio.
1664 3637 1712 3688 ls
1742 3649 1975 3705 namque

375 3717 701 3764 ca'terornm
730 3709 897 3762 instar
923 3705 1309 3776 apostolorum,
1345 3705 1651 3776 praedicavit
1681 3705 1849 3758 Deum
1881 3721 1975 3776 vee

376 3797 525 3844 rum,
558 3780 698 3834 idola
727 3786 783 3834 et
810 3779 1072 3832 idolorum
1100 3777 1295 3844 templa
1323 3775 1588 3830 destruxit
1613 3816 1626 3837 ,
1663 3776 1828 3829 Deum
1858 3775 1977 3830 caeli

377 3852 611 3906 adorare
640 3849 843 3914 docuit,
881 3858 936 3903 et
975 3848 1398 3915 superstitiosam
1429 3862 1553 3916 erga
1579 3856 1856 3901 creaturas
1883 3846 1977 3899 ab-

376 3922 626 3993 rogando
656 3922 989 3992 religionem,
1017 3919 1221 3973 cultrum
1238 3917 1541 3973 Conditoris
1561 3927 1862 3973 creaturam
1891 3917 1977 3970 in-

376 3994 577 4047 stituit.

456 4066 506 4119 Is
538 4062 745 4119 ardenti
775 4079 898 4118 cum
935 4060 1051 4115 zelo
1091 4060 1258 4114 libros
1297 4060 1693 4129 Srriptttrarurn
1724 4059 1979 4114 divinitus

375 4138 765 4204 inauratarum
815 4135 1030 4188 edocuit
1060 4150 1080 4204 :7
1108 4132 1357 4187 bomilias
1400 4132 1718 4199 conscripsit
1765 4132 1839 4203 (α)
1888 4146 1978 4204 sa-

376 4203 589 4279 pientia
642 4207 867 4277 plenas,
926 4203 1260 4274 populosque
1314 4206 1744 4279 quamplurimas
1794 4203 1977 4258 crudi-

376 4276 459 4333 i‘rt
490 4278 589 4333 (bl.
648 4276 653 4277 “
1314 4276 1317 4279 “

627 4347 864 4402 Danielis
891 4362 1085 4401 nomen
1116 4344 1257 4415 apud
1296 4360 1384 4400 me
1422 4344 1714 4413 Gregorius
1749 4345 1979 4400 obtinet.

376 4424 537 4477 Sicut
582 4420 726 4474 enim
774 4421 1033 4489 propheta
1082 4430 1300 4489 sanctus
1330 4433 1359 4469 a
1390 4431 1515 4486 rege
1566 4417 1981 4489 Babyloniorum

378 4506 578 4563 prettas
598 4488 795 4563 exegit,
825 4491 1081 4563 illumque
1106 4488 1251 4542 velut
1276 4489 1465 4563 bovem
1494 4489 1676 4563 etsnb
1703 4489 1876 4563 forma
1898 4488 1986 4563 bo-

376 4559 463 4618 vis
495 4572 707 4633 pastum
734 4561 912 4631 abegit
946 4563 996 4614 in
1023 4560 1236 4633 deserta
1268 4559 1381 4633 :_ita
1413 4568 1465 4612 et
1493 4559 1750 4633 rebellent
1771 4560 1980 4612 veritati

377 4629 681 4691 Tiridatem
729 4629 965 4702 aprtigna
1009 4632 1177 4684 forma
1221 4630 1463 4702 indutum
1510 4629 1751 4702 Gregorii
1799 4645 1985 4702 preces

378 4707 640 4761 humana:
678 4700 877 4757 fortine
904 4704 1271 4757 restituerunt.
1308 4700 1491 4755 Fidem
1520 4700 1767 4770 equidem
1800 4701 1987 4755 habuit.

375 4797 480 4847 spe
527 4778 730 4839 nixam,
773 4784 824 4827 et
871 4774 1128 4844 integram
1163 4783 1220 4847 ut
1260 4788 1483 4847 granum
1531 4772 1987 4847 sinapis,_in_quo

375 4844 493 4903 non
531 4857 708 4915 potest
732 4857 987 4916 corrupto
1011 4845 1209 4916 vermis
1237 4845 1387 4907 oriri,
1416 4859 1588 4912 neqtte
1622 4844 1771 4916 grani
1814 4844 1982 4898 virtu-

376 4933 491 4974 tem
530 4914 849 4970 imminuere
883 4914 1107 4970 {verum
1134 4915 1290 4969 tidem
1325 4916 1394 4968 ita
1428 4917 1634 4967 lirimtm
1669 4914 1885 4977 habuit,
1930 4923 1989 4969 ut

376 4992 432 5043 id
469 4988 1204 5059 perliciendumconfideret,
1238 4986 1611 5059 qugdcumque
1639 4987 1933 5059 postularet
1957 5002 1986 5039 :t

376 5056 533 5124 Deo;
587 5068 747 5126 atque
776 5059 819 5110 si
849 5058 1054 5113 diceret
1083 5059 1273 5124 monti,
1306 5057 1562 5111 Transfer
1601 5067 1652 5110 te
1690 5056 1833 5120 illuc,
1866 5072 1990 5126 pro-

373 5133 468 5187 cul
502 5130 672 5183 dubio
700 5127 1131 5183 transferendum
1158 5129 1269 5181 fore
1300 5144 1395 5198 pro
1424 5138 1574 5183 certo
1606 5137 1836 5198 teneret.
1879 5128 1989 5181 Ah-

373 5205 448 5259 sit
474 5216 647 5270 ergo,
679 5209 735 5251 ut
765 5214 872 5252 non
907 5199 1195 5253 crediderit
1233 5197 1504 5253 hominem
1542 5214 1780 5270 apt-tigna
1818 5197 1987 5254 forma

374 5276 636 5331 indutum
666 5270 825 5339 priori
857 5270 1043 5323 forma:
1071 5284 1229 5338 pesse
1257 5271 1490 5323 restitui.

451 5349 558 5400 Ast
605 5357 704 5411 ego
751 5342 921 5394 virum
969 5341 1110 5394 hunc
1145 5341 1515 5394 admirandum
1554 5340 1708 5395 valde
1751 5341 1988 5410 SllSpiCiO

372 5428 709 5489 Spttttlct,ttc_
733 5412 879 5489 feror
906 5413 957 5466 in
985 5412 1102 5489 ejus
1127 5412 1433 5489 encomium
1467 5430 1478 5465 :
1513 5428 1697 5467 verum
1731 5414 1992 5489 timeone

375 5482 518 5543 tanti
555 5486 656 5539 viri
699 5482 942 5537 laudibus
988 5484 1160 5552 impar
1188 5483 1259 5536 sit
1300 5484 1474 5537 oratio
1517 5500 1670 5547 mea;
1719 5500 1824 5537 non
1868 5484 1992 5539 ideo

376 5572 571 5618 tanien
599 5569 630 5608 a
662 5556 937 5626 proposito
965 5554 1219 5609 recedere
1262 5570 1415 5609 mens
1442 5565 1523 5609 est
1553 5573 1567 5609 :
1597 5557 1810 5609 contido
1845 5560 1988 5609 enim

442 5698 522 5758 (τι)
554 5694 742 5758 Viginti
768 5700 818 5758 et
842 5700 946 5758 tres
972 5692 1195 5758 ltoniilias
1218 5693 1507 5755 composuit,
1532 5706 1657 5757 quas
1682 5694 1920 5743 habemus
1942 5698 1989 5742 in

373 5754 566 5813 (inlice
594 5758 657 5805 0.
686 5754 1007 5805 Bibliotheca;
1033 5754 1221 5816 Regius.

442 5823 522 5883 {(1)
552 5819 720 5883 lnnttit
760 5819 1115 5883 institutionem
1140 5817 1198 5866 ad
1235 5816 1549 5883 fnlem‘quam
1584 5820 1777 5883 scripsit
1798 5826 1993 5883 sanctus

372 5880 662 5946 Gregorius
693 5882 740 5929 in
773 5883 978 5946 gratiam
1013 5882 1231 5946 t'egisget
1264 5880 1707 5946 regtti__Arittenite.
1736 5881 1852 5930 Haec
1877 5882 1991 5932 lidei

370 5942 633 6008 expositio
660 5943 908 6005 reperitur
933 5956 1130 6008 qnmlue
1163 5944 1207 6008 in
1234 5956 1377 6008 supra
1402 5942 1529 6008 dicto
1549 5944 1744 6008 (ﬁlice,
1766 5947 1847 6005 qui
1873 5946 1991 5998 scri-

369 6004 489 6079 ptus
516 6009 611 6060 tuit
635 6004 763 6059 anno
787 6016 899 6055 tcta:
924 6004 1151 6057 Arnieuzc
1177 6007 1294 6072 7Ul,
1321 6013 1369 6055 εί
1395 6004 1572 6059 Christi
1601 6007 1739 6058 ιλδδ.

1372 462 1688 522 ΑιΟΓΟΙὶΕ
1726 464 1787 517 S.
1828 457 2091 520 SOANNE
2128 454 2645 512 CllltYSOSTOMO.

3563 459 3665 509 5‘58

2078 571 2385 625 tenuitatem
2419 573 2609 626 virium
2640 590 2877 628 mearum
2910 574 3070 626 animi
3107 574 3521 642 promptitmline
3554 575 3667 630 fore

2074 644 2451 716 supcratnlam.
2502 645 2574 716 Ea
2624 647 2801 712 igitur,
2830 663 2947 715 qna-
2978 647 3129 698 \‘nlt'tt
3156 646 3477 716 depromere
3506 663 3569 699 ex
3605 650 3668 701 iis

2075 714 2126 768 in
2157 717 2348 782 quibus
2376 715 2708 769 manifestata
2741 727 2825 770 est
2853 714 3074 771 destcra
3110 714 3236 776 ltei.
3269 718 3560 782 proferam.

2145 787 2189 839 0
2220 803 2413 839 novum
2449 787 2786 854 portentum!
2817 788 2897 840 sol
2923 789 2973 841 in
3001 805 3163 841 aereo
3183 788 3317 842 etelo
3346 804 3374 840 a
3409 789 3517 841 Deo
3539 805 3668 843 con-

2073 857 2274 919 Cittstts,
2306 859 2375 911 ab
2416 858 2526 911 alto
2567 860 2617 913 in
2662 869 2835 914 terras
2871 861 3065 912 emittit
3101 860 3277 914 radios
3310 876 3322 913 :
3357 875 3538 913 verum
3585 861 3668 915 hic

2074 938 2289 981 sanrtus
2332 945 2396 982 cx
2440 929 2724 997 profunda,
2759 931 2808 982 in
2854 947 2956 998 qua
2998 931 3247 985 detentus
3293 940 3451 996 erat,
3493 932 3669 996 fovea.

2077 999 2255 1052 ra.l.os
2283 1015 2408 1052 suos
2442 1002 2492 1053 in
2524 1002 2739 1055 excelsa
2770 1001 3022 1055 czrlornm
3055 1002 3252 1070 dirigit.
3290 1002 3421 1056 Eum
3456 1003 3669 1056 intuen-

2078 1080 2157 1142 tes
2172 1070 2359 1142 angeli
2391 1080 2445 1124 et
2472 1071 2777 1141 archangeli
2808 1073 3015 1127 felicem
3044 1074 3477 1141 pronuntiabant.
3514 1075 3669 1142 eique

2076 1141 2128 1213 in
2165 1139 2304 1194 fossa
2345 1141 2541 1210 jacenti
2581 1139 2992 1198 fam—utaliantur.
3039 1139 3245 1213 Corpus
3276 1144 3392 1213 ejus
3417 1139 3669 1200 videbant

2078 1212 2127 1264 in
2160 1213 2298 1286 lacu,
2323 1214 2447 1286 dum
2478 1214 2528 1267 in
2557 1214 2702 1268 ca-lis
2734 1214 2966 1284 fulgebat
2996 1216 3111 1284 ejus
3136 1212 3394 1269 sanctitas
3423 1233 3437 1270 :
3470 1233 3670 1286 corpo.

2077 1299 2202 1337 reus
2229 1284 2279 1337 in
2308 1284 2460 1345 cat-lo,
2490 1286 2713 1353 angelus
2750 1286 2799 1339 in
2843 1296 2985 1340 terra
3016 1305 3027 1339 :
3060 1301 3258 1355 corpus
3292 1287 3520 1351 habens,
3554 1284 3672 1341 sine

2076 1369 2302 1422 corpore
2346 1370 2469 1409 esse
2514 1357 2792 1410 videbatur
2826 1374 2837 1409 :
2867 1358 3098 1411 cmleslis
3144 1362 3345 1423 homo,
3397 1361 3671 1413 terrestris

2076 1428 2298 1507 angelus
2324 1441 2353 1481 e
2373 1428 2507 1506 carlo
2526 1427 2772 1507 columna
2795 1429 2942 1507 ignis
2972 1437 3131 1507 caput
3158 1428 3277 1495 ejus
3306 1431 3355 1482 in
3386 1440 3673 1507 teri-snper-

2079 1496 2221 1566 tigit:
2248 1497 2574 1551 illuminatur
2591 1501 2876 1562 Armenias,
2895 1497 3298 1553 fundamentum
3317 1499 3505 1554 stabile
3522 1499 3672 1554 Gne-

2077 1582 2260 1620 Corutn
2290 1570 2584 1637 (Armenia)
2629 1569 2894 1633 Minoris).
2924 1572 3197 1639 apostolus
3234 1569 3429 1625 Christi
3455 1612 3468 1635 ,
3500 1572 3673 1625 viam-

2077 1654 2181 1708 que
2215 1650 2631 1704 prmmonstraus
2662 1640 2985 1695 bominilms.

2150 1708 2381 1783 Felicem
2402 1720 2465 1783 te
2493 1711 2614 1764 dico
2642 1713 2888 1779 primaut,
2912 1728 2951 1765 0
2973 1710 3216 1767 Cesarea
3249 1713 3670 1783 Cappadocum:

2077 1794 2105 1833 a
2138 1789 2188 1834 te
2214 1782 2353 1833 enim
2400 1782 2795 1849 impositionem
2840 1799 3094 1837 manumn
3132 1782 3341 1853 accepit
3370 1782 3674 1841 multorum

2082 1863 2261 1927 pastor
2283 1854 2621 1927 populorum.
2645 1853 2797 1907 Tune
2816 1866 2993 1907 autem
3015 1854 3205 1908 eodem
3230 1858 3484 1911 virtutum
3504 1859 3678 1927 splen-

2078 1923 2209 1976 dore
2239 1923 2511 1992 fulgebant
2535 1934 2880 1979 coosecratus
2908 1935 2962 1979 et
2989 1938 3355 1982 consecratur.

2145 1994 2211 2047 ili
2259 1995 2649 2065 (Cappadoces)
2687 1996 2871 2050 validis
2904 1996 3017 2064 jam
3060 1996 3260 2050 fundali
3289 2008 3444 2052 erant
3475 2000 3676 2054 radici-

2080 2064 2209 2138 bus;
2254 2074 2308 2138 et
2354 2066 2448 2138 ille
2489 2066 2602 2133 ipse
2632 2064 2798 2120 solus
2840 2069 3074 2121 radicem
3106 2070 3356 2137 sumpsit,
3389 2071 3529 2125 unde
3559 2072 3674 2138 alii,

2077 2136 2167 2201 qui
2200 2134 2397 2209 radicis
2426 2148 2675 2209 expertes
2704 2148 2878 2203 erant,
2903 2154 3055 2193 suam
3077 2134 3402 2209 acciperent.
3437 2141 3511 2195 lbi
3540 2134 3678 2197 muli-

2085 2217 2152 2261 tm
2175 2207 2562 2280 colligebantur
2588 2208 2767 2278 fruges
2787 2211 2855 2262 ab
2883 2210 3165 2279 operariis,
3197 2207 3287 2280 qui
3318 2214 3445 2266 olim
3480 2214 3674 2267 inculta

2079 2276 2579 2333 csroluerantzille
2625 2276 2752 2335 vero
2796 2276 2945 2335 solus
2994 2282 3106 2351 ipse
3152 2276 3471 2350 operarius,
3520 2286 3687 2340 unica:

2081 2365 2239 2422 manu
2270 2360 2458 2422 tenens
2482 2351 2643 2405 aratri
2675 2353 2889 2418 stivam,
2920 2362 3089 2405 terras
3109 2354 3416 2422 complures
3450 2356 3678 2410 incultas

2085 2420 2249 2474 verbo
2278 2420 2517 2475 veritatis
2543 2423 2869 2477 emolliebat.
2903 2422 3071 2479 Unico
3107 2420 3321 2480 vomere
3347 2425 3527 2481 sulcos
3554 2443 3675 2482 cum

2079 2491 2381 2564 aperuisset
2429 2493 2761 2558 innumeros,
2795 2509 2980 2548 semen
3020 2496 3333 2564 quintuplex
3379 2508 3435 2551 et
3480 2499 3676 2552 multos

2082 2561 2287 2638 fructus
2321 2564 2501 2638 retulit
2518 2583 2543 2638 ξε
2570 2574 2732 2638 atque
2762 2567 2959 2634 pugillo
2993 2561 3178 2621 semen
3210 2561 3448 2623 divinum
3478 2585 3674 2638 appre-

2082 2632 2347 2708 bcndens,
2379 2634 2559 2708 digitis
2588 2632 2793 2708 infinita
2823 2632 2989 2706 grana
3020 2638 3395 2707 spargentibus
3416 2682 3430 2704 ,
3456 2632 3675 2708 campos

2080 2704 2384 2759 scminabat
2427 2707 2707 2774 plnritnos.
2755 2704 2904 2762 Time
2945 2708 2996 2761 in
3040 2704 3224 2773 sulcis,
3270 2710 3428 2763 unico
3475 2704 3682 2765 lacerto

2080 2775 2278 2848 excisis
2302 2817 2317 2840 ,
2346 2789 2477 2831 sata:
2506 2778 2660 2832 unica
2689 2794 2849 2832 manu
2880 2779 3060 2848 fruges
3084 2781 3241 2834 simul
3281 2782 3675 2848 germinabant.

2155 2847 2269 2901 Illic
2290 2848 2474 2902 videre
2494 2860 2608 2902 erat
2634 2859 2947 2904 autumnum
2973 2847 3029 2905 et
3053 2867 3166 2916 ver,
3201 2847 3432 2907 meSsem
3460 2864 3515 2907 et
3536 2869 3678 2908 area:

2083 2926 2331 2994 tempus;
2366 2929 2421 2973 et
2445 2919 2659 2989 quando
2685 2920 3009 2975 adventabat
3041 2921 3253 2994 byems,
3282 2926 3496 2977 unicum
3528 2941 3680 2994 spar—

2081 2989 2241 3060 gebat
2282 3005 2467 3046 semen
2488 3031 2504 3056 ,
2537 3007 2729 3060 nempe
2770 2994 2993 3047 verbum
3045 2989 3157 3048 Dei.
3190 2992 3261 3047 At
3283 3009 3410 3050 ecce
3435 2989 3689 3051 diversas»

2081 3077 2202 3131 qua:
2232 3061 2356 3116 inde
2377 3062 2692 3116 oriebantur
2715 3062 2894 3133 fruges
2923 3064 3231 3130 advertens,
3257 3076 3495 3120 maturas
3520 3068 3679 3128 alias,

2082 3133 2215 3187 alias
2254 3134 2561 3207 maturitate
2606 3134 2829 3204 pingues
2874 3135 2925 3190 in
2968 3151 3151 3190 aream
3199 3138 3393 3192 messis
3440 3147 3683 3207 tempore

2080 3205 2496 3278 comportabat,
2550 3206 2869 3270 triturabat,
2919 3222 3097 3261 vanno
3142 3207 3427 3262 mtmdabat
3456 3250 3473 3275 ,
3519 3205 3691 3278 atque

2080 3276 2442 3347 componebat
2471 3277 2525 3330 in
2557 3292 2801 3346 acervos,
2832 3287 2891 3333 ut
2925 3293 3018 3333 eas
3054 3278 3180 3334 inde
3219 3280 3273 3335 in
3318 3278 3511 3335 horrea
3548 3276 3691 3337 lucis

2081 3345 2340 3402 deferret.

2153 3416 2233 3491 De
2270 3428 2443 3473 sancto
2474 3418 2719 3490 Gregorio
2757 3420 2808 3473 in
2850 3429 3055 3491 puteum
3099 3424 3413 3491 serpentibus
3456 3432 3506 3478 et
3552 3425 3679 3477 dra-

2080 3489 2289 3567 conilius
2333 3489 2586 3559 refertum
2616 3492 2821 3561 injecto.
2849 3489 2923 3531 ὲ-
2942 3493 3079 3567 Quid
3122 3489 3264 3567 quod
3294 3494 3501 3567 ‘byems
3545 3495 3683 3564 (Ar-

2082 3560 2322 3632 menia),
2351 3577 2470 3632 quae
2511 3560 2810 3632 acceperat
2836 3578 2903 3616 ex
2945 3560 3241 3618 seminibus
3285 3560 3473 3620 flo'rtuu
3519 3560 3682 3632 fidei,

2081 3630 2276 3707 quibus
2304 3646 2399 3707 per
2423 3631 2647 3700 glaciem
2687 3631 3015 3707 inﬁdelitatis
3054 3651 3157 3707 non
3187 3635 3421 3707 licuerat
3461 3630 3683 3707 progeré

2083 3705 2311 3768 minare,
2360 3703 2531 3771 ipsum
2557 3703 2954 3774 seminatorem
2998 3705 3225 3774 projecit
3272 3707 3411 3761 inter
3452 3703 3689 3763 exitiosa.

2082 3788 2292 3829 veneno
2320 3773 2571 3843 reptilia?

2155 3845 2434 3911 Homines,
2458 3845 2547 3914 qui
2575 3860 2695 3900 cum
2727 3854 2914 3900 sancto
2944 3847 3035 3900 illo
3060 3862 3366 3904 sermonem
3394 3859 3448 3905 et
3472 3851 3685 3905 vultum

2083 3932 2399 3973 communes
2425 3917 2743 3990 habebant,
2782 3933 2961 3990 mores
3003 3917 3285 3990 induerant
3325 3934 3679 3990 serpentum:

2085 4000 2137 4061 at
2163 3998 2374 4053 contra,
2403 3988 2666 4043 dracones
2694 3988 2889 4061 letiferi
2916 3989 3215 4061 armatique
3242 3988 3449 4047 veneno
3475 3994 3683 4047 mitium

2087 4060 2361 4115 hominum
2415 4074 2600 4131 mores
2644 4060 2917 4124 referunt,
2967 4060 3236 4131 pedesque
3276 4065 3446 4117 sancti
3492 4065 3693 4119 eodem

2086 4147 2194 4205 quo
2244 4139 2472 4186 mortem
2523 4129 2757 4188 inferunt
2802 4146 2899 4187 ore
2948 4129 3236 4201 tingentes,
3269 4134 3586 4205 obsequium
3634 4139 3691 4190 ei-

2086 4203 2358 4259 exhibent.

2160 4276 2297 4343 Quid
2322 4274 2472 4349 tum?
2501 4274 2595 4327 Din
2622 4276 2985 4349 perseveravit
3015 4283 3230 4349 tempus
3260 4276 3487 4349 byemis,
3519 4287 3574 4334 et
3599 4294 3685 4333 sc-

2091 4350 2435 4409 minatorem,
2462 4346 2630 4418 instar
2649 4346 2876 4418 seminis
2903 4348 3047 4416 quod
3076 4348 3283 4417 rigente
3299 4346 3479 4418 glacie
3505 4360 3683 4405 satum

2089 4430 2192 4483 est,
2224 4418 2448 4487 periisse
2482 4417 2725 4471 arbitrati
2763 4426 2891 4471 sunt
2928 4421 3173 4475 Armeni.
3207 4417 3460 4488 Aperitur
3491 4421 3642 4476 fovea
3670 4440 3685 4476 :

2091 4490 2407 4561 qnasrebant
2435 4498 2720 4557 corruptos
2752 4489 2914 4543 totius
2945 4489 3179 4545 hominis
3204 4501 3381 4553 artus;
3411 4501 3465 4546 at
3492 4492 3688 4547 multav

2095 4578 2213 4617 rum
2242 4577 2434 4616 Vocum
2475 4569 2773 4615 concentus
2799 4561 3023 4617 audiunt
3058 4580 3071 4617 :
3105 4572 3300 4618 tetrutn
3329 4578 3393 4619 es
3433 4563 3687 4617 draconi-

2093 4635 2194 4689 bus
2228 4643 2283 4687 ct
2322 4633 2661 4699 serpentibus
2705 4632 2927 4687 odorem
2971 4649 3129 4688 nares
3167 4649 3294 4689 suas
3340 4650 3688 4703 pervasurum

2095 4702 2545 4768 reformidabant;
2592 4712 2647 4757 at
2693 4704 2817 4758 inde
2852 4707 3032 4759 suavis
3061 4705 3216 4769 odor,
3241 4702 3388 4759 velut
3424 4723 3489 4759 ex
3534 4705 3691 4762 horto

2095 4775 2403 4844 voluptatis,
2424 4774 2709 4830 exhalatur
2732 4794 2746 4828 :
2771 4790 2895 4831 ossa
2915 4777 3059 4831 carie
3079 4787 3353 4846 assumpta
3375 4777 3694 4845 maerebant

2094 4850 2296 4911 oculis;
2328 4846 2422 4901 sed
2454 4846 2832 4913 Splendentem
2860 4848 2911 4899 in
2940 4849 3057 4917 ejus
3087 4848 3223 4904 facie
3250 4849 3423 4903 solem
3448 4857 3692 4901 contem—

2097 4922 2310 4988 plantur
2338 4935 2353 4972 :
2384 4918 2435 4971 in
2483 4917 2634 4971 fovea
2674 4916 2978 4975 exanimem
3028 4920 3376 4989 reputabant;
3422 4929 3505 4973 ast
3541 4934 3689 4981 eum.

2097 4990 2243 5044 velut
2272 4990 2324 5042 in
2352 4989 2731 5055 augustissimo
2761 4992 2982 5060 templo,
3012 4989 3447 5044 deambulantem
3481 4996 3695 5044 intuen-

2098 5071 2221 5116 tur:
2253 5070 2403 5115 artus
2450 5060 2590 5113 fame
2619 5070 2983 5130 consumptos
3028 5061 3448 5129 investigabant;
3500 5075 3690 5114 sanum

2098 5149 2227 5187 vero
2256 5142 2311 5186 et
2336 5130 2538 5185 ca-lesti
2561 5129 2683 5184 cibo
2710 5129 3009 5200 saginatum
3036 5132 3322 5186 advertunt
3348 5149 3360 5186 :
3392 5136 3697 5185 communi.

2100 5214 2210 5257 tum
2238 5202 2487 5257 dentibus
2509 5202 2805 5256 draconum
2830 5218 3028 5273 corpus
3060 5203 3410 5273 indagabant;
3441 5200 3535 5258 sed
3560 5204 3696 5256 cicu-

2098 5286 2243 5329 ratos
2291 5275 2360 5327 ab
2407 5274 2522 5342 ipso
2558 5283 2836 5342 serpentes
2883 5274 3252 5340 admirantur,
3294 5283 3699 5342 contemptores

2098 5353 2438 5415 contemptus
2461 5358 2582 5417 sese
2603 5346 2786 5417 vident
2809 5345 2878 5398 ab
2903 5361 2970 5401 eo
2994 5362 3159 5417 quem
3178 5345 3560 5414 despexerunt.

2177 5422 2387 5472 l'ndorc
2404 5415 2589 5471 suffusi
2613 5415 3028 5483 erubescebant,
3048 5416 3529 5486 exclamabantquc
3550 5425 3698 5470 atto.

2103 5492 2196 5548 uiti
2229 5507 2241 5543 :
2271 5490 2493 5559 Magnus
2524 5498 2608 5542 est
2642 5488 2786 5542 Dens
2816 5504 2977 5559 quem
3021 5487 3277 5558 praalicat
3305 5503 3529 5556 magnus
3560 5488 3697 5542 (ἔνθα

2100 5530 2301 5635 gorius.
2338 5530 2638 5635 infirmata
2658 5566 2785 5635 sunt
2810 5530 2959 5635 a‘rma
2990 5530 3179 5635 nostra
3204 5560 3277 5635 ab
3314 5530 3442 5635 illd),
3475 5574 3698 5635 queth

2100 5630 2381 5690 venenatis
2402 5631 2726 5685 draconibus
2753 5630 3087 5685 iniirmatnm
3102 5631 3519 5684 arbitrabamur.
3538 5632 3699 5696 Quiu-

2101 5709 2303 5769 etiant,
2345 5704 2390 5757 si
2434 5702 2733 5757 defuissent
2778 5700 3189 5769 dracones,pcr
3244 5702 3412 5757 solam
3467 5703 3693 5765 farm-nt,

2104 5781 2341 5868 futurum
2365 5783 2492 5868 erat
2521 5773 3226 5868 utabsumeretnr‘coppus,
3258 5772 3398 5852 quod
3431 5772 3555 5868 inde
3583 5776 3701 5868 nrt:

2105 5853 2190 5906 lus
2241 5847 2487 5903 mortalis
2532 5845 2743 5913 eripere
2794 5854 3028 5913 poterat.
3078 5844 3270 5898 Verum
3320 5844 3586 5897 mirabilis
3620 5851 3701 5896 est

2108 5926 2248 5977 Dens
2282 5922 2332 5971 in
2362 5918 2563 5973 sanctis
2595 5918 2726 5980 suis,
2754 5915 3089 5988 inquiebant.
3118 5914 3183 5969 ad
3215 5925 3450 5988 mentem
3483 5914 3704 5969 Davidis

2108 5993 2419 6069 prophetat;
2452 5987 2841 6063 gloriﬁcatorcs
2869 5989 3013 6048 enim
3045 6004 3171 6047 suos
3201 5987 3485 6060 glorificat.
3518 5988 3702 6048 Admi'
