4170 6322
541 389 639 448 951

550 519 670 559 sum
709 502 859 554 nobis
891 509 994 555 est.
1047 500 1140 554 Abi
1162 543 1176 563 ,
1206 499 1405 554 nemini
1434 499 1634 553 dictum
1663 498 1794 552 velis
1819 539 1832 560 ,
1864 513 1930 550 ne
1964 495 2130 549 risum

545 587 824 630 sermones
850 571 920 624 tui
950 581 1220 624 moveant.

618 643 756 712 Quid
788 643 930 696 tum?
959 641 1139 712 verbis
1180 641 1392 712 illorum
1421 639 1648 712 credidit
1672 680 1684 700 .
1714 639 1842 712 abiit
1870 639 2088 691 domum
2115 678 2128 699 ,

545 709 817 781 siluitque.
841 712 977 779 Quin
1006 721 1060 765 et
1083 711 1393 778 jamdudum
1417 709 1904 781 neglexeratvidna
1935 723 2128 781 panem

546 779 955 838 suluuiuistrare
993 796 1150 848 quem
1194 782 1344 851 jussu
1384 779 1536 848 erat,
1564 779 1806 852 quotidie
1854 780 2130 850 iujiciebat

552 855 699 924 [sici
725 854 736 924 ι
765 854 815 906 in
845 852 1075 924 faveam.

637 920 735 978 Vix'
755 923 960 995 aliquot
978 923 1140 995 elapsi
1165 932 1316 976 erant
1336 923 1470 987 dies,
1495 937 1621 995 cum
1652 938 1757 995 non
1780 921 1946 995 modo
1962 920 2129 975 semel

549 1005 604 1049 et
636 993 856 1061 iterum,
873 993 964 1049 sed
987 993 1267 1062 quinquies
1288 994 1531 1064 apparuit
1548 996 1597 1048 ei
1621 994 1774 1053 visio.
1801 994 2128 1064 angelusque

550 1080 738 1134 magna
771 1075 824 1118 et
863 1064 1054 1118 minaci
1084 1077 1216 1134 vace
1236 1105 1248 1122 .
1290 1063 1398 1118 Nisi
1441 1065 1839 1132 quamprimum
1861 1063 1891 1125 ,⁷
1921 1063 2122 1130 inquit,

549 1133 970 1191 ntuitiaveris....
999 1133 1104 1187 noli
1135 1133 1323 1188 timere
1351 1152 1414 1186 nc
1445 1143 1496 1188 te
1525 1135 1802 1189 cachinnis
1831 1133 2120 1201 excipiant,

547 1222 682 1261 neve
713 1205 1041 1274 impossibile
1073 1214 1337 1271 reputent,
1387 1206 1532 1260 illum
1567 1219 1661 1272 per
1690 1205 1993 1269 quindecim
2024 1220 2123 1257 an-

547 1291 648 1329 nos
676 1277 852 1330 vivum
882 1275 1238 1337 remansisse;
1268 1276 1492 1343 angelus
1521 1277 1658 1330 enim
1693 1276 1786 1328 Dei
1817 1276 2012 1330 missus
2039 1283 2124 1328 est

542 1347 636 1412 qui
679 1349 726 1402 ei
775 1347 1146 1401 famularetur.
1181 1347 1290 1415 Ego
1335 1361 1523 1413 panem
1554 1346 1880 1413 accipiebam
1924 1361 2116 1415 quem,

540 1421 682 1472 sicut
711 1417 862 1482 Elim,
891 1419 969 1470 sic
998 1425 1054 1470 et
1092 1417 1353 1484 Gregorio
1381 1417 1714 1485 porrigebam
1739 1429 1751 1466 :
1783 1415 1858 1470 illi
1901 1417 2117 1482 quidem

543 1489 596 1540 in
637 1488 875 1548 deserto.
907 1487 1031 1542 huic
1073 1498 1250 1539 autem
1300 1487 1352 1540 in
1395 1487 1604 1556 abyssis
1649 1497 1839 1551 terrae,
1868 1488 1954 1555 qtti
2001 1489 2118 1540 loco

541 1559 674 1612 solis
721 1559 878 1612 lucidi
921 1559 1168 1611 virtutem
1211 1559 1260 1610 in
1291 1572 1349 1611 se
1378 1556 1622 1610 habebat.
1663 1557 1844 1610 Priora
1874 1573 1992 1626 qnze
2023 1559 2115 1612 tibi

542 1629 910 1683 nuntiaverant
942 1630 992 1681 in
1020 1628 1242 1681 dnhimn
1281 1628 1550 1682 revocasti
1585 1636 1804 1696 propter
1837 1627 2112 1683 hominum

543 1699 996 1762 incredulitatem;
1044 1709 1098 1751 at
1146 1714 1286 1752 nunc
1331 1698 1508 1752 verbis
1556 1699 1689 1752 meis
1733 1698 1890 1752 fidem
1937 1700 2112 1754 habe:

543 1769 673 1823 nihil
705 1771 846 1825 enim
875 1768 1204 1838 impossibile
1225 1777 1306 1822 est
1327 1768 1464 1837 aptul
1491 1769 1678 1822 Deum.
1710 1767 1973 1838 Numquid
2008 1787 2112 1824 non

539 1839 726 1894 edacta
757 1856 816 1895 es
844 1841 1113 1908 quomodo
1141 1839 1208 1892 de
1235 1841 1350 1893 lacn
1383 1849 1434 1892 et
1460 1855 1490 1892 e
1517 1839 1695 1894 medio
1726 1838 1939 1892 leonum
1977 1840 2114 1897 fame

540 1910 828 1965 furentium
860 1909 1115 1964 liberatus
1145 1909 1301 1964 fuerit
1331 1909 1550 1964 Daniel?
1577 1918 1669 1962 aut
1699 1910 1970 1977 quomoda
2003 1923 2112 1966 tres

541 1982 690 2044 pueri
723 1982 1014 2036 incolumes
1041 1982 1398 2035 remanserint
1424 1981 1476 2033 iu
1508 1980 1714 2034 ard-nti
1749 1979 1986 2045 flamma,
2015 1997 2111 2035 cn-

531 2049 620 2117 jus
651 2052 876 2106 altitudo
901 2051 1246 2122 quadraginta
1292 2066 1484 2106 novem
1528 2062 1838 2105 sanctorum
1873 2051 2110 2122 jejunio-

536 2135 652 2174 rum
683 2122 798 2175 dies
821 2122 1202 2176 adumbrabat?

604 2193 686 2245 An
718 2202 769 2246 te
799 2193 930 2247 latet
957 2192 1226 2262 quomoda
1257 2191 1402 2246 arida
1431 2207 1551 2246 assa
1578 2207 1676 2262 per
1702 2191 1879 2246 divina
1912 2192 2096 2248 obser-

535 2271 744 2316 vantem
768 2261 1014 2318 mandata
1041 2263 1402 2328 Ezechielem,
1424 2261 1646 2330 jubcnte
1672 2262 1800 2324 Deo.
1829 2278 1856 2316 a
1880 2274 2110 2332 quatuor

533 2339 816 2387 ventorum
847 2333 1082 2403 partibus
1111 2335 1163 2388 in
1192 2349 1383 2402 campo
1411 2345 1551 2386 mata
1586 2332 1812 2394 fuerint.
1845 2342 1900 2386 et
1923 2349 2106 2390 acces-

532 2403 702 2456 serint
729 2421 891 2458 unum
918 2405 983 2459 ad
1009 2406 1274 2469 alterum,
1318 2419 1423 2457 non
1471 2403 1688 2456 fortuito
1727 2404 1976 2472 quideut,
2011 2407 2105 2460 sed

531 2476 947 2544 unumquodque
971 2475 1037 2529 ad
1063 2476 1366 2544 juncturam
1397 2474 1584 2528 suam?
1619 2474 1848 2544 Desuper
1876 2492 1934 2528 ea
1965 2479 2106 2530 uerri

533 2552 580 2594 et
603 2544 758 2615 pellis
783 2547 993 2599 adducti
1017 2556 1133 2599 sunt
1163 2546 1446 2615 iusti/ﬂatus
1475 2554 1547 2598 est
1574 2545 1625 2598 iu
1657 2546 1779 2598 istos
1810 2547 2104 2615 interfectos

530 2614 739 2686 spiritus
759 2618 871 2670 vita:
886 2631 905 2670 .'
923 2626 1160 2670 steterunt
1179 2614 1333 2684 super
1357 2616 1507 2681 pedes
1531 2631 1652 2668 suos
1673 2617 1921 2668 exercitus
1946 2614 2104 2686 gran-

533 2684 613 2756 dis
644 2684 790 2739 valde
818 2687 1009 2753 (Ezecli
1051 2689 1137 2742 '57.
1159 2687 1210 2742 8.
1238 2687 1351 2755 l0).
1373 2686 1461 2740 Ille
1478 2687 1692 2756 quidem
1709 2697 1788 2740 est
1809 2684 2100 2742 etiamnum

535 2753 674 2827 Deus
693 2797 710 2819 ,
739 2772 896 2826 quem
934 2758 1224 2826 Gregorius
1253 2753 1511 2827 pra-dicat
1525 2799 1538 2820 ,
1570 2757 1767 2826 quique
1800 2766 1988 2824 patens
2019 2768 2101 2813 est

530 2823 677 2896 illum
721 2823 772 2896 in
820 2838 978 2896 puteo
1021 2823 1363 2884 servareITu
1410 2841 1536 2882 vera
1580 2823 1919 2882 sermonibus
1965 2831 2101 2885 meis

533 2894 691 2970 [idem
724 2894 880 2962 habe,
914 2912 1112 2968 eosvpie
1139 2899 1334 2970 populo
1361 2898 1635 2970 annuntia.

608 2965 910 3039 Extra/ritur
948 2986 977 3023 ε
1018 2965 1168 3037 puteo
1199 2965 1509 3039 Gregorius;
1548 2969 1744 3022 obviam
1783 2969 1829 3022 ei
1870 2973 2096 3038 pret-edit

528 3032 800 3110 Tiridates.
824 3070 894 3080 —
924 3032 1482 3094 Atlutiratione'simnl
1524 3047 1579 3093 et
1617 3050 1822 3094 terrore
1855 3032 2097 3110 perculsa

531 3107 724 3180 femina
752 3123 874 3164 cum
901 3110 1238 3164 festinatione
1271 3112 1472 3164 intrans
1501 3119 1682 3163 narrat
1711 3110 1774 3163 ad
1817 3107 2058 3180 satrapas
2077 3156 2091 3178 ,

528 3177 617 3245 qui
641 3177 850 3253 Adomus
878 3183 1035 3251 regia:
1077 3180 1392 3253 praefectum
1426 3188 1743 3253 accersunt,
1773 3177 2097 3253 mittuntque

528 3246 810 3318 confestim
854 3246 1184 3305 Artaxatam.
1225 3251 1339 3312 lto,
1383 3250 1661 3318 inquiunt,
1703 3259 1756 3302 et
1806 3246 2096 3318 deprecare

529 3317 674 3370 illtnn
725 3319 896 3388 ipsum
947 3321 1037 3376 Dei
1081 3323 1272 3385 virum,
1305 3317 1467 3389 quem
1491 3336 1555 3374 ne
1583 3320 1851 3372 hominem
1879 3317 2093 3390 quidem

530 3392 892 3464 rcptttavimus
936 3409 949 3445 :
999 3393 1372 3464 proficiscere,
1417 3407 1541 3458 roga
1596 3391 1898 3455 medicum,
1944 3395 2094 3464 cujus

529 3458 707 3531 verbis
734 3477 838 3514 non
867 3458 1280 3517 auscultaviinus
1307 3479 1320 3514 :
1357 3477 1535 3530 perge,
1565 3475 1693 3514 voca
1725 3475 1847 3515 eum
1876 3465 1962 3531 qui
1997 3458 2094 3520 nos

528 3527 596 3580 de
621 3532 986 3605 ventredinfcri
1017 3542 1301 3587 vacaturus
1329 3527 1411 3585 est
1436 3527 1727 3605 :'prapcra,
1760 3527 2095 3605 supplexque

527 3600 737 3666 postnla
776 3603 846 3657 ab
882 3619 948 3658 ea
967 3645 982 3667 ,
1012 3620 1172 3674 quem
1200 3604 1587 3658 contumeliose
1615 3600 1959 3659 tractavimus
1979 3600 2094 3670 [ιιι

529 3675 955 3742 persecutoribus
982 3675 1237 3742 ignoscat.

601 3739 918 3816 ll:_ec_auinia
942 3739 1020 3799 vel
1050 3747 1208 3800 etiam
1241 3745 1324 3799 his
1349 3744 1553 3815 potiora
1580 3741 1802 3798 forsitan
1831 3745 1882 3799 in
1916 3761 2094 3816 prom-

527 3817 633 3886 pttt
651 3812 947 3886 habuerunt
970 3833 1089 3886 qua:
1115 3812 1375 3870 dicerent.

602 3879 962 3956 Proliciscitur
989 3879 1166 3956 'regize
1209 3887 1400 3940 damus
1441 3883 1756 3955 pratfectus,
1799 3885 2093 3956 urbemque

527 3965 651 4004 cum
683 3953 986 4010 advenisset
1008 3998 1021 4018 ,
1048 3953 1263 4011 causam
1296 3953 1503 4012 itineris
1540 3956 1608 4008 ab
1648 3970 1713 4009 ea
1753 3953 2094 4013 sciscitantur

527 4023 672 4076 cives
701 4040 847 4097 :qua
875 4029 1080 4097 cognita
1113 4027 1481 4081 admirabuudi
1526 4035 1580 4079 et
1621 4027 1904 4093 stupefacti
1955 4029 2092 4084 intra

529 4106 592 4167 se
632 4095 974 4163 cogitabant}
997 4099 1242 4163 Quonam
1288 4107 1442 4167 pacto
1487 4097 1600 4150 fieri
1645 4105 1851 4167 potest,
1883 4098 2092 4167 inquie-

531 4164 679 4238 hant,
712 4175 769 4220 ιιι
794 4170 973 4220 vivum
1004 4178 1206 4238 qumrat
1231 4164 1382 4235 cujus
1409 4183 1528 4223 ossa
1561 4166 1866 4236 quindecim
1897 4164 2093 4224 abhinc

528 4233 686 4307 anuis
729 4233 1365 4307 putredineconsumpta
1402 4233 1868 4306 suum—quomoda
1897 4243 2094 4306 quzeris

530 4303 796 4362 incolume
822 4323 1038 4378 corpus,
1069 4309 1208 4378 quod
1242 4303 1292 4362 in
1326 4303 1629 4363 visceribus
1645 4303 1936 4364 draconum
1966 4325 2093 4364 can-

528 4386 798 4445 sutnptum
824 4381 1145 4449 computruit
1173 4390 1225 4434 et
1250 4380 1302 4434 in
1334 4381 1606 4449 pulverem
1631 4393 1947 4433 conversum
1975 4383 2095 4435 est?

527 4459 636 4519 quo
677 4459 831 4514 pacto
872 4451 924 4504 in
971 4452 1288 4504 medicamen
1317 4459 1562 4519 qua-runt
1587 4465 1784 4517 corpus
1811 4453 1861 4502 in
1896 4460 2091 4505 terram

529 4515 820 4590 redactum,
837 4520 975 4587 quod
998 4521 1096 4574 sibi
1123 4522 1219 4587 ipsi
1241 4515 1467 4574 salutem
1487 4515 1860 4590 przestareimii
1887 4523 2095 4590 potuit?

599 4585 734 4660 Quid
760 4585 950 4656 plura?
969 4585 1186 4654 densos,
1210 4592 1393 4660 longos
1410 4585 2096 4660 val—idosiluefitnes'aptant

525 4663 581 4709 et
605 4658 654 4728 in
683 4670 897 4728 puteum
919 4661 1226 4715 demittunt.
1249 4658 1391 4716 Voce
1413 4674 1598 4728 magna
1621 4659 1878 4713 exclamat
1902 4661 2094 4717 domus

528 4727 695 4802 regia!
721 4731 1034 4802 prmfecttts:
1069 4731 1353 4802 Egredere,
1385 4727 1540 4802 serve
1573 4729 1681 4793 Dei,
1719 4743 1769 4784 et
1802 4731 1964 4802 littera
1999 4748 2095 4786 uas

525 4795 880 4870 gleima’nibus
917 4795 1139 4856 deorum
1184 4816 1321 4870 quos
1359 4801 1586 4855 colimus
1617 4819 1631 4854 :
1686 4801 1976 4869 egredere,
2021 4804 2093 4858 fili

527 4867 693 4942 lucis,
713 4879 768 4923 et
792 4871 859 4926 ab
887 4873 1088 4926 umbris
1111 4867 1451 4926 tenebrarum
1481 4886 1610 4926 erue.
1637 4867 1740 4925 nos
1753 4890 1762 4923 :
1787 4889 1848 4927 cx
1877 4872 2096 4942 profun-

524 4938 609 5012 tlis
649 4940 857 5011 abyssis
901 4944 1187 5012 egredere,
1235 4943 1352 5006 sul,
1383 4943 1660 5012 majusque
1710 4938 2094 5009 ttobis'prarbe

525 5007 906 5080 lumeu'quam
934 5007 1029 5067 'sal
1069 5014 1156 5082 qtti
1185 5028 1346 5082 super
1371 5007 1493 5065 aera
1525 5007 1750 5065 volvitur
1781 5030 1796 5066 :
1825 5007 1924 5065 ille
1946 5012 2092 5067 enim

523 5083 798 5147 corporeis
839 5085 1009 5138 oculis
1053 5084 1226 5137 lucem
1273 5083 1503 5152 pra‘bet;
1537 5091 1590 5135 ιιι
1631 5097 1759 5136 vero
1795 5083 2093 5136 animarum

523 5161 829 5206 nostrarum
864 5154 1049 5209 oculos
1088 5155 1206 5209 luce
1237 5152 1510 5222 perfundis
1530 5192 1544 5213 .
1573 5161 1620 5204 et
1652 5153 1871 5206 deducis
1898 5152 1948 5205 in
1981 5163 2092 5207 ter-

525 5230 637 5294 ram
668 5231 888 5294 rectam,
921 5241 1040 5294 quze
1065 5235 1147 5279 est
1178 5225 1356 5278 lumen
1387 5222 1774 5278 iudeftcienset
1804 5223 2094 5278 inaccessi-

523 5290 648 5364 bile.
679 5291 804 5364 llmc
826 5290 1180 5364 eloquebatur
1209 5306 1442 5362 satrapa.

593 5363 660 5415 At
679 5363 838 5418 simul
861 5374 916 5418 ut
939 5363 1086 5420 motu
1107 5365 1307 5418 funium
1332 5363 1546 5417 funibus
1565 5363 1825 5417 insedisse
1846 5371 2090 5418 sanctum

520 5429 935 5500 intellexerunt,
989 5436 1223 5490 educunt
1273 5450 1394 5488 eum
1445 5433 1607 5486 foras.
1659 5435 1808 5486 'l‘unc
1862 5433 2092 5489 nubibus

517 5513 804 5572 coopertus
846 5506 926 5559 sol
973 5506 1063 5561 ille
1109 5506 1388 5574 apparuit.
1417 5503 1845 5572 quandoquidem
1893 5516 2091 5572 corpus

517 5575 672 5643 ejus.
718 5573 863 5628 velut
901 5585 1014 5628 atra
1061 5573 1257 5640 fuligo,
1309 5576 1517 5643 nigrum
1561 5586 1709 5638 erat;
1757 5583 1918 5640 atque
1966 5574 2091 5627 inde

519 5641 897 5698 intellexerunt
938 5645 1067 5699 illud
1109 5660 1229 5699 esse
1255 5641 1470 5713 Corpus,
1497 5645 1636 5712 quod
1667 5653 1930 5698 tormenta
1967 5659 2090 5713 per-

521 5713 735 5784 tulerat,
763 5724 816 5784 et
844 5732 948 5778 quo
975 5717 1119 5769 velut
1147 5717 1261 5768 sine
1289 5712 1538 5784 corpore,
1574 5715 1875 5780 patiebatur
1904 5725 1958 5767 et
1987 5712 2089 5769 ful-

519 5783 696 5850 gebat.
737 5783 980 5836 Vestibus
1007 5785 1200 5839 deinde
1231 5785 1329 5850 ipsi
1362 5783 1556 5838 oblatis
1586 5785 1729 5837 illum
1756 5786 1996 5836 induunt.

578 5849 712 5903 Tum
732 5851 1120 5918 obstupesccns
1141 5849 1501 5909 admirabatur
1521 5872 1643 5910 cum
1664 5859 1908 5926 populus,
1930 5871 2088 5926 quem

1011 385 1359 443 ENCOMIUM
1399 385 1455 441 S.
1497 383 1822 441 GRBGORII
1865 379 2280 447 ll.LU.\ll.\'.\T.,
2329 379 2649 440 AUCTORE
2715 379 2773 437 S.
2818 381 3008 438 JOAN.
3051 381 3427 440 CllRYSOST.

3705 391 3820 446 935i

2238 495 2476 568 οροτηιιι
2524 505 2578 548 ει
2623 494 2800 549 decuit
2845 511 2966 551 cum
3012 497 3255 565 sapiente
3305 499 3816 568 acclamare:Tauc

2235 566 2581 640 stabitjustus
2607 582 2722 618 cum
2752 567 2915 640 multa
2946 569 3138 640 ﬁducia
3167 585 3231 622 e1:
3257 572 3472 624 adverso
3501 591 3694 640 eorum,
3724 566 3815 640 qui

2235 600 2382 617 οιηνη
2413 600 2580 632 Ιηιιιηο
2607 600 2722 618 vuln
2753 600 2914 619 ιιυιιιιι
2946 600 3136 635 purus"
3167 600 3229 622 ιλιι
3257 600 3472 624 ιιιιινσιου
3501 600 3694 640 eorum,
3759 601 3812 638 ιιι

2233 651 2287 706 se
2310 637 2592 705 afflixerant
2619 647 2668 689 et
2705 639 2791 702 qui
2837 639 3242 706 aspernabantur
3281 641 3476 696 labores
3517 645 3675 701 illius.
3721 600 3812 706 -

2234 705 2408 779 dentes
2453 723 2588 779 eum?
2617 705 2970 779 turbabuntur,
3018 719 3066 762 et
3106 727 3262 779 super
3297 713 3657 772 admirandam
3700 705 3814 779 eius

2233 777 2445 854 salutem
2474 778 2619 854 valde
2636 778 3154 854 terrebantur-ibam
3172 777 3233 835 Β.
3260 782 3310 854 1.
3335 781 3414 852 2).
3439 785 3575 851 Quid
3611 777 3812 854 profuit

2233 848 2389 901 nobis
2431 847 2727 921 superbia?
2769 857 2862 902 aut
2901 850 3027 921 quid
3070 847 3328 915 jactantia
3372 847 3643 911 catinum"?
3684 847 3810 921 an

2229 926 2383 972 erant
2407 919 2470 971 ad
2500 933 2715 972 manum
2741 935 2862 987 qum
2887 919 2990 973 dici
3025 931 3288 990 poterant.
3787 919 3807 921 “
3867 930 3873 934 ‘

2301 991 2370 1042 At
2398 1004 2496 1043 nos
2521 990 2751 1043 encomii
2777 991 2918 1060 stylo
2942 1006 3028 1058 ea,
3057 1007 3178 1062 quae
3204 992 3462 1065 deinceps
3487 1011 3808 1069 evenerunt.

2229 1073 2633 1128 prosequamur.

2300 1130 2602 1206 l'lgredienti
2633 1146 2699 1184 cx
2726 1141 2888 1206 puteo
2916 1147 3009 1187 rex
3036 1141 3090 1206 et
3116 1147 3306 1189 omnes
3327 1177 3341 1197 ,
3369 1138 3458 1206 ιιιιί
3485 1153 3606 1194 cum
3645 1159 3711 1197 eo
3752 1147 3808 1201 in

2227 1198 2461 1281 furorem
2479 1201 2592 1281 _ac_ti
2621 1198 2794 1281 erant,
2820 1202 3030 1256 obviam
3063 1198 3399 1281 ierunt_nudi'
3425 1217 3480 1261 et
3508 1198 3799 1281 deformes,

2223 1279 2278 1344 et
2307 1273 2491 1338 procul
2518 1272 2586 1344 ab
2615 1272 2745 1326 urbe
2766 1282 2969 1328 stantes
2993 1275 3395 1344 exspectabant.
3437 1281 3504 1332 At
3541 1297 3662 1337 cum
3703 1272 3802 1340 ve.’

2225 1341 2459 1412 nientem
2483 1357 2512 1394 a
2537 1342 2692 1409 longe
2714 1341 3134 1412 prospexissent.
3159 1360 3352 1400 carnes
3377 1362 3500 1401 suas
3528 1351 3803 1411 furibuudi

2221 1411 2502 1494 devorare,
2533 1413 2768 1494 clamare
2797 1411 2853 1468 et
2875 1414 3056 1494 dicere
3075 1425 3405 1494 cmperunt:
3435 1419 3584 1494 Veni,
3609 1429 3802 1494 angelo

2222 1483 2273 1554 in
2317 1498 2547 1554 corpore
2589 1482 2824 1554 degens,
2863 1493 2918 1538 et
2944 1499 3046 1554 ope
3075 1486 3288 1541 luminis
3317 1488 3388 1542 ttti
3417 1482 3616 1544 amicos
3647 1482 3796 1551 tene;

2222 1552 2436 1608 brarum
2463 1553 2563 1635 ιιιιί⁸
2582 1552 2693 1635 nos
2713 1552 2994 1635 infestant,
3015 1558 3224 1624 expelle
3255 1575 3268 1611 :
3292 1560 3415 1635 _vcni
3438 1600 3452 1622 ,
3485 1563 3799 1635 profligator

2219 1638 2442 1700 eorum,
2473 1625 2563 1694 qui
2607 1625 2763 1679 nobis
2807 1625 3174 1693 dominantur,
3217 1628 3416 1698 quique
3453 1625 3683 1700 superhva
3707 1655 3801 1693 ex-

2218 1696 2542 1748 acerhabant
2564 1705 2780 1773 peetara
2803 1705 3004 1773 nostra,
3024 1706 3077 1749 ιιι
3095 1696 3359 1773 euin,_q_t_ii
3373 1714 3467 1773 eos
3494 1696 3791 1773 torquebat,

2219 1774 2593 1836 torqueremus
2621 1784 2634 1818 :
2663 1767 2804 1829 veni,
2838 1767 2927 1835 qui
2954 1781 3182 1836 corpore
3211 1769 3435 1823 visibilis
3461 1787 3541 1830 cs.
3573 1767 3624 1826 ut
3657 1767 3796 1830 iuvi;

2215 1835 2397 1916 siliiles
2425 1836 2684 1916 mentium
2713 1846 3018 1916 nastrarum
3051 1835 3299 1893 tenebras
3326 1844 3625 1916 propellas:
3647 1851 3796 1916 veni,

2217 1908 2300 1974 qui
2333 1915 2480 1960 veste
2509 1905 2724 1959 indutus
2749 1921 2807 1960 es
2833 1908 3074 1962 coriacea
3102 1919 3157 1963 et
3179 1905 3441 1965 niatcriali
3461 1953 3477 1977 ,
3512 1924 3569 1968 ut
3599 1905 3790 1972 ἰιιιιιιτιξ

2216 1977 2428 2030 teriales
2455 1986 2509 2050 et
2539 1978 2887 2050 incorporeas
2917 1977 3101 2050 hostes
3129 1989 3363 2046 nostras,
3397 1985 3484 2050 qui
3521 2001 3617 2039 nos
3647 1989 3790 2041 inse-

2212 2059 2466 2116 quuntur,
2499 2048 2800 2117 insequaris
2826 2065 2839 2100 :
2868 2049 3012 2114 veni,
3046 2050 3148 2112 sol.
3173 2061 3227 2105 et
3259 2048 3464 2106 fervida
3488 2063 3581 2108 tuo
3608 2059 3790 2115 calore

2211 2119 2572 2172 exundantem
2626 2119 2914 2186 impietatis
2959 2130 3159 2174 nostra!
3207 2131 3500 2176 torrentem
3553 2131 3785 2184 exsicca.

2213 2188 2413 2243 Divinze
2438 2191 2611 2262 ignem
2633 2188 2889 2242 doctrina:
2913 2199 3016 2262 tua!
3040 2192 3194 2245 nobis
3218 2192 3526 2255 admoveas,
3551 2198 3638 2262 qui
3665 2216 3784 2262 nos,

2210 2268 2399 2328 stagna
2443 2261 2562 2324 gelu
2617 2267 2872 2314 concreta
2921 2261 3244 2328 imlnersos,
3296 2264 3461 2317 calori
3517 2261 3782 2326 restituat.

2211 2328 2378 2404 Veni,
2407 2329 2602 2404 flumen
2647 2329 2886 2404 divinpm
2908 2373 2922 2396 ,
2954 2333 3270 2402 sterilesque
3313 2349 3532 2404 campos
3574 2351 3786 2394 nostras

2210 2400 2388 2478 irriga,
2423 2410 2480 2454 ut
2510 2400 2691 2478 virens
2717 2399 3032 2478 reflorescat
3056 2399 3241 2458 semen
3267 2399 3615 2478 exsiccatum.
3639 2411 3782 2478 quod

2207 2485 2235 2523 a
2267 2480 2317 2523 te
2349 2473 2398 2523 iu
2440 2471 2794 2544 nasjdecidit.
2844 2472 3103 2544 segetes,
3149 2488 3284 2544 quas
3333 2474 3524 2530 feceris
3568 2489 3622 2532 ut
3658 2471 3783 2533 ἰιιιι-

2203 2550 2459 2610 gescaut,
2493 2541 2627 2595 falce
2669 2541 2849 2595 divina
2890 2541 3106 2597 demetc
3135 2541 3382 2608 :bobus,
3413 2548 3500 2611 qtti
3534 2561 3657 2602 sunt
3687 2552 3782 2606 ﬁlii

2207 2613 2303 2673 tui.
2333 2612 2734 2684 velinagellum,
2765 2613 2906 2680 quod
2931 2625 3013 2667 est
3038 2615 3216 2684 lingua
3249 2625 3358 2681 tua,
3384 2617 3604 2682 tritura;
3637 2621 3783 2675 illas-

2203 2697 2308 2751 que
2337 2683 2526 2737 eadem
2555 2683 2729 2751 lingua
2761 2691 2845 2735 tua
2878 2685 3071 2738 ventila
3099 2703 3114 2740 :
3143 2686 3362 2739 brachio
3391 2695 3481 2739 tua
3513 2689 3696 2744 divino
3725 2694 3779 2745 in

2201 2767 2452 2806 acervum
2475 2768 2759 2820 campane,
2783 2769 2917 2821 quas
2937 2755 3096 2809 etiam
3130 2756 3181 2810 in
3212 2755 3400 2810 horrea
3430 2757 3608 2813 divina
3632 2777 3780 2816 cam—

2203 2833 2405 2901 portes.
2443 2823 2572 2878 chi
2598 2863 2614 2888 ,
2642 2826 2732 2894 qui
2761 2825 3170 2901 e_c:elo_ell'usns
3197 2841 3256 2901 e_s
3277 2869 3290 2889 ,
3321 2829 3779 2901 candentilmsque

2198 2893 2462 2968 doctrina:
2511 2903 2613 2947 tnze
2664 2895 2847 2964 primis
2890 2895 3072 2966 spinas
3109 2897 3432 2968 carduorum
3463 2893 3775 2968 cancri-nia,

2199 2967 2578 3038 quzelaborum
2606 2974 2815 3019 tuorum
2839 2980 3020 3038 semen
3043 2966 3459 3022 suil‘ocaveruut.
3483 2966 3775 3038 Egredere,

2201 3036 2449 3090 minister
2475 3036 2585 3099 Dei,
2611 3050 2674 3088 ex
2711 3045 2872 3104 puteo
2898 3036 3180 3105 profunda,
3203 3039 3290 3106 qui
3316 3039 3489 3093 lumen
3512 3036 3775 3097 doctrinm

2201 3113 2414 3178 tuncet
2459 3106 2666 3178 abyssis
2709 3121 2922 3161 sursum
2972 3109 3212 3177 sparsisti
3241 3127 3254 3162 :
3288 3110 3544 3178 egredere
3569 3153 3582 3172 .
3631 3122 3686 3166 et
3721 3115 3775 3168 in

2198 3177 2423 3246 Stygiam
2451 3177 2941 3248 glaciemaustrum
2977 3181 3093 3232 lene
3119 3177 3410 3248 spirantem
3434 3182 3628 3237 excita.
3652 3184 3772 3238 .Iam

2199 3249 2335 3322 in‘te
2361 3248 2521 3301 situm
2551 3256 2636 3301 est
2660 3247 2843 3322 divino
2868 3257 3062 3302 terram
3091 3247 3352 3305 esercere
3382 3261 3582 3314 aratro,
3609 3271 3770 3322 quam

2195 3317 2375 3372 Colere
2395 3325 2550 3370 antea
2583 3333 2686 3370 non
2713 3319 3040 3384 sitiebamus,
3065 3335 3184 3373 eum
3211 3322 3506 3387 pr:esertim
3535 3317 3772 3380 luridum

2196 3388 2445 3459 Sulciuin
2478 3389 2748 3452 tenebras,
2783 3390 2925 3443 velut
2954 3391 3005 3444 in
3039 3405 3308 3446 carcerem
3332 3433 3347 3459 ,
3383 3391 3767 3450 inuuisericor-

2195 3459 2334 3513 diter
2361 3458 2766 3513 detruserimus.

2337 3529 2531 3582 Merces
2557 3540 2728 3583 sancto
2748 3528 3086 3584 Illuminatori
3102 3549 3132 3584 a
3155 3531 3368 3586 Domino
3385 3532 3603 3588 reddita.
3632 3531 3760 3588 Pcr-

2195 3602 2379 3655 oratio.
2408 3629 2480 3640 —-
2503 3599 2621 3654 lam
2649 3614 2776 3654 vero
2806 3601 2941 3656 beati
2977 3601 3180 3666 laudes,
3214 3617 3310 3670 pro
3340 3603 3504 3671 ipsius
3534 3606 3761 3670 meritis,

2194 3671 2440 3726 encomio
2483 3671 2734 3741 prosequi
2779 3687 2943 3740 penes
2989 3688 3073 3726 me
3115 3689 3219 3726 non
3261 3684 3363 3738 est,
3397 3674 3521 3728 licet
3551 3675 3599 3727 id
3632 3677 3762 3730 mihi

2195 3743 2426 3796 maxime
2462 3742 2530 3795 sit
2576 3741 2626 3794 in
2666 3744 2825 3800 votis.
2874 3744 3050 3796 Dicam
3086 3745 3242 3812 igitur
3263 3759 3420 3813 quam
3449 3745 3768 3802 brevissime

2193 3829 2254 3869 ea
2287 3828 2405 3880 qure
2438 3821 2617 3880 postea
2647 3813 2883 3880 profecto
2909 3826 3226 3868 Consecutus
3249 3824 3354 3867 est.

2267 3882 2503 3938 Fidelem
2533 3896 2746 3935 servum
2788 3899 2940 3937 suum
2987 3883 3063 3938 sic
3102 3886 3361 3938 allocutus
3392 3897 3468 3939 est
3501 3887 3761 3943 Creator:

2197 3953 2366 4022 Euge,
2400 3967 2556 4006 serve
2582 3952 2720 4006 bone
2745 3963 2798 4006 et
2831 3954 3020 4018 fidelis,
3055 3970 3119 4008 ne
3147 3956 3269 4023 quid
3301 3957 3562 4010 sollicitus
3593 3959 3665 4011 sis
3695 3958 3766 4014 de

2196 4033 2282 4077 ttta
2306 4024 2526 4078 seminis
2553 4023 2603 4075 iu
2631 4032 2801 4077 terras
2833 4025 3161 4093 projectiane
3184 4041 3198 4078 :
3226 4035 3278 4078 tu
3306 4027 3576 4093 p'antasti,
3604 4027 3766 4083 l’aule

2195 4095 2493 4164 alterzego
2521 4101 2697 4146 autem
2740 4094 3127 4150 inet-emeritum
3166 4095 3256 4148 do.
3303 4094 3466 4160 chi,
3518 4099 3654 4150 intra
3710 4100 3763 4153 in

2193 4165 2444 4232 gaudium
2469 4164 2696 4237 Domini
2742 4166 2838 4219 tui.
2872 4164 2953 4237 Ne
2977 4168 3196 4229 timeas,
3227 4165 3400 4220 Moses
3425 4168 3580 4222 alter.
3613 4170 3759 4237 quod

2197 4237 2286 4289 tibi
2321 4235 2528 4289 nonnisi
2560 4249 2748 4288 recens
2775 4235 3098 4290 crediderint
3131 4238 3307 4306 populi
3339 4255 3352 4289 :
3388 4247 3440 4290 ιιι
3484 4235 3641 4292 enim
3671 4255 3760 4294 me

2197 4307 2364 4376 magis
2391 4321 2546 4374 quam
2576 4319 2768 4376 corpus
2811 4314 2958 4359 tuum
2999 4306 3253 4361 dilexisti.
3287 4306 3416 4360 chi
3439 4347 3453 4372 ,
3483 4310 3761 4376 requiesce

2197 4392 2232 4449 a_
2256 4374 2526 4449 laboribus
2558 4374 2680 4438 tuis,
2717 4391 2852 4449 nove
2887 4376 3066 4430 Daniel
3103 4394 3114 4428 :
3149 4378 3444 4449 nuptialem
3481 4374 3765 4449 ingredere

2198 4447 2487 4500 thalamum
2517 4487 2531 4508 ,
2560 4461 2716 4514 quem
2750 4447 2842 4499 tibi
2874 4457 3028 4500 antea
3077 4447 3344 4515 pollicitus
3386 4447 3556 4502 erant.
3589 4448 3762 4512 Veni,

2196 4519 2376 4571 sedem
2425 4517 2607 4587 accipe
2652 4516 2790 4587 inter
2835 4517 3143 4584 apostolos.
3189 4519 3430 4587 apostolo
3477 4520 3646 4580 alter.
3678 4522 3770 4587 qui

2196 4589 2416 4643 verbum
2465 4586 2705 4641 veritatis
2751 4588 2898 4656 genti
2945 4588 3190 4655 Superba:
3229 4586 3553 4641 annuntiain
3586 4607 3598 4642 :
3633 4586 3774 4642 ittlel'

2196 4657 2741 4728 angelorumagmina
2772 4657 3090 4728 eollaceris,
3123 4659 3212 4728 qui
3255 4660 3415 4711 vitam
3461 4660 3668 4712 illorum
3719 4661 3773 4712 iu

2200 4730 2355 4782 terris
2373 4727 2649 4799 mundatus
2671 4743 2748 4782 es.
2771 4727 2923 4792 Veni,
2948 4737 2999 4781 et
3023 4727 3151 4781 cum
3177 4729 3491 4798 patriarchis
3521 4732 3775 4799 princeps

2197 4809 2349 4853 e-to:
2391 4797 2645 4868 planteris
2677 4807 2731 4850 ιιι
2759 4799 2934 4868 palma
2966 4808 3148 4852 sancta
3179 4797 3229 4850 iu
3261 4799 3421 4852 domo
3454 4801 3684 4855 Doutiui.
3714 4797 3774 4853 et

2199 4870 2250 4940 in
2276 4867 2428 4922 atriis
2461 4869 2548 4940 Dei
2581 4867 2792 4922 floreas.
2817 4867 2970 4940 Veni,
2989 4869 3336 4923 coronabcris
3363 4885 3484 4923 cum
3517 4873 3772 4940 martyri-

2201 4939 2316 5001 bus,
2349 4939 2719 5008 Izctaberisque
2740 4954 2860 4992 cum
2892 4939 2974 5001 iis,
2999 4940 3090 5006 qui
3115 4955 3211 5008 pro
3233 4956 3318 4992 me
3340 4949 3605 4992 tormenta
3633 4939 3774 5007 pa~si

2198 5019 2322 5080 sunt
2351 5028 2363 5063 :
2391 5011 2509 5061 veni
2542 5009 2592 5061 in
2625 5010 2798 5062 aulam
2832 5009 3135 5080 nuptiarum
3167 5008 3620 5080 ntearum.’\'eui,
3644 5025 3774 5080 gan-

2197 5079 2288 5134 dio
2334 5079 2472 5133 inter
2509 5080 2898 5132 cmuohitarum
2941 5079 3141 5133 charos
3185 5079 3515 5144 exsultabis,
3548 5083 3634 5148 qui
3670 5096 3779 5134 uau

2200 5151 2360 5205 modo
2406 5149 2635 5204 dilexisti
2687 5161 2897 5202 montes
2939 5158 2994 5202 et
3035 5151 3283 5214 deserta,
3313 5149 3408 5203 sed
3439 5153 3582 5203 cruci
3613 5153 3777 5203 etiam

2194 5221 2389 5290 jugiter
2433 5219 2689 5290 confixus,
2723 5219 2867 5273 fuisti
2911 5235 3159 5285 mecum;
3207 5219 3407 5274 idcirco
3457 5221 3778 5287 angelorum

2201 5307 2440 5344 meorum
2462 5289 2528 5343 ad
2553 5299 2604 5343 te
2626 5289 2828 5342 mittam
2853 5291 3088 5360 agmina,
3116 5301 3272 5359 teque
3293 5291 3358 5342 ad
3390 5305 3476 5343 me
3500 5293 3778 5359 recipiam.

2199 5361 2264 5415 Et
2290 5363 2412 5432 quia
2446 5360 2666 5432 partasti
2704 5360 3146 5432 jngitercrucem
3172 5371 3315 5414 tuam
3343 5369 3400 5416 et
3431 5361 3622 5414 venisti
3653 5371 3779 5429 post

2199 5429 2797 5501 me,ega’introducain
2826 5441 2877 5484 te
2905 5431 2956 5484 in
2991 5431 3296 5500 paradisum
3320 5473 3335 5496 ,
3367 5431 3419 5484 iu
3447 5447 3606 5500 quem
3638 5435 3778 5482 latro

2198 5517 2294 5570 per
2332 5500 2546 5556 crucem
2590 5515 2740 5554 suam
2773 5500 3032 5556 introivit.
3065 5502 3259 5554 Beatus
3290 5518 3349 5552 es
3377 5512 3430 5553 tu
3452 5544 3465 5563 ,
3502 5503 3641 5554 inter
3675 5501 3782 5554 lic-

2197 5573 2373 5627 clcsize
2419 5571 2778 5639 patriarchas,
2825 5580 2974 5639 pater
3014 5582 3219 5625 sancte.
3269 5573 3408 5625 Ulim
3457 5574 3677 5642 angelus
3728 5571 3784 5624 in

2198 5657 2460 5712 corpore,
2495 5656 2638 5694 nunc
2664 5645 3014 5711 incorporeus
3045 5643 3184 5712 inter
3216 5643 3562 5707 incorporeus
3588 5658 3781 5695 versa-

2200 5713 2295 5767 ris.
2329 5712 2552 5773 Beatus,
2584 5713 2783 5778 optime
2809 5713 3006 5780 praesul
3036 5754 3048 5774 ,
3078 5711 3168 5779 qui
3197 5728 3324 5767 oves
3354 5712 3516 5781 Regis
3547 5713 3622 5764 tui
3657 5727 3781 5778 per-

2201 5782 2341 5836 ditas
2363 5823 2374 5842 .
2405 5793 2459 5835 ct
2485 5797 2601 5850 qum
2633 5782 2748 5834 sine
2773 5783 2897 5834 ovili
2925 5795 3078 5835 erant
3097 5825 3112 5845 ,
3143 5784 3400 5850 repetiisti
3427 5824 3440 5846 ,
3475 5784 3780 5847 adduxisti,

2204 5861 2260 5910 ct
2288 5854 2342 5910 iu
2369 5855 2500 5909 atria
2531 5852 2648 5925 ejus
2673 5853 2948 5925 collegisti.
2989 5853 3183 5910 Beatus
3215 5870 3273 5908 es
3308 5863 3384 5922 tu,
3415 5853 3503 5926 qui
3536 5855 3790 5922 luporum
