3998 6362
411 356 540 360 __._A—
593 355 678 358 -»——
735 354 786 357 '——
877 354 980 358 -———
1023 355 1082 358 --γ
1115 355 1154 359 ⁸-
1207 351 1610 361 —-»~w-—.——-——-’n\—
1659 356 1674 360 —
1723 353 2030 363 vv-l‘—~-.__~——
2055 358 2176 362 ———_
2203 358 2264 361 ———
2289 358 2332 362 ——
2357 357 2678 364 -——..--——-

298 668 1351 882 MAGNUS

1988 514 3558 941 ἓῖῈΝΝΟῡΙΠΞ,

1246 992 1887 1077 EPISCOPUS
1944 946 2619 1117 TICINENSIS.

1801 1154 2109 1167 —

1496 1240 2224 1323 PROLEGOMEN
2227 1249 2367 1325 ON
2376 1297 2401 1322 .

1736 1381 1751 1440 (
1768 1379 1835 1428 Es
1864 1374 2109 1441 Gallantl.)

373 1494 413 1547 1.
456 1490 673 1561 Magnus
707 1489 851 1544 Felix
884 1488 1159 1543 Etinodius
1186 1483 1393 1542 Gallum
1427 1487 1670 1575 prosapia
1701 1484 1885 1571 (a),et
1915 1485 1962 1542 Α
1992 1489 2199 1553 perstes
2221 1490 2443 1546 exstitit.
2470 1490 2597 1547 Nam
2622 1501 2685 1549 ex
2709 1495 2824 1564 ejus
2846 1496 3162 1568 epitaphion
3187 1502 3473 1561 Sirmondo
3492 1509 3567 1576 (ο)

297 1572 516 1656 quitlem
544 1582 738 1638 ilfustri
761 1581 1070 1645 admodum,
1097 1578 1385 1648 natumque
1406 1571 1619 1633 Arelate
1639 1592 1696 1631 se
1718 1568 1883 1629 fuiSse

295 1687 528 1733 testatur
556 1675 630 1744 (ὁ)
660 1694 671 1728 :
706 1691 824 1744 quae
856 1685 940 1729 est
971 1674 1236 1729 sententia
1267 1673 1500 1726 virttrum
1527 1670 1880 1731 eruditorum,

294 1774 497 1839 quibus
528 1770 791 1827 Gallicam
832 1768 1109 1823 histmiam
1151 1767 1462 1821 litterariam
1492 1774 1762 1831 acceptam
1799 1775 1884 1816 re-

296 1862 523 1918 ferimus
550 1863 647 1932 (c),
678 1862 802 1915 licet
827 1857 1143 1914 Sirtnondus
1170 1857 1269 1927 (ά),
1296 1856 1553 1941 Sollerius
1585 1852 1659 1924 (ρ)
1687 1852 1883 1921 aliique

296 1953 404 2008 bac
421 1953 491 2008 de
513 1969 571 2006 re
592 1951 863 2021 ambigere
893 1949 1195 2003 videantur.
1232 1947 1357 2017 Ejus
1388 1956 1539 2000 ortus
1570 1960 1710 1998 anno
1731 1942 1884 1997 Chri-

295 2046 371 2099 sti
411 2045 517 2099 475
546 2042 829 2114 illigandus
857 2042 1203 2109 comperitur,
1232 2042 1427 2110 quippe
1457 2040 1544 2106 qui
1577 2034 1720 2091 anno
1750 2038 1877 2102 59.1,

294 2120 473 2191 aetatis
492 2136 583 2200 48,
605 2151 637 2190 e
662 2134 795 2188 vivis
823 2129 1133 2196 excesserit,
1159 2140 1215 2185 ut
1242 2131 1375 2185 infra
1405 2131 1742 2185 manifestum
1768 2128 1877 2182 ﬁet.

297 2228 519 2283 Litteris
567 2228 795 2297 primum
847 2226 1251 2280 humanioribus
1308 2223 1587 2279 Mediolani
1641 2237 1668 2274 a
1716 2236 1880 2291 puero

293 2322 547 2376 excultus
577 2317 669 2390 (ι’),
709 2318 963 2387 deinceps
994 2317 1075 2372 vel
1109 2319 1222 2382 ipsa
1262 2316 1557 2371 studiorum
1590 2314 1883 2369 liberalium

290 2411 517 2466 nomina
549 2425 607 2464 se
638 2408 805 2463 fuisse
837 2409 1160 2463 detestatum
1189 2408 1469 2475 proﬁtetur
1502 2406 1601 2475 (9)·
1647 2406 1886 2458 l‘ostmo-

288 2501 424 2556 dum
467 2515 612 2554 anno
640 2499 775 2565 ‘89,
820 2501 996 2553 artatis
1047 2512 1159 2553 suae
1187 2499 1276 2564 16,
1326 2499 1503 2551 amitze
1546 2512 1665 2566 qua:
1711 2496 1883 2564 ipsum

192 2664 193 2667 η
292 2598 507 2652 aluerat
542 2596 739 2652 solatio
767 2594 1089 2661 destitutus,
1120 2594 1502 2650 nobilissimam
1542 2607 1604 2646 ac
1634 2589 1887 2662 pradivi-

1990 1577 2215 1647 aliisque
2237 1582 2426 1649 relato,
2446 1585 2618 1652 ipsum
2644 1600 2711 1643 ex
2736 1591 2833 1644 hac
2855 1592 2960 1645 vita
2988 1593 3040 1646 in
3062 1595 3255 1649 ctelum
3279 1598 3569 1669 emigrasse

1992 1664 2338 1737 intelligimus
2377 1687 2467 1729 xt-t
2506 1677 2606 1732 cal.
2652 1680 2869 1749 Augusti
2903 1681 3113 1737 Valerio
3148 1685 3207 1740 γ.
3240 1686 3298 1740 C.
3341 1664 3566 1756 εοὶιειιιε,

1990 1770 2095 1823 quo
2123 1758 2210 1814 die
2251 1761 2301 1814 in
2336 1762 2593 1820 Ecclesiae
2625 1769 2819 1823 tabulis
2850 1770 2966 1840 ejus
2997 1777 3255 1830 memoria
3286 1782 3571 1845 quotannis

1992 1848 2272 1913 recolitur;
2316 1852 2555 1924 adeoque
2600 1873 2741 1912 anno
2771 1859 2978 1915 Domini
3020 1863 3146 1928 51!,
3178 1882 3374 1921 annum
3403 1884 3569 1940 agen-

1993 1944 2097 1991 tem
2128 1940 2217 1995 48.
2267 1942 2577 2013 llujusmodi
2625 1958 2803 2005 autem
2852 1953 3104 2008 chronica
3158 1962 3361 2013 notatio
3402 1974 3466 2016 ex
3504 1977 3570 2017 eo

1989 2028 2307 2099 desumitur,
2351 2040 2489 2105 quod
2532 2051 2747 2096 sanctus
2792 2047 2985 2111 prazstil
3026 2063 3279 2102 annorum
3321 2050 3571 2118 [erutam

1986 2132 2151 2189 esset,
2177 2135 2233 2179 ut
2258 2128 2483 2196 ipsemet
2512 2139 2737 2188 testatur
2761 2136 2860 2206 (p),
2886 2150 2992 2206 quo
3018 2150 3254 2207 tempore
3285 2144 3567 2201 in-ltaliam

1988 2213 2257 2284 ingressus
2304 2230 2388 2274 est
2423 2220 2819 2289 Theodericus,
2865 2241 3007 2282 anno
3053 2232 3273 2294 scilicet,
3302 2232 3427 2301 £89,
3478 2240 3567 2305 qui

1989 2308 2200 2375 quidem
2230 2312 2401 2366 etatis
2442 2327 2616 2369 annus
2648 2318 2692 2370 si
2723 2332 2844 2371 cum
2876 2318 3075 2375 Valerii
3108 2328 3387 2380 consulatu
3417 2342 3566 2383 Cum-

1990 2408 2255 2465 ponatur,
2283 2417 2390 2473 quo
2439 2417 2688 2461 currente
2716 2411 2977 2481 depositus
3017 2414 3180 2469 fuisse
3218 2416 3565 2487 describitur;

1988 2501 2158 2544 annus
2185 2491 2410 2549 Ennodii
2440 2506 2741 2564 postremus
2784 2501 2943 2557 fuerit
2969 2505 3067 2572 48,
3103 2506 3301 2563 (ζιηνὶειί
3351 2510 3477 2576 521,
3513 2524 3568 2571 ut

1990 2591 2136 2635 recte
2167 2585 2341 2654 arguit
2366 2586 2682 2645 Sirmondus
2713 2592 2809 2662 (ᾳ).

292 2676 404 2743 tem
435 2702 661 2741 ιιιοτυπι
693 2686 846 2741 duxit
875 2686 977 2756 (Ii).
1029 2686 1092 2739 At
1124 2684 1305 2754 paucis
1344 2692 1465 2752 post
1497 2683 1653 2736 annis
1690 2680 1888 2736 saeculo
1918 2682 1965 2744 Β
1992 2685 1999 2690 ’
2064 2673 2129 2728 ll.
2175 2676 2247 2730 De
2277 2680 2445 2734 sancti
2479 2680 2635 2751 hujus
2666 2687 2912 2753 prarsulis
2936 2688 3237 2748 Ticinensis
3268 2694 3566 2753 litterarum

290 2777 540 2831 nuntium
559 2777 856 2844 remittens,
877 2776 1253 2831 ecclesiastica:
1268 2773 1468 2827 militiie
1491 2787 1683 2827 nomen
1706 2769 1879 2824 dedit:

288 2876 457 2934 atque
480 2867 549 2920 ab
570 2865 871 2934 Epiphanio
890 2864 1161 2919 Ticineni
1188 2864 1426 2918 antistite
1455 2863 1712 2916 diaconus
1740 2860 1884 2914 ordi-

289 2966 455 3011 natus
483 2955 572 3027 (ί),
598 2956 833 3026 religiosi
859 2955 1111 3025 propositi
1143 2962 1447 3008 consortem
1469 2966 1680 3022 quoque
1700 2950 1884 3004 habuit

291 3063 520 3102 uxorem
545 3047 641 3119 (j).
672 3046 828 3103 Clero
856 3047 1116 3111 addictus,
1152 3046 1450 3101 Servilioue
1475 3044 1729 3113 magistro
1754 3055 1882 3096 usus

290 3147 407 3203 est,
438 3146 469 3191 a
496 3154 606 3209 quo
635 3138 801 3192 sacris
832 3137 1087 3193 institutis
1128 3138 1225 3191 luit
1262 3137 1493 3191 imbutus
1526 3135 1601 3207 (Ii)
1625 3152 1638 3187 :
1664 3146 1723 3187 ut
1758 3148 1880 3203 pro-

289 3227 478 3297 pterea
508 3228 684 3283 minus
709 3238 854 3284 recte
883 3227 1153 3284 censuerit
1178 3227 1433 3283 Sollerius
1455 3225 1544 3298 (Ι),
1578 3224 1879 3280 Ennodium

287 3320 394 3372 sub
416 3318 721 3375 Servilione
746 3318 1057 3374 liberalibus
1081 3316 1377 3386 disciplinis
1407 3330 1623 3385 operam
1644 3314 1878 3369 dedisse.

288 3407 502 3462 Interea
536 3408 588 3463 iii
620 3408 889 3478 legatione
918 3407 1252 3475 Burgundica
1281 3423 1400 3478 qua:
1431 3408 1481 3461 itt
1521 3421 1720 3460 annum
1752 3406 1883 3459 inci-

284 3501 497 3556 111491
520 3515 704 3555 comes
734 3500 947 3555 additus
975 3500 1229 3569 episcopo
1246 3513 1357 3553 suo
1383 3498 1679 3568 Epiphanio
1703 3496 1882 3551 Enno-

286 3589 417 3643 dius
450 3588 762 3658 perhibetur
790 3588 906 3665 (ut);
940 3600 994 3645 et
1021 3589 1235 3659 quidem
1266 3588 1391 3643 dum
1425 3588 1631 3642 diaconi
1658 3601 1881 3641 munere

287 3679 606 3749 fungeretur
636 3697 650 3735 :
696 3695 761 3735 eo
790 3682 930 3736 enim
961 3682 1013 3735 in
1042 3681 1210 3751 gradu
1239 3679 1330 3735 diu
1372 3683 1543 3749 ipsum
1574 3680 1881 3735 constitisse
1913 3679 1924 3690 ‘

288 3771 425 3824 illud
456 3770 667 3832 suadet,
697 3770 838 3835 quod
868 3785 1011 3824 anno
1041 3769 1147 3825 515
1174 3770 1443 3839 egregium
1478 3770 1878 3840 Apologeticum

288 3877 393 3929 pro
430 3861 641 3932 synodo
683 3860 911 3916 Palmari
954 3859 1127 3915 adhuc
1171 3861 1430 3916 diaconus
1467 3860 1878 3929 conscripserit:

287 3968 399 4023 qua
421 3952 490 4006 de
514 3968 572 4007 re
590 3953 807 4022 Pagium
830 3952 1080 4006 consulas
1100 3950 1256 4005 velim
1278 3951 1382 4024 (tt).
1406 3951 1545 4018 Qu'n
1566 3954 1725 4006 etiam
1748 3951 1883 4008 forte

289 4044 438 4097 haud
465 4043 600 4097 ultra
631 4057 753 4097 eum
782 4041 1007 4111 gradum
1041 4042 1361 4111 processerit
1393 4057 1559 4111 usque
1581 4043 1647 4096 ad
1678 4057 1875 4095 annum

289 4133 403 4189 510
431 4142 524 4188 aut
562 4133 686 4198 511,
720 4147 855 4202 quo,
895 4131 1177 4201 Epiphaiiii
1227 4146 1539 4186 successore
1570 4133 1799 4187 Maximo
1838 4131 1878 4187 ll

288 4228 403 4277 vita
436 4225 617 4278 functo
636 4267 650 4291 ,
681 4222 746 4277 ad
780 4221 1032 4277 Ecclesiae
1060 4222 1359 4279 Ticinensis
1387 4222 1751 4292 episcopatum
1784 4224 1882 4278 fuit

287 4324 536 4371 evectus.
590 4313 748 4368 ﬂulta
801 4313 1061 4383 praeclare
1104 4315 1269 4383 gessit
1315 4315 1367 4368 in
1412 4314 1704 4369 catliedrali
1751 4316 1881 4370 sede

285 4403 646 4468 constitutus;
675 4403 901 4472 ejusque
932 4404 1195 4473 imprimis
1224 4406 1419 4459 enituit
1443 4414 1678 4473 spectata
1708 4405 1878 4461 virttis

283 4503 347 4550 et
374 4494 617 4549 doctrina
661 4495 711 4549 in
749 4495 963 4566 gemina
1010 4496 1102 4549 illa
1141 4496 1406 4566 legatione
1442 4498 1507 4550 ad
1537 4498 1875 4552 Anastasium

283 4586 697 4655 imperatorem,
738 4601 899 4658 quam
940 4587 1040 4641 sub
1069 4587 1346 4641 llortnistla
1396 4604 1526 4657 papa
1565 4588 1877 4644 ttrtliodosie

282 4677 419 4732 ﬁdei
460 4692 621 4733 causa
657 4662 895 4747 suscepit
934 4680 1089 4735 annis
1130 4679 1233 4735 5l5
1263 4690 1317 4735 et
1345 4682 1470 4747 517,
1506 4682 1627 4736 licet
1657 4694 1881 4754 utraque

280 4767 614 4823 veteratoris
638 4768 895 4837 principis
918 4768 1121 4824 artibus
1144 4770 1208 4823 ad
1234 4770 1441 4825 irritmn
1463 4774 1704 4838 cesserit,
1736 4784 1791 4827 ut
1812 4791 1875 4829 ex

279 4857 671 4912 ecclesiasticis
693 4858 905 4914 Baronii
925 4860 1217 4914 Annalibus
1236 4870 1465 4915 constat.
1488 4862 1565 4915 Ad
1587 4863 1875 4921 Ecclesiam

278 4965 443 5004 suam
476 4965 722 5013 reversus
747 4951 938 5007 beatus
960 4952 1214 5021 antistes,
1247 4953 1388 5008 haud
1421 4956 1592 5011 multo
1623 4966 1744 5026 post
1782 4974 1872 5013 su-

366 5080 445 5149 (a)
488 5082 695 5135 Ennud.
723 5084 817 5138 lib.
852 5100 889 5143 t.
921 5086 1073 5147 epist.
1108 5088 1161 5141 Ξ.

364 5153 439 5218 (b)
486 5152 559 5222 ltl.
594 5153 685 5207 lib.
722 5170 815 5213 vn.
842 5156 1001 5222 epist.
1035 5157 1089 5210 8.

482 5221 612 5307 ψει.
645 5221 902 5307 litteraire
931 5226 1073 5307 de_la
1102 5227 1324 5307 Fiance,
1356 5242 1484 5289 tom.
1516 5230 1603 5300 ΙΙΙ,
1634 5248 1751 5304 pag.
1778 5235 1865 5291 96.

359 5290 445 5363 (Α)
485 5291 645 5346 Strm.
680 5294 783 5349 Vit.
819 5294 1028 5349 Etittotl.
1059 5310 1184 5365 opp,
1216 5290 1332 5362 ejus
1370 5316 1555 5365 prun".
1589 5290 1601 5300 ι
1635 5290 1645 5299 .
1700 5290 1727 5304 υ

360 5367 435 5432 (ε)
475 5363 667 5444 §Oller.
715 5368 834 5421 Act.
896 5366 997 5423 SS.
1050 5376 1175 5420 tum.
1230 5368 1293 5421 IV
1345 5370 1503 5439 Aug.,
1572 5386 1690 5444 pag.
1742 5376 1867 5442 271,

277 5447 446 5576 “iii:
476 5432 678 5576 ἓὶιηρςί.
717 5502 951 5576 Eucliar.
977 5502 1131 5571 infra,
1162 5521 1280 5576 pag.
1310 5508 1429 5573 159,
1464 5526 1511 5563 c.

365 5574 449 5641 (g)
593 5572 687 5645 lib.
706 5587 790 5645 is,
819 5574 979 5641 epist.
1005 5576 1054 5627 1.

388 5645 447 5713 It)
488 5643 562 5697 Id.
590 5642 845 5713 Euchatu,
879 5659 997 5711 pag.
1028 5645 1142 5707 160,
1175 5664 1221 5708 ε,
1249 5665 1300 5700 a.

388 5646 447 5713 It)
488 5646 562 5697 Id.
590 5646 845 5705 Eucbar.,
879 5659 997 5711 pag.
1028 5646 1142 5707 160,
1175 5664 1221 5708 ε,
1249 5665 1278 5699 a

356 5646 425 5783 ἕῦ)
486 5714 562 5766 Id.
597 5711 699 5765 Vit.
728 5712 921 5781 Epiph.
954 5729 1071 5782 pag.
1098 5715 1222 5782 l96,
1251 5718 1278 5769 b

356 5788 435 5855 (ί)
492 5784 563 5837 ltl.
595 5782 846 5843 Eucliar..
878 5799 995 5852 pag.
1030 5787 1147 5849 l60,
1178 5788 1233 5838 ά,

537 5879 807 5937 Panos.
860 5877 1059 5938 LX!!!

1992 2768 2349 2823 monumentis
2373 2770 2519 2838 plura
2549 2775 2757 2830 erudite
2782 2778 3069 2834 observant
3093 2785 3327 2840 accurati
3351 2785 3568 2844 Gallicae

1991 2854 2240 2910 Histotiae
2272 2859 2545 2916 litterariis
2572 2866 2865 2934 scriptores
2896 2869 3158 2939 (r),~qnos
3187 2877 3409 2943 proinde
3435 2894 3567 2933 con-

1988 2948 2163 3003 sulere
2191 2965 2367 3019 operte
2397 2955 2625 3022 pretium
2656 2956 2835 3011 fuerit.
2880 2959 2957 3013 Ne
2988 2976 3112 3017 vero
3148 2967 3356 3032 penitus
3385 2971 3566 3025 officio

1987 3049 2173 3094 nostro
2209 3041 2399 3097 deesse
2430 3044 2725 3112 videamur,
2771 3049 2873 3104 huc
2912 3050 3102 3107 alferre
3126 3054 3253 3110 libet
3278 3058 3347 3113 de
3376 3060 3565 3116 iisdem

1986 3129 2277 3189 doctissimi
2307 3135 2577 3192 Sirmondi
2598 3138 2855 3208 judicium
2886 3142 2956 3213 (ε)
2983 3157 2995 3196 :
3024 3162 3041 3195 t
3075 3144 3131 3201 Si
3163 3148 3288 3216 quid
3314 3150 3445 3216 limi,
3470 3154 3564 3218 ait,

1987 3223 2230 3280 Ennodio
2268 3240 2363 3281 sua
2404 3239 2532 3284 atas
2562 3234 2817 3300 aspersit.
2852 3249 2955 3289 non
2986 3236 3198 3293 idcirco
3228 3239 3480 3296 liuentem
3512 3244 3563 3297 in

1984 3316 2101 3385 ejus
2128 3317 2339 3387 scriptis
2368 3321 2563 3391 ingenii
2591 3323 3019 3396 eloquentiaeque
3046 3327 3246 3384 fontem
3280 3346 3567 3400 possumus

1989 3422 2095 3462 non
2125 3422 2335 3473 amare;
2367 3421 2457 3465 aut
2483 3412 2607 3481 quia
2638 3413 2689 3467 in
2731 3415 2847 3483 ejus
2874 3418 3135 3485 poematis
3180 3419 3444 3489 claudicat
3481 3425 3566 3478 in-

1989 3502 2198 3556 terdum
2224 3519 2430 3569 versus,
2459 3516 2658 3561 rectam
2687 3508 2885 3578 ultique
2910 3514 3232 3567 sententiam
3262 3525 3316 3569 et
3340 3530 3566 3575 acumen

1988 3604 2094 3645 non
2122 3592 2395 3661 amplecti.
2424 3593 2560 3659 Quid
2580 3596 2691 3663 illa,
2717 3606 2934 3669 propter
2955 3615 3112 3670 quam
3140 3603 3335 3660 intima
3356 3621 3568 3677 quoque

1984 3674 2129 3736 noue
2150 3692 2397 3739 auctores
2423 3687 2598 3755 expeti
2620 3689 2815 3755 solent,
2841 3699 3139 3760 temporum
3165 3695 3348 3750 notitia
3373 3674 3426 3752 et
3450 3674 3567 3753 illo;

1988 3774 2214 3829 stratio?
2262 3776 2392 3843 Quis
2446 3780 2588 3833 enim
2637 3790 2721 3835 est
2772 3782 2860 3851 qui
2919 3784 2970 3838 in
3027 3788 3270 3854 epistolis
3313 3787 3565 3853 Ettnotlii.

1991 3862 2361 3935 Symmachos,
2392 3867 2723 3936 Hormisdas,
2748 3872 3029 3941 Caesarios,
3054 3877 3300 3947 Faustos,
3329 3883 3564 3947 Boetius,

1992 3955 2253 4023 Liberius,
2298 3959 2573 4030 Aratores,
2623 3959 2863 4031 Elpidios
2908 3974 2961 4021 et
2998 3968 3198 4035 reliqua
3236 3972 3352 4041 ejus
3397 3978 3568 4031 aetat‘s

1990 4047 2193 4101 lumina
2234 4063 2337 4103 non
2380 4051 2607 4106 libenter
2645 4057 3029 4123 recognoscat?
3065 4064 3343 4129 aut'quem
3379 4064 3430 4118 in
3462 4081 3568 4120 uno

1988 4137 2301 4195 Theoderici
2332 4142 2785 4215 Panegyricmvel
2815 4147 2866 4201 in
2898 4164 2997 4202 una
3018 4142 3138 4204 Vita
3171 4152 3452 4223 Epiphanii
3479 4155 3569 4210 Ti-

1988 4228 2242 4295 cinensis,
2289 4234 2432 4287 varia
2479 4250 2655 4290 rerum
2703 4237 2794 4291 illo
2838 4242 3035 4295 sreculo
3079 4242 3129 4295 in
3170 4244 3337 4311 italia,
3371 4245 3566 4313 Gallia,

1988 4319 2300 4391 Germania,
2331 4324 2534 4380 Graicia
2572 4338 2842 4396 gestarum
2873 4338 3314 4391 commemoratio
3346 4353 3450 4394 non
3481 4342 3562 4393 af-

1989 4412 2173 4466 ﬁciat?
2226 4414 2497 4471 Dictiones
2532 4420 2732 4488 quippe
2783 4420 3306 4499 declamationesque
3347 4441 3565 4499 praster-

1986 4503 2167 4567 mitto;
2200 4522 2318 4573 qua:
2348 4522 2462 4561 mea
2492 4509 2705 4577 quidem
2738 4515 2999 4567 sententia
3030 4496 3156 4569 sunt
3179 4496 3471 4587 ejusmodi,
3508 4530 3563 4577 ut

1983 4608 2103 4648 cum
2130 4605 2412 4663 postremas
2436 4600 2675 4654 omnium
2697 4602 2837 4670 apud
2860 4603 3079 4661 Latinos
3102 4622 3241 4661 nata:
3263 4610 3563 4678 videantur,

1986 4701 2106 4739 cum
2137 4687 2320 4757 primis
2360 4690 2652 4758 mediisque
2687 4678 2919 4749 conferri
2953 4678 3186 4764 possint,
3216 4709 3271 4754 et
3304 4682 3557 4773 tanquam

1987 4792 2123 4832 rosze
2153 4779 2342 4833 alienis
2371 4782 2643 4834 mensibus
2673 4792 2806 4837 orta:
2835 4786 3069 4840 cariores
3093 4801 3215 4842 esse
3244 4791 3494 4848 debeant.
3538 4815 3555 4845 ι

1985 4866 2052 4921 Ει
2079 4868 2202 4922 alibi
2235 4869 2338 4939 (οε
2390 4888 2407 4919 t
2441 4868 2716 4925 Ennodius
2760 4887 2823 4927 ea
2871 4874 3066 4943 ingenii
3116 4877 3250 4931 lauta
3291 4880 3469 4935 llttruit
3509 4895 3563 4937 et

1982 4956 2262 5024 doctrinae,
2316 4971 2372 5035 ut
2419 4976 2525 5014 non
2575 4962 2749 5017 solum
2798 4964 2850 5017 in
2888 4966 3062 5034 pretio
3098 4979 3280 5025 essent
3316 4985 3436 5041 qua:
3465 4988 3559 5027 sua

1906 5085 1958 5145 Ι)
2053 5094 2128 5166 (ις)
2166 5094 2369 5166 ld.lib.
2402 5110 2456 5160 ν,
2487 5097 2641 5166 epist.
2672 5097 2757 5151 η.

2055 5165 2117 5235 (ι)
2157 5165 2352 5238 Spller.
2386 5166 2525 5238 l._c.,
2560 5183 2681 5238 pag.
2712 5168 2837 5235 272,
2871 5184 3021 5224 nttm.
3053 5170 3109 5225 2.

2050 5239 2148 5303 (tu)
2174 5236 2390 5309 _Enn_od.
2419 5236 2522 5293 Vit.
2554 5236 2770 5305 Epiph.,
2808 5256 2924 5309 pag.
2961 5244 3084 5309 155,
3117 5261 3161 5298 ρ.

2049 5308 2129 5381 (ii)
2174 5304 2293 5381 fagi
2326 5306 2561 5381 adﬂatin.
2585 5309 2710 5371 502,
2746 5304 3023 5381 ᾗςὸγειιί.

2051 5378 2131 5443 (υ)
2170 5374 2333 5429 Sirm.
2364 5377 2469 5433 Vit.
2502 5381 2706 5433 linitod.

2049 5452 2122 5518 (μζ
2170 5446 2375 5518 litium}.
2410 5448 2664 5514 Eucliar.,
2699 5465 2815 5518 pag.
2852 5452 2973 5515 160,
3003 5470 3049 5507 e.

2045 5515 2122 5588 (ᾳ)
2162 5515 2324 5588 _S_irm.
2356 5519 2419 5570 ad
2455 5519 2663 5574 Ennod.
2699 5515 2952 5588 Eucltar.,
2982 5522 3017 5574 l.
3048 5537 3097 5575 c.

1987 5586 2121 5711 ωε)
2163 5586 2297 5640 llist.
2342 5588 2599 5646 littéraire
2642 5590 2707 5644 de
2736 5592 2781 5644 la
2815 5586 3053 5657 France,
3091 5600 3218 5647 tom.
3262 5592 3346 5660 ill,
3395 5611 3551 5670 pagg.

2107 5672 2256 5711 seno.

2107 5673 2256 5709 8000.

2050 5672 2082 5709 υ
2107 5672 2256 5725 seqq.

2050 5728 2118 5794 (δ)
2159 5726 2320 5799 ξένη).
2352 5728 2510 5797 epist.
2542 5732 2604 5782 Dii
2637 5745 2757 5799 opp.
2794 5731 2999 5786 Ennod.

2050 5796 2613 5865 (1.11ά.γίι.νΙ⁵]ιιηί].
2673 5796 2721 5799 "
2862 5860 2880 5914 ι
