3998 6362
425 343 490 401 Η
1152 336 1488 395 ENNODIUS
1529 335 1897 392 EPISCOPUS
1935 330 2325 389 'HCtNENSiS.
2372 333 2941 389 PROLEGOMENON.
3605 331 3690 394 i2

424 464 619 529 sponte
648 455 928 519 scriberet,
956 451 1048 505 sed
1079 450 1367 502 amicorum
1394 464 1606 517 quoque
1629 462 1760 517 quos
1793 449 1992 517 impeuv
2027 451 2076 507 Α
2104 460 2290 501 cten-s
2318 449 2427 501 illc.
2494 449 2587 502 llic
2617 463 2677 502 te
2697 465 2740 499 -o
2770 448 3046 503 recensitis
3077 446 3250 501 obiter
3299 462 3326 499 a
3357 447 3561 502 Baunio
3588 462 3684 505 ve-

424 548 637 603 sissime
666 545 859 608 coluit,
906 551 1089 612 rogatu
1132 540 1183 594 in
1223 540 1486 594 dictandis
1522 542 1747 593 aliorum
1780 540 1996 593 nomine

424 638 775 703 orationibus,
791 634 1058 705 epistolis,
1078 632 1362 705 epitaphiis
1382 646 1445 687 ac
1462 630 1795 691 diversarum
1818 645 1995 687 rerum

423 725 850 798 epigrammatis,
911 722 1182 781 assiduam
1234 734 1452 789 operam
1508 720 1640 779 dare
1691 728 1994 788 cogeretur.

423 823 539 887 Qu.»
580 819 631 871 in
660 828 855 884 genere
881 814 1051 867 multa
1078 827 1207 866 sane
1243 811 1311 865 ad
1347 810 1567 880 gloriam
1601 810 1851 864 Ennodiu
1877 808 1997 863 illu-

422 910 552 963 stria
586 909 830 970 fuerunt;
874 905 969 960 sed
999 904 1130 958 nilnil
1161 903 1415 958 illustrius
1436 901 1783 972 Apologetico
1817 911 1873 956 et
1900 901 1997 953 Pa-

423 999 691 1070 ttcgyrico,
720 1012 944 1065 quorum
972 996 1138 1050 altero
1162 992 1551 1051 Theodericum
1576 1008 1757 1060 regem
1789 991 1999 1059 publice
2042 988 2047 995 ’

423 1091 686 1153 laudavit;
718 1089 888 1143 altero
913 1084 1221 1157 Symmachi
1242 1100 1392 1155 papa:
1421 1085 1718 1155 synodique
1745 1083 1999 1136 ltomana:

424 1196 643 1235 causam
667 1189 811 1233 tanta
833 1193 953 1232 cum
974 1176 1363 1246 approbatione
1383 1174 1641 1239 defendit,
1666 1184 1771 1227 uta
1793 1172 1998 1243 synodo

424 1277 665 1327 universa
687 1268 1223 1324 honorificentissime
1242 1265 1418 1332 elogio
1434 1265 1756 1333 decretoque
1778 1271 1996 1318 ornatus

423 1367 511 1419 sit.
549 1383 567 1414 ι
605 1363 872 1417 llaetenus
905 1360 968 1415 V.
1000 1359 1059 1412 C.

494 1455 581 1509 ΙΙΙ.
625 1455 793 1507 Porro
822 1451 906 1504 bis
936 1450 1004 1504 de
1032 1448 1408 1519 opusculorum
1439 1447 1666 1503 Ennodii
1689 1447 1996 1516 praestantia

423 1546 699 1609 deliliatis,
741 1543 869 1598 illud
908 1542 1241 1610 potissimum
1283 1541 1709 1597 animadvertere
1758 1548 1994 1607 praestat,

2114 551 2286 593 terum
2332 541 2637 606 tootilicum
2678 542 2744 593 de
2784 540 3027 593 Ennodio
3068 541 3382 593 testimoniis
3410 537 3686 596 Sirtnondi

2104 645 2265 699 opera
2286 631 2510 699 primum
2532 632 2795 694 COHCCIi-‘,
2815 631 3010 685 addere
3035 630 3161 683 libet
3182 646 3245 684 ex
3268 634 3454 689 eodem
3482 630 3688 689 Daunia

2102 731 2157 777 et
2179 724 2317 777 istud
2343 724 2547 791 insigne
2567 722 2822 786 auctoris,
2846 723 3043 774 sa‘culo
3063 731 3213 775 sexto
3238 722 3453 777 circiter
3478 723 3679 785 medio,

2106 814 2335 868 Flor-iani
2374 817 2580 869 scilicet
2619 829 2686 868 ex
2724 815 3048 868 monasterio
3078 814 3316 867 Romano
3359 815 3409 868 in
3448 815 3676 879 epistoia

2103 905 2169 958 ad
2212 906 2469 961 Nicetium
2500 905 2870 960 Trevirensem
2920 906 3252 975 episcopum,
3304 908 3443 975 quod
3493 908 3570 960 sic
3621 923 3684 960 se

2104 997 2285 1051 habet.
2341 1014 2359 1049 ι
2397 995 2530 1053 Vide
2558 1012 2684 1065 ergo
2712 997 2924 1066 quantis
2952 996 3284 1064 adiutoribus
3318 998 3504 1063 uteris,
3555 1015 3681 1053 cum

2102 1107 2199 1160 pro
2220 1106 2306 1145 me
2326 1091 2553 1160 cmperis
2576 1091 2859 1143 obsecrare
2885 1098 3085 1142 sancta:
3108 1089 3379 1142 memoria:
3400 1088 3681 1142 dominum

2104 1181 2402 1237 Enuodium
2437 1180 2739 1247 pontificem
2766 1179 3064 1233 Ticinensis
3086 1178 3363 1242 Ecclesiae,
3394 1179 3482 1246 qui
3514 1195 3682 1243 gene-

2102 1275 2211 1327 rosi
2263 1272 2539 1341 sanguinis
2584 1270 2916 1323 nobilitatem
2964 1269 3261 1322 humilitate
3306 1268 3560 1337 przevexit
3612 1269 3682 1322 ad

2101 1363 2347 1431 gloriam,
2371 1371 2427 1415 ut
2458 1362 2508 1413 in
2539 1361 2773 1415 rmlestis
2798 1361 2980 1428 patria:
3011 1370 3199 1413 senatu
3233 1360 3385 1413 ﬁeret
3410 1369 3464 1414 ct
3494 1360 3561 1413 ibi
3591 1375 3684 1413 se-

2103 1466 2285 1517 nator;
2310 1454 2461 1521 cujus
2483 1451 2949 1520 incomparabilem
2972 1450 3230 1504 doctrina:
3253 1450 3548 1504 facundiam
3574 1467 3683 1507 non

2100 1548 2272 1601 Solum
2305 1553 2529 1600 testatur
2553 1543 2837 1608 Occidens,
2872 1543 2963 1597 sed
2994 1552 3049 1597 et
3069 1542 3262 1596 Oriens
3296 1542 3550 1595 instructa
3582 1543 3682 1595 tui-

422 1654 526 1695 non
568 1639 835 1693 nemiuem
874 1635 1144 1692 exstitisse
1182 1637 1271 1704 qui
1312 1646 1555 1688 sanctum
1594 1632 1892 1687 Enuodium
1931 1631 1997 1686 de
2026 1642 2073 1701 Β
2101 1651 2268 1693 ratur.
2293 1636 2524 1691 Nestorii
2549 1636 2767 1697 fulmen,
2798 1635 3050 1705 Eutychis
3073 1635 3367 1687 exstinctor
3391 1634 3682 1702 gloriosam

420 1730 587 1799 gratia
612 1740 666 1784 et
688 1727 857 1783 libero
880 1725 1099 1781 arbitrio
1119 1725 1467 1781 disserentem
1485 1723 1680 1779 Fausto
1697 1723 1906 1778 Beiensi
1933 1738 1996 1777 ac

420 1819 839 1876 Hassiliensibus
860 1830 1147 1872 accensere
1171 1831 1332 1872 ausus
1365 1815 1522 1870 fuerit
1540 1814 1643 1885 (a).
1670 1815 1738 1867 At
1760 1812 1993 1882 iniquam

419 1911 844 1968 criminationem
907 1909 1005 1963 viri
1056 1908 1198 1963 docti
1257 1907 1428 1963 solide
1490 1904 1990 1976 propulsaruut(b).

416 2022 445 2055 ι
482 2003 642 2058 Certe
686 2002 933 2070 quidem,
980 2004 1152 2071 inquit
1207 1999 1447 2055 eruditus
1497 1999 1996 2055 Sirmondianorum

418 2097 591 2150 editor
618 2095 713 2165 (ε),
755 2096 1019 2148 sententia
1056 2093 1301 2162 episcopi
1340 2092 1632 2147 doctissimi
1673 2106 1737 2145 ac
1773 2091 1997 2144 sanctis-

420 2186 563 2251 simi,
586 2196 638 2239 et
660 2186 964 2255 ingentibus
986 2200 1113 2254 erga
1134 2184 1433 2239 Ecclesiatn
1465 2183 1670 2238 meritis
1692 2182 1992 2243 clarissimi,

418 2276 507 2344 qui
528 2276 684 2329 fidem
703 2274 1055 2330 orthodoxam
1077 2284 1187 2329 tum
1211 2274 1264 2331 in
1278 2272 1565 2328 Occidente
1581 2281 1690 2326 tum
1714 2273 1765 2326 in
1782 2273 1997 2326 Oriente

418 2375 635 2421 strenue
666 2365 1037 2434 prepugnavit,
1078 2378 1233 2432 quem
1266 2363 1457 2418 illustri
1484 2363 1654 2432 elegio
1688 2378 1753 2417 ac
1779 2363 1996 2417 decreto

422 2456 658 2513 Romana
681 2439 917 2527 synodus
941 2456 1149 2510 ornavit
1169 2456 1280 2526 (ά),
1301 2470 1457 2525 quem
1476 2456 1753 2523 pontilices
1775 2456 1992 2519 summi,

419 2547 698 2602 Hormisda
726 2549 798 2617 (e)
824 2588 839 2611 ,
870 2545 1116 2602 Nicolaus
1146 2547 1165 2600 l
1202 2547 1292 2617 (Ι),
1327 2547 1559 2601 Joannes
1589 2545 1700 2600 Vlll
1732 2551 1833 2616 (g),
1864 2544 1992 2599 Gre-

416 2641 596 2710 g0rius
618 2640 708 2694 VII
741 2639 820 2710 (It)
854 2640 1059 2710 magnis
1095 2639 1379 2709 praeconiis
1408 2638 1668 2702 extulere,
1700 2653 1857 2707 quem
1893 2640 1991 2689 lc-

417 2733 579 2788 clesia
623 2733 825 2788 sanctis
869 2731 1268 2786 confessorihus
1304 2733 1592 2799 ascriptum
1633 2720 1812 2785 annuo
1847 2728 1992 2783 cultu

2104 1731 2370 1785 dominam
2391 1745 2561 1783 meatu
2586 1727 3051 1796 iuviolabilemque
3070 1726 3284 1780 Mariam
3302 1726 3681 1779 Chri-tutoeon

2103 1830 2157 1875 et
2183 1823 2522 1884 Theotocmt,
2554 1820 2843 1889 apostolica
2873 1823 3186 1873 auctoritate
3216 1818 3510 1886 perdocuit.
3563 1817 3683 1885 Ipse

2102 1929 2228 1980 ergo
2275 1928 2425 1967 meus
2471 1921 2553 1967 est
2599 1924 2746 1979 pater
2789 1927 2852 1985 es
2891 1910 3119 1975 lavacro,
3151 1924 3306 1980 quem
3349 1909 3509 1963 credo
3537 1910 3681 1977 apud

2101 2015 2357 2059 mternum
2390 2006 2598 2060 Patrem
2630 2020 2725 2072 per
2756 2005 2946 2059 Filium
2988 2003 3311 2058 intervenire
3342 2018 3437 2071 pro
3468 2003 3595 2056 filio.
3632 2022 3653 2053 ι

2112 2158 2115 2163 _
2176 2096 2262 2149 IV.
2308 2096 2482 2151 Varia:
2509 2096 2958 2150 circumferuntur
2989 2095 3307 2163 scriptorum
3337 2093 3678 2147 Enuodiano-

2106 2203 2222 2240 rum
2251 2189 2534 2241 editiones.
2570 2188 2767 2241 Earum
2795 2188 3018 2259 primam
3050 2185 3339 2240 exhibuere
3368 2199 3508 2238 anno
3538 2184 3677 2238 1569

2102 2280 2613 2349 Orthodoxographa
2641 2274 2973 2342 Basiliensia,
3000 2294 3100 2348 qua
3132 2287 3306 2332 tamen
3335 2278 3462 2332 nihil
3486 2278 3675 2345 depra-

2104 2373 2300 2436 vatius.
2346 2372 2475 2443 nihil
2524 2372 2848 2440 inquinatius
2897 2372 2948 2425 in
3000 2371 3170 2424 lucem
3213 2368 3408 2423 exiisse
3455 2380 3674 2423 censent

2096 2463 2309 2518 eruditi.
2344 2463 2529 2526 Porro,
2564 2471 2620 2517 ut
2645 2476 2736 2517 eas
2764 2462 3232 2529 praetermittamus
3261 2474 3380 2529 qua:
3411 2458 3670 2525 deinceps

2097 2556 2436 2611 bihliothecis
2481 2556 2718 2619 Patrum,
2762 2552 3092 2617 Coloniensi,
3127 2551 3415 2605 Parisiensi
3460 2562 3512 2604 et
3560 2550 3671 2603 Lu-

2095 2648 2355 2718 gdunensi
2402 2647 2616 2701 fierunt
2661 2648 2896 2708 intextm,
2924 2643 3023 2698 sub
3060 2643 3265 2697 initium
3306 2642 3486 2696 szeculi
3515 2656 3669 2709 supe-

2096 2739 2273 2804 rioris,
2307 2754 2413 2794 uno
2441 2748 2495 2794 et
2521 2738 2709 2793 eodem
2741 2752 2883 2791 anno
2916 2738 3041 2793 16H
3079 2736 3288 2807 gemina
3344 2736 3538 2804 prodiit
3568 2736 3672 2787 lin-

416 2824 783 2893 prosequitur;
816 2822 977 2888 tanti,
1028 2822 1265 2891 inquam,
1313 2820 1565 2877 antistitis
1605 2820 1869 2874 sententia
1901 2819 1991 2888 (de

2100 2832 2238 2885 nodii
2262 2831 2486 2902 ἕκδοσις,
2509 2832 2677 2886 altera
2701 2830 2923 2885 Tornaci
2950 2839 3169 2884 curante
3193 2829 3403 2882 Audrea
3425 2828 3671 2896 Schotto,

415 2913 622 2968 arbitrii
661 2912 926 2982 libertate)
961 2926 1066 2966 non
1093 2921 1266 2981 potest
1302 2911 1478 2979 magni
1507 2910 1645 2979 apud
1687 2923 1872 2962 omnes
1904 2921 1995 2962 cae

415 3002 639 3057 tholicos
661 3002 914 3074 ponderis
935 3018 1040 3055 non
1062 3016 1182 3055 esse
1216 3017 1230 3053 :
1272 3009 1331 3054 ut
1352 3002 1564 3063 mirum,
1590 3000 1697 3053 imo
1718 2999 1990 3067 indignum

417 3108 638 3161 prorsus
671 3109 734 3145 ac
772 3091 992 3147 minime
1022 3090 1297 3145 ferendum
1330 3090 1429 3152 sit,
1464 3088 1764 3143 Eiutodium
1795 3090 1860 3140 ad
1888 3087 1986 3142 Se-

417 3180 803 3251 mipelagianos
848 3191 1009 3249 atque
1049 3180 1114 3233 ad
1144 3178 1455 3247 Pelagianos
1498 3188 1681 3232 noSIro
1726 3179 1921 3231 saeculo
1962 3194 1990 3231 a

428 3272 699 3325 nonnullis
740 3270 997 3338 ablegari.
1038 3268 1198 3335 Quasi
1230 3283 1358 3323 vero
1384 3268 1661 3337 Pelagiana
1710 3280 1804 3322 aut
1832 3268 1998 3323 Scint-

416 3364 717 3433 pelagiaua.
770 3376 833 3415 ac
884 3376 986 3414 non
1036 3360 1211 3428 potius
1256 3360 1338 3414 his
1384 3360 1541 3428 plane
1574 3361 1857 3423 conttaria,
1891 3361 1997 3419 sim

420 3453 519 3508 iata
544 3470 558 3506 ς
593 3453 654 3522 (i)
680 3451 845 3505 Nemo
871 3452 1092 3516 dubitat,
1120 3467 1263 3507 nemo
1285 3451 1605 3513 condemnat,
1636 3452 1769 3517 quod
1790 3461 1994 3504 auclore

408 3545 592 3615 gratia:
644 3551 946 3612 praestante,
984 3553 1029 3596 et
1066 3542 1174 3608 ipse
1224 3541 1475 3611 wguitatis
1526 3542 1811 3595 hominibus
1846 3541 1993 3596 caflis

408 3635 657 3701 aperitur.
704 3633 824 3689 Dua:
843 3634 976 3689 enim
1000 3633 1245 3687 bonorum
1271 3644 1316 3687 et
1338 3648 1628 3701 prwcessor,
1651 3635 1834 3702 gratia.
1856 3633 1989 3705 Ergo

406 3727 640 3779 debemus
665 3724 845 3792 gratia?
868 3723 1004 3794 quod
1025 3739 1285 3789 vocamur,
1303 3723 1438 3792 quod
1464 3724 1675 3777 occultis
1702 3723 1983 3789 itineribus,

406 3815 503 3868 nisi
540 3816 855 3878 resistamus,
896 3829 1048 3884 sapor
1076 3813 1218 3865 nobis
1256 3812 1420 3867 vitalis
1458 3814 1766 3883 infunditur.
1814 3814 1982 3881 Quam

404 3907 603 3960 diserte
641 3905 712 3959 ibi
749 3905 937 3975 gratia:
961 3944 979 3972 ,
1011 3913 1067 3958 et
1102 3904 1317 3974 quidem
1362 3905 1662 3970 interioris,
1695 3908 1983 3961 necessitas
2042 3902 2047 3909 ’

2102 2924 2324 2981 Lutetia:
2350 2927 2514 2978 altera
2546 2937 2705 2993 quam
2728 2922 2958 2977 Jacobus
2981 2920 3294 2975 Sirmontlus
3322 2919 3387 2972 ad
3420 2921 3526 2973 duo
3554 2936 3671 2987 spe.

2099 3026 2253 3069 ctatm
2283 3016 2404 3070 ﬁdei
2439 3016 2796 3084 exemplaria,
2846 3014 3149 3069 Vaticanum
3181 3022 3234 3067 et
3262 3012 3461 3067 Nicolai
3494 3013 3671 3080 Fabri,

2098 3104 2383 3173 diligenter
2411 3106 2606 3173 exegit,
2642 3119 2934 3174 eorumque
2970 3119 3071 3173 ope
3105 3104 3319 3158 lacunas
3346 3118 3464 3171 qua:
3493 3106 3670 3156 multm

2100 3209 2155 3254 et
2180 3199 2423 3253 maxima:
2453 3208 2613 3253 erant
2643 3198 2886 3267 implere,
2918 3213 2981 3251 ac
3008 3212 3168 3266 prave
3194 3196 3400 3250 detorta
3432 3207 3484 3249 et
3512 3196 3671 3263 traje-

2101 3302 2185 3345 cia
2227 3293 2337 3345 suis
2384 3290 2518 3349 locis
2558 3304 2816 3358 reponere
2860 3289 3094 3353 studuit;
3135 3288 3417 3357 omnirque
3454 3286 3668 3339 demum

2098 3394 2260 3447 opera
2293 3395 2355 3433 ex
2388 3380 2611 3447 pristina
2642 3379 3044 3445 Perturbatione
3073 3378 3126 3431 in
3165 3387 3340 3430 t-ertos
3370 3377 3585 3429 ordines
3616 3386 3667 3430 et

2094 3472 2246 3538 quasi
2275 3471 2475 3524 classes
2503 3469 2730 3539 digesta,
2760 3479 2814 3522 ut
2841 3484 2903 3523 ex
2933 3470 3047 3537 ipso
3084 3466 3451 3536 intelligimus,
3483 3467 3668 3534 exqui-

2096 3563 2212 3615 sitis
2243 3561 2677 3617 atluotationibus
2707 3560 3009 3614 illustravit.
3048 3560 3120 3613 De
3151 3559 3233 3613 his
3261 3568 3435 3611 autem
3463 3558 3666 3610 duabus

2095 3652 2441 3705 cditionihus
2477 3652 2641 3705 adisis
2692 3652 2838 3705 viros
2900 3650 3139 3704 eruditos
3191 3648 3416 3705 subinde
3486 3648 3665 3701 lauda-

2096 3751 2177 3795 tos
2201 3740 2300 3814 (j).
2348 3741 2662 3796 Pr:rclaram
2694 3742 2871 3809 itaque
2901 3741 3036 3794 hanc
3060 3739 3332 3796 Sirtnondi
3374 3740 3661 3792 editioni-tn

2096 3837 2244 3904 prelo
2268 3834 2699 3889 committendam
2726 3833 3032 3903 consignavi
3059 3846 3177 3885 nus.
3202 3831 3350 3885 Notis
3380 3830 3437 3882 V.
3464 3830 3526 3886 C.
3550 3832 3663 3884 ani-

2091 3926 2493 3981 madversioues
2524 3924 2723 3978 Barthii
2771 3924 3096 3992 suhjeeimns
3132 3937 3265 3991 quas
3310 3937 3377 3975 ex
3420 3920 3660 3988 ejusdem

403 3996 797 4049 asseritur!....
847 4002 1098 4051 Attamen
1146 3996 1228 4047 vir
1277 3996 1541 4049 maximus
1588 4012 1616 4047 a
1665 3996 1978 4066 quibusdam

2100 4016 2529 4071 Adversariorum
2556 4016 2704 4069 libris
2726 4024 3005 4083 excerptas
3035 4014 3100 4067 ad
3127 4014 3329 4068 calcem
3377 4013 3659 4067 voluminis

403 4090 545 4142 velut
583 4088 847 4141 haeretica:
881 4086 1139 4141 doctrinae
1177 4085 1427 4142 defensor
1475 4087 1766 4142 traducitur
1798 4104 1813 4142 :
1854 4104 1975 4144 cum

402 4191 587 4235 contra
616 4178 685 4231 ob
719 4179 860 4231 illam
908 4180 1076 4247 ipsam
1121 4193 1335 4233 causam
1380 4179 1690 4237 orthodoxis
1730 4180 1977 4235 omnibus

403 4274 589 4324 debeat
620 4283 740 4324 esse
770 4267 1036 4337 praecipuo
1070 4267 1191 4338 jure
1236 4270 1666 4335 commendatus;
1713 4272 1803 4341 qui
1850 4287 1975 4325 con-

403 4360 649 4415 futaverit
679 4359 985 4428 pestiferqu
1014 4360 1241 4430 dogma,
1269 4375 1375 4430 qtto
1407 4361 1682 4431 religionis
1710 4363 1884 4417 omnis
1914 4377 1976 4419 ac

403 4467 609 4506 tttorutn
652 4450 944 4517 di~ciplinae
992 4451 1332 4506 fundamenta
1376 4454 1771 4509 convelluntur.
1812 4474 1830 4506 ι
1874 4455 1976 4510 lla-

465 4608 543 4677 (α)
582 4607 783 4681 Du__l'in
810 4607 951 4681 Bibl.
983 4610 1229 4681 tom.7Vl,
1264 4626 1380 4681 pag.
1412 4614 1499 4667 27.

471 4681 547 4748 (lt)
585 4678 779 4731 Soller.
809 4678 845 4730 Ι.
871 4692 946 4748 c.,
971 4693 1088 4747 pag.
1117 4680 1243 4744 275,
1266 4678 1420 4735 nutu.
1457 4686 1537 4746 l3,
1566 4683 1649 4736 fi.

465 4747 555 4826 lc)‘
592 4747 1079 4826 Bautt._praafat._ad
1113 4751 1615 4826 tom._lﬂSirmond..
1649 4755 1675 4826 δ
1705 4755 1789 4807 1'2.

462 4818 562 4887 (ιι)
592 4817 966 4889 γϐυιιρῑιηιοιῐι.
1002 4818 1066 4884 ν,
1099 4836 1214 4889 pag.
1245 4819 1343 4875 501
1376 4824 1503 4877 edit.
1543 4817 1843 4880 VeuZLahh.
1884 4827 1926 4879 Ι.

469 4896 544 4962 (ς)
583 4887 851 4962 μοι-ιξιὶμμ.
882 4890 966 4956 cpi
1000 4887 1348 4962 t._rad_A_nas_t.
1382 4892 1510 4962 imp.

461 4955 531 5028 (fl
582 4956 750 5013 Nicol.
782 4955 820 5022 Ι,
851 4955 1004 5027 epist.
1039 4960 1072 5013 8
1096 4959 1163 5014 ad
1191 4960 1431 5015 Michael.
1458 4955 1595 5033 'Aug.

2084 4107 2238 4174 primi
2281 4105 2772 4160 Sirmondianurutn
2823 4105 3010 4172 rejecit
3046 4104 3278 4157 Baunius
3311 4120 3323 4155 :
3372 4113 3532 4171 atque
3564 4119 3659 4170 ap-

2082 4194 2359 4263 pendicem
2388 4194 2679 4262 adjecimus
2704 4210 2767 4247 ex
2798 4209 2935 4247 novo
2956 4193 3234 4247 Thesauro
3259 4193 3657 4248 Auecdotorum

2082 4284 2411 4340 Marteniano
2443 4284 2539 4354 (k),
2573 4285 2797 4338 Ennodii
2828 4285 3032 4339 scilicet
3064 4285 3356 4338 Dictionetn
3398 4284 3449 4336 iu
3499 4285 3654 4336 nztlall

2082 4376 2352 4437 Laurentii
2384 4375 2791 4430 Mediolanensis
2821 4376 3081 4441 episcopi,
3123 4390 3225 4431 una
3250 4390 3370 4429 cum
3412 4376 3653 4441 ejusdeu.

2086 4467 2320 4536 Epistula
2352 4467 2610 4521 Venautio
2639 4466 2845 4519 cuidam
2878 4467 3148 4535 inscripta.

2151 4615 2223 4684 (ξι)
2247 4616 2399 4669 Joan.
2432 4632 2544 4680 vut,
2578 4617 2729 4683 epist.
2763 4615 2826 4667 ad
2863 4616 3073 4671 liercar.
3110 4616 3231 4669 abb.

2145 4690 2222 4754 (Ii)
2266 4686 2423 4754 (ἔνι-ς.
2455 4702 2543 4743 \‘ll,
2578 4691 2626 4738 in
2662 4686 2888 4739 Dictatu.

2145 4762 2207 4823 (t)
2254 4757 2464 4810 Etmml.
2498 4757 2587 4808 li't.
2621 4770 2678 4817 lt,
2710 4761 2864 4819 epiSt.
2896 4756 2982 4810 l9.
3018 4806 3021 4811 _

2146 4829 2214 4895 (j)
2254 4827 2387 4879 llist.
2417 4826 2672 4880 littéraire
2695 4828 2761 4880 de
2784 4829 2829 4880 la
2856 4826 3078 4893 France,
3105 4837 3235 4880 tom.
3262 4823 3347 4889 Ill,
3375 4838 3492 4891 pag.
3525 4824 3615 4876 101
3635 4863 3650 4887 ,

2075 4911 2183 4949 net.
2221 4898 2265 4949 Ι.

2144 4966 2216 5037 (Ii)
2260 4966 2479 5020 Marten.
2508 4965 2666 5019 Thes.
2697 4965 2895 5019 Auccd.
2929 4975 3055 5018 tom.
3091 4964 3152 5028 ν,
3187 4980 3302 5033 με.
3337 4964 3425 5017 61.
