3998 6362
2997 520 3212 530 »-
3256 526 3442 534 __

178 824 183 829 ,

793 1026 855 1066 ηπ
1153 865 2578 1057 EPISTOLARUM

1636 1123 1947 1206 LIBRI
1997 1125 2165 1207 IX.

1367 1323 1742 1423 LIBER
1828 1322 2352 1428 PRIMUS.

735 1483 1063 1539 EPISTULA
1107 1483 1336 1537 PRIMA.

790 1601 1045 1640 ENNODIUS
1082 1601 1286 1639 JOANNI.

314 1694 446 1748 Dum
476 1691 658 1745 salum
691 1688 891 1757 quaeris
928 1687 1105 1740 verbis
1146 1687 1198 1738 in
1240 1686 1469 1741 statione
1496 1690 1830 1753 compositis,

239 1796 293 1839 et
325 1786 525 1839 incerta
559 1780 813 1850 liquentis
841 1779 1092 1832 elementi
1126 1779 1329 1845 placida
1362 1780 1604 1836 oratione
1632 1782 1831 1836 descri-

240 1876 327 1930 bis
352 1893 367 1929 :
398 1875 523 1927 dum
548 1887 863 1926 sermonum
888 1868 1132 1938 cymbam
1162 1870 1300 1923 inter
1332 1869 1557 1939 loquelte
1582 1874 1830 1940 sc0pulos

240 1976 421 2020 rector
445 1964 676 2033 diligens
707 1962 905 2025 frenas,
937 1972 990 2015 et
1019 1974 1232 2014 cursum
1255 1961 1517 2015 artiﬁcem
1542 1962 1829 2016 fabricatus

238 2056 531 2110 trutinatur
552 2052 845 2122 expendis;
879 2052 1098 2121 pelagus
1124 2051 1295 2105 oculis
1318 2052 1474 2117 meis,
1503 2052 1641 2121 quod
1671 2068 1830 2121 aqua-

240 2163 365 2201 rttm
398 2144 925 2212 simulabas,eloqnii
950 2142 1346 2197 demonstrasd.
1368 2144 1508 2197 Deus
1534 2145 1692 2205 bone,
1723 2153 1747 2181 °
1779 2146 1828 2198 'n

237 2250 473 2307 quantos
495 2252 552 2291 se
574 2251 705 2291 usus
727 2237 877 2289 dives
904 2236 1080 2304 lingua
1106 2234 1362 2304 dispergit
1386 2237 1399 2288 ι
1425 2234 1556 2289 Cum
1580 2237 1829 2302 voluerit,

237 2328 399 2381 saevit
433 2337 489 2380 ut
520 2327 712 2389 bestia,
746 2325 916 2379 currit
943 2334 999 2377 ut
1024 2324 1212 2377 ﬂuvius
1233 2364 1247 2387 ,
1278 2325 1498 2378 lluctuat
1523 2336 1578 2377 ttt
1612 2325 1829 2393 profun-

240 2419 375 2472 dum
408 2434 423 2472 :
454 2428 507 2471 et
546 2429 921 2483 quamcunque
960 2414 1148 2467 fucatis
1191 2415 1473 2467 verborum
1517 2415 1832 2482 imaginibus

242 2510 423 2580 pingit
441 2496 693 2576 speciem,
713 2506 825 2559 veri
848 2504 1220 2575 astipulatioue
1240 2515 1605 2573 reprmsentat.
1624 2506 1757 2559 Tum
1775 2523 1832 2560 re

248 2611 311 2657 te
334 2600 702 2669 scriptionem,
728 2598 878 2664 quasi
909 2597 929 2649 l
956 2607 1081 2650 onte
1106 2606 1273 2659 tener,
1304 2598 1568 2662 insinuas;
1593 2597 1717 2651 dum
1747 2600 1833 2652 de-

1848 1490 1898 1547 Α
1929 1497 2105 1541 menta
2136 1488 2376 1541 :emulari
2410 1505 2421 1538 :
2454 1488 2672 1545 vincere
2698 1504 2879 1560 posse.
2910 1506 3048 1549 sicut
3075 1510 3231 1550 nemo
3260 1501 3510 1565 credidit,

1944 1580 2012 1633 ita
2046 1580 2221 1633 nullus
2250 1584 2475 1645 Optavit.
2520 1582 2678 1637 Vides
2708 1596 2965 1653 quantum
2996 1588 3061 1641 ad
3093 1605 3324 1660 unguem
3355 1593 3514 1661 polita

1940 1675 2277 1729 conversatio
2326 1676 2512 1744 pretiis
2560 1678 2695 1733 bene
2739 1682 3004 1735 nascentis
3041 1684 3327 1753 adjungat?
3365 1686 3517 1753 Quod

1934 1763 2093 1832 jubar
2128 1766 2402 1833 sanguinis
2448 1768 2715 1835 prmstitit,
2758 1773 3026 1837 superavit
3058 1773 3317 1829 industria
3355 1781 3514 1832 casti~

1937 1855 2134 1921 gautis.
2159 1854 2372 1909 Credidi
2400 1866 2641 1910 votorum
2664 1875 2927 1915 summam
2959 1864 3189 1932 fatigari,
3215 1868 3259 1919 si
3285 1878 3336 1921 te
3367 1883 3517 1922 nata-

1938 1944 2074 1999 lihtts
2103 1945 2464 2011 reddidisses;
2490 1948 2617 2001 illud
2647 1964 2750 2002 non
2782 1953 3252 2023 expendens,quid
3284 1958 3514 2013 claritati

1934 2043 2037 2087 tnze
2066 2035 2401 2089 coltabitator
2429 2035 2717 2092 infuderet.
2745 2037 2771 2075 ιι
2801 2041 2881 2094 Sit
2911 2042 3047 2097 forte
3079 2045 3132 2099 in
3157 2048 3515 2101 :estimatione

1933 2128 2029 2182 arb
2052 2129 2136 2181 trii
2169 2130 2269 2182 mei
2301 2129 2611 2184 defraudato
2640 2135 2894 2200 cognitio.
2917 2136 3188 2193 Neminem
3216 2141 3414 2195 credidi
3446 2144 3515 2197 ad

1934 2220 2209 2288 Olybrium
2242 2222 2568 2289 pervenire:
2613 2240 2771 2293 quem
2817 2227 3007 2283 vicinis
3046 2233 3281 2289 calcibus
3328 2241 3513 2305 pernix

1935 2310 2205 2365 insecutor
2227 2313 2485 2382 adjnnges
2508 2331 2521 2368 :
2556 2315 2765 2370 beatum
2798 2320 3036 2375 facturus
3064 2338 3277 2394 nempe,
3302 2327 3346 2380 si
3375 2328 3513 2383 vice-

1936 2402 2031 2455 ris.
2071 2404 2234 2457 Deum
2265 2418 2472 2473 precor,
2505 2417 2561 2459 ut
2591 2408 2950 2464 adolescentia
2978 2412 3031 2465 in
3063 2425 3137 2479 te,
3168 2432 3288 2484 quae
3316 2420 3513 2489 (perfe-

1935 2496 2190 2565 ctionem)
2221 2498 2530 2565 primordiis
2560 2512 2878 2562 monstrant.
2908 2503 3060 2559 bonze
3080 2508 3245 2576 frugis
3273 2514 3512 2579 germina

1936 2587 2329 2642 convalescant.
2378 2590 2528 2643 Domi
2562 2592 2750 2657 habes,
2788 2593 2929 2648 unde
2955 2597 3344 2656 exhortationis
3378 2619 3514 2659 meai

236 2698 622 2752 clamatiouum
665 2710 910 2762 joinpatn
943 2696 1119 2762 refuga
1168 2694 1337 2748 laudis
1373 2694 1614 2762 deposcit
1651 2711 1827 2749 asser-
1863 2692 1909 2751 Β
1935 2676 2052 2728 Vi"
2082 2692 2264 2732 δυωθδ
2292 2681 2556 2749 em"’l’lih
2582 2681 2656 2736 Τε
2682 2693 2832 2751 [mer
2867 2700 3075 2740 mitram
3106 2693 3509 2759 tranquillitate,

238 2792 353 2853 tio;
380 2797 435 2842 et
458 2788 514 2841 lit
533 2802 693 2840 avara
716 2786 918 2854 glorier,
940 2785 1066 2838 dum
1098 2785 1286 2852 pudori
1318 2801 1539 2853 parcere
1568 2802 1624 2841 se
1649 2796 1829 2839 osten-

240 2881 349 2944 dit,
365 2878 700 2949 peregrinam
723 2877 943 2931 mentita
968 2875 1327 2930 formidinem.
1346 2878 1458 2944 Ago
1477 2887 1533 2929 at
1572 2894 1637 2931 ue
1659 2878 1830 2931 habeo

240 2972 469 3042 gratias,
521 2968 664 3038 quod
717 2969 911 3021 nobilia
966 2967 1061 3020 rnd
1089 2978 1263 3022 menta
1317 2969 1575 3023 iacnndize
1624 2980 1727 3023 true
1776 2971 1828 3023 in

239 3062 429 3127 amici,
460 3059 487 3099 δ
523 3070 780 3129 quantum
806 3060 1063 3121 atstitnas,
1090 3059 1373 3127 pratcuniis
1394 3062 1739 3114 consecrasti.
1766 3062 1830 3115 Et

239 3155 367 3209 licet
398 3161 504 3207 neu
534 3165 819 3220 agnoscam
854 3165 969 3204 mea
1000 3163 1121 3204 esse
1148 3164 1267 3217 qua!
1298 3150 1575 3219 loqueris;
1609 3152 1824 3220 religio-

242 3263 361 3301 nem
398 3256 575 3300 tamen
600 3244 870 3298 narrantis
896 3243 1209 3312 amplector,
1239 3242 1567 3311 diligentiam
1597 3246 1825 3311 pectoris

243 3338 403 3391 laudo
425 3379 442 3399 ,
471 3346 625 3405 quam
656 3334 842 3405 gratiae
887 3350 979 3403 per
1008 3334 1197 3388 sudum
1232 3334 1497 3389 rutilantis
1528 3336 1643 3390 luce
1672 3335 1823 3390 dedi-

242 3430 399 3484 raSti.
442 3428 560 3483 Tibi
602 3428 687 3480 fax
740 3427 837 3481 ista
881 3425 1248 3495 pratenditur,
1282 3442 1439 3494 quam
1479 3427 1533 3480 in
1577 3426 1827 3496 opinione

244 3540 360 3576 mea
416 3522 646 3577 blandus
692 3523 931 3577 elocutor
972 3523 1223 3576 accendis
1264 3539 1276 3574 :
1323 3537 1420 3591 ego
1459 3536 1665 3577 noctem
1696 3540 1823 3578 cou-

239 3613 473 3667 scientim
496 3630 648 3680 mere,
689 3615 786 3667 etsi
815 3628 919 3666 non
945 3612 1110 3682 fugio,
1137 3624 1159 3651 ε
1186 3616 1306 3668 novi
1334 3626 1507 3669 tamen
1533 3617 1816 3673 :cStimare.

244 3702 445 3757 Graves
477 3706 654 3756 hiatus
680 3703 878 3770 patitur
906 3702 1096 3756 aliena:
1122 3706 1303 3771 gratim
1324 3707 1605 3760 commissa
1630 3707 1821 3761 credu-

246 3797 364 3849 litas
395 3812 409 3848 :
444 3809 743 3863 quanquam
768 3810 926 3847 omne
958 3796 1160 3849 crimen
1190 3804 1445 3859 transeat,
1475 3797 1561 3867 qui
1592 3798 1703 3852 vult
1731 3798 1822 3853 de-

1934 2782 2087 2821 socer
2114 2769 2417 2840 eloquentia
2445 2774 2678 2828 similem
2707 2776 2984 2843 producat.
3019 2780 3074 2835 Si
3107 2797 3193 2837 me
3221 2786 3328 2838 voti
3361 2803 3509 2843 rettm

1934 2858 2108 2913 facere
2150 2863 2389 2916 caelestia
2444 2878 2608 2932 regna
2651 2865 2953 2935 dignamur,
2999 2887 3162 2926 unum
3214 2889 3423 2942 precor,
3455 2890 3513 2934 ut

1933 2951 2036 3004 mei
2062 2952 2369 3006 meminisse
2388 2952 2624 3022 digneris
2647 2972 2661 3007 :
2686 2972 2751 3010 ne
2774 2957 2935 3022 illius,
2952 2962 3103 3028 cujus
3129 2966 3507 3029 perfectionem

1934 3041 2075 3095 inter
2100 3043 2310 3097 dicendi
2340 3044 2624 3098 simulacra
2655 3047 2953 3113 meditaris,
2984 3052 3267 3113 oblivionis
3297 3073 3507 3125 quoque

1933 3149 2027 3201 par
2051 3150 2171 3188 csse
2198 3135 2509 3188 contendas.
2534 3135 2639 3190 Sed
2663 3138 2733 3190 ad
2750 3140 2992 3206 epistola:
3017 3158 3218 3199 morem
3249 3160 3503 3213 revertar.

1932 3243 2088 3296 quant
2118 3226 2329 3281 affectio
2358 3238 2445 3280 tua
2474 3228 2523 3281 itt
2558 3230 2772 3298 longum
2805 3233 3077 3298 produxit.
3101 3237 3278 3302 Salve,
3311 3242 3380 3295 mi
3409 3243 3506 3298 do-

1931 3318 2093 3382 ntiue,
2122 3328 2174 3371 et
2203 3328 2468 3372 amantem
2493 3322 2564 3373 tui
2597 3323 2963 3390 frequentibus
2990 3327 3106 3382 cole
3136 3332 3330 3387 muniis
3357 3334 3504 3391 litte-

1932 3426 2145 3470 rarum:
2174 3427 2242 3465 ne
2270 3412 2468 3465 amoris
2492 3416 2811 3468 conteSIatio
2838 3416 2950 3470 sola
2977 3419 3116 3474 sicut
3142 3424 3281 3477 solet
3309 3426 3361 3479 in
3389 3429 3505 3496 qni-

1932 3500 2151 3554 buslatn
2169 3517 2309 3564 esse,
2328 3512 2350 3539 ⁸
2370 3503 2549 3571 ρνωνίἰ
2571 3505 2621 3557 in
2642 3514 2691 3558 te
2710 3516 2922 3574 putetur
2936 3511 3207 3567 exstitisse
3217 3520 3501 3574 sermonis.

2504 3618 2827 3674 EPISTOLA
2871 3622 2928 3676 ll.

2471 3725 2727 3765 ENNOUUS
2768 3727 2953 3767 FLORO.

2000 3797 2129 3852 Novi
2162 3815 2246 3853 me
2271 3800 2455 3853 duram
2475 3803 2683 3868 cepisse
2707 3802 3054 3871 provinciam,
3082 3815 3130 3859 et
3151 3823 3368 3875 gravem
3392 3827 3505 3866 sar-

244 3886 426 3953 (ᾕρει-ε
448 3883 829 3937 conﬁdentem.
857 3882 1060 3940 Gaudia
1091 3894 1267 3940 tamen
1300 3902 1417 3941 mea
1448 3887 1515 3942 de
1546 3899 1595 3942 te
1624 3892 1822 3957 episto-
1849 3875 1894 3936 C
1924 3886 2099 3941 cinam
2140 3888 2376 3942 humeris
2415 3889 2642 3945 inﬁrmis
2681 3893 2944 3957 attollere,
2989 3898 3075 3965 qui
3117 3900 3500 3956 sublimitatem

244 3976 369 4029 laris
396 3976 613 4043 alloquii
639 3972 857 4028 dotibus
880 3974 1211 4041 adimplesti;
1236 3976 1361 4030 dum
1387 3978 1671 4032 novitatem
1695 3995 1820 4033 sen-

243 4082 392 4119 suum
413 4076 678 4120 monstras
696 4066 983 4121 serenitate
1000 4082 1329 4129 sermonum,
1345 4078 1399 4123 et
1417 4072 1611 4124 veteris
1624 4070 1815 4126 decora

243 4157 503 4225 prosapia:
542 4155 738 4220 novelli
780 4155 952 4210 vincis
986 4157 1161 4211 nitore
1189 4159 1461 4227 colloquii.
1513 4162 1603 4213 Sat
1651 4161 1819 4217 fuerat

244 4258 517 4315 parentum
545 4257 758 4300 tuorum
785 4246 1087 4311 desideriis,
1120 4248 1331 4303 seniora
1355 4260 1404 4304 te
1426 4249 1641 4306 fatnilizc
1657 4268 1817 4307 orna-

312 4407 329 4437 ⁸
372 4405 547 4474 Magni
580 4406 772 4461 Felicis
805 4406 1049 4477 Ennodii]
1089 4408 1211 4461 Tr‘a
1246 4410 1358 4463 lucc
1390 4413 1599 4465 numina
1635 4413 1815 4466 Enno-

244 4476 341 4549 (ξὶ,
369 4495 497 4549 qua;
518 4479 567 4531 itt
599 4480 833 4544 antiquis
854 4476 1248 4547 exemplaribus
1273 4485 1533 4547 leguntur,
1570 4498 1671 4536 nou
1700 4485 1818 4549 qui-

244 4545 363 4617 dem
398 4551 447 4599 in
476 4546 648 4600 fronte
672 4550 871 4615 operis,
906 4545 1075 4617 neque
1123 4545 1442 4617 passm—per
1472 4567 1659 4605 omnes
1689 4545 1815 4605 titu-

244 4615 345 4677 los,
374 4618 464 4669 sed
510 4617 563 4670 in
609 4633 674 4669 eo
710 4619 966 4671 duntaxat
993 4615 1086 4683 qui
1125 4615 1373 4685 perlitus
1401 4632 1480 4674 est
1509 4624 1638 4675 \‘ita:
1674 4624 1810 4678 beati

245 4688 478 4761 Antonii.
514 4688 827 4761 _ln_c;eleris
855 4692 984 4742 satis
1030 4690 1324 4743 habuerunt
1355 4693 1643 4759 antiquarii
1670 4697 1812 4761 prio-

245 4758 391 4809 ribus
420 4757 635 4810 omissis
663 4762 897 4821 tertium,
931 4760 1069 4823 quod
1102 4774 1284 4812 verum
1317 4771 1369 4813 et
1395 4757 1814 4827 propriunt'auc-

245 4828 374 4878 toris
406 4842 599 4901 nomen
630 4837 769 4891 erat,
793 4828 1087 4901 adnotare.
1110 4832 1385 4897 l‘mpriuut
1414 4835 1647 4901 inquam.
1681 4834 1810 4888 Nam

247 4899 466 4970 I-lunndii
514 4898 690 4951 adhuc
733 4912 850 4949 τενο
900 4915 1013 4951 mos
1061 4900 1306 4964 durabat,
1350 4904 1439 4970 qtti
1470 4898 1607 4968 apud
1639 4904 1677 4957 L
1717 4908 1810 4959 tini

244 4967 506 5038 quondam
533 4970 645 5020 uris
671 4977 878 5035 gentes.
922 4978 1084 5038 atque
1134 4970 1269 5024 adeo
1303 4967 1378 5026 in'
1409 4967 1549 5027 Urbe
1598 4977 1808 5029 tandem

1925 3986 2089 4042 tuam,
2131 3990 2386 4046 quantum
2427 3981 2491 4033 ad
2524 3997 2629 4047 me,
2674 3985 2906 4051 quietam
2948 3988 3232 4042 verborum
3272 3993 3503 4050 stimulis

1924 4068 2171 4122 excitavi.
2206 4072 2293 4124 Sic
2317 4070 2553 4125 minaces
2582 4072 2769 4128 dentes
2799 4075 2996 4131 bestias
3028 4080 3253 4135 invalida
3288 4084 3503 4140 lacessit

1922 4163 2043 4217 adol
2080 4165 2279 4217 sccntia
2315 4182 2328 4217 :
2361 4176 2415 4220 et
2436 4167 2560 4219 dum
2594 4168 2795 4237 majora
2822 4171 3023 4227 viribus
3055 4188 3328 4241 provocat,
3360 4180 3501 4246 quod

1921 4257 2136 4311 evenire
2163 4263 2329 4325 optat,
2364 4260 2723 4326 spectaculum
2755 4269 2904 4330 putat
2922 4278 3064 4332 esse,
3091 4282 3194 4319 non
3228 4270 3493 4335 praéliunt.

1919 4404 2078 4476 modo
2118 4405 2186 4476 in,
2215 4404 2381 4457 titulis
2418 4405 2663 4460 omnibus
2701 4406 2977 4473 librorum,
3015 4410 3066 4460 in
3112 4415 3493 4476 marmoribus.

1916 4474 2141 4552 aliisque
2161 4475 2368 4552 illorum
2391 4482 2688 4552 temporum
2714 4480 3099 4552 monumentis,
3115 4487 3330 4552 quando
3349 4474 3499 4552 plura

1918 4544 2072 4597 huius
2120 4544 2354 4598 hominis
2399 4544 2613 4597 nomina
2657 4560 2960 4609 occurrunt,
3001 4544 3218 4604 dubium
3268 4544 3373 4606 non
3417 4569 3499 4609 est

1916 4617 2041 4682 quin
2067 4629 2248 4691 verum
2271 4628 2334 4667 ac
2360 4614 2628 4691 propnriunt
2660 4617 2709 4668 id
2734 4616 2849 4685 ejus
2878 4636 3072 4672 nomen
3096 4622 3184 4691 sit,
3208 4626 3348 4691 quod
3373 4626 3499 4679 ulti-

1919 4700 2060 4737 uutm
2108 4683 2420 4739 collocatur.
2469 4684 2599 4750 Quae
2640 4683 2780 4739 nunc
2816 4704 2994 4752 pauos
3042 4683 3386 4747 admonuisse
3429 4698 3500 4751 sit

1917 4756 2047 4826 satis
2077 4770 2089 4807 :
2121 4756 2244 4826 quia
2269 4753 2462 4826 justam
2497 4755 2620 4809 huic
2649 4758 2724 4811 rei
2757 4757 3038 4812 diatribam
3069 4761 3085 4779 ‘
3112 4762 3239 4826 alio,
3274 4765 3317 4817 si
3354 4766 3494 4821 Deus

1920 4825 2087 4889 volet,
2122 4825 2240 4877 loco
2270 4824 2618 4877 destinamus.

1990 4903 2014 4967 ξι
2057 4898 2075 4946 I
2086 4912 2114 4947 tt
2132 4902 2352 4967 quantos
2379 4911 2430 4945 se
2460 4895 2601 4967 usus]
2628 4894 2754 4964 Leg.
2778 4897 2831 4949 in
2858 4908 3075 4967 quantos
3096 4916 3147 4953 se
3175 4902 3329 4956 risus.
3365 4904 3497 4959 Nam

1918 4964 2064 5043 velut
2090 4964 2159 5017 oh
2199 4967 2387 5017 oculos
2420 4965 2543 5032 poni
2575 4964 2661 5019 res
2694 4967 2838 5035 ipsas
2864 4964 3164 5043 descriptas
3202 4974 3278 5026 ait
3307 4980 3497 5043 :qnod

245 5035 356 5101 ipsa
389 5052 499 5102 puSt
528 5053 773 5119 eversam
806 5035 1255 5126 rempzolbtinuit,
1285 5052 1340 5095 ιιι
1360 5058 1477 5096 cum
1504 5044 1673 5099 tribus
1702 5047 1811 5125 lere

1932 5037 2385 5126 )muin‘qppuscuut
2411 5051 2530 5105 qua:
2555 5048 2865 5105 sequuntur.
2903 5035 3190 5108 BAR'I'liIUS,
3216 5035 3487 5117 Adversar.

245 5121 541 5170 quaittorve
572 5108 879 5181 nominibus
905 5110 1193 5165 nobiliores
1221 5121 1518 5177 uterentur,
1537 5116 1809 5181 proprium

245 5186 418 5228 tamen
442 5193 601 5251 unum
633 5178 888 5248 cujusque
936 5195 1127 5233 nomen
1173 5191 1339 5245 esset,
1368 5184 1510 5251 quitd
1538 5178 1811 5250 postremo

243 5260 456 5322 semper
491 5249 611 5322 loco
654 5258 775 5322 post
817 5260 1008 5322 cetera
1035 5252 1357 5315 statuebant,
1388 5249 1581 5322 etquo
1630 5259 1809 5321 unico,

243 5316 286 5391 si
311 5317 831 5391 plurihnsabstittere
857 5321 1417 5391 placuisset,singu|os
1442 5316 1809 5391 designabant.

248 5387 616 5463 \erbi_gratia_.
667 5388 736 5442 bl.
780 5388 1218 5463 dVUNIANl‘JUSTINl
1247 5387 1348 5463 (Sic
1375 5394 1515 5447 enim
1546 5387 1811 5451 breviato-

243 5471 354 5508 retn
385 5456 534 5524 Trogi
580 5459 819 5535 Pompeii
859 5460 1089 5535 appellat
1118 5456 1285 5535 codex
1332 5463 1640 5535 Vaticanus)
1690 5483 1812 5534 pro-

244 5540 413 5596 prium
442 5544 631 5582 nomen
664 5530 759 5582 fuit
782 5531 1042 5596 Justinus,
1073 5541 1129 5586 et
1156 5530 1299 5587 Fanu
1332 5530 1630 5590 Larinum-It
1651 5530 1809 5593 Manu

249 5594 535 5668 Vicinum,
551 5600 888 5668 quaein'egra
912 5611 993 5655 eat
1016 5594 1371 5657 uernent-latio
1392 5606 1670 5659 clarissimi
1690 5609 1802 5661 rhe-

244 5667 398 5727 toris,
418 5683 448 5736 q
470 5670 499 5722 ii
530 5667 582 5723 iu
627 5670 905 5723 Ciceronis
934 5672 1098 5725 libros
1124 5675 1189 5725 de
1229 5677 1357 5727 Arte
1384 5676 1645 5729 rhetorica
1678 5680 1810 5733 scri-

244 5736 368 5814 psit,
386 5740 650 5814 proprium
672 5740 796 5814 item
821 5755 1013 5814 nomen
1035 5757 1104 5809 qn
1142 5743 1173 5795 d
1193 5754 1538 5811 postremum.
1556 5744 1607 5798 Id
1635 5747 1805 5813 ipsum

245 5809 297 5856 in
327 5809 542 5883 évieno,
570 5809 817 5883 Liberio,
844 5809 1265 5883 Syutntaehopc!
1295 5815 1414 5866 aliis
1444 5814 1509 5868 atl
1537 5809 1671 5883 quos
1705 5820 1807 5870 En-

246 5873 435 5931 nodius
478 5880 693 5943 scribit,
742 5881 853 5935 suis
885 5873 1028 5935 locis
1080 5873 1445 5938 ostendemus.
1501 5873 1804 5956 Eodemque

1920 5120 2039 5174 pag.
2071 5105 2198 5159 965.

1988 5174 2017 5212 ιν
2044 5176 2308 5242 Quantum
2332 5174 2467 5245 mn]
2489 5176 2644 5239 Quen
2662 5185 2782 5245 αξη.
2822 5176 2918 5238 lo.,
2941 5178 3069 5233 ibid.

1926 5294 1929 5295 ,
1991 5255 2014 5284 α
2048 5246 2181 5298 Novi
2210 5257 2377 5298 tamen
2405 5244 2675 5316 estimare]
2716 5248 2944 5300 Omnino
2977 5249 3336 5306 reducendum
3370 5264 3486 5316 est,

1915 5317 2056 5384 quod
2091 5319 2141 5391 in
2172 5317 2337 5369 veteri
2364 5316 2602 5391 editione
2628 5326 2711 5391 est
2734 5319 3176 5391 extimare,quasi
3210 5325 3493 5391 sejnttgere

1915 5402 1944 5459 a
1978 5386 2153 5459 nimiis
2180 5388 2484 5455 praeconiis,
2517 5402 2582 5440 ne
2613 5388 2778 5456 pluris
2807 5388 2908 5441 sibi
2941 5390 3181 5444 videatur
3209 5386 3491 5459 quam'su.

1916 5457 2016 5511 10..
2041 5458 2167 5510 ibid.

1986 5496 2016 5564 i1.
2041 5496 2279 5593 .Sui'tuiorte
2302 5526 2356 5578 in
2385 5524 2736 5596 mstintatione]
2770 5525 2882 5581 Non
2913 5529 3094 5582 debuit
3119 5524 3317 5591 mutari
3340 5543 3489 5587 vete-

1914 5614 2030 5651 rum
2059 5596 2533 5669 editionum‘lectio
2558 5598 2748 5669 exlium
2764 5600 2906 5669 ioue1
2940 5601 3039 5651 hoc
3068 5611 3148 5653 est
3176 5614 3486 5669 sequeSIra-

1915 5669 2081 5740 tione.
2112 5670 2176 5720 lﬁt
2202 5681 2326 5740 puto
2356 5666 2458 5735 legi
2484 5668 2681 5721 debere
2710 5685 2721 5718 :
2751 5666 2853 5730 Sit,
2885 5665 3019 5732 fere,
3048 5669 3099 5722 in
3129 5665 3484 5740 extintatt‘mte,

1912 5750 2011 5792 etc.
2048 5738 2145 5799 ln.,
2176 5738 2302 5791 ibid.

1985 5819 2008 5844 θ
2044 5807 2228 5860 Prwrii
2257 5809 2307 5858 in
2338 5817 2384 5858 te
2410 5804 2633 5875 putetur]
2662 5805 2846 5857 Ρνιῑίοιὶ
2872 5806 2981 5863 sine
3007 5826 3060 5863 re
3085 5818 3199 5885 put.
3231 5811 3332 5873 Ιυ..
3357 5812 3461 5867 ibid

1973 5902 1985 5916 ‘
2016 5898 2178 5946 Habes
2200 5900 2248 5944 in
2268 5897 2385 5945 edit.
2411 5898 2443 5944 S
2462 5897 2590 5943 donii
2615 5901 2717 5958 post
2740 5896 2931 5957 prtrfut.
