3998 6362
385 4755 391 4768 '
435 4745 679 4801 oratione
726 4753 906 4815 optata
950 4744 1217 4813 promerui
1264 4762 1277 4798 :

396 4840 403 4879 ἒ
433 4836 739 4892 assiduitati
763 4835 903 4907 quod
926 4834 1217 4905 negabatur
1237 4836 1491 4889 examini.
1520 4836 1696 4891 Debeo
1718 4837 1869 4891 vobis
1892 4837 2019 4891 ami-

402 5072 411 5099 l

450 321 543 389 15,

1583 318 1847 374 ENNODII
1888 320 2185 375 EPISCOI'I
2225 319 2598 376 TICINENSIS

3652 328 3711 381 l6

445 414 713 496 Si‘c‘mens
741 434 1136 505 congressionis
1165 434 1343 501 ignara
1371 432 1750 487 certaminibus
1778 443 1903 487 ante
1924 448 2016 503 pe-
2042 438 2088 495 Α
2122 434 2367 500 stitistis,
2408 437 2569 490 etiam
2602 437 2798 490 illaesos
2829 436 3099 506 incipiam.
3135 437 3477 492 Delenificam
3509 439 3701 507 alit-gn.

442 534 670 586 riculum
712 530 873 584 debet
923 528 1213 585 affectum.
1243 524 1449 587 Leonis
1485 526 1717 589 rabiem,
1766 535 1819 579 et
1842 541 2014 596 quam

444 623 607 693 Libya
630 622 723 675 alit
747 620 992 681 bestiam,
1017 632 1175 687 quam
1206 624 1276 685 te,
1304 617 1478 686 lingua
1504 632 1700 671 censeo
1726 616 2013 671 mitiorem.

441 714 570 779 Qua:
599 728 683 766 me
710 707 1059 780 praecipitavit
1086 705 1331 771 inscitia?
1356 708 1442 774 qui
1475 707 1637 759 animi
1666 705 1840 760 fervor
1865 722 1894 759 a
1925 720 2015 760 co-

440 818 508 871 gn
534 803 674 855 tione
698 801 768 854 tui
800 798 1226 869 peregrinantem
1253 797 1405 850 duxit
1432 798 1483 850 in
1505 796 1739 865 devium,
1764 807 1820 851 ut
1844 798 2019 855 nesci-

440 907 553 946 rem
596 890 721 960 quid
766 889 1047 944 intentioni
1090 890 1369 944 lacessitus
1410 888 1650 953 deberet,
1683 892 1773 959 qui
1805 907 2017 958 semper

440 982 789 1037 contumelias
815 982 1018 1051 primus
1046 981 1250 1050 incipit,
1278 983 1364 1051 qui
1389 981 1700 1050 injuriarum
1724 985 2017 1054 gymnasiis

441 1089 707 1144 nunquam
738 1075 933 1128 meruit
957 1072 1295 1140 posthaberif
1324 1071 1651 1127 Clericorum
1682 1083 2019 1149 certeexer-

440 1167 786 1222 citatissimos
810 1167 1148 1233 maledictor;
1177 1166 1268 1236 qui
1293 1166 1360 1221 ad
1385 1181 1478 1222 eos
1508 1182 1723 1237 semper
1744 1152 1942 1224 novelli
1963 1181 2018 1225 et

447 1262 577 1316 acuti
604 1261 778 1315 dentis
810 1274 1020 1314 morsus
1050 1258 1289 1314 exhibuit
1315 1302 1329 1323 ,
1363 1274 1519 1329 quem
1550 1261 1783 1316 evadere
1813 1262 1879 1316 ad
1914 1279 2016 1316 un-

440 1372 596 1425 guem
626 1356 780 1410 ducta
810 1356 916 1409 vita
944 1369 1047 1409 non
1078 1354 1301 1412 meruit:
1336 1355 1419 1409 cui
1442 1355 1607 1409 cessit
1632 1355 1807 1409 omnis
1837 1356 2018 1411 erudi-

441 1452 548 1516 tio;
591 1458 648 1505 et
675 1449 825 1518 quasi
855 1456 1118 1503 cometem
1148 1447 1297 1502 sidus
1325 1447 1696 1516 religiosorum
1730 1447 1861 1517 fugit
1890 1448 2016 1502 uni-

441 1540 688 1597 versitas.
734 1542 885 1595 llune
910 1553 1036 1609 ergo
1061 1538 1337 1607 improbus
1366 1547 1421 1592 et
1454 1538 1628 1594 fronte
1652 1538 1846 1593 debilis
1874 1539 2019 1593 exci-

441 1641 569 1695 tavi.
604 1640 712 1694 llac
740 1637 931 1693 fiducia
960 1650 1331 1704 provocassem
1355 1644 1542 1690 ventos
1569 1635 1633 1689 ad
1662 1634 1914 1699 flandum,
1946 1634 2014 1689 ad

441 1747 655 1786 cursum
684 1728 897 1784 flumina
916 1768 932 1791 ,
963 1726 1220 1782 Faustum
1250 1741 1424 1779 meum
1454 1725 1518 1778 ad
1549 1726 1844 1779 facundiam
1867 1766 1882 1790 ,
1911 1741 2015 1795 qua

2123 526 2318 580 tionem
2351 528 2630 595 amplexus
2654 528 2957 593 epistolaris
2980 528 3197 598 eloquii,
3218 545 3322 597 ago
3349 540 3506 599 atque
3532 532 3704 583 haben

2118 617 2334 683 gratias,
2365 617 2504 684 quod
2536 631 2621 669 me
2647 617 2737 670 ditt
2781 619 3008 671 tristium
3052 619 3297 672 noluistis
3323 634 3444 673 esse
3495 622 3703 687 partici-

2123 722 2246 775 pem
2277 726 2289 758 :
2326 708 2532 761 fecistis
2557 707 2900 775 hocforsitan
2927 719 3052 763 voto
3079 719 3131 764 et
3153 710 3330 763 studio
3354 712 3702 764 (‘OllSttlt°nllS.

2119 797 2222 851 Sed
2250 798 2457 851 ascribo
2489 798 2720 866 peccatis
2745 800 2897 863 meis,
2921 800 3057 869 quod
3082 801 3393 869 majoribus,
3418 802 3545 853 dum
3571 812 3676 855 tem
3694 833 3707 842 -
3801 812 3813 821 ‘

2124 892 2320 953 peratis
2351 888 2607 957 alloquio,
2632 903 2750 943 sum
2776 891 3005 957 jactatus
3034 892 3342 960 angoribus.
3379 894 3500 944 Mihi
3535 894 3620 944 uni
3655 893 3706 945 in

2118 968 2427 1029 adversum‘
2443 978 2657 1044 provisa
2695 977 3034 1046 contingunt,
3062 980 3185 1031 dum
3218 979 3458 1044 graviora
3498 994 3709 1045 semper

2119 1068 2171 1118 in
2203 1080 2308 1119 nia:
2338 1080 2431 1120 ore
2458 1066 2682 1131 mSIimo,
2706 1082 2824 1135 qua:
2849 1079 3089 1121 tacentur
3113 1084 3126 1121 :
3152 1069 3273 1135 quia
3295 1070 3457 1121 credo
3478 1070 3617 1137 quod
3642 1070 3708 1121 do

2121 1157 2481 1210 mediocribus
2501 1172 2642 1225 saepe
2661 1158 3125 1212 communicenlur
3151 1158 3308 1211 verba
3342 1158 3705 1226 languoribus,

2118 1264 2235 1303 cum
2288 1248 2600 1318 proximitas
2650 1251 2854 1305 funeris
2897 1250 3123 1319 imperet
3161 1251 3368 1303 silentia
3410 1253 3518 1305 cito
3559 1267 3704 1304 rum-
3757 1290 3783 1307 ,.

2120 1342 2311 1409 penda.
2346 1341 2453 1394 Deo
2475 1342 2691 1411 gratias,
2719 1342 2810 1411 qui
2833 1358 2893 1395 ea
2923 1357 3042 1410 qua:
3074 1342 3206 1394 dura
3232 1343 3707 1404 azstimantur,clc-

2123 1434 2321 1486 lltcnlln
2352 1436 2489 1487 bene
2518 1435 2695 1507 vertit,
2724 1443 2779 1488 et
2805 1449 2922 1503 qua:
2953 1450 3019 1487 ex
3046 1438 3237 1488 merito
3270 1448 3454 1488 noswo
3484 1444 3704 1487 ventura

2119 1526 2465 1595 collegimus,
2504 1541 2567 1581 ex
2602 1541 2697 1581 sua
2728 1524 2856 1580 facit
2887 1528 3233 1581 miseratione
3265 1526 3568 1582 transferri.
3601 1527 3705 1581 Vo.

2121 1616 2335 1670 luissem
2372 1627 2573 1681 tamen,
2611 1617 2769 1671 talem
2797 1618 2938 1670 circa
2962 1618 3280 1686 parvitatem
3311 1633 3481 1672 meam
3509 1617 3697 1687 digna-

2120 1704 2194 1759 tio
2219 1715 2395 1759 vestra
2427 1707 2687 1760 tenuisset
2715 1706 2985 1770 affectum,
3009 1718 3064 1759 ut
3086 1722 3244 1775 quem
3273 1709 3521 1762 comitem
3554 1724 3697 1778 smpe

440 1832 494 1877 te
519 1821 585 1874 ad
612 1786 974 1889 garrulitatem
1005 1816 1253 1885 loquendi
1276 1832 1467 1887 parcus
1495 1816 1707 1872 ferratis
1730 1786 2012 1875 verborum
2050 1799 2097 1857 B
2122 1786 2328 1889 gaudiis
2366 1795 2691 1889 adhibuisti,
2726 1811 2941 1889 cumeo
2971 1798 3264 1865 elegissetis
3294 1799 3453 1852 etiam
3481 1800 3701 1889 adversa

438 1912 675 1967 calcibus
700 1909 951 1964 animavi.
975 1908 1213 1977 Ignosce,
1230 1922 1435 1977 qumso,
1462 1908 1674 1977 etquod
1707 1909 1757 1962 in
1788 1910 1906 1963 aliis
1938 1910 2013 1963 vi-

438 2005 569 2059 tium
611 2013 786 2071 putas,
834 2002 1248 2056 taciturnitatem
1280 2002 1507 2054 amantis
1537 2015 1732 2071 sperne
1762 2019 1775 2055 :
1806 2003 2014 2056 abstine

439 2114 471 2153 ι
495 2097 790 2165 responsis,
824 2102 1207 2165 provocantem
1235 2093 1428 2148 damna
1458 2102 1784 2163 contemptu.
1815 2094 2011 2149 Tecum

439 2189 679 2243 decertet
703 2186 771 2240 de
798 2185 992 2239 mediis
1025 2186 1188 2239 curia:
1229 2183 1421 2238 finibus
1450 2184 1696 2247 eductus,
1718 2186 1860 2239 circa
1889 2185 2012 2239 Gal-

440 2279 547 2333 lum
592 2276 838 2347 prtlsapia
868 2276 1190 2340 conticesce,
1237 2275 1433 2329 silentii
1482 2275 1594 2341 tui,
1642 2276 1685 2329 si
1734 2275 2007 2343 prrcvales,

440 2370 637 2425 talione
666 2370 980 2423 mulcemur.
1015 2366 1174 2432 Cave,
1212 2366 1284 2421 mi
1310 2366 1546 2429 domine.
1572 2382 1639 2421 ne
1664 2366 1885 2436 incipias
1915 2368 2015 2421 mi-

438 2479 624 2520 norem
653 2462 970 2532 loquacitate
990 2460 1332 2530 provocando
1354 2459 1570 2515 humilis
1586 2460 1862 2513 :estimari.
1877 2458 2011 2525 Quid

437 2555 581 2611 enim
608 2554 807 2610 laboris
844 2562 950 2619 est,
985 2552 1253 2622 jacentem
1286 2553 1338 2605 in
1365 2566 1427 2606 ea
1457 2560 1608 2621 parte
1651 2566 1928 2620 superare,
1960 2561 2016 2607 et

438 2652 762 2721 triumphum
788 2649 855 2705 de
875 2663 942 2703 ee
960 2648 1181 2711 ducere,
1223 2647 1311 2716 qui
1341 2662 1400 2700 se
1418 2655 1552 2700 ante
1580 2645 1884 2699 conflictum
1916 2645 2015 2697 im-

438 2759 619 2815 parem
649 2741 997 2798 confitetur‘i.
1022 2741 1150 2794 Esto
1188 2740 1317 2793 mihi
1357 2749 1532 2792 tamen
1574 2738 1712 2805 apud
1742 2736 2013 2790 dominum

438 2835 687 2889 Faustum
714 2832 913 2887 amoris
936 2831 1039 2885 mei
1068 2830 1250 2893 fibula,
1274 2828 1319 2883 si
1350 2829 1614 2898 querelas,
1646 2828 1891 2896 quamvis
1918 2841 2014 2880 ano

438 2938 635 2995 piatas,
666 2936 714 2981 et
746 2924 992 2989 rusticas,
1023 2922 1207 2975 Studes
1236 2922 1483 2974 evadere.

994 3010 1321 3067 EPISTOLA
1366 3009 1449 3064 lll.

930 3117 1184 3158 sanemus
1225 3103 1241 3133 ¹
1289 3116 1511 3155 raosro.

462 3225 473 3234 ο
506 3202 638 3254 Acta
659 3208 743 3251 est
765 3210 926 3251 causa
947 3193 1198 3248 desiderii
1223 3191 1327 3246 mei
1348 3189 1609 3245 beneficio
1632 3190 1971 3259 querelarum
1998 3210 2011 3244 :

440 3289 635 3347 meruit
660 3284 1009 3356 impudentia,
1038 3283 1178 3352 quod
1205 3282 1432 3351 negabat
1454 3281 1751 3335 urbanitas.
1784 3282 2015 3351 Diligen—

440 3385 565 3438 tiam
594 3380 767 3437 sancti
795 3377 1026 3449 pectoris
1057 3391 1214 3445 quam
1246 3375 1436 3429 artifex
1472 3374 1742 3429 silentium
1784 3374 2015 3444 tegebat,

440 3475 637 3539 elicui‘,
684 3469 1097 3528 taciturnitatem
1138 3482 1257 3537 qua:
1283 3468 1348 3521 ad
1391 3466 1625 3521 fomenta
1658 3466 1867 3521 ardoris
1892 3467 2014 3536 .mei

440 3576 624 3636 pirata
652 3564 844 3631 fuerat,
873 3560 1154 3625 terminavi
1187 3577 1200 3612 :
1249 3559 1584 3628 prorogando
1614 3560 1745 3614 viles
1775 3559 2012 3629 paginas,

441 3658 671 3725 pretium
706 3654 971 3710 vincentis
997 3653 1195 3721 accepi.
1230 3652 1320 3707 Sic
1351 3667 1564 3705 usuram
1592 3652 1781 3706 cultori
1808 3653 2016 3707 vexatis

440 3750 620 3805 reddit
646 3757 787 3805 terra
808 3746 1124 3817 cespitibus,
1154 3755 1209 3801 et
1230 3744 1453 3800 feturam
1483 3745 1713 3799 nobilem
1743 3745 1809 3799 de
1836 3746 2018 3813 singu-

442 3841 642 3895 laribus
661 3837 1056 3908 parturitgleba
1078 3836 1440 3905 germinibus:
1463 3836 1541 3890 sic
1560 3836 1625 3891 ad
1651 3850 1834 3889 vocem
1862 3836 2017 3889 unius

442 3931 673 3986 hominis
700 3932 962 3984 montium
1002 3932 1207 3982 secreta
1237 3926 1584 3995 respondent,
1618 3934 1673 3980 et
1696 3925 1821 3980 dum
1853 3941 2025 3995 angu:

439 4031 556 4076 stus
600 4021 803 4075 clamor
847 4018 1097 4083 vincitur,
1152 4017 1498 4073 valitudinem
1546 4031 1699 4070 suam
1753 4016 2014 4070 elementa

440 4110 803 4166 manifestant.
838 4107 1169 4177 Evangelicis
1198 4107 1351 4177 (Luc.
1375 4122 1450 4174 χι,
1481 4107 1537 4175 9)
1569 4106 1660 4161 tali
1693 4106 1831 4162 facto
1857 4107 2014 4163 obse-

437 4211 597 4258 cutus
644 4200 896 4267 oraculis,
945 4200 1179 4255 fructum
1220 4198 1285 4254 de
1331 4197 1583 4268 praecepti
1632 4214 1752 4254 sum
1792 4201 2015 4255 veritate

438 4295 692 4359 sortitus;
715 4292 865 4362 cujus
880 4291 1116 4346 declarat
1136 4290 1435 4354 instructio,
1454 4288 1593 4359 quod
1619 4290 1846 4359 pulsanti
1870 4305 2015 4358 saepe

438 4395 619 4454 surgat
646 4382 809 4450 Deus,
835 4390 889 4436 et
914 4382 1130 4443 tribuat,
1158 4381 1202 4434 si
1230 4395 1333 4433 non
1377 4388 1594 4450 prepter
1625 4382 1896 4445 meritum,
1930 4380 2014 4435 vel

437 4486 656 4544 prepter
686 4473 1157 4542 importunitatem.
1189 4471 1440 4527 Facessat
1471 4472 1692 4542 posthac
1722 4473 2011 4527 infidelium

437 4541 577 4620 male
606 4541 773 4619 cauta
795 4560 1060 4617 discussio
1093 4581 1107 4616 :
1138 4563 1428 4631 integritati
1454 4541 1735 4618 sententia:
1765 4565 2014 4635 periculis
2045 4541 2096 4600 Β

437 4653 790 4725 praesentibus
820 4653 1046 4710 idoneus
1076 4652 1204 4707 mihi
1229 4652 1380 4707 testis
1413 4654 1691 4721 astipulor.
1729 4653 2017 4724 Frequenti

1324 4758 1640 4798 concessum
1688 4752 1766 4798 est
1801 4757 2015 4813 precum

432 4927 635 4991 eitiam,
667 4926 1015 4997 querimonia:
1043 4939 1177 4980 mea:
1206 4941 1221 4979 :
1252 4940 1405 4995 quas,
1434 4926 1560 4980 dum
1591 4927 1731 4981 vetis
1764 4926 2014 4982 effectum

405 5018 685 5091 ιιι-ἰδυίας.
712 5019 829 5088 plus
847 5019 1058 5073 amabo.
1085 5017 1266 5073 Fuerit
1292 5018 1416 5073 licet
1436 5020 1585 5090 origo
1611 5031 1790 5075 vestra
1814 5037 1841 5075 a
1866 5023 2014 5091 justo

433 5110 624 5165 dolore
648 5110 898 5175 veniens;
936 5110 1241 5180 frequenter
1270 5125 1299 5164 a
1332 5110 1518 5178 vobis,
1569 5121 1848 5181 postquam
1880 5129 2019 5185 pra:-

508 5222 523 5251 ¹
566 5217 784 5291 Fausto]
815 5220 1017 5274 Nullius
1048 5235 1239 5276 nomen
1282 5222 1333 5275 in
1364 5221 1613 5289 operibus
1657 5223 1881 5279 Enoodii
1918 5240 2020 5280 sae-

437 5291 554 5359 pius
598 5293 832 5365 occurrit
856 5306 1010 5359 quam
1044 5291 1260 5365 Fauni;
1303 5293 1453 5365 cujus
1481 5292 1833 5365 consulatum,
1874 5311 2021 5365 qua:-

433 5370 657 5425 uturam.
687 5361 1080 5431 praefecturam,
1131 5363 1463 5430 patriciatum
1507 5364 1669 5417 variis
1697 5362 1829 5419 locis
1871 5361 2023 5420 com-

435 5430 717 5507 memorat.
761 5430 809 5486 ls
844 5442 929 5507 est
951 5430 1493 5507 Faustusﬂexcousul,
1527 5448 1697 5507 quem,
1731 5450 1826 5502 pro
1851 5437 2006 5507 Synt-

436 5501 628 5577 macho
672 5517 801 5577 papa
849 5501 901 5556 in
949 5500 1217 5577 Laurentii
1246 5500 1815 5577 sclnsmate'stetisse,
1847 5500 2007 5577 atque

435 5571 694 5646 adversus
737 5571 952 5646 Festum
994 5580 1050 5627 et
1089 5572 1338 5627 Albinum
1384 5576 1507 5628 item
1550 5577 1884 5639 cxconsules,
1912 5571 2005 5646 qui

440 5645 721 5697 Laurentio
771 5640 1037 5709 favebant,
1092 5646 1301 5698 fortiter
1351 5660 1633 5712 pugnasse,
1688 5656 1873 5701 auctor
1918 5640 2005 5703 est

438 5712 770 5768 Anastasius.
800 5715 906 5768 Sed
938 5715 1116 5768 Fausti
1146 5714 1455 5769 consulares
1488 5716 1587 5768 hoc
1618 5725 1855 5781 tempore
1896 5717 2003 5772 duo

438 5783 669 5839 fuerunt.
721 5783 866 5842 Unus
909 5788 1187 5841 consulatu
1223 5785 1339 5840 sine
1368 5786 1573 5855 collega
1619 5784 1827 5840 functus
1864 5802 2003 5842 anno

2119 1886 2324 1953 pririri.
2373 1889 2451 1940 An
2485 1887 2679 1955 putatis
2707 1888 2812 1942 tale
2852 1888 3168 1943 beneficium
3214 1890 3265 1943 in
3308 1900 3581 1959 acceptum
3613 1885 3702 1945 me

2116 1990 2235 2029 esse
2259 1976 2574 2038 relatorum,
2592 1974 2637 2028 si
2659 1975 2728 2029 ab
2755 1977 2973 2031 :estihus
2998 1980 3227 2046 pectoris
3244 1981 3431 2044 vestri,
3454 1991 3702 2049 tanquam

2116 2066 2253 2119 male
2294 2065 2464 2118 fidelis
2493 2065 2790 2120 excludar?
2837 2065 2953 2120 Non
2993 2077 3102 2131 est,
3136 2077 3195 2121 ut
3222 2067 3407 2136 video,
3440 2072 3577 2138 apud
3610 2086 3703 2124 vos

2117 2154 2220 2207 mei
2265 2154 2399 2207 ratio
2442 2153 2749 2221 dispensata
2780 2155 3037 2209 consiliis.
3083 2156 3195 2226 Ego
3227 2158 3354 2211 mihi
3387 2158 3559 2223 perire
3584 2173 3701 2227 gra-

2117 2242 2241 2296 tiam
2282 2252 2428 2311 puto,
2466 2242 2567 2296 nisi
2596 2256 2714 2297 eam
2755 2258 2934 2297 rerum
2974 2245 3212 2299 omnium
3255 2247 3528 2301 vobiscum
3558 2263 3702 2302 com-

2117 2333 2474 2386 municatione
2522 2332 2787 2385 notriatis.
2823 2332 3080 2399 Desinite,
3117 2350 3322 2402 quaeso,
3366 2336 3417 2390 in
3446 2336 3543 2390 hae
3573 2338 3702 2391 mihi

2120 2431 2268 2492 parte
2290 2423 2593 2487 consulere,
2626 2433 2801 2476 vestra
2831 2424 3100 2492 impendio
3130 2427 3288 2478 verba
3312 2428 3566 2495 cupienti.
3598 2428 3697 2481 Coi

2117 2514 2161 2567 si
2194 2512 2354 2566 votivi
2389 2521 2650 2581 negentur
2672 2511 2883 2577 affatus,
2914 2513 3176 2580 fatiacam,
3200 2524 3258 2568 ιιι
3291 2522 3432 2569 terra
3457 2519 3540 2569 cui
3565 2517 3702 2570 cn-ln

2117 2602 2244 2656 nihil
2279 2603 2520 2670 liquitur,
2569 2617 2668 2655 nec
2715 2616 2878 2656 venas
2918 2615 3043 2656 suas
3074 2619 3234 2659 succo
3269 2606 3433 2660 bibuli
3465 2607 3702 2659 humoris

2118 2692 2368 2754 infundit,
2398 2691 2541 2745 unde
2565 2692 2761 2745 innatis
2786 2693 3033 2747 alimenta
3053 2696 3242 2748 culmis
3264 2697 3535 2760 exhibeat,
3555 2708 3609 2752 et
3629 2700 3694 2751 ad

2119 2783 2307 2837 falcem
2338 2782 2584 2852 gravidas
2613 2782 2801 2836 aristas
2828 2782 3078 2837 adducat.
3123 2785 3187 2838 lJt
3217 2787 3376 2851 piscis
3419 2772 3551 2852 aqua
3578 2788 3699 2841 abs-

2123 2883 2323 2927 tractus
2368 2872 2616 2925 vitalibus
2659 2872 2983 2925 indumentis
3037 2873 3275 2939 privatus
3320 2876 3701 2945 exSIingnitur,

2120 2967 2199 3018 sic
2241 2979 2340 3030 ego
2368 2961 2647 3016 subductis
2676 2962 2892 3030 alloquii
2936 2965 3099 3017 vestri
3143 2964 3359 3019 fluentis
3403 2967 3700 3024 interimor.

2117 3055 2371 3121 Quaerant
2397 3052 2481 3105 alii
2510 3052 2647 3120 quod
2682 3050 2908 3106 delectet
2940 3069 2955 3105 :
2986 3068 3087 3123 ego
3118 3069 3205 3109 res
3229 3056 3293 3108 ad
3322 3057 3554 3109 animam
3583 3074 3701 3127 per-

2066 3166 2085 3211 ~_
2121 3146 2351 3199 tinentes
2381 3143 2660 3211 expostulo
2691 3160 2704 3196 :
2739 3142 2867 3196 mihi
2893 3158 2995 3197 non
3030 3154 3135 3197 tam
3163 3146 3383 3200 delicias
3412 3149 3570 3202 verba
3608 3165 3703 3202 ve-

2119 3244 2228 3290 stra
2261 3235 2494 3304 pariunt,
2522 3251 2679 3305 quam
2710 3235 2962 3289 salutem.
3004 3235 3135 3289 Rem
3176 3236 3347 3291 fate-or
3374 3239 3534 3292 nullis
3561 3241 3701 3293 co’o-

2120 3340 2286 3383 ratam
2328 3330 2481 3393 locis,
2526 3328 2686 3382 nullis
2726 3328 3042 3382 nebularum
3086 3329 3349 3398 dep‘ctam
3392 3331 3703 3396 mendaciis,

2119 3421 2241 3490 quia
2275 3437 2377 3473 non
2408 3435 2524 3473 sum
2564 3419 2850 3474 simulandi
2888 3420 3078 3474 artifex
3113 3436 3127 3473 :
3160 3421 3469 3487 decerptum
3502 3423 3703 3492 aliquid

2120 3516 2242 3567 vitae
2274 3528 2407 3569 mere
2438 3514 2645 3579 censui,
2670 3512 2796 3567 dum
2829 3514 3037 3568 tacetis.
3064 3514 3198 3568 Ma‘e
3228 3529 3324 3566 vos
3354 3514 3539 3568 fideles
3562 3529 3706 3567 asse-

2127 3607 2267 3669 ritis,
2298 3608 2340 3660 si
2373 3607 2435 3659 ad
2465 3621 2621 3660 aures
2662 3621 2808 3659 meas
2849 3606 3169 3675 generaliter
3198 3606 3441 3659 deflenda
3487 3622 3705 3676 per‘vm

2122 3696 2434 3750 deferantur
2472 3697 2806 3750 incommoda
2843 3713 2856 3749 :
2897 3697 3048 3764 quasi
3098 3697 3307 3751 nescire
3348 3698 3506 3751 alicui
3552 3699 3706 3751 Chri-

2122 3788 2298 3841 stiano
2321 3788 2518 3841 liccat1|
2551 3787 2771 3853 malum,
2795 3788 2879 3841 cui
2908 3786 3073 3839 Roma
3096 3788 3411 3841 succumbit.
3445 3788 3707 3841 Barbaros

2123 3878 2395 3943 nationes,
2425 3886 2478 3929 et
2508 3890 2537 3929 a
2566 3880 2748 3930 no'stro
2789 3876 2960 3930 limite
2990 3886 3102 3930 toto
3130 3892 3283 3944 pene
3310 3878 3440 3931 orbe
3482 3877 3703 3941 divisas.

2118 3967 2384 4021 continuis
2408 3966 2519 4020 haec
2541 3967 2769 4030 eonjicio
2788 3966 3031 4021 lamentis
3055 3968 3426 4035 ingemiscere,
3453 3977 3508 4022 et
3528 3969 3592 4021 ad
3620 3984 3708 4020 so-

2122 4058 2304 4111 latium
2332 4068 2569 4111 nostrum
2599 4058 2863 4127 lacrymas
2883 4060 3249 4114 commodare.
3281 4060 3447 4129 llujus
3477 4062 3552 4114 rei
3591 4076 3705 4113 nia-

2118 4150 2338 4218 gnitndo
2368 4159 2543 4204 vestra
2572 4149 2831 4204 adhibere
2861 4166 2919 4205 se
2948 4151 3176 4205 indicem
3208 4153 3369 4221 fugit,
3404 4162 3460 4206 ot
3499 4154 3549 4205 in
3584 4168 3709 4217 per-

2128 4241 2321 4295 niciem
2376 4255 2546 4294 meam
2599 4239 2864 4294 fallacium
2916 4244 3220 4296 nuntiomm
3271 4242 3529 4297 diabolica
3579 4258 3707 4298 cum

2120 4335 2407 4386 securitate
2438 4342 2557 4385 vota
2591 4333 2917 4387 mentiantur
2948 4350 2961 4386 :
2990 4345 3043 4385 ut
3072 4349 3176 4389 non
3205 4335 3293 4395 sit,
3336 4335 3400 4387 ad
3429 4334 3581 4403 cujus
3614 4350 3708 4388 ve-

2120 4424 2333 4478 ritatem
2366 4434 2483 4492 post
2511 4421 2715 4477 fabulas
2744 4424 2980 4482 redeam.
3014 4441 3110 4478 nec
3137 4428 3223 4493 qui
3255 4426 3489 4478 animum
3524 4439 3706 4478 meum

2121 4514 2230 4567 veri
2254 4514 2711 4569 demenstratione
2728 4522 3010 4567 sustentet.
3028 4516 3166 4567 Cave
3184 4514 3337 4579 faxis,
3354 4502 3425 4568 tni
3447 4515 3666 4568 domine
3688 4534 3702 4568 :

2123 4603 2395 4657 vobiscum
2428 4603 2557 4656 mihi
2584 4604 2684 4657 alia
2716 4619 2802 4657 res
2827 4612 2945 4658 est:
2979 4604 3121 4658 aliud
3155 4604 3252 4658 fori
3291 4605 3400 4673 jus,
3431 4604 3572 4659 aliud
3606 4608 3711 4659 tri-

2121 4693 2290 4769 clinii.
2328 4694 2526 4748 Audiat
2554 4703 2605 4750 te
2640 4711 2758 4761 qua:
2791 4695 2841 4748 in
2881 4697 3291 4751 conversatione
3323 4697 3529 4765 publica
3561 4696 3711 4751 didi-

2122 4786 2292 4851 ceris,
2345 4786 2538 4840 familia
2585 4787 2873 4841 domestica
2922 4798 3273 4843 retexentem.
3324 4788 3703 4858 Subjectorum

2120 4874 2348 4937 animos,
2379 4884 2434 4929 et
2455 4874 2656 4939 fideles,
2681 4885 2735 4929 ut
2777 4878 2992 4944 putatis,
3026 4888 3231 4933 mentes
3261 4878 3577 4932 relatiouutn
3606 4895 3697 4933 ve-

2122 4976 2353 5020 strarum
2380 4966 2513 5019 cibis
2544 4966 2691 5028 alite,
2722 4982 2786 5019 ne
2804 4967 2983 5035 jejuna
3005 4970 3295 5023 amicorum
3320 4970 3478 5024 CtJ'dSI
3508 4970 3707 5022 tahbn<

2121 5054 2335 5110 fenculxs
2362 5056 2587 5125 impasta
2620 5057 2932 5111 moriantur.

2121 5228 2322 5283 Chrsti
2353 5228 2478 5284 485.
2504 5230 2601 5296 Qui
2627 5229 2922 5298 Aginantus
2948 5230 3174 5283 Faustus
3202 5232 3395 5284 dii-itur
3421 5231 3472 5285 in
3497 5234 3709 5284 tumqu

2121 5299 2437 5353 Mattdrosm.
2472 5302 2619 5353 Alter
2654 5302 2734 5356 Fl.
2782 5300 3009 5353 Faunus
3048 5302 3229 5366 junior
3268 5319 3280 5352 :
3316 5301 3400 5355 hic
3445 5301 3709 5364 fortasse,

2121 5371 2320 5437 dequo
2352 5372 2578 5437 agimus,
2620 5372 2707 5437 qui
2740 5373 2968 5437 septimo
3014 5383 3132 5439 post
3180 5374 3513 5439 superiorem
3554 5388 3706 5426 anni

2121 5443 2307 5495 consul
2339 5442 2437 5493 fuit
2460 5454 2579 5494 cum
2607 5440 2867 5509 Longino.

2183 5511 2203 5540 ¹
2250 5510 2447 5562 Malum
2474 5512 2556 5561 cui
2595 5509 2749 5563 Roma
2792 5510 3091 5581 succumbit]
3121 5512 3200 5564 Ub
3236 5510 3515 5564 factionem
3546 5511 3713 5566 vide-

2114 5581 2238 5633 licet
2287 5582 2590 5634 sclnsmatis
2642 5579 3001 5645 Laurentiani,
3044 5579 3340 5650 gravesque
3387 5583 3707 5635 contentio-

2109 5666 2228 5711 nes,
2262 5665 2463 5717 pugnzts
2485 5691 2499 5712 ,
2528 5652 2705 5704 cuzdcs
2732 5666 2792 5703 ex
2824 5666 2885 5703 ea
2916 5666 3066 5703 natas
3091 5692 3105 5715 ,
3138 5651 3205 5704 de
3235 5653 3426 5718 quibus
3458 5653 3507 5704 in
3539 5651 3714 5720 Sym-

2107 5724 2278 5774 ntacui
2333 5720 2444 5774 Vita
2497 5720 2633 5772 idem
2688 5722 3017 5785 Anastasius,
3066 5732 3115 5772 et
3167 5722 3439 5775 linuodius
3486 5725 3603 5789 ipse
3652 5725 3715 5777 in

2114 5790 2476 5861 Apulogetico.
