3998 6362
253 380 323 439 17
1546 387 2021 445 ειιιδτυωιιωι
2064 392 2187 447 LIB.
2231 397 2271 451 1.
3468 398 3540 464 ul

833 504 863 555 Ιεξ
880 504 1156 558 PESTULA
1204 503 1286 557 IV.

805 607 1057 649 ENNODIUS
1106 611 1304 650 FAUSTO

330 681 735 749 ‘Anagnostiei
782 684 938 738 fidem
984 696 1224 747 secutus,
1275 696 1329 738 rt
1377 687 1554 740 suavis
1599 693 1851 743 orationis

259 784 450 839 sapore
489 784 841 841 provocatus,
884 789 1018 842 pene
1058 775 1242 828 vitium
1280 778 1299 807 ¹
1331 776 1532 829 credidi
1576 793 1687 830 rem
1731 794 1850 833 esse

260 862 499 927 virtutis;
545 873 601 916 et
643 863 771 915 dum
818 864 939 932 plus
985 880 1293 919 sermonum
1340 865 1638 920 diademata
1684 869 1849 922 credo

259 952 440 1006 Valere
470 968 632 1019 quam
659 955 1078 1019 conscientiam,
1110 956 1319 1023 culpam
1360 972 1516 1023 quam
1558 971 1711 1010 mens
1740 974 1844 1012 nou

262 1044 615 1112 agnoscebat,
646 1045 868 1099 incurri.
891 1045 1005 1100 Non
1034 1048 1112 1101 sic
1139 1056 1162 1083 ι
1182 1049 1353 1101 servis
1374 1048 1529 1102 sibilo
1555 1049 1849 1105 artificibus

262 1135 473 1191 insidiis
518 1137 748 1191 blandus
786 1150 1009 1192 venator
1057 1140 1228 1192 illndit
1264 1157 1276 1191 ε
1313 1156 1417 1194 non
1450 1141 1520 1194 ita
1565 1141 1845 1210 pinnarum

259 1228 480 1282 mentita
524 1229 867 1283 formidinem
914 1231 1266 1284 discoloribus
1318 1231 1449 1285 fucis
1493 1232 1633 1286 ultro
1681 1248 1847 1303 expe-

258 1320 420 1374 tenda
465 1320 596 1374 retia
634 1335 824 1374 manus
862 1322 1111 1389 magistra
1148 1323 1419 1391 componit
1455 1340 1468 1375 :
1498 1322 1846 1389 quemadmo-

255 1412 381 1464 dum
414 1426 503 1466 uie
532 1422 774 1481 captum,
798 1424 851 1466 et
875 1423 1068 1483 sponte
1096 1416 1341 1480 capistris
1369 1430 1459 1470 ora
1489 1416 1842 1485 porrigentem

256 1503 638 1571 magu’tudinis
659 1514 852 1558 vestra:
874 1514 1094 1559 tenuere
1118 1520 1412 1561 sermones.
1440 1506 1722 1559 Commiss.
1752 1523 1842 1561 ἰθ-

251 1594 418 1654 scius,
435 1594 587 1647 vobis
608 1594 1061 1664 impugnantibus,
1076 1595 1166 1649 diu
1189 1606 1364 1649 utrum
1388 1611 1561 1651 essem
1587 1597 1729 1649 ἰηιιιι(
1746 1612 1842 1651 ens

250 1685 523 1754 inquisivi.
548 1687 703 1739 Aliud
727 1688 1021 1741 sentiebam
1053 1688 1119 1741 de
1144 1688 1367 1754 epistola
1392 1699 1591 1755 vestra,
1608 1688 1747 1741 aliud
1770 1688 1839 1743 de

250 1778 527 1845 proposito
546 1791 684 1829 meo.
704 1776 832 1842 Quis
852 1792 980 1847 rogo
1002 1777 1095 1831 fuit
1119 1779 1359 1846 patrandi
1378 1778 1597 1833 sceleris
1620 1791 1724 1831 tam
1751 1794 1838 1832 ve-

1880 510 1924 564 Α
1955 510 2095 574 quod
2136 525 2260 562 cum
2302 511 2518 579 pudoris
2561 514 2839 582 dispendio
2882 526 3063 571 venter
3109 519 3354 587 acquirit.
3403 518 3540 576 Vilia

1956 596 2154 651 fuerint
2186 598 2323 654 forte
2360 617 2479 669 quae
2510 605 2743 667 sustulit,
2787 616 2877 659 aut
2907 606 3360 675 negligentia,aut
3417 625 3536 675 usu,

1954 697 2044 739 aut
2087 696 2402 756 tempestate
2442 693 2671 758 peritura
2717 712 2731 749 :
2766 712 2869 750 non
2904 697 2997 751 fuit
3033 698 3185 767 culpa
3216 715 3414 755 vacum
3462 715 3537 754 ta-

1955 791 2096 841 men,
2122 776 2274 845 juxta
2302 782 2612 849 Apostolum
2642 784 2819 851 (Rom.
2844 802 2901 849 ll,
2928 787 3042 855 2i),
3068 799 3248 857 raptor
3275 808 3287 843 :
3313 806 3531 845 carnem

1950 884 2107 935 quam
2151 871 2381 925 animam
2425 874 2545 942 plus
2574 876 2789 929 amavit.
2825 877 3019 931 Tobias
3061 881 3318 949 propheta
3351 882 3535 951 hujus.

1952 957 2092 1011 modi
2114 960 2549 1018 commissoribus
2586 967 2838 1031 occurrit,
2861 980 2917 1023 et
2947 969 3122 1023 divina
3155 987 3283 1028 voce
3309 985 3532 1029 testatur

1948 1046 2173 1103 dicens:
2214 1050 2336 1105 Non
2373 1053 2488 1108 licet
2524 1056 2665 1109 nobis
2703 1058 2900 1127 aliquid
2938 1062 3246 1115 manducare
3283 1068 3531 1132 [urtirum

1950 1137 2099 1204 (Tob.
2131 1154 2190 1202 ll,
2222 1139 2337 1209 2f).
2378 1141 2508 1197 Cum
2548 1144 2795 1211 dixisset,
2849 1150 3191 1216 manducare,
3236 1170 3339 1207 non
3370 1155 3526 1217 dixit,

1947 1229 2061 1284 Non
2093 1231 2218 1287 licet
2247 1233 2401 1287 nobis
2426 1235 2622 1304 aliquid
2648 1236 2889 1294 lectitare
2917 1238 3183 1295 furtivum.
3215 1242 3436 1311 Josiam,
3471 1257 3529 1301 ut

1948 1336 2129 1377 narrat
2155 1325 2374 1381 historia
2408 1326 2456 1397 (1
2473 1327 2514 1380 γ
2546 1326 2675 1399 Reg.
2705 1344 2839 1394 uti,
2872 1330 2979 1400 ll),
3011 1334 3262 1403 subi-cpta
3295 1349 3527 1406 papyrus

1946 1414 2212 1468 instruxit.
2245 1415 2356 1469 [6.0
2385 1415 2669 1473 homuncio
2691 1419 2791 1473 hoc
2817 1435 2920 1474 non
2954 1421 3203 1487 facerem,
3235 1440 3393 1494 quem
3429 1440 3525 1480 vos

1942 1514 2127 1559 contra
2159 1506 2355 1575 ingenii
2390 1508 2530 1562 vires
2554 1510 2619 1561 ad
2655 1511 2932 1566 scientiam
2974 1513 3297 1583 diligendatn
3336 1518 3524 1572 verbo-

1944 1610 2059 1648 rum
2086 1596 2312 1650 stimulis
2337 1597 2547 1651 foditis?
2565 1598 2669 1653 Sed
2693 1612 2936 1657 revertor
2956 1603 3023 1657 ad
3047 1606 3220 1659 virum
3238 1609 3519 1675 optimum,

1943 1686 2169 1753 praefati,
2198 1699 2452 1755 quantum
2476 1689 2733 1755 scribitis,
2764 1693 2982 1748 sceleris
3010 1695 3361 1753 admissoretn
3393 1718 3404 1751 :
3429 1702 3518 1766 qui

1941 1776 1995 1831 in
2034 1786 2260 1841 utraque
2304 1788 2454 1845 parte
2496 1780 2652 1834 fidem
2695 1782 2921 1848 violans,
2953 1800 3049 1839 nec
3074 1800 3167 1840 vos
3208 1790 3515 1855 securitate,

247 1878 437 1923 nustus
462 1868 749 1933 aduiissor,
774 1870 862 1937 qui
896 1869 1263 1938 purgationem
1297 1869 1562 1934 crederet,
1587 1868 1629 1923 si
1660 1870 1834 1923 alieno
1863 1873 1910 1933 Β
1940 1884 2037 1924 nec
2064 1884 2151 1923 me
2179 1869 2325 1932 facti,
2355 1871 2399 1924 si
2431 1872 2643 1937 scripsi,
2678 1875 3003 1940 perfectione
3032 1875 3266 1932 donavit.
3298 1879 3515 1934 Contiu-
3568 1948 3573 1953 .

245 1977 303 2017 se
327 1961 587 2015 fateretur
612 1971 881 2029 pra2cepto
911 1976 1009 2014 suo
1034 1962 1263 2015 militare
1286 1962 1506 2031 ﬂagitio,
1524 1976 1646 2015 cum
1676 1976 1835 2016 nemo

244 2054 309 2108 de
338 2068 399 2107 se
429 2052 682 2107 confesso
707 2052 848 2119 juSte
878 2052 1101 2106 credere
1136 2054 1306 2119 possit
1337 2052 1539 2107 crimen
1566 2054 1833 2107 alienum?

244 2145 348 2199 Sed
364 2145 532 2198 credo
550 2144 685 2211 juris
702 2154 757 2197 et
780 2146 952 2212 legum
976 2156 1248 2213 expertem
1274 2145 1436 2198 fuisse
1456 2158 1758 2213 personant.
1779 2154 1835 2199 et

242 2237 351 2290 sola
374 2236 673 2290 callidizatc
693 2236 1074 2305 compositam:
1095 2238 1178 2290 cui
1201 2238 1360 2291 etiam
1381 2236 1620 2290 imitandi
1638 2254 1686 2290 in
1703 2240 1835 2291 scri-

246 2327 429 2393 ptione
456 2328 630 2379 aliena
664 2326 946 2395 imaginem
980 2327 1217 2381 veritatis
1257 2328 1429 2397 (usus)
1466 2328 1734 2396 indulgeat
1777 2337 1835 2382 et

242 2419 585 2486 proprietatis
606 2417 949 2473 simulacrum
976 2420 1236 2474 lenocinia
1260 2421 1505 2490 pudenda
1520 2422 1828 2477 concilient.

240 2510 373 2566 Nolo
401 2512 721 2581 cujusquam
756 2528 949 2567 nomen
995 2513 1293 2568 incessi-re.
1351 2528 1447 2567 nec
1475 2523 1659 2568 contra
1703 2529 1833 2571 cou-

238 2604 518 2657 scientiam
544 2605 849 2658 accu~autis
869 2602 1048 2657 subire
1078 2619 1360 2670 personam
1390 2622 1404 2659 :
1437 2604 1637 2659 sufficit
1663 2605 1831 2672 pudo-

238 2708 349 2749 rem
381 2710 567 2748 meum
589 2694 644 2748 in
666 2696 897 2749 statione
920 2696 1174 2749 constitui
1208 2713 1221 2751 :
1248 2696 1383 2749 alios
1406 2696 1607 2765 jacteut
1629 2696 1829 2750 incerta

239 2795 548 2839 ventorum.
585 2786 701 2854 Ego
732 2797 926 2844 tamen.
971 2787 1071 2839 etsi
1117 2788 1383 2855 imperare
1432 2787 1556 2840 talia
1611 2788 1831 2841 calcari-

240 2880 336 2931 bus
357 2888 585 2931 armata:
608 2878 854 2932 lectionis
874 2879 1135 2947 adigeret,
1161 2879 1580 2946 patriarcharum
1604 2894 1689 2933 me
1712 2880 1828 2933 imi-

240 2972 443 3023 tatione
471 2970 842 3026 defenderem.
874 2971 1038 3025 Furto
1062 2972 1233 3027 Jacob
1271 2973 1610 3041 primogeniti
1653 2974 1831 3028 fratris

238 3060 362 3112 vicit
384 3070 604 3113 atatem
635 3060 789 3131 (Gen.
834 3063 1004 3128 xxvu)
1030 3078 1043 3115 ε
1075 3062 1228 3129 cujus
1272 3063 1531 3116 beneficio
1562 3063 1830 3131 principa-

239 3158 348 3201 tum
378 3148 637 3210 obtinuit,
667 3165 826 3217 quem
861 3164 1045 3203 natuia
1085 3166 1188 3204 non
1222 3152 1464 3205 dederat.
1509 3151 1669 3205 David
1699 3152 1824 3205 dum

1937 1973 2025 2031 gat
2046 1962 2197 2023 mihi,
2229 1962 2373 2015 salva
2403 1964 2765 2031 magnitudine
2796 1978 2994 2028 vestra,
3027 1982 3205 2021 coram
3236 1970 3405 2038 posito
3430 1984 3515 2025 se-

1935 2054 2166 2106 cundum
2198 2052 2444 2105 mandata
2470 2054 2582 2119 Dei,
2621 2056 2751 2109 tanti
2785 2054 2904 2120 viri,
2934 2066 3089 2125 prout
3118 2057 3278 2115 habet
3305 2060 3513 2115 animus

1936 2157 2107 2207 meus,
2138 2151 2282 2211 terga
2316 2144 2565 2197 multare.

2504 2233 2835 2290 EPISTOLA
2869 2236 2931 2289 ν.

2463 2338 2720 2377 ΕΝΝηῐιΙυς
2763 2339 2976 2379 FAUSTO.

2007 2418 2025 2443 ⁸
2060 2415 2430 2470 Abunilautem
2480 2414 2573 2469 Dei
2616 2416 3038 2469 misericordiam
3082 2428 3327 2485 precatus
3365 2435 3511 2475 corn-

1935 2503 2128 2555 mendo
2159 2504 2255 2569 ipsi
2279 2503 2401 2556 anui
2434 2503 2606 2557 felicis
2629 2504 2896 2572 auspicia;
2921 2514 2974 2559 et
2994 2505 3374 2561 beneficiorum
3395 2511 3511 2576 cjus

1935 2594 2248 2648 muneribus
2297 2594 2541 2649 sublimis
2587 2594 2696 2662 jam
2743 2596 3083 2650 Consularem
3132 2596 3301 2650 virum
3360 2602 3509 2666 quasi

1934 2686 2156 2754 aequalis
2186 2684 2487 2755 aggredior.
2522 2686 2788 2740 llacteuus
2820 2687 3069 2759 trabalis
3094 2689 3339 2744 cothurni
3363 2707 3509 2758 pom-

1934 2795 2056 2851 pam
2088 2778 2300 2833 latnilia:
2322 2788 2518 2833 nostra:
2541 2778 2818 2847 peregrina
2844 2791 3152 2851 ornamenta
3185 2783 3507 2849 tribuebant,

1933 2882 1987 2928 et
2015 2872 2287 2941 pertinere
2312 2886 2409 2924 nos
2434 2870 2500 2923 ad
2529 2886 2649 2925 eum
2670 2871 2838 2939 magis
2854 2871 3115 2927 affinitate
3141 2888 3298 2941 quam
3314 2890 3509 2943 genere

1934 2964 2316 3034 gaudebamus,
2348 2964 2439 3033 qui
2468 2978 2611 3015 anno
2646 2976 2838 3014 nomen
2876 2963 3149 3031 imposuit.
3187 2965 3373 3020 Muniis
3394 2980 3509 3023 erat

1934 3072 2038 3110 non
2066 3055 2324 3117 debitum,
2362 3054 2501 3121 quod
2552 3054 2690 3107 inter
2724 3052 2987 3106 curulium
3025 3068 3360 3121 possessores
3389 3058 3508 3113 dili-

1933 3150 2169 3218 gentiutn
2214 3148 2407 3202 fabulis
2443 3146 2789 3201 addebamur.
2830 3148 3085 3213 Quotiens
3125 3165 3223 3204 nos
3249 3152 3508 3206 obnoxios

238 3239 490 3295 lustraret
528 3239 579 3308 (I
615 3241 743 3309 Reg.
775 3256 883 3299 xxi.
909 3241 963 3310 6)
989 3241 1146 3295 devia
1172 3243 1350 3297 studio
1379 3243 1515 3313 fuga:
1536 3254 1589 3297 et
1609 3255 1829 3314 angusta
1855 3242 1905 3307 C
1934 3240 2033 3295 sibi
2075 3240 2203 3295 fecit
2241 3240 2443 3307 lingua,
2474 3254 2592 3307 quae
2628 3238 2767 3308 apud
2808 3240 2944 3294 alios
2973 3242 3245 3303 exaltatit.
3280 3254 3335 3296 ut
3362 3259 3507 3298 com-

237 3338 527 3396 terrarum,
576 3331 956 3398 propositionis
987 3332 1211 3398 panibus
1248 3332 1440 3387 famem
1482 3333 1726 3403 depulit;
1776 3343 1832 3390 et

235 3430 422 3474 contra
453 3422 587 3488 legis
626 3423 787 3474 vetita
821 3438 939 3489 quae
972 3424 1207 3475 minores
1241 3422 1403 3477 habet
1431 3425 1677 3490 aculeos,
1706 3440 1829 3479 esu-

236 3514 367 3567 riem
391 3514 641 3581 corporis
663 3514 936 3582 ell‘ugavit.
968 3514 1077 3582 ligo
1100 3513 1333 3568 inediam
1363 3529 1524 3584 quam
1547 3515 1613 3570 de
1634 3515 1829 3571 divinis

236 3604 412 3658 Libris
438 3605 620 3657 anima
653 3604 913 3672 impastus
941 3617 1315 3672 conceperant,
1348 3605 1709 3659 marcentibus
1737 3605 1825 3660 diu

233 3694 402 3750 debui
435 3696 672 3749 tolerare
712 3696 1031 3761 visceribus,
1080 3695 1253 3750 donec
1304 3708 1561 3766 concepta
1604 3698 1718 3752 lues
1760 3698 1825 3753 ad

234 3785 413 3839 vitalia
461 3795 673 3840 secreta
714 3795 1069 3856 percurreret.
1114 3787 1297 3841 Daniel
1346 3789 1603 3858 pr0pbeta
1646 3789 1825 3845 divina

233 3875 481 3944 dogmata
513 3877 675 3945 regiis
698 3875 951 3932 subduxit
980 3878 1372 3945 penetralibus;
1399 3895 1516 3947 qua:
1538 3881 1600 3931 ad
1626 3881 1826 3936 instru-

235 3981 264 4018 c
291 3966 474 4020 ionem
506 3980 660 4019 suam
690 3966 914 4034 pudicus
945 3975 998 4020 et
1032 3967 1319 4021 imitandus~
1351 3978 1534 4035 raptor
1561 3970 1823 4037 adjunxit.

236 4057 373 4123 Quid
410 4056 668 4125 juvatire
697 4071 791 4125 per
818 4056 1049 4127 singula,
1077 4072 1197 4111 cum
1239 4057 1303 4110 ad
1346 4060 1618 4115 munimen
1654 4060 1827 4130 impu-

230 4157 404 4215 gnata:
435 4164 541 4200 una
585 4147 818 4203 sufficiat
850 4148 917 4204 de
949 4150 1242 4205 numeratis
1274 4166 1500 4219 persona
1544 4154 1824 4209 conscien-

232 4237 362 4291 tize?
391 4237 524 4305 Qua:
555 4248 733 4292 tamen
762 4239 1098 4293 verecundia:
1124 4255 1267 4306 suae,
1312 4249 1364 4294 et
1407 4243 1629 4296 naturali
1666 4253 1722 4297 ut
1750 4243 1819 4297 ita

229 4327 458 4383 dixerim
475 4326 899 4394 debilitati,ante
918 4329 1219 4382 necessaria
1242 4330 1503 4398 petitione
1528 4334 1819 4400 prospexit.

228 4422 361 4477 Nam
390 4431 447 4475 et
466 4421 513 4475 si
533 4435 654 4474 sum
684 4431 801 4489 post
826 4422 1270 4489 negationetuqui
1294 4438 1379 4476 me
1402 4438 1550 4477 reum
1573 4424 1815 4493 fecerim,

227 4512 513 4565 azstimate.
556 4510 843 4565 Ductorem
889 4510 1146 4581 Libycum
1181 4514 1425 4567 asserais
1451 4515 1658 4568 sublata
1686 4532 1715 4568 a
1759 4534 1818 4573 se

1940 3339 2142 3385 mutato
2180 3330 2505 3384 conditionis
2540 3331 2728 3387 ordine
2756 3332 2945 3387 alienis
2975 3343 3172 3388 nostra:
3216 3335 3507 3393 nobilitatis

1933 3426 2156 3492 insignia
2195 3420 2521 3481 deberentur
2551 3422 2866 3494 stipendiis?
2892 3431 2959 3483 At
2991 3443 3132 3482 nunc
3164 3427 3389 3483 facessat
3425 3430 3504 3484 iu-

1933 3517 2091 3578 vidia.
2119 3526 2451 3572 vetustorum
2484 3528 2761 3587 reparator
2791 3518 3010 3573 fascium
3048 3521 3291 3575 novellus
3319 3523 3504 3577 consul

1931 3611 2122 3674 illuxit,
2151 3618 2205 3664 et
2232 3610 2547 3680 dignitatum
2579 3620 2879 3666 nostiarum
2906 3614 3141 3668 cariosas
3184 3614 3324 3669 fores
3351 3616 3503 3670 robu-

1928 3714 2043 3757 stus
2086 3704 2346 3757 reseravit
2387 3704 2665 3771 impulsor.
2703 3704 2782 3759 Ad
2826 3704 3119 3759 redivivam
3147 3704 3500 3760 valetudinem

1930 3797 2277 3851 tremebunda
2306 3798 2745 3851 marcescentium
2775 3798 3049 3854 cardinum
3077 3797 3253 3852 limina
3281 3798 3503 3866 juvene-

1926 3898 2119 3943 scuut:
2152 3903 2271 3953 qua:
2298 3887 2457 3942 nullis
2481 3888 2664 3952 credo,
2695 3888 2803 3941 Deo
2841 3889 3078 3952 auspice,
3105 3889 3226 3957 quia
3268 3890 3502 3957 posth

1925 3980 2166 4034 obicibus
2188 3978 2480 4033 claudenda
2519 3979 2835 4046 patuissent.
2876 3978 3006 4032 Nam
3042 3980 3228 4035 Avieni
3260 3978 3365 4034 mei
3395 3995 3501 4034 non

1926 4090 2080 4138 unus,
2113 4074 2207 4130 sed
2247 4074 2450 4139 primus
2473 4081 2554 4128 est
2578 4074 2906 4129 consulatus.
2938 4072 3134 4141 Stirpis
3176 4090 3288 4129 suae
3326 4085 3503 4143 gesta-

1926 4176 2042 4221 tura
2070 4166 2277 4235 aquilas
2304 4166 2516 4234 agmina
2546 4165 2776 4233 prmvius
2800 4165 3108 4223 antecessit,
3132 4173 3185 4218 et
3213 4164 3281 4218 ad
3300 4165 3499 4233 princi-

1926 4259 2097 4329 palem
2128 4256 2370 4312 militiam
2408 4259 2510 4311 iter
2536 4256 2748 4309 virtutis
2774 4254 3028 4310 ostendit.
3073 4254 3128 4310 Si
3161 4268 3265 4323 qua
3288 4265 3371 4309 est
3399 4271 3499 4309 ιιι·-

1922 4352 2177 4405 cularium
2211 4352 2513 4407 reverentia
2537 4352 2877 4421 dignitatum,
2910 4352 3087 4421 siquis
3112 4352 3281 4405 bonos
3307 4362 3386 4407 est
3404 4354 3498 4405 ho.

1925 4442 2119 4496 minem
2151 4445 2486 4510 viverepost
2515 4443 2779 4509 sepulcra,
2810 4442 2853 4496 si
2885 4442 3009 4511 quid
3044 4442 3274 4512 providit
3302 4445 3459 4496 astuti
3480 4464 3497 4493 ι

1924 4542 2195 4595 veterum,
2245 4548 2343 4601 per
2374 4534 2532 4603 'quod
2577 4532 2647 4585 ab
2690 4532 2991 4587 hominibus
3042 4534 3165 4587 anui
3216 4533 3496 4586 vincantur

229 4604 247 4633 '
274 4604 395 4673 pyri
420 4619 576 4671 poma
610 4603 845 4659 flevisse.
876 4603 1064 4658 Merito
1092 4605 1343 4660 lamentis
1370 4607 1689 4675 expiandum
1711 4619 1813 4678 est,

1933 4625 2115 4680 tdulti:
2144 4624 2264 4692 jure
2306 4623 2466 4676 fastos
2516 4622 2878 4689 hujuscemodi
2930 4632 3177 4691 putantur
3214 4625 3494 4678 invenisse

298 4717 315 4746 ³
360 4716 602 4789 Anagnos
624 4713 1012 4789 ieiJ'Epistolze
1064 4724 1186 4769 tum.
1240 4718 1363 4789 Lib.
1399 4734 1511 4781 vm,
1544 4721 1703 4787 epist.
1754 4722 1808 4789 5,

230 4785 393 4838 Faust
414 4788 610 4875 iide‘t‘n,
626 4787 689 4838 de
705 4788 1019 4875 utrqgitostici
1035 4785 1622 4875 prolixitate'fustidiuiu.
1640 4785 1814 4875 Ἀναγὲ

226 4857 475 4927 manus.
522 4856 675 4909 tirzuc
701 4874 726 4908 s
760 4858 808 4907 id
846 4872 1003 4927 omne
1034 4867 1113 4908 est
1149 4858 1289 4923 quod
1325 4860 1513 4927 legitur
1549 4870 1637 4911 aut
1672 4856 1809 4915 tet-i-

227 4915 406 4988 tat'ur;
436 4926 573 4978 sicut
593 4927 827 5012 ἀκρὸαμμ
849 4936 898 5007 et
922 4915 1179 4997 ἄκουσμαξ
1202 4928 1341 4994 quod
1371 4915 1600 4982 auditur.
1632 4932 1810 5000 Itaque

227 5007 284 5045 ut
310 5004 562 5047 acroama
594 4997 755 5050 c‘iattt
784 4997 953 5048 Latini
981 5011 1296 5064 usurparunt
1325 5014 1422 5066 pro
1442 5001 1605 5063 tlictu,
1631 4997 1735 5051 Seu-
1751 5018 1810 5056 re

225 5068 330 5118 alia
343 5080 413 5131 qu
431 5084 460 5118 ιε
480 5067 1026 5131 auribusexcipiatur;
1046 5070 1122 5119 sic
1139 5071 1559 5136 anagnosticum.
1586 5086 1680 5137 pro
1696 5074 1809 5137 epi-

222 5137 361 5188 stola
390 5146 481 5188 aut
511 5141 716 5206 scripto
745 5154 1082 5206 quocunque.
1131 5138 1238 5191 Dici
1270 5141 1429 5191 etiam
1474 5151 1654 5207 pesset
1681 5158 1810 5199 ana-

219 5221 467 5272 gnosuta.

290 5277 311 5305 ’
353 5274 562 5327 Credidi
591 5274 717 5341 rem]
752 5276 882 5329 Male
913 5277 1029 5330 libri
1054 5292 1239 5328 omnes
1267 5277 1593 5332 crediderim.

191 5335 200 5351 ⁸
292 5345 325 5418 ⁸λ
354 5343 479 5412 Pyri
530 5335 834 5417 pomul'Sic
885 5349 1089 5400 restitui
1133 5363 1225 5418 pro
1268 5349 1548 5412 peripoum,
1580 5350 1805 5418 quodin

217 5416 457 5481 antiquis
487 5419 648 5468 etiam
681 5416 828 5470 libris
858 5417 1152 5486 legebatur.
1189 5416 1804 5472 l‘ltnendationis’auctor

217 5487 594 5552 AugttslittttSi
638 5504 694 5539 se
727 5488 790 5538 tle
817 5505 919 5553 quo
966 5489 1049 5539 llic
1089 5502 1288 5549 St‘ram,
1336 5502 1491 5553 quem
1544 5488 1796 5557 Libycum

214 5557 494 5609 ductorem
526 5559 778 5622 appellat,
807 5558 898 5609 lib.
932 5573 963 5609 ιι
992 5557 1421 5619 COufessiuuuiu,
1454 5574 1571 5624 cap.
1604 5561 1635 5611 4
1666 5575 1679 5610 :
1710 5560 1799 5609 Αν-

216 5626 310 5677 bor
327 5636 434 5677 era:
456 5642 614 5695 pyras
637 5627 687 5678 iu
710 5629 889 5679 ricin'a
918 5630 1073 5679 vincte
1094 5636 1275 5679 nostra:
1290 5628 1449 5691 pernis
1480 5639 1682 5691 ouium,
1709 5645 1799 5681 nec

216 5700 514 5759 forma‘nec
551 5713 644 5765 sup
682 5714 735 5748 re
767 5697 1087 5750 illecibrosis.
1140 5697 1219 5748 Ad
1271 5698 1401 5748 hunc
1445 5699 1797 5751 excutiendam

214 5775 372 5827 atque
395 5768 758 5830 asportandum
786 5768 1073 5837 nequissimi
1092 5783 1123 5818 a
1141 5767 1455 5821 {alescenluli
1484 5768 1799 5835 pmrrxfmus

216 5846 368 5889 nocte
387 5837 704 5906 intempesta.

1990 4717 2010 4747 "
2035 4714 2409 4784 Abundautem]
2427 4715 2489 4768 Et
2509 4714 2605 4766 sibi
2628 4723 2675 4762 et
2696 4713 2889 4767 Fausto
2908 4716 3201 4779 gratulatur
3213 4714 3284 4766 ob
3306 4715 3490 4769 Avieni

1916 4787 2037 4855 ejus
2085 4788 2174 4841 filii
2219 4787 2573 4855 consulatum.
2630 4784 2822 4837 Fausto
2867 4784 3101 4853 quidem,
3130 4785 3269 4852 quod
3320 4784 3492 4840 fasces

1918 4854 2012 4925 per
2061 4858 2225 4911 filium
2273 4858 2323 4909 iu
2360 4855 2479 4921 ejus
2521 4854 2720 4909 familia
2754 4857 3134 4908 continuentur
3163 4872 3176 4907 :
3206 4855 3303 4908 sibi
3338 4871 3487 4921 vero,

1915 4924 2054 4991 quod
2079 4945 2187 4980 sua:
2212 4943 2304 4990 τινι·
2324 4926 2567 4977 eutudcm
2591 4926 2913 4991 postliminio
2936 4924 3242 4977 reddantur.
3265 4926 3486 4979 Euuudii

1912 4998 2052 5051 enim
2084 4996 2474 5062 consanguinea
2503 5004 2618 5048 crat
2639 5009 2808 5048 mater
2838 4996 3020 5048 Avieni
3051 5011 3065 5047 :
3091 5010 3256 5060 quare
3282 4994 3345 5046 ad
3381 4996 3487 5049 Eu-

1917 5070 2057 5119 nodii
2086 5069 2305 5120 domum
2338 5064 2608 5132 pertinere
2640 5067 2873 5118 Avienus
2899 5066 3196 5118 videbatur.
3228 5066 3280 5119 lu
3309 5065 3487 5119 Fausti

1914 5152 2042 5205 ergo
2072 5137 2285 5190 familia.
2305 5134 2657 5205 interpolatus
2684 5135 2962 5188 consulum
2987 5136 3118 5187 ordo
3151 5150 3253 5187 nou
3290 5135 3486 5205 fuetal.

1913 5204 2041 5261 Nam
2074 5218 2129 5259 et
2151 5206 2484 5258 euasulatum
2517 5204 2742 5257 Faustus
2772 5205 2885 5271 ipse
2913 5214 3167 5272 gesserat,
3201 5214 3256 5256 ut
3283 5204 3481 5257 dictum

1912 5285 2015 5341 est,
2045 5286 2100 5329 et
2130 5287 2253 5329 aute
2286 5277 2454 5337 ipsum
2490 5284 2639 5341 pater
2666 5276 2973 5328 Gennadius
3005 5276 3255 5335 Avienus,
3293 5273 3485 5326 Valen-

1912 5346 2094 5400 tiniaui
2142 5345 2396 5413 principis
2441 5345 2647 5411 collega
2689 5359 2830 5397 anno
2875 5344 3071 5398 Christi
3116 5344 3221 5397 450
3261 5353 3313 5396 et
3360 5354 3485 5397 ante

1912 5412 2168 5470 Avienum
2196 5418 2282 5468 alii
2312 5432 2415 5468 nun
2442 5415 2688 5467 intercisa
2719 5415 2877 5468 serie.
2906 5416 2973 5467 At
2997 5415 3046 5467 in
3078 5414 3271 5467 familia
3308 5412 3482 5464 Euno-

1909 5488 1978 5538 dii
2009 5488 2176 5539 series
2208 5485 2520 5551 interpolata
2554 5492 2607 5537 et
2641 5485 2881 5549 abrupta,
2932 5500 2961 5535 n
2996 5498 3026 5535 c
3069 5485 3208 5534 ullus
3253 5482 3483 5537 fortasse

1909 5557 2092 5610 consul
2146 5557 2314 5609 fuerat
2353 5564 2469 5621 post
2498 5554 2739 5619 Magnum
2787 5554 3030 5615 Enuodii,
3077 5564 3129 5604 ut
3179 5559 3357 5604 nostra
3399 5563 3486 5606 cst

1909 5628 2236 5695 coajecmra,
2269 5636 2643 5691 propatruun;
2674 5625 2761 5694 qui
2783 5625 3039 5692 colli-gum
3071 5621 3249 5675 habuit
3273 5623 3483 5692 Apollo-

1908 5698 2053 5750 nimn
2082 5711 2220 5748 anno
2247 5695 2371 5748 460.

1979 5778 2000 5803 ⁸
2036 5766 2225 5835 Servis]
2253 5766 2325 5818 Au
2357 5765 2554 5818 cerris?
