3998 6362
444 392 508 457 19
1574 392 1837 449 ENNUDII
1879 390 2177 446 EPlSCOf‘l
2218 389 2584 445 TICINENSIS
3620 385 3693 437 90

442 520 684 585 consilta,
717 531 941 590 quorum
972 514 1277 583 longaevitas
1303 521 1358 567 et
1378 519 1707 567 senectutem
1735 512 1929 565 refutat
1952 519 2007 565 et
2034 511 2077 567 Α
2110 504 2361 559 sectando
2393 507 2638 561 mascula:
2668 505 2916 560 dictionis
2944 502 3176 558 hracb‘is
3201 501 3436 571 atquztles
3465 497 3529 551 ad
3560 514 3682 550 cet--

445 612 749 671 terminum.
779 612 917 665 Deus
934 607 1097 662 bone!
1123 616 1376 674 quantum
1400 615 1499 666 eSI,
1520 604 1673 658 unius
1692 602 2008 656 vocabulum

401 705 408 717 '
446 705 673 759 hominis
700 703 995 771 impensum
1020 701 1034 729 ¹
1064 698 1116 751 in
1146 695 1410 750 dictandis
1434 694 1635 763 legibus
1667 694 1901 747 laborem
1928 693 2008 746 vel

443 796 680 851 stabilire
726 806 900 861 posse,
935 788 1017 843 vel
1057 786 1299 842 solvere?
1340 786 1505 839 Macte
1551 784 1837 853 insignium
1877 781 2009 834 ado-

395 939 401 947 ,
446 891 652 941 lescens
674 886 949 947 virtutum,
970 878 1058 948 qui
1077 877 1434 931 oblitteratmu
1462 876 1685 927 materni
1715 872 2014 926 stemmatis

444 978 633 1031 eallem
656 973 842 1028 vitales
872 971 1135 1025 honorum
1166 980 1383 1020 secures
1412 964 1658 1027 attulisti,
1690 963 1881 1031 quibus
1912 976 2011 1013 att-

446 1086 623 1135 nosas,
661 1084 727 1123 ne
762 1064 1127 1137 posteritatem
1159 1071 1299 1115 tuam
1343 1054 1658 1119 retinerent,
1696 1053 2015 1123 splendidis-

444 1164 563 1218 simi
582 1161 784 1217 itineris
802 1158 982 1212 obices
1005 1162 1325 1221 atnputares.
1348 1148 1552 1204 Cedant
1579 1150 1699 1201 huic
1723 1146 2014 1215 priscorum

446 1257 649 1322 laudes,
682 1254 873 1325 quibus
915 1250 1243 1305 nobilitatem
1280 1252 1561 1299 doctorum
1592 1253 1889 1295 commenta
1928 1254 2019 1307 pe-

449 1356 726 1417 pererunt,
748 1357 868 1413 qua:
896 1339 1185 1410 phaleratis
1210 1336 1498 1390 verborum
1529 1330 1829 1399 superciliis
1862 1328 2020 1381 meri-

450 1450 559 1495 tum
583 1455 611 1492 a
645 1439 873 1492 relatore
911 1439 1232 1487 mercantur.
1273 1426 1502 1481 Necesse
1530 1424 1671 1478 enim
1700 1430 1784 1476 est
1811 1421 2020 1475 exilita-

450 1546 555 1587 tem
595 1530 844 1584 thematis
875 1524 1139 1579 narrantis
1168 1520 1356 1588 0pibut
1388 1517 1652 1587 ampliari,
1692 1526 1748 1567 ut
1777 1514 1875 1568 dos
1903 1527 2022 1582 qua:

452 1629 503 1681 in
533 1623 748 1678 materia
774 1637 876 1675 non
909 1620 1194 1679 invenitur,
1221 1613 1343 1683 styli
1373 1609 1800 1681 processionibus
1823 1610 2019 1663 insera-

450 1727 553 1770 tur.
589 1714 656 1769 Ut
682 1722 883 1765 taceam
916 1708 1128 1771 Fabios,
1164 1704 1486 1772 Torquatos,
1529 1700 1803 1760 Camillos.
1836 1700 2023 1751 Decios

450 1805 615 1860 fuisse
640 1809 951 1869 sttperatos;
978 1808 1029 1851 te
1051 1796 1246 1865 ipsum,
1272 1794 1342 1847 mi
1365 1792 1601 1857 domine,
1634 1790 1722 1859 qtti
1747 1789 2023 1841 universos

2114 605 2289 649 tamen
2319 598 2520 649 eduxit.
2554 596 2655 652 Sed
2686 613 2789 661 quo
2815 612 2899 649 tttc
2939 594 3107 660 rapiat
3147 606 3429 659 processus
3455 586 3694 641 affectio-

2113 689 2196 742 nis
2228 692 2511 743 teruziuutu
2548 688 2848 753 refutatttis,
2878 700 3141 756 agnosco:
3170 684 3375 737 divisus
3422 685 3696 749 proposito

2112 781 2384 835 consulem
2427 782 2691 835 eruditum
2736 780 2945 849 ingenio
2987 779 3157 846 impar
3199 776 3431 844 appello.
3467 774 3547 839 Ad
3597 786 3695 825 vos

2118 881 2379 935 revertor,
2422 887 2543 923 cum
2588 871 2782 937 quibus
2824 868 2955 921 tnilti
2983 880 3268 921 commune
3293 864 3564 933 gaudium,
3598 876 3697 930 par

2114 959 2465 1024 desiderium,
2512 959 2732 1029 aequalis
2764 957 3082 1027 supplicatio
3115 964 3214 1011 rst.
3251 955 3478 1009 Oremus
3508 954 3692 1018 Deum,

2117 1053 2237 1120 quia
2268 1062 2386 1105 vota
2429 1062 2609 1105 nostra
2641 1050 2855 1103 modum
2898 1050 3147 1112 refutant,
3180 1055 3237 1100 ιιι
3279 1049 3392 1116 ipse
3422 1048 3574 1098 fae‘at
3606 1059 3699 1111 pe-

2121 1158 2289 1196 renne
2309 1156 2429 1195 esse
2459 1141 2601 1209 qttod
2627 1140 2812 1194 tribuit
2847 1155 2859 1191 :
2892 1153 2989 1191 nec
3021 1152 3250 1199 unquam
3284 1136 3423 1188 circa
3456 1148 3552 1186 nos
3581 1149 3699 1186 ntu-

2122 1233 2340 1287 ttet-iluts
2380 1234 2490 1285 suis
2525 1231 2806 1285 terminum
2849 1236 3028 1296 ponat,
3061 1227 3150 1295 qui
3196 1224 3468 1292 largiendo
3506 1222 3697 1276 damna

2122 1338 2227 1377 non
2257 1324 2437 1376 sentit.
2472 1320 2576 1373 Vos
2605 1318 2832 1388 gaudete
2864 1327 3039 1370 tamen
3073 1324 3252 1368 vestro
3278 1326 3384 1365 tam
3413 1312 3699 1365 excellenti

2127 1424 2290 1481 bono,
2320 1414 2512 1482 quibus
2541 1413 2617 1465 fas
2643 1421 2724 1464 est
2753 1418 2868 1477 post
2898 1407 3107 1461 trabeas
3141 1418 3266 1457 suas
3300 1402 3496 1455 habere
3536 1401 3700 1453 lilium

2123 1508 2176 1562 in
2205 1505 2464 1573 ol-scqnio
2494 1503 2849 1557 consularem.
2897 1499 2952 1554 Si
2988 1508 3161 1551 tamen
3209 1495 3259 1547 itt
3292 1493 3552 1547 sententia
3583 1500 3702 1544 mea

2123 1598 2356 1653 caelestis
2379 1596 2525 1662 vigor
2548 1605 2821 1662 operatur,
2840 1602 2887 1645 et
2920 1601 3025 1645 tota
3050 1604 3200 1644 mens
3226 1586 3473 1640 humanis
3492 1584 3702 1638 delicus

2124 1689 2373 1741 inclinata
2409 1703 2510 1739 non
2533 1685 2790 1750 subjacel,
2826 1684 3057 1736 fidelium
3085 1681 3382 1733 orationum
3406 1689 3702 1731 vestrarum

2127 1780 2409 1833 retributio
2431 1790 2511 1829 est
2549 1777 2687 1829 circa
2711 1773 2947 1827 sobolem
2981 1773 3207 1841 dignitas
3236 1771 3532 1836 impetrata.
3576 1766 3704 1822 Urbi

398 1940 403 1945 .
452 1893 643 1958 vicisti,
688 1858 803 1959 ejus
846 1858 1149 1957 primordiis
1175 1858 1422 1938 existimo
1459 1881 1632 1935 totive
1656 1858 1908 1933 cesisse.
1939 1877 2018 1931 'l'u
2054 1864 2095 1923 Β
2126 1872 2429 1925 sufficerent
2460 1878 2685 1936 quantos
2715 1868 2869 1919 habet
2894 1865 3085 1917 domus
3114 1878 3215 1916 una
3247 1877 3371 1930 prec
3407 1869 3572 1914 tores.
3604 1858 3705 1914 Fe-

454 2000 546 2053 pcr
575 1983 821 2037 duratum
849 1993 1165 2049 proavorum
1191 1988 1517 2043 avorumque
1541 1974 1562 2004 ³
1592 1970 1888 2038 scipionum
1918 1978 2025 2019 tra-

454 2075 634 2128 uitem
681 2072 788 2140 jam
827 2068 1096 2139 grandior,
1142 2081 1278 2136 pene
1310 2061 1725 2132 prmcedentium
1754 2072 2031 2114 connexus

453 2164 708 2220 lateribus
733 2161 1045 2226 ambulasti;
1068 2159 1137 2212 ita
1160 2165 1217 2211 ut
1235 2155 1335 2211 sub
1360 2153 1736 2221 conjunctione
1757 2165 2027 2219 nunquam

453 2254 784 2323 interpolata:
806 2250 1071 2305 felicitatis
1098 2246 1392 2301 incederes.
1419 2245 1497 2297 Ad
1526 2242 1711 2295 Avieni
1735 2242 1836 2293 tttei
1858 2240 2030 2295 adhuc

454 2344 623 2399 teneri
671 2343 893 2396 virtutes
943 2338 1203 2408 pertinet,
1252 2346 1306 2390 et
1351 2344 1442 2388 tuo
1488 2334 1668 2403 generi
1712 2348 1811 2385 con
1841 2332 2026 2384 innare

456 2439 646 2499 fasces,
671 2443 723 2489 et
758 2444 941 2487 nostro
972 2430 1217 2485 reddere.
1262 2429 1375 2498 Ago
1418 2428 1615 2497 gratias
1652 2426 1929 2479 intentioni
1975 2427 2026 2476 in

455 2540 739 2581 commune
767 2533 1110 2593 augmentum
1142 2519 1431 2590 profutura:
1455 2536 1467 2570 :
1492 2533 1585 2587 per
1608 2532 1764 2587 quam
1797 2532 1917 2570 cum
1940 2516 2032 2569 Del

459 2614 721 2670 beneficio
749 2615 1001 2668 natalium
1030 2611 1290 2666 bonorum
1329 2610 1541 2663 claritas
1571 2609 1830 2662 hactenus
1872 2608 2035 2661 inter-

456 2708 604 2760 clusa
637 2704 1000 2772 reSplenduit:
1033 2719 1125 2773 per
1157 2717 1313 2772 quam
1333 2702 1469 2756 diem
1494 2715 1647 2755 suum
1682 2701 1883 2754 lucidus
1910 2714 2033 2752 San-

457 2800 573 2865 guis
598 2798 834 2867 agnovit.
862 2795 1031 2863 Quam
1054 2795 1340 2849 voluissem
1360 2804 1603 2846 votorum
1632 2808 1867 2847 meorum
1892 2808 2035 2846 sum-

458 2905 597 2941 utatn
626 2903 804 2941 coram
840 2888 1045 2957 positus
1075 2887 1287 2951 intueri,
1329 2886 1373 2939 si
1411 2902 1514 2939 nou
1550 2895 1884 2954 peccatorum
1920 2900 2033 2935 tua-

456 2982 676 3050 guitudo
709 2994 899 3035 munus
943 2978 1185 3043 cwleste,
1219 2978 1359 3047 quod
1398 2992 1501 3031 non
1534 2976 1703 3047 potuit
1732 2974 2033 3037 desideriis,

456 3072 740 3140 denegaret
769 3070 1093 3139 aspectibus,
1127 3079 1177 3123 et
1227 3068 1377 3123 nefas
1414 3070 1484 3122 sit
1513 3068 1781 3122 hominem
1813 3081 1918 3120 uno
1941 3082 2037 3119 eo-

458 3165 685 3232 demque
719 3174 957 3231 tempore
1010 3164 1259 3216 universa
1301 3170 1477 3229 optata
1524 3161 1846 3230 promereri!
1905 3160 2035 3213 Illud

461 3264 635 3305 tamen
670 3253 806 3303 inter
832 3250 1090 3303 maximas
1117 3249 1489 3319 Redemptoris
1522 3251 1689 3303 nostri
1724 3264 2037 3303 retnuuera-
2062 3218 2107 3279 Ο

462 3344 633 3396 tiones
661 3343 822 3396 credo
852 3342 1264 3407 numerandum,
1295 3342 1437 3411 quod
1471 3342 1631 3395 limen
1661 3341 1832 3394 felicis
1866 3340 2037 3393 infan~

463 3434 550 3487 tite
586 3434 769 3487 consul
825 3447 973 3486 utens
1018 3447 1139 3487 cum
1190 3433 1392 3485 honore
1438 3429 1582 3485 senis
1620 3430 1890 3499 ingressus
1932 3441 2032 3482 est.

460 3527 564 3580 Sed
595 3525 843 3594 pra'cipio
869 3525 994 3594 quid
1027 3533 1241 3594 paretur
1285 3523 1576 3587 laboribus,
1608 3537 1730 3577 cum
1761 3522 1887 3575 talia
1927 3521 2035 3590 pri-

462 3618 682 3673 mordiis
710 3618 1053 3672 exhibentur.
1079 3617 1427 3685 lnauspicatis
1446 3615 1783 3669 successibus
1807 3614 1877 3666 illi
1911 3631 2036 3679 pro-

460 3706 705 3763 véctuunt
739 3708 1062 3761 incrementa
1089 3717 1304 3760 ventura
1338 3714 1483 3769 sunt,
1518 3720 1673 3773 quem
1707 3705 1935 3772 coepisse
1960 3703 2037 3756 vi-

461 3800 649 3851 demus
677 3813 705 3850 a
745 3796 997 3851 fascibus.
1032 3796 1203 3849 Minus
1232 3804 1311 3849 est
1355 3795 1495 3864 quod
1527 3794 1627 3848 sibi
1656 3793 1724 3847 de
1767 3793 2035 3863 prosperi.

459 3888 581 3941 tatis
627 3895 825 3941 eventu
877 3885 928 3940 itt
970 3885 1310 3955 antiquorum
1362 3885 1642 3953 przcconiis
1692 3894 1842 3937 vetus
1896 3884 2036 3935 fama

458 3978 745 4033 blanditur.
790 3976 941 4045 Quod
988 3979 1170 4032 attrita
1212 3978 1428 4046 pulvere
1471 3976 1712 4041 canities,
1757 3975 1898 4043 quod
1932 3974 2037 4027 vita

459 4074 558 4124 sub
583 4071 724 4124 fasce
749 4079 863 4122 acta
894 4070 980 4122 vix
1009 4068 1223 4133 meruit,
1252 4068 1392 4137 quod
1423 4066 1739 4134 grandmvus
1763 4067 1831 4118 de
1872 4067 2038 4132 ἱιιιροο

461 4160 689 4212 tratione
719 4172 984 4226 nunquam
1009 4167 1192 4211 certus
1218 4158 1441 4225 Optavit,
1476 4154 1575 4208 hoc
1607 4164 1899 4208 memoratu
1930 4170 2035 4207 sa:-

461 4250 579 4316 pius
609 4247 941 4300 adolescenti
970 4261 1090 4300 meo
1120 4260 1411 4314 supernum
1445 4258 1636 4296 ntttttus
1664 4243 1905 4310 ingessit.
1930 4244 2037 4297 Atl-

460 4343 624 4406 ditur,
652 4339 793 4409 quod
835 4340 889 4393 in
936 4337 1196 4407 principio
1230 4336 1349 4389 vitat
1375 4333 1670 4403 disciplinis
1704 4334 1918 4402 optimis
1959 4335 2038 4386 in-

460 4430 691 4494 stitutus,
739 4427 949 4483 videtur
998 4426 1260 4480 meruisse
1309 4424 1449 4493 quod
1499 4424 1721 4492 adeptus
1766 4434 1893 4479 est:
1944 4438 2041 4478 nec

462 4520 705 4586 dignatur
734 4527 900 4571 totum
930 4517 981 4570 itt
1021 4531 1079 4569 se
1107 4514 1365 4579 felicitati,
1396 4515 1448 4568 in
1483 4529 1590 4582 quo
1630 4524 1851 4583 possunt
1876 4515 2036 4569 etiam

2126 1962 2196 2015 lix
2230 1971 2398 2015 mater
2429 1970 2505 2014 tot
2541 1960 2921 2026 imperaturum
2961 1952 3209 2013 domina;
3240 1966 3334 2010 vos
3361 1950 3497 2020 apud
3534 1948 3704 2002 Deum

2130 2054 2376 2123 precibus
2407 2054 2519 2107 suis
2551 2063 2789 2106 matrona
2830 2050 2980 2105 fortis
3011 2049 3245 2104 attollit:
3280 2063 3377 2117 per
3406 2057 3581 2101 tantos
3612 2060 3699 2098 re-

2126 2160 2285 2214 gnum
2321 2146 2541 2199 caelrste
2566 2143 2667 2195 vito
2710 2142 2927 2211 patitur,
2953 2156 3184 2210 quorum
3224 2138 3431 2193 meritis
3460 2153 3489 2191 a
3526 2138 3705 2191 divit.a

2129 2238 2410 2293 clementia
2450 2234 2590 2304 quod
2631 2236 2949 2301 po-tttlatur,
2978 2233 3229 2302 exigitur.
3258 2231 3523 2298 Scriptum
3561 2229 3706 2283 enim

2132 2330 2491 2391 meminimus,
2516 2327 2727 2381 dicente
2756 2325 2984 2379 Domino
3001 2323 3275 2391 discipulis
3300 2340 3311 2372 :
3342 2321 3402 2375 Si
3429 2321 3709 2373 conticuerit

2132 2419 2326 2471 duobus
2348 2426 2435 2469 aut
2471 2416 2631 2469 tribus
2653 2424 2893 2479 vestrum,
2916 2414 3071 2482 quidq
3112 2415 3161 2464 id
3199 2411 3439 2475 petieritis
3468 2411 3709 2475 impetro-

2134 2509 2249 2601 bitis
2279 2504 2493 2575 (Matth.
2530 2520 2675 2571 svnt,
2716 2505 2821 2572 l9).
2858 2504 3033 2558 Credo
3076 2502 3501 2568 liedemptorem,
3539 2498 3711 2568 justu-

2134 2592 2251 2657 rttm
2294 2602 2510 2656 raritati
2542 2607 2843 2668 prospecta,
2892 2614 2986 2664 pro
3027 2596 3207 2649 mundi
3240 2596 3409 2647 salute
3450 2592 3710 2659 petituros

2135 2694 2268 2747 duos
2289 2691 2488 2745 dixisse
2517 2688 2765 2743 sufficere
2792 2706 2805 2742 :
2840 2689 2965 2741 licet
2993 2688 3297 2753 conjectura
3343 2681 3619 2750 perpendi,
3663 2683 3710 2734 si

2144 2786 2311 2855 possit
2348 2782 2517 2835 tribus
2565 2780 2760 2849 “liquid
2809 2780 3057 2845 denegari
3097 2792 3192 2845 pro
3241 2792 3454 2829 suorum
3487 2774 3713 2829 utilitate

2144 2873 2506 2942 po-centibns.
2554 2871 2645 2925 llis
2675 2886 2801 2939 ergo
2826 2869 3020 2937 spebus
3054 2870 3337 2931 animatus,
3367 2876 3421 2919 et
3446 2866 3570 2933 jtt-tt
3594 2881 3711 2918 rum

2139 2964 2456 3031 cogtt.iti0tte
2486 2959 2749 3027 sublimis,
2781 2959 2993 3014 conﬁdo
3020 2960 3087 3011 de
3124 2972 3349 3025 superna
3385 2958 3710 3025 lten‘guttate

2140 3053 2301 3107 etiam
2332 3069 2416 3107 me
2443 3052 2508 3106 ad
2533 3062 2726 3120 optata:
2746 3052 2952 3121 copiam
2980 3052 3165 3120 gratia:
3211 3060 3604 3117 perventurum.
3644 3048 3702 3102 Si

2142 3142 2369 3197 Abraltte
2420 3143 2623 3197 meritis
2664 3140 2815 3213 (Gen.
2860 3143 2957 3208 xu)
3004 3142 3135 3194 Loth
3186 3152 3491 3192 sanctorum
3546 3138 3712 3190 turbis

2140 3236 2458 3289 θειιιίιιίιιιττ
2492 3235 2536 3289 si
2572 3234 2620 3289 lti
2648 3237 2737 3303 qui
2767 3250 2987 3289 caruere
3017 3234 3264 3302 propriis,
3300 3232 3714 3300 propinquorum

2141 3324 2206 3378 ad
2234 3325 2376 3377 celsa
2413 3324 2627 3391 perduci
2659 3340 2901 3378 meruere
2935 3325 3248 3386 virtutibus;
3280 3336 3452 3374 anuus
3496 3321 3597 3374 iste
3634 3320 3715 3372 fa-

2142 3415 2300 3467 tnlizt:
2332 3424 2528 3467 vestra:
2563 3414 2731 3481 patiet
2770 3415 3078 3482 dignitates.
3126 3413 3253 3465 5am
3293 3411 3337 3464 si
3384 3427 3430 3459 vt
3456 3409 3533 3461 his
3563 3408 3716 3463 cordi

2139 3522 2279 3573 sum,
2309 3505 2467 3561 facile
2492 3506 2554 3562 ad
2588 3507 2859 3561 rmlestem
2891 3506 3112 3573 gratiam
3139 3513 3316 3572 optata
3344 3502 3717 3570 itnpétratione

2140 3605 2426 3667 perducor.
2465 3597 2687 3650 ftomiue
2719 3600 2810 3662 mi,
2846 3595 3182 3649 salutationis
3215 3589 3570 3646 revei'etttiam
3608 3590 3718 3643 sol-

2141 3705 2289 3754 veos,
2326 3690 2530 3743 veniam
2574 3689 2787 3757 postulo
2826 3688 2892 3740 de
2938 3686 3244 3754 prolixitate
3272 3683 3564 3746 sermonis;
3594 3683 3721 3751 quia

2139 3781 2355 3833 ditficile
2382 3790 2464 3832 est
2502 3795 2686 3848 magna
2728 3777 3046 3847 gaudentem
3081 3791 3239 3846 parva
3263 3775 3406 3844 loqui
3434 3789 3555 3829 esse
3584 3790 3719 3830 cun-

2142 3884 2225 3926 ten
2255 3888 2363 3926 ιιιη.

2696 3958 2977 4013 EPISTOL
2996 3964 3020 4011 \
3065 3958 3155 4011 Vl.

2671 4066 2922 4104 ENNODIUS
2955 4064 3156 4104 FAUSTO

2214 4168 2352 4219 lleus
2381 4165 2535 4225 bone,
2558 4179 2713 4232 quam
2743 4163 2871 4215 nihil
2906 4175 2987 4216 eSt
3016 4161 3237 4214 arduum
3280 4176 3466 4227 magna
3514 4175 3709 4212 curau-

2144 4256 2304 4321 tibus,
2335 4265 2389 4309 et
2417 4270 2517 4323 qua
2544 4254 2719 4323 quiete
2748 4253 2943 4305 divina:
2973 4261 3185 4306 mentes
3222 4251 3334 4305 visa
3364 4250 3678 4305 describunt
3705 4253 3723 4305 !

2141 4346 2333 4413 quibus
2356 4353 2611 4397 ornantur
2648 4342 2860 4396 dotibus
2907 4342 3042 4406 loca,
3074 4357 3194 4409 quae
3236 4341 3412 4409 lingua
3448 4340 3621 4400 diies,
3657 4351 3717 4395 et

2142 4435 2351 4489 dicendi
2403 4434 2602 4501 peritus
2645 4432 2952 4497 asttexerit,
3001 4434 3045 4486 si
3093 4433 3351 4501 religioso
3397 4432 3555 4485 liceat
3604 4433 3726 4488 sine

2146 4522 2452 4577 discrimine
2477 4521 2829 4575 confessionis
2852 4536 3104 4576 enarrare
3132 4522 3429 4590 proposito!
3453 4522 3727 4587 Quasdam

462 4611 574 4663 dari
604 4608 749 4675 plura
781 4606 983 4659 virtuti.
1016 4604 1227 4658 Naturae
1258 4604 1309 4657 in
1339 4604 1503 4658 decus
1528 4604 1736 4657 scholas
1760 4615 1816 4658 et
1838 4605 2039 4658 littera-
2073 4582 2121 4642 D
2150 4615 2338 4669 mundi
2382 4614 2579 4668 arma
2612 4615 2754 4668 Deus
2794 4614 3084 4681 provinciis
3133 4582 3417 4668 mam,
3464 4582 3727 4683 gmw,“

462 4712 580 4752 rutn
606 4694 779 4752 studia
812 4703 1151 4755 consecutus,
1184 4704 1417 4761 paternae
1449 4691 1791 4761 perfectionis
1821 4696 2040 4747 :ntnnla-

462 4798 563 4847 tor,
594 4787 750 4839 talem
781 4800 841 4840 se
883 4783 1139 4837 industria
1184 4797 1278 4835 sua
1330 4782 1494 4835 filium
1544 4781 1795 4847 reddidit,
1826 4783 2037 4852 qualem

462 4881 595 4928 a'ter
628 4876 711 4929 \ix
755 4878 922 4943 potuit
967 4875 1180 4939 legisse.
1225 4872 1490 4938 Quidquid
1534 4871 1729 4936 Attica,
1782 4873 2037 4941 quidquid

465 4966 699 5019 Romana
745 4966 1070 5033 prwcipttutn
1122 4963 1277 5014 habet
1319 4960 1493 5029 lingua
1530 4961 1815 5029 cognovit:
1847 4978 2035 5017 aurum

465 5055 858 5114 Demosthenis.
874 5066 927 5107 et
950 5054 1147 5108 ferrum
1171 5053 1442 5107 Ciceronis
1463 5052 1737 5120 expendit,
1762 5064 2039 5125 utramque

462 5144 668 5198 dicendi
690 5143 884 5196 serietn
913 5142 1133 5195 Latinus
1162 5142 1359 5195 relator
1382 5140 1641 5208 implevit.
1664 5141 2041 5199 Grammaticte

463 5232 827 5288 instructionis
856 5231 1125 5301 repagula,
1155 5240 1210 5285 et
1250 5230 1365 5283 illas
1395 5230 1602 5283 dicendi
1639 5232 1837 5301 legales
1876 5250 2042 5303 angu-

463 5324 590 5378 stias
613 5339 709 5392 pro
740 5322 986 5376 libertate
1009 5320 1323 5387 complexus
1346 5328 1448 5374 est.
1468 5321 1760 5375 Uratoriam
1792 5339 2038 5394 pompam

534 5459 548 5486 ‘
588 5456 650 5507 In
674 5454 925 5509 dictandis
947 5451 1159 5523 legibus]
1183 5452 1313 5519 Quia
1346 5452 1592 5507 nimicum
1616 5455 1788 5510 edicta
1814 5469 1867 5512 et
1897 5476 2026 5514 cun-

464 5528 763 5580 stittttiottes
791 5527 903 5577 sine
928 5524 1015 5576 dte
1041 5533 1090 5594 et
1128 5527 1342 5594 constt'e
1368 5526 1680 5579 auctoritate
1721 5539 1927 5594 earcnt,
1961 5549 2025 5586 ex

466 5603 579 5661 lege
611 5598 627 5648 l
660 5596 776 5649 cudi
812 5595 855 5647 is
876 5592 1247 5661 Tlteodosiani.

537 5669 556 5695 ²
589 5665 886 5730 Scipionum
923 5660 1194 5737 tramitem]
1229 5662 1595 5737 sceptrorum,
1627 5666 2028 5737 aquilarumque

466 5737 853 5795 consulat-tum;
878 5742 933 5784 ut
962 5733 1011 5786 itt
1043 5734 1323 5802 panegyric
1346 5750 1379 5794 t,
1408 5733 1691 5787 Serranum
1715 5733 2026 5799 scipionibus

469 5818 641 5864 unum
666 5810 961 5871 μεριιιρενηης
995 5818 1015 5856 ;
1041 5812 1093 5854 (ν,
1118 5802 1169 5855 in
1214 5803 1498 5869 l’araenesi,
1541 5816 1655 5857 ante
1690 5805 1937 5876 scipiones
1982 5822 2031 5863 et

2145 4705 2340 4761 secreti
2378 4706 2457 4759 sui
2507 4706 2747 4772 largitate
2774 4705 3071 4759 concessit:
3098 4704 3230 4757 alias
3270 4704 3504 4767 uberius,
3537 4706 3731 4761 melius

2145 4797 2274 4850 alias
2299 4798 2478 4849 vinum
2519 4796 2678 4863 jussit
2722 4795 2997 4850 effundere
3037 4813 3049 4848 :
3091 4796 3212 4849 aliis
3247 4796 3473 4850 contulit
3499 4797 3730 4851 triticeas

2144 4888 2334 4955 segetis
2364 4902 2463 4955 ope
2493 4887 2743 4953 gratulari
2774 4903 2785 4936 :
2820 4885 3008 4937 multas
3037 4900 3316 4952 pomorum
3340 4895 3602 4940 vartetate
3632 4890 3721 4942 vel

2146 4983 2368 5036 utilitate
2405 4982 2645 5035 donavit.
2688 4982 2893 5049 Quibus
2939 4982 3052 5036 base
3091 4992 3264 5037 tamen
3308 4984 3473 5049 ipsius
3518 4992 3728 5045 natura;

2150 5072 2488 5140 repugnantis
2527 5073 2714 5125 merita
2756 5087 2859 5125 non
2889 5072 3170 5136 dederunt,
3221 5073 3344 5127 fecit
3368 5089 3460 5127 ers
3496 5074 3731 5126 relatore

2149 5160 2424 5215 sublimes.
2455 5160 2570 5213 Non
2602 5170 2683 5213 est
2712 5160 3049 5228 undejcjuna
3082 5161 3337 5215 cautibus
3363 5162 3513 5230 gleba
3536 5162 3732 5229 despe-

2150 5261 2251 5314 ret,
2284 5265 2381 5303 nec
2405 5250 2544 5304 unde
2589 5266 2692 5303 non
2737 5250 3113 5317 respondentia
3153 5252 3350 5306 cultori
3387 5267 3511 5305 arva
3548 5252 3695 5319 subja

2149 5350 2322 5395 eeant.
2358 5340 2677 5407 Linguarum
2707 5342 2862 5409 genio
2895 5344 3048 5396 terris
3078 5344 3269 5396 merita
3300 5344 3635 5397 tribuuntur:
3671 5353 3732 5396 et

2138 5478 2333 5529 trabea:
2356 5493 2599 5544 pompam
2618 5487 2687 5527 est
2712 5478 2960 5528 recitatio.
2992 5478 3108 5541 Quo
3133 5479 3309 5530 minus
3331 5478 3398 5531 de
3418 5478 3729 5543 Scipionum

2140 5548 2336 5599 familia
2387 5547 2726 5611 interpreter,
2768 5557 2822 5596 ttt
2867 5563 3057 5605 magno
3092 5553 3204 5600 tiro
3236 5550 3411 5598 visunt
3444 5558 3549 5609 est,
3604 5546 3735 5599 facit

2137 5616 2411 5678 Sidonius,
2459 5618 2547 5681 qui
2591 5614 2848 5669 Gennatlii
2884 5617 3068 5669 Avieni
3110 5634 3267 5670 uuetn
3304 5616 3481 5669 Fausti
3515 5625 3725 5683 patrem

2140 5687 2303 5738 fuisse
2325 5687 2624 5743 docuimus,
2651 5686 2909 5751 originem
2935 5702 3037 5738 non
3067 5689 3129 5739 ad
3160 5688 3493 5753 Scipionum,
3527 5687 3621 5741 sei
3648 5684 3715 5740 ad

2139 5756 2488 5809 Corvittorttttt
2519 5756 2777 5808 lanttliattt
2810 5756 2969 5811 refert
3000 5757 3094 5810 lib.
3126 5773 3160 5820 t,
3187 5759 3341 5825 e‘pi~t.
3370 5758 3421 5811 9.
