3998 6362
461 347 532 401 Ξῦ
1598 343 1865 398 ΕΝΝΟῘΗΙ
1908 341 2041 399 EPIE

2147 344 2211 399 Pl
2252 346 2623 405 TICI'NENSIS
3649 352 3722 411 24

464 458 749 528 eireaJebs,
781 459 922 530 quod
968 458 1256 514 defunctus
1284 456 1472 523 voluit,
1514 472 1822 514 servaretur
1850 477 1861 511 :
1897 458 2043 511 audi-
2069 466 2121 517 Α
2147 468 2362 514 nectare
2390 463 2643 530 liquentis
2667 463 2918 520 elementi
2953 467 3107 521 mefla
3151 482 3453 536 componis,
3488 470 3725 535 peregri-

463 564 640 608 turum
677 566 738 606 se
758 550 1082 620 deceptiosis
1116 557 1169 603 et
1218 547 1432 604 blandis
1471 552 1714 619 promisit
1752 550 2041 605 illecebris.

461 645 532 697 lit
558 643 639 696 ad
672 642 1019 711 obsequium
1049 647 1450 695 reverterentur
1500 642 1568 692 ad
1613 640 1753 710 quod
1799 640 2039 709 deputati

461 738 689 797 fuerant,
723 740 909 785 sancto
930 729 1184 799 episcopo
1226 741 1597 798 patre~vestro
1644 740 1905 800 praesente
1947 731 2037 798 qui

460 823 663 877 eisdem
696 820 964 890 prtebebat
992 820 1404 885 auxilium,sub
1435 821 1619 875 notitia
1660 819 1889 874 civitatis
1920 820 2038 874 lior-

466 927 607 970 tatus
636 929 776 969 sum.
801 913 938 980 Quid
970 922 1152 983 postea
1174 913 1436 977 evenerit,
1466 913 1726 983 ignoravi,
1758 912 1860 967 nisi
1892 922 2038 981 post-

462 1021 623 1073 quam
655 1005 796 1059 tuale
825 1006 840 1035 ¹
873 1006 1216 1058 retentatoris
1252 1018 1459 1058 nomen.
1480 1004 1683 1074 atcepi.
1735 1003 1859 1058 Haec
1889 1018 2041 1057 men-

462 1101 584 1165 tior,
611 1100 713 1152 nisi
732 1096 1139 1167 impugnatoris
1163 1100 1266 1152 mei
1294 1098 1634 1152 attestatione
1654 1096 1994 1151 constiterint
2020 1113 2035 1149 :

458 1190 543 1243 cui
573 1199 750 1243 tamen
782 1188 981 1257 gratias
1010 1186 1208 1254 refero,
1240 1188 1360 1254 quia
1400 1185 1500 1240 sub
1527 1189 1715 1254 quavis
1757 1186 2040 1241 occasione

460 1280 667 1335 votivas
688 1280 869 1349 exegit
897 1279 1198 1348 epistolas:
1245 1294 1363 1346 quae
1393 1278 1523 1331 mihi
1570 1279 1793 1332 multum
1838 1277 2039 1333 doloris

458 1369 718 1437 jussionis
738 1379 932 1424 vestra:
954 1369 1284 1423 dubitatione
1312 1377 1652 1437 pepererunt.
1675 1368 1753 1423 De
1781 1384 1868 1422 me
1896 1369 2038 1423 enim

459 1459 807 1514 deliberatum
834 1474 957 1514 esse
984 1459 1173 1523 videor
1189 1460 1234 1513 si
1277 1472 1394 1523 vos,
1426 1469 1606 1514 utrum
1630 1500 1633 1503 .
1654 1458 1867 1513 audiam
1921 1474 2041 1528 qua:

460 1550 676 1620 iubetis,
715 1552 766 1605 in
794 1551 1009 1620 ancipiti
1036 1564 1159 1606 esse
1195 1565 1480 1621 cognosco.
1515 1551 1813 1605 .Nulla‘me
1842 1560 2039 1605 .tamen

461 1658 561 1698 nec
588 1642 1007 1712 magnitudinem
1038 1653 1266 1697 vestram
1308 1657 1466 1697 exea
1498 1652 1646 1712 parte
1699 1643 1837 1711 apud
1874 1643 2040 1697 Deum

461 1734 620 1803 culpa
649 1734 919 1803 respiciet,
949 1734 1071 1801 quia
1104 1734 1354 1802 praefatos
1392 1749 1516 1787 mox
1556 1733 1622 1788 ad
1658 1734 1939 1788 servitium
1978 1734 2040 1788 il-

461 1825 564 1879 lius
594 1825 716 1878 boni
739 1824 983 1879 virisine
1018 1824 1246 1893 alicujus
1272 1824 1559 1880 audientiae
1590 1824 1723 1879 libra
1765 1825 1845 1880 ire
1879 1840 2032 1879 com-
2066 1820 2111 1878 Β

461 1916 596 1985 puli;
630 1916 853 1972 Domine
880 1918 974 1982 mi,
1016 1918 1388 1973 salutationem
1435 1918 1787 1988 largissimam
1829 1918 2036 1983 dicens,

462 2024 623 2076 quant
666 2010 860 2064 vellem
884 2050 898 2075 ,
933 2010 979 2064 si
1015 2010 1131 2065 istis
1158 2011 1386 2079 negotiis
1416 2011 1637 2080 paginas
1662 2025 1770 2065 non
1808 2010 2039 2078 negetis,

466 2111 560 2155 aut
607 2112 951 2156 accusatores
1006 2104 1156 2156 metis
1195 2104 1312 2171 ipse
1356 2116 1717 2172 componere,
1762 2113 1855 2157 aut
1898 2104 2039 2172 quod

464 2201 549 2246 est
574 2192 885 2246 familiaiius
917 2192 1222 2261 frequenter
1250 2196 1467 2248 errare!

998 2282 1331 2340 EPISTOLA
1380 2284 1514 2341 νιιι.

951 2377 972 2407 ⁸
1004 2390 1217 2430 νιιιιιικο
1244 2391 1519 2431 sanemus.

534 2464 778 2520 Jueuuda
806 2474 930 2519 sunt
955 2466 1275 2520 commercia
1308 2467 1605 2522 litterarum
1638 2469 1795 2522 docto
1824 2478 2040 2522 auctore

464 2569 758 2628 concepta:
793 2559 906 2623 illa,
941 2560 1207 2629 inquibus
1232 2561 1296 2613 ad
1330 2576 1558 2629 unguem
1596 2560 1747 2630 politi
1778 2562 2043 2614 sermonis

468 2650 722 2720 splendor
744 2649 1047 2719 equIgurat,
1087 2651 1176 2705 ubi
1216 2652 1388 2705 oratio
1432 2652 1580 2706 dives
1627 2650 1792 2705 frenis
1842 2651 2044 2718 peritiae

467 2743 795 2797 continetur.
827 2743 1051 2808 Quando
1075 2744 1432 2797 abundantem
1473 2743 1700 2812 loquela:
1732 2758 1920 2797 venam
1963 2744 2042 2797 la-

468 2836 712 2889 boriosus
736 2836 787 2888 in
830 2836 1000 2889 lucem
1037 2844 1306 2889 scrutator
1335 2835 1654 2902 adduxerit,
1705 2846 1829 2890 tunc
1856 2850 2045 2905 prece-

466 2925 599 2979 dunt
628 2924 801 2979 oflicia
842 2925 1181 2991 suscipientis
1218 2925 1498 2980 desideriis
1536 2927 1791 2994 paritura.
1851 2931 1919 2980 At
1946 2927 2035 2980 ubi

470 3018 661 3072 scaber
689 3032 869 3073 sermo
896 3019 1194 3086 angustiam
1225 3019 1471 3087 pauperis
1498 3019 1667 3087 signat
1696 3017 1917 3087 ingenii,
1950 3032 2046 3071 nec

467 3119 782 3178 conceptum
806 3124 963 3163 suum
995 3110 1047 3163 in
1078 3110 1318 3165 ordinem
1355 3110 1647 3178 digerendo
1677 3121 1889 3165 noctem
1930 3120 2042 3163 stu«

2152 567 2275 604 unm
2307 552 2461 607 labiis
2485 553 2621 607 meis
2639 566 2887 622 saporem
2911 557 3054 627 epuli
3081 558 3259 612 divitis
3296 558 3559 622 infudisti,
3592 559 3724 613 Iler-

2142 640 2285 695 culi-it
2308 644 2621 701 certaminis
2660 653 2717 698 t-t
2741 647 3140 715 triumphalium
3184 649 3358 703 Ληιαεί
3396 663 3618 703 casuum
3648 652 3726 700 fa-

2140 732 2290 787 ciens
2316 737 2664 794 mentionem.
2689 740 2777 794 Sic
2804 754 2864 794 se
2890 740 3136 808 equidem
3162 742 3397 796 exercita
3421 741 3721 796 litterarum

2141 829 2438 896 gymnasiis
2472 829 2493 860 ‘
2527 832 2770 899 palaestra
2803 833 3118 897 dilucidam,
3160 832 3238 888 sic
3275 833 3573 888 madefacta
3617 843 3724 890 stit-

2141 918 2351 974 diorum
2382 923 2505 977 oleo
2545 924 2794 993 loquendi
2826 925 3067 980 artificiis
3089 927 3198 981 oris
3225 927 3461 981 membra
3492 926 3721 981 submit-

2142 1017 2279 1062 tttnt.
2314 1011 2418 1066 Sed
2453 1014 2763 1079 noluissem,
2801 1016 2992 1078 fateor,
3038 1017 3202 1081 illius,
3232 1025 3292 1071 ιιι
3318 1018 3492 1083 aiunt,
3529 1031 3721 1086 pugna:

2140 1105 2650 1160 commemoratione
2677 1107 2930 1161 morderi.
2958 1110 3199 1162 Aneeutn
3223 1107 3394 1161 fabu'a
3416 1108 3621 1172 senior,
3650 1124 3722 1162 no

2147 1192 2317 1248 elisus
2365 1196 2631 1262 vinceret,
2673 1199 2861 1253 matris
2906 1200 3181 1265 solatium,
3224 1211 3510 1273 postquam
3553 1202 3721 1269 coepit

2142 1299 2250 1338 non
2270 1286 2487 1352 cadere,
2527 1288 2759 1355 loquitur
2785 1289 3104 1358 perdidisse.
3152 1280 3250 1356 Qtti
3284 1304 3377 1357 per
3400 1290 3580 1343 callidi
3612 1293 3713 1342 bn-

2144 1378 2242 1431 stis
2269 1377 2525 1433 fabricam
2559 1379 2730 1434 fertur
2760 1382 2948 1436 stando
2973 1389 3427 1450 essesuperatus,
3462 1389 3518 1435 et
3546 1382 3598 1435 itt
3622 1396 3720 1450 pe-

2142 1479 2293 1523 ctore
2309 1471 2540 1525 animam
2564 1474 2809 1540 posuisse
2851 1474 3126 1528 certantis.
3166 1472 3273 1527 Res
3315 1472 3524 1526 scilicet
3553 1471 3719 1535 digna

2144 1571 2465 1627 memoratu,
2497 1565 2590 1617 sed
2619 1564 2981 1620 amicitiarum
3013 1565 3225 1633 indigna
3268 1564 3563 1635 proposito.
3609 1563 3719 1616 Nos

2146 1664 2340 1721 nempe
2390 1652 2607 1707 memini
2656 1653 2873 1710 ftederis
2922 1657 3234 1711 certamina
3265 1654 3717 1725 suscepissc,setl

2147 1761 2241 1815 per
2270 1762 2389 1816 qua:
2425 1758 2621 1803 mutua:
2653 1750 2931 1806 vincamus
2969 1752 3205 1806 caritatis
3234 1750 3421 1807 officiis
3452 1768 3467 1804 :
3502 1760 3559 1805 ut
3585 1749 3716 1804 dum

2141 1838 2280 1893 inter
2318 1838 2621 1909 bttjusmodi
2666 1841 2952 1897 luctamina
3001 1844 3241 1906 nitimur,
3287 1851 3342 1897 et
3368 1841 3505 1897 vinci
3554 1843 3718 1896 ambo

2140 1939 2386 1999 optemus
2406 1942 2459 1986 et
2484 1934 2719 1989 vincere.
2753 1934 2915 1989 Nobis
2939 1950 3032 2004 per
3052 1935 3351 1989 communia
3376 1943 3717 2003 peccatorum

2141 2033 2349 2075 secreta
2382 2023 2666 2078 vivendum
2697 2024 2897 2093 potius,
2928 2041 3085 2093 quam
3108 2023 3410 2081 obeundum
3443 2034 3527 2080 est
3557 2042 3571 2078 :
3605 2039 3719 2078 ma-

2144 2110 2243 2164 tris
2275 2112 2530 2166 Ecclesicc
2554 2127 2655 2180 ope
2684 2113 2907 2179 sociata,
2934 2129 3056 2183 qua:
3083 2125 3359 2183 utrosque,
3402 2122 3461 2167 ut
3486 2129 3613 2168 vera
3638 2113 3730 2167 lo-

2143 2216 2387 2267 quamttr,
2422 2201 2544 2255 fidei
2578 2203 2743 2256 ubere
2770 2202 2906 2256 lacte
2936 2203 3104 2271 pascit
3130 2202 3322 2257 altrici.
3353 2201 3577 2256 Cessent
3602 2201 3723 2255 ani-

2145 2293 2272 2346 lium
2300 2301 2596 2346 commenta
2621 2302 2898 2361 poetarum
2927 2310 2940 2346 :
2978 2293 3215 2347 fabulosa
3242 2291 3553 2360 repudietur
3580 2291 3720 2345 anti-

2144 2387 2318 2451 quitas
2347 2399 2360 2436 :
2393 2391 2564 2436 status
2592 2383 2849 2439 innocens
2877 2383 3043 2437 ruina!
3074 2398 3404 2453 nequaquam
3435 2385 3720 2437 misceatur

2147 2474 2391 2527 alterius.
2424 2472 2605 2538 Nobis,
2655 2473 2701 2527 si
2732 2473 2906 2541 placet
2940 2474 2990 2528 itt
3024 2474 3290 2528 novellum
3340 2490 3491 2527 usum
3543 2479 3717 2541 majo-
3808 2463 3824 2475 ’

2147 2578 2265 2618 rum
2296 2564 2539 2632 exempla
2577 2579 2868 2627 revocare,
2918 2567 3091 2632 potius
3132 2564 3343 2634 Pyladis
3385 2575 3439 2619 et
3483 2564 3711 2629 Orestis,

2147 2655 2256 2708 Nisi
2280 2666 2333 2709 et
2364 2654 2601 2725 Euryali,
2629 2655 2860 2709 Pollucis
2889 2666 2943 2709 et
2961 2655 3197 2710 Castoris
3227 2656 3272 2709 si
3301 2654 3434 2709 nihil
3466 2656 3546 2708 bis
3574 2654 3717 2709 clan-

2146 2745 2475 2799 destinurum
2528 2754 2739 2799 actuum
2788 2744 3028 2813 decerpit
3077 2746 3402 2811 obscenitas,
3459 2746 3714 2798 convenit

2146 2836 2329 2907 gratim
2352 2835 2661 2890 meminisse
2695 2836 2778 2893 vel
2813 2836 2954 2893 fidei.
2978 2836 3122 2903 Quos
3149 2836 3286 2891 inter
3315 2846 3373 2890 se
3398 2837 3464 2889 ita
3488 2849 3717 2889 concors

2146 2929 2444 2983 animorum
2475 2928 2709 2982 devinxit
2733 2928 3034 2997 aequalitas,
3069 2936 3126 2981 ut
3168 2930 3354 2981 borum
3400 2926 3531 2980 duos
3558 2940 3718 2994 expc.

2148 3020 2277 3074 titus
2306 3034 2425 3072 cum
2450 3018 2635 3072 amicis
2660 3019 2866 3086 juvaret
2905 3020 3171 3085 interitus,
3198 3019 3331 3072 alter
3349 3018 3523 3070 amico
3554 3019 3718 3070 vitim

2149 3109 2323 3180 pretio
2351 3124 2463 3162 suae
2486 3110 2673 3162 mortis
2704 3109 2938 3164 afferret.
2966 3110 3066 3163 Ista
3089 3120 3215 3164 sunt
3240 3109 3393 3178 digna
3443 3108 3719 3171 memoria,

471 3199 560 3254 dio
598 3200 914 3253 elocutionis
949 3200 1220 3253 interserit
1244 3239 1259 3264 ,
1301 3207 1356 3253 et
1406 3199 1678 3254 nebulosae
1721 3200 2041 3254 narrationis
2068 3176 2113 3239 (ἶ
2144 3202 2392 3279 quotiens
2428 3202 2567 3256 inter
2606 3218 2774 3256 novos
2815 3204 3116 3257 concordiae
3162 3218 3350 3267 nexus,
3384 3203 3511 3271 mlo,
3547 3210 3604 3255 ut
3653 3202 3720 3254 ita

471 3290 724 3365 ambiguo
751 3292 1033 3360 quamdam
1056 3296 1275 3360 generat
1303 3292 1370 3347 de
1401 3293 1512 3359 ipsa
1544 3292 1917 3362 explanatione
1941 3309 2044 3349 ca:-

471 3383 717 3476 citatem;
758 3384 877 3452 quis
924 3399 1028 3437 non
1074 3398 1316 3451 personae
1346 3382 1463 3438 talis
1492 3384 1543 3438 in
1574 3383 1893 3454 eloquentiae
1921 3398 2044 3440 arce

474 3474 803 3529 constitutus
831 3480 1048 3542 spernat
1084 3474 1371 3530 affectum?
1420 3475 1617 3531 Gravat
1660 3477 2041 3531 conscientiam

476 3564 829 3632 perfectorum
861 3580 1013 3620 amor
1042 3565 1264 3621 indocti.
1312 3566 1416 3621 Sed
1446 3566 1525 3621 vis
1553 3567 1791 3621 caritatis
1820 3568 2044 3621 internte

476 3658 883 3711 necessitudinis
929 3658 1153 3713 vinculis
1196 3660 1375 3728 adjuta
1406 3675 1507 3714 non
1533 3661 1721 3715 fertur.
1754 3661 1934 3716 Nescit
1952 3677 2042 3716 ex-

475 3746 637 3812 periri
666 3748 789 3815 quid
811 3749 997 3818 possit,
1017 3764 1173 3820 quem
1197 3750 1390 3804 caritas
1418 3750 1648 3806 stimulis
1668 3751 1779 3807 suis
1790 3753 2040 3822 exagitat.

474 3836 661 3893 Solent
690 3842 877 3894 tamen
918 3841 1110 3911 dignos
1147 3842 1299 3897 venia
1346 3842 1593 3911 judicare
1634 3843 1877 3911 perfecti,
1908 3859 2042 3915 quos

474 3931 614 3984 inter
659 3930 976 4000 epistolares
1022 3933 1132 3988 vias
1178 3935 1421 3989 nutantia
1466 3934 1755 3990 deseruere
1795 3936 2038 4005 vestigia.

473 4025 676 4079 Soletis
725 4022 855 4092 quid
902 4024 1083 4078 dicere
1131 4026 1401 4079 voluimus
1449 4028 1758 4092 attendere,
1796 4029 2044 4099 quotiens

476 4130 581 4167 non
616 4114 939 4183 eloquuntur
961 4124 1081 4167 Vola
1106 4129 1401 4170 sermones.
1431 4115 1641 4171 Idonea:
1663 4127 1838 4171 tamen
1866 4118 2042 4187 perla-

474 4206 624 4261 tricis
650 4205 897 4261 viaticum
923 4209 1246 4277 prmgravavi
1282 4224 1295 4260 :
1341 4218 1398 4263 et
1420 4223 1538 4278 quae
1585 4224 1671 4263 me
1719 4219 2044 4278 praesentare

473 4296 607 4351 vivis
635 4300 895 4365 potuisset
915 4298 1183 4363 affatibus,
1207 4314 1269 4353 ea
1295 4300 1575 4369 epistolam
1597 4303 1890 4355 comitante
1920 4317 2045 4371 per-

473 4386 601 4442 duxi
634 4406 645 4443 :
677 4390 852 4444 minus
890 4391 1045 4445 nobis
1075 4390 1299 4461 periculi
1334 4405 1456 4447 esse
1490 4392 1785 4457 confidens,
1827 4393 1927 4448 sub
1964 4395 2044 4449 in-

476 4482 791 4535 tercessoris
832 4481 957 4536 boui
988 4498 1072 4537 me
1100 4484 1381 4551 praesentia
1413 4484 1719 4551 deliquisse.
1741 4485 1869 4541 Vale
1890 4500 2039 4554 ergo,

474 4569 543 4623 mi
589 4571 834 4636 domine,
867 4580 920 4626 et
960 4582 1225 4627 amantem
1270 4574 1431 4627 vestri
1474 4575 1826 4642 peculiaribus
1868 4577 2041 4631 fovete

473 4658 763 4714 beneficiis.
814 4661 902 4715 Sic
955 4662 1161 4730 apicem
1209 4672 1479 4732 vestrum,
1519 4665 1563 4717 si
1589 4674 1667 4718 est
1700 4679 1806 4734 quo
1835 4675 2041 4722 crescat

470 4738 644 4802 adhuc
698 4750 903 4810 divinus
934 4751 1080 4807 favor
1101 4753 1329 4809 attollat.
1732 4736 1733 4739 Ἴ

1023 4842 1352 4899 EPISTOLA
1387 4844 1473 4899 IX.

947 4923 967 4953 ⁸
987 4938 1209 4978 ocvemo
1254 4940 1527 4980 sanemus.

553 5010 681 5063 Dum
704 5013 849 5065 favos
864 5013 1118 5081 loqueris,
1138 5022 1192 5069 et
1212 5030 1304 5083 per
1318 5015 1505 5071 domos
1522 5031 1706 5072 cereas
1721 5017 2039 5087 eloquentia

542 5130 566 5199 ί.
596 5124 955 5199 Retentntoris]
988 5126 1293 5199 Alienorum
1322 5127 1524 5199 scilicet
1550 5130 1952 5199 mancipiorum,
1985 5142 2042 5186 ut

470 5199 524 5251 itt
556 5197 673 5265 lege
700 5196 1050 5249 Valentiniani
1079 5197 1199 5250 cod.
1232 5197 1432 5251 Tbeod.
1460 5198 1526 5253 de
1555 5196 1761 5253 annona
1784 5212 1837 5255 et
1876 5201 2044 5254 tribu-

471 5269 559 5330 tis,
590 5267 677 5336 qui
695 5282 1036 5338 vagosservos
1059 5283 1205 5332 penes
1231 5283 1284 5320 se
1334 5277 1578 5321 retentant
1611 5286 1629 5322 :
1660 5286 1958 5338 quanquam
1987 5281 2040 5326 et

470 5339 521 5391 in
545 5338 687 5390 omni
720 5352 775 5390 re
792 5336 958 5407 aliena
983 5336 1177 5407 dicitur
1208 5346 1519 5392 retentator.
1553 5336 1691 5393 Cod.
1718 5336 1903 5395 eodem
1934 5343 2036 5407 leg.

478 5408 558 5477 l2.
582 5407 681 5472 Qui
730 5406 975 5477 bouisuex
1008 5406 1121 5477 lege
1147 5406 1281 5477 Julia
1320 5410 1511 5462 cedere
1539 5410 1767 5475 possint,
1801 5422 1848 5464 et
1897 5412 2033 5477 apud

472 5475 771 5549 Ennodium
800 5475 850 5549 iu
884 5474 998 5549 Vita
1028 5474 1330 5549 Epiphanii,
1363 5487 1417 5531 et
1446 5478 1498 5531 in
1530 5474 1875 5549 Panegyrico.
1903 5474 2033 5536 Item

467 5546 607 5613 apml
630 5546 870 5599 Cassiod.
905 5546 995 5599 lib.
1019 5561 1057 5607 ι,
1081 5547 1235 5613 epist.
1267 5544 1356 5599 22.

541 5618 560 5645 ³
590 5613 843 5683 Firmino]
873 5613 987 5668 Lib.
1022 5631 1078 5677 tt,
1112 5618 1266 5683 epist.
1294 5618 1345 5669 8.

541 5618 560 5645 ³
590 5615 843 5753 Firmino}
873 5615 987 5668 Lib.
1022 5631 1078 5677 tt,
1112 5618 1266 5683 epist.
1294 5618 1345 5669 8.

540 5685 560 5761 ξ
597 5685 805 5761 Olybrio
879 5685 1156 5761 Cattsidico
1179 5687 1292 5761 t-jtts
1312 5689 1419 5761 itcvi
1452 5688 1822 5755 disertissimo,
1844 5691 1909 5745 de
1934 5708 2037 5761 quo

468 5756 621 5829 epist.
648 5755 690 5812 i,
711 5771 827 5821 qua:
849 5755 1412 5829 atl_._loa_nnetttU|ybrii
1430 5773 1682 5827 generum
1712 5763 1902 5828 scripta
1932 5755 2034 5818 est:

468 5825 736 5885 Neminem
760 5826 953 5881 credidi
969 5826 1035 5877 ad
1069 5825 1330 5896 Ufybritt'm
1360 5825 1632 5896 pervenire.
1663 5825 1906 5900 Ejusdem
1931 5835 2039 5888 clo-

2145 3294 2397 3356 dixerim,
2428 3291 2727 3345 animorqu
2768 3292 2926 3355 libro,
2980 3293 3271 3359 cespitibus
3310 3291 3498 3345 validis
3551 3292 3723 3346 fetura

2148 3387 2343 3441 nobilis
2385 3386 2567 3454 juncta
2622 3390 2923 3441 maritatur.
2982 3388 3091 3441 Illae
3156 3400 3363 3441 mentes
3410 3386 3725 3454 promittunt

2147 3479 2282 3533 bona
2309 3477 2629 3542 concordiae,
2657 3494 2775 3548 qua:
2801 3479 2927 3548 quid
2954 3479 3007 3533 in
3031 3480 3232 3533 cultura
3258 3476 3469 3532 sudoris
3490 3477 3552 3530 sit
3589 3490 3726 3543 eptts

2148 3578 2461 3638 agnoscunt.
2488 3569 2707 3625 Gaudeo
2730 3578 2927 3635 tamen,
2949 3569 3088 3639 quod
3124 3568 3232 3639 jam
3259 3567 3608 3622 indissombili
3638 3581 3727 3620 so-

2147 3660 2339 3714 cietate
2367 3659 2608 3714 moribus
2633 3659 2929 3729 iungimur,
2947 3669 3002 3714 et
3030 3659 3098 3712 ab
3141 3658 3280 3711 ostio
3307 3657 3602 3711 affectionis
3632 3672 3726 3726 per

2145 3751 2405 3806 examinis
2433 3751 2638 3807 lancem
2679 3749 2917 3807 caritatis
2950 3751 3277 3805 incrementa
3298 3763 3601 3818 pensamus.

2718 3850 3046 3905 EPISTULA
3076 3850 3141 3905 Χ.

2690 3956 2945 3997 ENSODIUS
2981 3957 3182 3997 JOANNI.

2223 4034 2399 4088 \‘icem
2427 4034 2729 4099 redderem,
2762 4035 2859 4088 nisi
2904 4043 3153 4089 oneraret
3196 4033 3525 4101 diligentiam
3569 4029 3726 4084 amici

2147 4128 2377 4195 pectoris
2426 4126 2666 4181 restituta
2690 4126 2919 4180 laudatio
2949 4144 2959 4178 :
2993 4126 3199 4180 nedum
3231 4126 3283 4179 in
3303 4125 3583 4194 pra'coniis
3610 4139 3726 4177 mu-

2149 4226 2295 4269 tuttm
2327 4216 2569 4270 videmur
2598 4215 2841 4281 scabere,
2862 4216 3183 4271 adulationis
3197 4215 3504 4285 suspiciene
3523 4214 3726 4282 pollua-

2149 4314 2231 4360 tur
2259 4305 2499 4371 affectio;
2531 4317 2578 4361 et
2620 4321 2771 4360 amor
2805 4318 2984 4362 currat
3044 4307 3094 4362 in
3152 4305 3363 4371 vitium,
3419 4305 3545 4358 dum
3593 4302 3724 4356 illml

2145 4396 2285 4465 quod
2312 4396 2450 4465 apud
2479 4398 2612 4452 alios
2639 4396 2895 4451 debemus
2935 4397 3130 4460 facere,
3163 4395 3319 4450 nobis
3360 4394 3725 4458 incompeten-

2149 4499 2171 4541 t
2205 4504 2231 4543 r
2261 4489 2571 4556 ingerimus.
2597 4490 2899 4542 Amantium
2941 4489 3083 4543 enim
3115 4497 3429 4541 ornamenta
3477 4485 3616 4539 inter
3642 4482 3721 4537 fa-

2149 4577 2381 4632 miliares
2407 4577 2627 4646 paginas
2674 4577 2950 4631 retinenda
2994 4584 3140 4638 sum,
3173 4590 3278 4629 non
3338 4574 3623 4644 loquenda;
3657 4587 3724 4627 ne

2146 4676 2352 4723 tantum
2376 4667 2729 4723 conscientias
2762 4677 2970 4723 nostras
2994 4667 3172 4719 vacuis
3193 4665 3439 4720 sensibus
3471 4665 3726 4719 relatione

2145 4757 2314 4811 laudis
2344 4760 2685 4812 bonoremus.
2718 4758 2857 4812 Sunt
2883 4755 2973 4811 ubi
3032 4756 3168 4810 bona
3201 4767 3310 4821 tua,
3365 4763 3421 4809 tit
3472 4754 3610 4824 apttd
3668 4766 3723 4811 te

2147 4860 2365 4921 propter
2390 4849 2638 4904 affectum
2671 4858 2874 4904 taceam
2891 4887 2906 4911 ,
2933 4848 3102 4901 amice
3128 4845 3521 4901 concelebrent.
3555 4844 3612 4899 In
3641 4843 3726 4897 bis

2146 4957 2264 5009 qua:
2318 4941 2385 4995 de
2424 4939 2661 5009 profectu
2692 4949 2783 4993 ttto
2820 4940 3012 5002 sentio,
3047 4938 3351 5007 religiosam
3385 4935 3474 4989 tibi
3520 4944 3721 4987 tantum

2144 5031 2313 5086 debeo
2342 5030 2775 5085 taciturnitatem.
2808 5031 3022 5085 Possem
3047 5030 3285 5098 quidem,
3309 5028 3433 5082 vitia
3465 5027 3726 5095 temporis

2142 5140 2412 5211 qtientiitm
2443 5142 2677 5196 celebrat
2706 5141 2799 5194 lib.
2830 5156 2885 5201 tt,
2920 5142 3075 5209 epist.
3110 5143 3142 5197 9
3168 5152 3221 5196 et
3247 5142 3330 5205 15,
3383 5150 3433 5195 et
3465 5140 3669 5207 peculia
3708 5142 3721 5192 i

2142 5227 2306 5280 opere
2329 5227 2498 5265 carm.
2528 5214 2582 5269 8.
2606 5211 2981 5266 vCassiodorus
3010 5226 3136 5264 vero
3168 5227 3413 5280 maguum
3445 5211 3722 5279 Olybrium

2143 5292 2421 5349 propterea
2453 5290 2608 5334 vocat
2633 5283 2723 5333 lib.
2751 5296 2862 5342 vui,
2893 5282 3049 5347 epist.
3084 5282 3171 5335 19.

2213 5350 2233 5381 ⁸
2267 5352 2515 5405 Palmum
2537 5350 2820 5402 dilucidam
2892 5350 3194 5405 Basi'iensis
3221 5349 3403 5414 editio,
3439 5351 3726 5406 dilttcidat:

2147 5422 2246 5474 ltoc
2272 5422 2520 5474 nimiunn
2560 5422 2853 5490 postulabat
2889 5435 3035 5484 usus,
3067 5430 3121 5475 et
3159 5424 3308 5490 origo
3334 5423 3477 5473 vocis
3502 5422 3727 5477 παὶαὶσο

2141 5513 2261 5563 τραγ
2294 5491 2397 5563 Sed
2430 5489 2701 5544 Eunodius
2726 5493 2789 5551 τὰ
2814 5492 3051 5563 palmslra
3073 5489 3319 5560 tanquam
3338 5491 3541 5563 plurale
3566 5508 3725 5545 usur-

2144 5561 2287 5627 pavit
2310 5562 2466 5614 ctiam
2500 5563 2588 5615 lib.
2625 5577 2681 5622 tt,
2708 5562 2865 5628 epist.
2897 5561 2961 5613 ad
2992 5561 3311 5623 Pomerium,
3357 5574 3409 5612 et
3442 5561 3493 5613 itt
3527 5564 3715 5628 prmfaa

2145 5636 2287 5687 t'one
2314 5631 2452 5685 dicta
2488 5632 2695 5685 Aratori
2724 5647 2736 5683 :
2772 5631 3032 5686 etcreber
3061 5640 3143 5686 est
3172 5632 3221 5685 in
3254 5630 3421 5684 simili
3457 5632 3720 5699 cuallage,

2144 5712 2201 5755 tit
2247 5718 2366 5755 cum
2396 5704 2450 5755 τὸ
2474 5702 2643 5755 aether
2671 5702 2817 5764 dicit,
2848 5703 2904 5756 τὸ
2934 5704 3186 5770 cpitoma;
3227 5711 3280 5757 et
3312 5700 3425 5755 lucc
3455 5704 3720 5770 lampada,

2146 5773 2379 5838 thoraca,
2408 5779 2458 5824 et
2487 5772 2585 5825 alia
2616 5770 2664 5825 id
2691 5787 2857 5841 genus
2888 5772 3166 5841 permulta.
