3998 6362
490 331 556 383 37
1599 327 1867 382 ENNODZI
1907 321 2212 381 EPISCOI’I
2251 325 2624 381 TICINENSIS
3689 336 3761 390 εδ

488 447 959 500 observantissima
988 455 1040 500 et
1076 444 1428 499 amicitiarum
1464 453 1645 509 tenax,
1675 443 1727 497 in
1773 444 1910 496 lianc
1939 456 2054 497 mea

2177 445 2279 491 rat.
2309 437 2441 505 Nam
2474 439 2558 492 ubi
2586 455 2737 493 mens
2768 456 2883 494 mea
2932 442 2997 494 ad
3025 443 3306 500 stationem
3358 447 3539 511 rediit,
3583 451 3762 507 statim

488 540 772 595 oblivionis
797 556 855 594 se
881 541 1040 595 vertit
1069 542 1348 601 incuriam,
1366 549 1422 592 ut
1448 538 1737 606 diligentia:
1762 540 2066 603 immemor,

490 628 626 684 bona
682 632 917 685 melioris
955 632 1156 700 surculi,
1186 642 1685 699 quaaccessernnt
1716 630 1783 683 de
1831 630 2066 697 proiectu

458 724 751 785 ψιθιιιιιηιιιι
785 736 1016 788 tuorum,
1051 724 1189 776 larua
1223 724 1400 791 potius
1447 738 1604 790 quant
1660 720 1797 774 felici
1839 720 2062 788 cpistola

490 817 804 868 nuntiasset.
837 815 931 868 Ubi
975 824 1099 868 sunt
1129 815 1215 868 illa
1246 824 1444 868 sanctae
1467 813 1811 868 conscientia:
1862 824 1965 865 tua:
2011 811 2065 866 in

486 905 893 959 conversatione
921 906 1224 960 veneranda
1288 904 1625 971 penetralia?
1663 903 1888 970 Quando
1918 903 2066 955 inve-

487 1000 602 1049 nire
633 998 887 1064 potuisset
916 997 1081 1050 relatu
1108 996 1347 1063 digniora
1370 996 1578 1048 animus
1600 994 1663 1047 de
1677 993 1907 1047 amantis
1932 992 2064 1044 bila-

488 1104 513 1140 r
537 1098 642 1142 tate
668 1089 966 1143 Sollicitus?
995 1088 1099 1141 Sed
1117 1102 1319 1155 quaero,
1339 1103 1405 1139 ne
1433 1087 1782 1153 malignorum
1803 1083 2063 1152 quispiam

486 1197 727 1238 austrum
757 1185 1014 1250 fontibus,
1040 1196 1121 1235 aut
1160 1182 1423 1250 petulcutn
1448 1179 1642 1231 animal
1666 1177 1858 1231 rmctis
1885 1175 2065 1230 inuni-

487 1275 635 1329 seiit.
670 1275 949 1343 Nunquam
994 1273 1135 1327 enim
1182 1273 1297 1325 sine
1352 1270 1551 1325 ollensa
1602 1270 1790 1323 amicis
1843 1283 2066 1336 prosper

486 1379 712 1423 eventus
737 1367 1111 1422 absconditur.
1142 1379 1172 1418 a
1197 1365 1555 1416 commotione
1586 1362 1765 1414 evenit
1792 1362 1949 1427 longe
1970 1362 2059 1414 de-

485 1464 730 1530 gentibus
752 1470 927 1514 tacere
965 1457 1104 1526 quod
1133 1455 1385 1526 gaudeas.
1425 1454 1615 1507 Procul
1650 1468 1681 1505 a
1714 1453 1951 1507 moribus
1976 1470 2064 1507 ve-

485 1555 611 1607 stris
637 1551 853 1606 ωειΙίιίτῐε
877 1550 1103 1603 facessat
1122 1548 1455 1601 obscenitas:
1479 1554 1604 1613 puto
1620 1546 1757 1599 bona
1787 1558 1959 1597 vesu'a
1979 1560 2063 1598 me

485 1643 743 1695 meruisse
772 1642 1001 1696 nescire.
1031 1638 1145 1704 Qua
1172 1636 1436 1691 sermonis
1492 1634 1785 1702 frequentia
1818 1635 2062 1701 pensabi-

485 1744 570 1787 tur
600 1735 703 1789 tale
739 1733 1042 1787 silentium?
1073 1732 1429 1786 Decedentem
1462 1728 1793 1782 adesideriis
1830 1728 2058 1781 amicum

436 1874 451 1878 -
484 1826 627 1877 nulla
659 1824 885 1879 delinire
917 1831 1090 1890 potest
1133 1821 1339 1875 cultura
1370 1820 1633 1873 caritatis.
1665 1818 1790 1872 Haec
1833 1827 2058 1885 quanta-
2097 1808 2137 1864 Β

483 1921 584 1982 vis,
611 1920 681 1971 mi
705 1915 1224 1978 domine,nobilibus
1239 1913 1472 1967 scientiae
1497 1922 1601 1966 tua:
1628 1912 1912 1966 verborum
1945 1913 2062 1979 pin-

480 2014 572 2081 gas
614 2010 956 2080 imaginibus,
1002 2023 1125 2063 raro
1154 2016 1411 2061 curantur
1441 2005 1715 2059 malefacta
1755 2003 2057 2071 colloquiis,

480 2118 529 2158 et
559 2105 710 2158 dolor
739 2105 827 2171 qui
859 2119 886 2155 a
917 2115 968 2154 te
996 2099 1369 2161 descenderit,
1405 2100 1579 2150 sanari
1612 2112 1717 2148 non
1750 2094 1944 2162 poterit
1966 2108 2059 2161 per

481 2197 762 2263 loquelam.
798 2194 889 2247 Vix
919 2193 1038 2253 erit,
1061 2201 1110 2244 ιιι
1134 2190 1416 2244 scribendo
1438 2187 1621 2242 deleas
1651 2187 1791 2254 quod
1823 2184 2058 2239 scribere

479 2287 866 2355 contempsisti.
922 2284 1025 2338 Sed
1080 2292 1320 2337 revertor
1359 2280 1422 2332 ad
1468 2280 1814 2347 propositum,
1865 2291 1895 2328 a
1949 2289 2056 2344 quo

481 2380 747 2445 nunquam
787 2387 899 2438 cst,
931 2373 974 2427 si
1022 2372 1304 2426 miseretur
1348 2370 1617 2432 divinitas,
1648 2366 2052 2421 discedendum.

480 2470 591 2524 Deo
613 2468 805 2533 debeo,
847 2467 987 2535 quod
1037 2478 1287 2533 prospera
1328 2473 1432 2525 tua,
1469 2471 1519 2515 te
1565 2461 1832 2514 silentium
1862 2474 2053 2528 procu-

480 2554 649 2625 rante,
684 2562 735 2615 in
770 2561 981 2629 Liguria
1014 2559 1218 2628 primus
1256 2558 1465 2625 agnovi.
1498 2555 1777 2610 Perdidisti
1822 2553 2052 2608 fructum

480 2654 731 2708 SllltIIOSm
761 2652 1133 2706 taciturnitatis
1158 2669 1171 2704 :
1195 2651 1453 2704 bonorum
1479 2649 1700 2703 felicitas
1732 2648 1911 2701 mtunli
1947 2646 2051 2700 lin-

476 2760 575 2811 gua
624 2744 942 2798 celebratur.
986 2741 1216 2811 lgnorari
1268 2755 1371 2793 non
1424 2749 1595 2809 potest
1638 2740 1776 2809 quod
1829 2740 2053 2792 suminis

478 2835 781 2887 accesserit.
814 2833 867 2886 In
900 2832 1211 2895 honoribus,
1239 2830 1323 2883 illa
1351 2831 1517 2895 magis
1539 2831 1907 2895 amplectenda
1929 2839 2051 2882 sunt

476 2933 596 2994 qua:
616 2925 927 2979 redduntur.
958 2924 1090 2977 Male
1121 2924 1184 2976 ad
1221 2925 1388 2976 lasces
1417 2923 1697 2987 attollitur,
1718 2921 1870 2990 cujus
1900 2937 2051 2975 meus

477 3017 620 3068 inter
644 3015 806 3067 curiae
848 3013 1023 3067 sidera
1069 3014 1197 3065 lucis
1226 3012 1471 3079 sull'ragia
1505 3028 1608 3065 non
1637 3012 1870 3079 agnoscit
1911 3011 1962 3064 in
1989 3011 2053 3064 ti-

478 3102 620 3159 inlis.
656 3106 809 3159 Venit.
838 3105 902 3159 ad
922 3120 1014 3160 vos
1045 3120 1174 3159 caua
1199 3105 1429 3174 dignitas
1451 3121 1591 3168 sera,
1616 3105 1708 3157 sed
1731 3104 1929 3157 debita.
1951 3102 2053 3158 Vo-

475 3196 616 3249 eavit
644 3208 758 3249 eam
792 3195 993 3265 lingua,
1027 3211 1183 3265 quam
1217 3194 1454 3261 sequitur
1488 3211 1502 3249 :
1534 3194 2048 3263 cxegitinuoceutia,
2080 3172 2125 3237 Ο

475 3305 632 3355 (ιιι-1111
690 3288 873 3340 habuit
902 3288 1171 3357 quondam
1216 3297 1374 3341 a3tate
1400 3288 1761 3354 conjunctam.
1800 3287 1903 3341 Sed
1942 3287 2050 3354 jant

478 3379 638 3433 redeo
668 3379 733 3431 ad
763 3380 983 3447 gratiam
1014 3378 1287 3432 familiaris
1309 3378 1529 3443 alloquii
1556 3378 1717 3431 etiam
1740 3386 1858 3445 post
1886 3377 2052 3431 olfeu-

476 3485 610 3523 sam.
646 3469 822 3532 Salve,
855 3470 923 3519 mi
950 3468 1184 3530 domine,
1216 3476 1269 3521 et
1309 3466 1450 3536 quod
1502 3466 1553 3521 in
1584 3468 1781 3520 damno
1806 3469 2051 3535 promissi

476 3558 695 3614 fmderis
725 3556 1021 3626 neglexisti,
1046 3557 1266 3611 restitue
1294 3557 1534 3611 ubertate
1550 3558 1836 3612 sermonis.

868 3666 871 3669 ’
928 3678 929 3681 ‘
1014 3668 1344 3723 EPISTULA
1373 3667 1510 3723 XIV.

994 3775 1247 3813 ENNOUIUS
1285 3774 1503 3812 ι-Αυετο.

486 3844 493 3851 ’
544 3858 770 3921 Nollem,
803 3858 985 3922 lateor,
1030 3874 1297 3911 morarum
1338 3874 1525 3913 causas
1576 3860 1809 3927 aperire,
1842 3876 1908 3914 ne
1941 3860 2049 3913 ani-

475 3937 591 4000 mus
624 3965 773 4001 meus
796 3964 912 4001 sera
938 3951 986 4001 in
1014 3966 1196 4014 pacem
1220 3965 1339 4003 cum
1362 3951 1461 4001 la-ti
1493 3952 1536 4002 ia
1567 3954 1837 4012 reduetus,
1865 3965 2050 4006 tuaasta

474 4036 662 4092 iterum
695 4040 953 4093 relatione
982 4040 1243 4102 turbetur,
1285 4051 1335 4091 i-t
1386 4038 1606 4092 liabeatn
1654 4042 1882 4093 tristitia:
1919 4057 2052 4094 mezn

473 4130 766 4181 redivivum
796 4130 846 4180 in
879 4106 1188 4182 narratione
1217 4129 1553 4197 principium.
1605 4129 1744 4183 I’ene
1773 4131 1913 4183 enim
1951 4130 2049 4183 ρὶιιί

479 4221 635 4274 debet
666 4221 935 4290 angustias
963 4234 1107 4279 suas.
1141 4221 1226 4287 qui
1275 4236 1457 4271 earmn
1508 4219 1744 4288 relcgcre
1787 4228 2050 4274 transacta

472 4328 573 4364 non
628 4312 840 4381 refugit.
875 4312 1001 4378 Quis
1059 4311 1122 4363 ad
1177 4310 1376 4363 calcem
1426 4309 1709 4377 perducms
1752 4309 2052 4362 anxietates

471 4416 593 4452 snas
628 4410 838 4467 reparet
861 4400 1219 4468 intempestivi
1258 4400 1573 4453 necessitate
1618 4400 1917 4453 sermonis?
1945 4400 2053 4453 Sed

471 4489 743 4540 Vobiscum
795 4489 923 4541 IIIIIII
978 4500 1186 4542 etcum
1237 4490 1504 4558 proposito
1555 4505 1737 4542 rerum
1774 4490 1904 4543 ﬁdes
1943 4500 2044 4554 est,

468 4578 662 4643 quibus
690 4577 918 4630 debetur
946 4578 995 4629 iu
1050 4579 1397 4644 replicatione
1436 4593 1499 4629 ex
1542 4593 1856 4642 quacunque
1884 4592 2041 4631 causa

467 4670 766 4723 sinceritas.
799 4668 975 4721 Patior
1003 4668 1173 4720 libens
1224 4669 1437 4720 aculeus
1491 4668 1719 4720 revocati
1774 4669 2042 4734 mmroris,

467 4758 757 4809 dummodo
781 4759 986 4811 veritati
1007 4758 1079 4810 nil
1102 4767 1280 4824 pereat
1312 4774 1325 4808 :
1356 4767 1409 4810 et
1439 4773 1504 4810 ne
1522 4774 1615 4826 per
1640 4760 1818 4812 vitium
1849 4770 2043 4813 tenera:

469 4848 663 4899 mentis
701 4848 941 4914 paginam
986 4846 1212 4899 lalsitatc
1266 4846 1642 4913 dehonestent,
1688 4859 1875 4916 sponte
1932 4849 2044 4905 I'ero

466 4938 605 5006 ιμισιό
627 4942 817 4991 relero.
841 4938 1018 4991 Sancti
1042 4937 1277 5002 episcopi
1302 4938 1468 5005 patris
1495 4940 1655 4990 vestri
1688 4955 1850 5008 prope
1876 4942 1924 4992 in
1947 4942 2044 4995 du-

468 5028 611 5080 bium
642 5028 784 5080 salus
817 5026 1037 5080 deducta
1072 5042 1155 5079 me
1188 5025 1354 5079 tenuit
1384 5042 1395 5077 :
1426 5027 1476 5079 in
1529 5026 1681 5095 cujus
1730 5029 2045 5097 cegritudine

465 5118 707 5185 quamvis
760 5130 949 5170 cuneta
1000 5117 1358 5186 illacrymaret
1416 5116 1675 5179 Ecclesia,
1725 5137 1810 5172 mc.
1865 5130 2039 5177 tamen

465 5205 711 5272 specialis
740 5220 938 5259 mmror
966 5205 1171 5267 aIIIisit,
1200 5206 1287 5271 qui
1329 5205 1446 5270 ejus
1497 5206 1666 5260 debeo
1692 5210 1805 5273 plus
1848 5214 2041 5266 amori.

468 5294 582 5347 Vidi
615 5308 797 5363 paceni
828 5294 1054 5347 civitatis
1090 5306 1315 5363 urgente
1341 5295 1608 5349 discordia
1657 5301 1802 5350 urbis
1842 5311 2043 5359 "usura;

469 5387 648 5439 limina
683 5389 1168 5451 transcendentem,
1200 5398 1252 5443 et
1275 5387 1342 5441 ab
1368 5389 1537 5441 oculis
1563 5391 1757 5444 nostris
1777 5395 1925 5460 quasi
1958 5396 2043 5448 ιιι-ί

465 5488 670 5529 eertum
699 5475 907 5546 aliquod
938 5490 1027 5530 aut
1056 5494 1241 5545 vagum
1263 5494 1453 5535 numen
1478 5479 1734 5547 elapsam.
1758 5482 1859 5537 Sed
1890 5486 2040 5539 sulti-

463 5564 572 5615 eiat
606 5564 841 5618 tristibus
867 5567 1055 5620 stricta
1083 5568 1332 5622 narratio.
1366 5568 1487 5623 Iam
1508 5570 1573 5622 ad
1617 5572 1811 5625 bonam
1839 5576 2041 5631 valetu-

464 5652 641 5703 dinem
664 5654 829 5713 sancti
865 5654 1034 5709 Patris
1060 5656 1202 5709 salus
1227 5658 1458 5723 Optanda
1486 5674 1541 5709 et
1574 5659 1842 5729 diligenda
1869 5667 2035 5732 respi-

2172 526 2320 607 jnssa
2350 530 2602 597 respexit.
2632 531 2834 586 Pueros
2861 532 3144 600 destinavi,
3168 537 3255 605 qui
3276 539 3415 593 lideli
3436 556 3520 594 me
3538 542 3607 597 de
3638 562 3764 608 pro.

2173 616 2425 681 speritate
2457 619 2704 671 culminis
2755 622 2937 685 vestri,
2993 624 3070 676 vel
3119 626 3282 680 torius
3330 636 3527 689 sancta:
3574 633 3766 686 donms

2174 705 2432 761 relatione
2462 709 2807 776 perdoceant.
2842 710 3056 766 Pendeo
3099 730 3307 782 rursus,
3334 729 3409 783 et,
3443 721 3577 776 inter
3611 739 3764 792 spem

2171 801 2226 844 et
2266 805 2466 847 metum
2495 796 2652 850 dubia
2694 800 3049 857 aestimatione
3074 803 3388 873 distringor,
3428 815 3510 864 cui
3541 800 3766 871 necesse

2170 884 2339 937 estde
2379 885 2596 938 alterius
2633 889 2870 955 parentis
2916 905 3035 945 esse
3063 896 3417 963 prosperitate
3448 904 3759 959 sollicitum.

2168 969 2298 1034 Quis
2337 971 2402 1024 ad
2433 988 2589 1025 curas
2620 990 2765 1029 meas
2796 991 2853 1029 se
2874 980 3151 1048 porrigat?
3179 984 3300 1051 quis
3337 998 3501 1041 areius
3524 978 3756 1062 aequipa-

2169 1075 2288 1114 rare
2318 1062 2488 1116 valeat
2515 1065 2602 1117 tali
2626 1065 2885 1122 divisione
2918 1068 3195 1125 distracti?
3224 1074 3327 1128 Sed
3357 1080 3471 1133 lucc
3497 1082 3561 1133 ad
3593 1083 3760 1137 Denrn

2167 1148 2361 1218 justius
2392 1163 2761 1221 reponantur;
2790 1157 2941 1226 cujus
2970 1146 3268 1215 clementia:
3291 1178 3368 1219 est
3388 1160 3507 1222 vuta
3541 1172 3760 1227 vincere

2168 1242 2590 1309 supplicantum,
2615 1255 2668 1298 et
2692 1246 3068 1304 lluctuantibus
3089 1262 3294 1318 portum
3326 1272 3513 1323 parare
3548 1260 3763 1316 deside.

2168 1332 2283 1384 riis.
2315 1333 2532 1386 Interim
2563 1335 2627 1388 ad
2666 1352 2818 1390 usum
2852 1349 3093 1394 revertor
3122 1345 3483 1409 querelarum.
3532 1348 3762 1419 Pagiuas

2168 1433 2376 1475 veStras
2409 1424 2551 1477 illico
2575 1440 2657 1479 me
2681 1442 2905 1496 suggero
2922 1429 3173 1501 subsequi
3199 1431 3471 1499 debuiss--,
3496 1448 3549 1490 et
3573 1438 3639 1491 ad
3665 1456 3757 1494 so-

2169 1510 2351 1565 latium
2409 1530 2628 1575 meutn,
2692 1518 2773 1569 vel
2803 1530 3019 1586 propter
3072 1532 3340 1575 recentem
3405 1527 3756 1595 petitionem,

2165 1602 2357 1669 seripta
2389 1619 2695 1672 prorogare,
2728 1622 2793 1659 ne
2816 1605 2867 1659 in
2888 1607 3103 1675 ancipiti
3132 1609 3199 1662 de
3224 1611 3552 1679 ptol'ecdoue
3580 1629 3747 1671 vestr:

2168 1689 2381 1743 animus
2434 1708 2580 1745 meus
2614 1695 2956 1762 pependisset
3006 1698 3211 1753 auditu.
3255 1700 3356 1755 Sed
3422 1707 3555 1759 lianc
3593 1710 3755 1762 credo

2256 1798 2371 1847 patn
2399 1783 2703 1849 scriptionis
2726 1786 2997 1839 emendari
3023 1802 3180 1856 posse
3209 1789 3526 1857 frequentia.
3551 1795 3754 1864 Super-

2166 1878 2247 1921 est
2296 1878 2352 1922 ut
2391 1870 2640 1923 divinitas
2670 1888 2697 1923 a
2729 1874 2881 1927 vobis
2903 1890 2962 1927 ea
2993 1876 3215 1930 indicari
3254 1878 3432 1942 Iactat,
3462 1898 3580 1950 qua)
3600 1886 3752 1952 juvat

2163 1959 2399 2025 agnosci.
2459 1958 2681 2015 Domine
2723 1962 2823 2025 mi,
2870 1963 3093 2018 elTusant
3151 1968 3378 2023 salutem
3437 1978 3752 2032 reverentia:

2163 2057 2357 2099 vestrae
2387 2048 2592 2112 dicens,
2633 2066 2841 2117 precor,
2880 2063 2934 2106 ut
2964 2071 3080 2123 qua:
3130 2059 3372 2113 mandavi
3418 2068 3749 2133 suggerenda

2162 2135 2524 2205 adipiscantur
2554 2140 2823 2195 elTectutn.

2722 2232 3047 2288 EPISTULA
3091 2234 3183 2291 XV

2629 2324 2882 2366 ..ηκομιυε
2914 2315 2929 2345 ¹
2972 2331 3105 2369 non
3125 2332 3252 2373 uno

2233 2395 2247 2446 I
2274 2397 2373 2447 leni
2404 2406 2505 2462 est,
2532 2401 2813 2453 terminum
2832 2402 2882 2455 iit
2905 2409 3200 2475 arrogantia
3230 2427 3333 2463 non
3364 2422 3560 2482 tenere,
3594 2420 3743 2485 quod

2159 2486 2211 2539 in
2240 2482 2537 2543 humilitate
2587 2493 2979 2549 transcendere.
3036 2497 3317 2566 Supercilii
3358 2490 3582 2559 allectus
3611 2482 3741 2573 west,

2157 2583 2304 2651 justo
2329 2585 2557 2652 amplius
2576 2601 2694 2641 esse
2722 2589 3040 2654 subjectum.
3089 2593 3368 2652 Familiare
3397 2609 3478 2652 est
3506 2602 3741 2668 graviter

2157 2675 2444 2742 hiantibus,
2478 2695 2641 2735 novas
2664 2679 2908 2738 “invenire
2962 2684 3261 2754 blanditias,
3291 2701 3345 2744 et
3394 2694 3608 2761 grandis
3646 2712 3739 2749 co-

2164 2769 2414 2835 tliurnus,
2449 2770 2499 2823 in
2528 2771 2829 2839 eloquentia
2845 2774 3095 2831 simulare
3118 2776 3473 2844 formidinem,
3501 2785 3580 2837 vel
3606 2802 3706 2840 exa
3736 2816 3741 2821 ·

2156 2875 2276 2913 men
2312 2871 2549 2915 metuere
2569 2860 2636 2915 de
2655 2862 2806 2917 laude
2831 2879 3101 2921 securum.
3130 2869 3238 2937 Ego
3258 2886 3385 2925 vero
3406 2874 3737 2945 diligentiam

2162 2952 2437 3019 preposito
2476 2954 2863 3023 impenderem,
2910 2958 2954 3011 si
3001 2962 3245 3029 sanguini
3302 2980 3405 3019 non
3460 2967 3733 3025 deberem.

2154 3039 2375 3107 Suscepi
2403 3043 2692 3108 epistolam
2723 3056 2862 3100 tuam
2897 3047 3135 3105 Romana
3163 3053 3287 3107 dote
3312 3055 3647 3125 locupletem,
3681 3073 3736 3117 et

2161 3135 2357 3203 stylum
2389 3134 2647 3191 Latiarem
2672 3139 2723 3192 in
2752 3140 2861 3209 ipsa
2890 3143 3268 3213 principiorum
3291 3148 3409 3203 luce
3433 3161 3732 3207 monstran-

2159 3233 2286 3279 tem.
2310 3225 2403 3278 (lui
2441 3244 2524 3282 me
2546 3232 2891 3299 respondere,
2923 3249 3227 3305 opponente
3258 3256 3445 3296 manus
3500 3244 3733 3310 inscitia,

2155 3320 2329 3389 eoi-git
2372 3321 2584 3375 al'l'v-ctio
2612 3341 2624 3375 ε
2655 3341 2776 3379 cum
2826 3326 2916 3380 diu
2968 3339 3128 3388 esset.
3176 3335 3313 3400 quod
3361 3336 3733 3404 antiqnaverat

2158 3412 2295 3478 apud
2323 3429 2405 3465 ιιιι·
2436 3415 2700 3469 εει-ῖιιθιιὰἰ
2733 3418 2965 3472 studium
3005 3435 3127 3488 spes
3147 3425 3372 3491 tacendi,
3402 3434 3455 3478 cl
3486 3427 3535 3479 in
3559 3428 3732 3483 locum

2156 3503 2338 3565 pluria-
2364 3504 2633 3558 silentimn
2659 3511 3016 3575 computabat.
3050 3511 3154 3565 Sed
3180 3515 3280 3567 nisi
3313 3519 3730 3585 respondissem,

2158 3592 2395 3646 nescires
2424 3604 2474 3647 te
2504 3610 2624 3649 esse
2654 3596 3068 3667 deprehensum,
3098 3603 3236 3671 quod
3263 3606 3435 3659 minus
3463 3608 3730 3665 fabricatis

2159 3681 2386 3749 ingeniis
2409 3686 2602 3738 artilici
2631 3684 2896 3749 facundia,
2920 3696 2977 3743 et
2996 3706 3155 3745 succo
3181 3692 3450 3751 Romulea:
3472 3699 3730 3752 callidita-

2157 3772 2223 3825 tis
2254 3773 2501 3828 illuseris.
2537 3776 2652 3831 Non
2683 3794 2829 3849 :equa
2881 3782 2945 3835 ad
2975 3785 3259 3839 secandum
3291 3789 3457 3843 virtus
3485 3800 3565 3845 est
3592 3794 3730 3861 poli-

2157 3865 2469 3931 uelamina,
2495 3878 2549 3923 et
2574 3872 2689 3937 ejus
2718 3888 2875 3941 quam
2908 3876 3098 3945 rubigo
3125 3880 3425 3946 possederit
3452 3901 3463 3934 :
3510 3899 3607 3937 nec
3637 3901 3728 3950 ιιι·

2158 3970 2268 4009 rem
2281 3959 2417 4011 eonll
2442 3974 2583 4013 ctum
2617 3977 2742 4015 usus
2769 3972 2942 4032 potest
2971 3978 3023 4021 et
3052 3977 3229 4037 torpor
3250 3984 3542 4027 assumere.
3578 3975 3728 4033 Nune

2154 4047 2394 4113 episltlIzl'
2416 4050 2674 4107 brevitate
2694 4064 2978 4111 contentus
2999 4059 3063 4113 ad
3088 4060 3419 4116 salutatimiis
3435 4066 3608 4118 debita
3641 4082 3727 4122 me

2152 4150 2408 4195 converto
2442 4160 2455 4194 :
2488 4145 2628 4210 quod
2678 4146 2892 4215 eloquio
2920 4166 3023 4203 non
3075 4154 3238 4218 potui,
3269 4157 3436 4223 gratia
3479 4168 3725 4225 pensato-

2156 4246 2265 4298 rns,
2288 4232 2561 4288 reddendo
2588 4238 2871 4291 amicitiam
2900 4254 2996 4306 pro
3019 4242 3291 4299 schemate
3313 4253 3368 4299 et
3398 4256 3587 4316 pompa
3608 4263 3726 4303 ser—

2155 4338 2391 4377 menum.
2423 4324 2561 4380 Ecce
2584 4337 2836 4395 quantum
2877 4333 3208 4400 occupationi
3235 4338 3529 4392 subducere
3556 4341 3722 4404 potui,

2154 4414 2297 4466 celer
2321 4417 2532 4481 scripsi.
2580 4416 2732 4471 Dabit
2763 4420 2919 4485 Deus,
2949 4434 3001 4474 ut
3045 4423 3089 4476 si
3121 4439 3375 4493 responsa
3427 4428 3702 4483 desideras

2154 4515 2376 4557 vacuum
2407 4508 2550 4559 curis
2574 4508 2764 4575 pulsati
2798 4520 2981 4575 pectus
3009 4513 3265 4567 invenias.

2692 4600 2839 4653 I'II'IS
2855 4600 3017 4655 ΙῸΙΑ
3052 4602 3187 4656 XVI.

2654 4690 2906 4730 ENSODIUS
2945 4695 3222 4734 FLORIANO.

2220 4759 2350 4812 Illud
2374 4760 2681 4817 fraternitas
2703 4777 2785 4817 tua
2813 4772 2979 4821 amori
3007 4788 3126 4826 meo
3152 4776 3409 4839 potuisset
3455 4778 3721 4846 impendes

2149 4866 2225 4912 re,
2257 4854 2397 4917 quod
2428 4870 2548 4908 vera
2578 4856 2895 4913 liberalitate
2921 4876 3041 4914 cum
3097 4864 3376 4922 tribuentis
3409 4874 3721 4939 compendio

2150 4942 2437 5010 proliceret
2459 4956 2510 4997 ct
2543 4948 2748 5013 pudori.
2774 4950 2826 5003 In
2855 4966 2917 5004 ca
2945 4954 3149 5007 scilicet
3179 4967 3348 5024 parte,
3373 4969 3561 5014 utcum
3589 4962 3720 5016 indi~

2145 5049 2233 5088 ces
2255 5037 2415 5091 studii
2448 5040 2547 5091 mei
2587 5039 2784 5095 litteras
2830 5042 2938 5111 jam
2966 5057 3195 5111 teneres,
3227 5051 3294 5105 ab
3321 5053 3625 5122 scriptionis
3675 5069 3723 5109 te

2143 5140 2268 5179 cura
2317 5127 2689 5196 suspendetcs.
2740 5133 3024 5202 Quisquam
3082 5152 3147 5190 nc
3189 5140 3437 5195 coloratis
3494 5144 3722 5196 frontem

2147 5216 2310 5284 ping't
2340 5216 2622 5282 illi-cribris,
2656 5228 2708 5272 ct
2753 5220 2943 5275 famam
2992 5226 3161 5277 valida
3219 5228 3615 5298 impugnatione
3649 5233 3724 5284 In-

2141 5304 2389 5370 belactat;
2423 5321 2520 5360 nec
2550 5309 2828 5363 manifesta
2856 5315 3200 5371 excusatiune
3239 5331 3547 5388 contentus,
3578 5324 3723 5378 male

2141 5395 2372 5449 credula:
2396 5399 2736 5452 conscientia:
2759 5403 3004 5456 suilicerc
3027 5420 3134 5459 non
3165 5412 3394 5463 aestimat
3421 5414 3561 5481 quod
3593 5429 3721 5482 pro-

2143 5489 2308 5545 bavit?
2338 5492 2436 5558 Qui
2462 5492 2611 5545 vario
2641 5508 2830 5563 sapore
2853 5499 3105 5568 colloquii
3146 5503 3389 5559 edaciqu
3418 5509 3718 5565 amicormn

2144 5581 2320 5635 larices
2362 5581 2553 5644 irritat,
2610 5593 2667 5638 ut
2694 5586 2819 5640 dum
2853 5588 3041 5668 blanda
3073 5594 3308 5663 subjicit,
3338 5596 3559 5653 deﬁnita
3600 5616 3723 5668 per-

2142 5681 2326 5727 mutet.
2358 5673 2486 5726 Natn
2520 5686 2799 5743 postquam
2828 5666 2911 5736 ιιιὲ
2955 5685 3221 5740 silentiqu
3275 5700 3461 5744 amare
3485 5666 3720 5759 scripse-

535 5762 848 5873 'floriauo]
885 5768 1004 5822 \‘iro
1034 5770 1333 5840 spectabili,
1364 5773 1405 5826 si
1433 5773 1591 5840 modo
1618 5778 1782 5859 iscst
1828 5781 1893 5837 ad
1944 5802 2097 5854 quem
2142 5787 2503 5846 'l‘bcotlcricus
2556 5808 2645 5847 rex
2689 5795 2869 5851 scribit
2916 5799 3054 5867 apud
3092 5800 3502 5869 Cassiodorutn,
3536 5807 3628 5862 lib.
3679 5827 3716 5873 ι,

462 5868 545 5917 cn.
574 5850 627 5904 5.
