  <div class='ocr_page' id='page_1' title='image "/cluster/home/n/w/nwhite01/storage/ocr_20150623/63/hvd.32044015469307/020.png"; bbox 0 0 3998 6362; ppageno 0'>
   <div class='ocr_carea' id='block_1_1' title="bbox 245 340 314 394">
    <p class='ocr_par' dir='ltr' id='par_1_1' title="bbox 245 340 314 394">
     <span class='ocr_line' id='line_1_1' title="bbox 245 340 314 394; baseline 0 0"><span class='ocrx_word' id='word_1_1' title='bbox 245 340 314 394; x_wconf 75' lang='grc'><strong>99</strong></span> 
     </span>
    </p>
   </div>
   <div class='ocr_carea' id='block_1_2' title="bbox 244 538 1828 609">
    <p class='ocr_par' dir='ltr' id='par_1_2' title="bbox 244 538 1828 609">
     <span class='ocr_line' id='line_1_2' title="bbox 244 538 1828 609; baseline -0.002 -16"><span class='ocrx_word' id='word_1_2' title='bbox 244 542 392 609; x_wconf 81' lang='lat' dir='ltr'><strong>ginas</strong></span> <span class='ocrx_word' id='word_1_3' title='bbox 424 540 733 605; x_wconf 71' lang='lat' dir='ltr'><strong>impetravi,</strong></span> <span class='ocrx_word' id='word_1_4' title='bbox 767 549 821 592; x_wconf 88' lang='lat' dir='ltr'><strong>et</strong></span> <span class='ocrx_word' id='word_1_5' title='bbox 848 540 936 591; x_wconf 91' lang='lat' dir='ltr'><strong>diu</strong></span> <span class='ocrx_word' id='word_1_6' title='bbox 969 544 1101 591; x_wconf 79' lang='lat' dir='ltr'><strong>[orte</strong></span> <span class='ocrx_word' id='word_1_7' title='bbox 1132 538 1421 605; x_wconf 82' lang='lat' dir='ltr'><strong>repositum</strong></span> <span class='ocrx_word' id='word_1_8' title='bbox 1452 546 1570 605; x_wconf 87' lang='lat' dir='ltr'><strong>post</strong></span> <span class='ocrx_word' id='word_1_9' title='bbox 1585 538 1828 605; x_wconf 81' lang='lat' dir='ltr'><strong>negatio-</strong></span> 
     </span>
    </p>
   </div>
   <div class='ocr_carea' id='block_1_3' title="bbox 244 627 1826 697">
    <p class='ocr_par' dir='ltr' id='par_1_3' title="bbox 244 627 1826 697">
     <span class='ocr_line' id='line_1_3' title="bbox 244 627 1826 697; baseline -0.002 -13"><span class='ocrx_word' id='word_1_10' title='bbox 244 648 361 687; x_wconf 89' lang='lat' dir='ltr'><strong>nem</strong></span> <span class='ocrx_word' id='word_1_11' title='bbox 413 646 589 684; x_wconf 84' lang='lat' dir='ltr'><strong>meant</strong></span> <span class='ocrx_word' id='word_1_12' title='bbox 639 629 839 697; x_wconf 80' lang='lat' dir='ltr'><strong>eloquii</strong></span> <span class='ocrx_word' id='word_1_13' title='bbox 891 630 1021 683; x_wconf 89' lang='lat' dir='ltr'><strong>uber</strong></span> <span class='ocrx_word' id='word_1_14' title='bbox 1067 628 1245 682; x_wconf 90' lang='lat' dir='ltr'><strong>elicui.</strong></span> <span class='ocrx_word' id='word_1_15' title='bbox 1306 628 1444 692; x_wconf 78' lang='lat' dir='ltr'><strong>Quid</strong></span> <span class='ocrx_word' id='word_1_16' title='bbox 1505 627 1741 692; x_wconf 79' lang='lat' dir='ltr'><strong>faceres,</strong></span> <span class='ocrx_word' id='word_1_17' title='bbox 1782 628 1826 681; x_wconf 91' lang='lat' dir='ltr'><strong>si</strong></span> 
     </span>
    </p>
   </div>
   <div class='ocr_carea' id='block_1_4' title="bbox 241 720 1828 791">
    <p class='ocr_par' dir='ltr' id='par_1_4' title="bbox 241 720 1828 791">
     <span class='ocr_line' id='line_1_4' title="bbox 241 720 1828 791; baseline -0.006 -14"><span class='ocrx_word' id='word_1_18' title='bbox 241 721 533 777; x_wconf 86' lang='lat' dir='ltr'><strong>certamina</strong></span> <span class='ocrx_word' id='word_1_19' title='bbox 569 722 959 791; x_wconf 82' lang='lat' dir='ltr'><strong>promisissem.</strong></span> <span class='ocrx_word' id='word_1_20' title='bbox 988 722 1030 772; x_wconf 87' lang='lat' dir='ltr'><strong>si</strong></span> <span class='ocrx_word' id='word_1_21' title='bbox 1079 721 1376 774; x_wconf 79' lang='lat' dir='ltr'><strong>studiorum</strong></span> <span class='ocrx_word' id='word_1_22' title='bbox 1415 728 1625 772; x_wconf 89' lang='lat' dir='ltr'><strong>tuorum</strong></span> <span class='ocrx_word' id='word_1_23' title='bbox 1653 720 1828 773; x_wconf 74' lang='lat' dir='ltr'><strong>fervo.</strong></span> 
     </span>
    </p>
   </div>
   <div class='ocr_carea' id='block_1_5' title="bbox 241 809 1826 881">
    <p class='ocr_par' dir='ltr' id='par_1_5' title="bbox 241 809 1826 881">
     <span class='ocr_line' id='line_1_5' title="bbox 241 809 1826 881; baseline -0.003 -14"><span class='ocrx_word' id='word_1_24' title='bbox 241 828 350 867; x_wconf 77' lang='lat' dir='ltr'><strong>rem</strong></span> <span class='ocrx_word' id='word_1_25' title='bbox 381 826 709 881; x_wconf 78' lang='lat' dir='ltr'><strong>quocunque</strong></span> <span class='ocrx_word' id='word_1_26' title='bbox 736 814 897 864; x_wconf 87' lang='lat' dir='ltr'><strong>dente</strong></span> <span class='ocrx_word' id='word_1_27' title='bbox 949 812 1187 864; x_wconf 87' lang='lat' dir='ltr'><strong>incautus</strong></span> <span class='ocrx_word' id='word_1_28' title='bbox 1229 812 1564 875; x_wconf 75' lang='lat' dir='ltr'><strong>attingerem,</strong></span> <span class='ocrx_word' id='word_1_29' title='bbox 1597 824 1695 863; x_wconf 85' lang='lat' dir='ltr'><strong>nec</strong></span> <span class='ocrx_word' id='word_1_30' title='bbox 1720 809 1826 863; x_wconf 89' lang='lat' dir='ltr'><strong>mei</strong></span> 
     </span>
    </p>
   </div>
   <div class='ocr_carea' id='block_1_6' title="bbox 241 902 1823 972">
    <p class='ocr_par' dir='ltr' id='par_1_6' title="bbox 241 902 1823 972">
     <span class='ocr_line' id='line_1_6' title="bbox 241 902 1823 972; baseline -0.001 -15"><span class='ocrx_word' id='word_1_31' title='bbox 241 905 464 958; x_wconf 84' lang='lat' dir='ltr'><strong>idoneus</strong></span> <span class='ocrx_word' id='word_1_32' title='bbox 478 905 775 959; x_wconf 64' lang='lat' dir='ltr'><strong>aestimator</strong></span> <span class='ocrx_word' id='word_1_33' title='bbox 793 904 1083 972; x_wconf 90' lang='lat' dir='ltr'><strong>penetralia</strong></span> <span class='ocrx_word' id='word_1_34' title='bbox 1100 914 1204 957; x_wconf 85' lang='lat' dir='ltr'><strong>tnta</strong></span> <span class='ocrx_word' id='word_1_35' title='bbox 1231 904 1534 956; x_wconf 78' lang='lat' dir='ltr'><strong>servarem?</strong></span> <span class='ocrx_word' id='word_1_36' title='bbox 1552 902 1823 967; x_wconf 81' lang='lat' dir='ltr'><strong>Adhibita,</strong></span> 
     </span>
    </p>
   </div>
   <div class='ocr_carea' id='block_1_7' title="bbox 238 993 1824 1062">
    <p class='ocr_par' dir='ltr' id='par_1_7' title="bbox 238 993 1824 1062">
     <span class='ocr_line' id='line_1_7' title="bbox 238 993 1824 1062; baseline -0.003 -13"><span class='ocrx_word' id='word_1_37' title='bbox 238 996 419 1059; x_wconf 78' lang='lat' dir='ltr'><strong>credo,</strong></span> <span class='ocrx_word' id='word_1_38' title='bbox 449 996 709 1049; x_wconf 59' lang='lat' dir='ltr'><strong>adversus</strong></span> <span class='ocrx_word' id='word_1_39' title='bbox 738 1009 823 1049; x_wconf 87' lang='lat' dir='ltr'><strong>me</strong></span> <span class='ocrx_word' id='word_1_40' title='bbox 867 995 1054 1048; x_wconf 88' lang='lat' dir='ltr'><strong>luisset</strong></span> <span class='ocrx_word' id='word_1_41' title='bbox 1082 993 1304 1047; x_wconf 85' lang='lat' dir='ltr'><strong>Tulliani</strong></span> <span class='ocrx_word' id='word_1_42' title='bbox 1350 993 1677 1062; x_wconf 88' lang='lat' dir='ltr'><strong>profunditas</strong></span> <span class='ocrx_word' id='word_1_43' title='bbox 1701 1008 1824 1062; x_wconf 60' lang='lat' dir='ltr'><strong>guro</strong></span> 
     </span>
    </p>
   </div>
   <div class='ocr_carea' id='block_1_8' title="bbox 237 1082 1824 1154">
    <p class='ocr_par' dir='ltr' id='par_1_8' title="bbox 237 1082 1824 1154">
     <span class='ocr_line' id='line_1_8' title="bbox 237 1082 1824 1154; baseline 0.001 -18"><span class='ocrx_word' id='word_1_44' title='bbox 237 1085 379 1153; x_wconf 80' lang='lat' dir='ltr'><strong>gitis,</strong></span> <span class='ocrx_word' id='word_1_45' title='bbox 409 1084 698 1154; x_wconf 79' lang='lat' dir='ltr'><strong>Chrysippi</strong></span> <span class='ocrx_word' id='word_1_46' title='bbox 751 1087 1069 1153; x_wconf 86' lang='lat' dir='ltr'><strong>proprietas,</strong></span> <span class='ocrx_word' id='word_1_47' title='bbox 1100 1082 1353 1137; x_wconf 78' lang='lat' dir='ltr'><strong>Varronis</strong></span> <span class='ocrx_word' id='word_1_48' title='bbox 1387 1084 1646 1150; x_wconf 79' lang='lat' dir='ltr'><strong>elegantia</strong></span> <span class='ocrx_word' id='word_1_49' title='bbox 1682 1101 1694 1135; x_wconf 76' lang='grc' dir='ltr'>ε</span> <span class='ocrx_word' id='word_1_50' title='bbox 1725 1098 1824 1138; x_wconf 87' lang='lat' dir='ltr'><strong>nec</strong></span> 
     </span>
    </p>
   </div>
   <div class='ocr_carea' id='block_1_9' title="bbox 237 1174 1822 1243">
    <p class='ocr_par' dir='ltr' id='par_1_9' title="bbox 237 1174 1822 1243">
     <span class='ocr_line' id='line_1_9' title="bbox 237 1174 1822 1243; baseline -0.001 -15"><span class='ocrx_word' id='word_1_51' title='bbox 237 1174 429 1228; x_wconf 82' lang='lat' dir='ltr'><strong>inulla</strong></span> <span class='ocrx_word' id='word_1_52' title='bbox 482 1174 811 1229; x_wconf 87' lang='lat' dir='ltr'><strong>invenissem</strong></span> <span class='ocrx_word' id='word_1_53' title='bbox 866 1185 1015 1243; x_wconf 87' lang='lat' dir='ltr'><strong>parte</strong></span> <span class='ocrx_word' id='word_1_54' title='bbox 1053 1174 1371 1239; x_wconf 81' lang='lat' dir='ltr'><strong>subsidium,</strong></span> <span class='ocrx_word' id='word_1_55' title='bbox 1421 1176 1505 1229; x_wconf 87' lang='lat' dir='ltr'><strong>cui</strong></span> <span class='ocrx_word' id='word_1_56' title='bbox 1549 1190 1648 1228; x_wconf 90' lang='lat' dir='ltr'><strong>nec</strong></span> <span class='ocrx_word' id='word_1_57' title='bbox 1693 1176 1822 1228; x_wconf 91' lang='lat' dir='ltr'><strong>illud</strong></span> 
     </span>
    </p>
   </div>
   <div class='ocr_carea' id='block_1_10' title="bbox 236 1265 1824 1336">
    <p class='ocr_par' dir='ltr' id='par_1_10' title="bbox 236 1265 1824 1336">
     <span class='ocr_line' id='line_1_10' title="bbox 236 1265 1824 1336; baseline -0.001 -15"><span class='ocrx_word' id='word_1_58' title='bbox 236 1267 459 1336; x_wconf 78' lang='lat' dir='ltr'><strong>profuit,</strong></span> <span class='ocrx_word' id='word_1_59' title='bbox 487 1268 630 1335; x_wconf 85' lang='lat' dir='ltr'><strong>quod</strong></span> <span class='ocrx_word' id='word_1_60' title='bbox 674 1265 942 1321; x_wconf 87' lang='lat' dir='ltr'><strong>scribemli</strong></span> <span class='ocrx_word' id='word_1_61' title='bbox 980 1267 1357 1323; x_wconf 85' lang='lat' dir='ltr'><strong>contentiones</strong></span> <span class='ocrx_word' id='word_1_62' title='bbox 1385 1282 1501 1332; x_wconf 80' lang='lat' dir='ltr'><strong>nec,</strong></span> <span class='ocrx_word' id='word_1_63' title='bbox 1531 1284 1649 1321; x_wconf 86' lang='lat' dir='ltr'><strong>cum</strong></span> <span class='ocrx_word' id='word_1_64' title='bbox 1696 1268 1824 1322; x_wconf 87' lang='lat' dir='ltr'><strong>reli-</strong></span> 
     </span>
    </p>
   </div>
   <div class='ocr_carea' id='block_1_11' title="bbox 232 1354 1817 1425">
    <p class='ocr_par' dir='ltr' id='par_1_11' title="bbox 232 1354 1817 1425">
     <span class='ocr_line' id='line_1_11' title="bbox 232 1354 1817 1425; baseline -0.002 -13"><span class='ocrx_word' id='word_1_65' title='bbox 232 1371 412 1412; x_wconf 86' lang='lat' dir='ltr'><strong>cerem</strong></span> <span class='ocrx_word' id='word_1_66' title='bbox 448 1356 756 1420; x_wconf 73' lang='lat' dir='ltr'><strong>lacessitus,</strong></span> <span class='ocrx_word' id='word_1_67' title='bbox 780 1356 959 1424; x_wconf 79' lang='lat' dir='ltr'><strong>ell‘ugi.</strong></span> <span class='ocrx_word' id='word_1_68' title='bbox 996 1354 1208 1411; x_wconf 62' lang='lat' dir='ltr'><strong>Me‘etsi</strong></span> <span class='ocrx_word' id='word_1_69' title='bbox 1243 1358 1443 1425; x_wconf 87' lang='lat' dir='ltr'><strong>peritia.-</strong></span> <span class='ocrx_word' id='word_1_70' title='bbox 1472 1358 1817 1422; x_wconf 73' lang='lat' dir='ltr'><strong>conscient&#39;a,</strong></span> 
     </span>
    </p>
   </div>
   <div class='ocr_carea' id='block_1_12' title="bbox 231 1448 1820 1517">
    <p class='ocr_par' dir='ltr' id='par_1_12' title="bbox 231 1448 1820 1517">
     <span class='ocr_line' id='line_1_12' title="bbox 231 1448 1820 1517; baseline 0.004 -20"><span class='ocrx_word' id='word_1_71' title='bbox 231 1458 282 1502; x_wconf 82' lang='grc' dir='ltr'><strong>ιι</strong></span> <span class='ocrx_word' id='word_1_72' title='bbox 307 1448 527 1503; x_wconf 81' lang='lat' dir='ltr'><strong>dicendi</strong></span> <span class='ocrx_word' id='word_1_73' title='bbox 556 1450 706 1517; x_wconf 86' lang='lat' dir='ltr'><strong>vigor</strong></span> <span class='ocrx_word' id='word_1_74' title='bbox 730 1450 1038 1512; x_wconf 69' lang='lat' dir='ltr'><strong>attolleret;</strong></span> <span class='ocrx_word' id='word_1_75' title='bbox 1086 1461 1202 1515; x_wconf 90' lang='lat' dir='ltr'><strong>post</strong></span> <span class='ocrx_word' id='word_1_76' title='bbox 1233 1449 1442 1504; x_wconf 86' lang='lat' dir='ltr'><strong>diversa</strong></span> <span class='ocrx_word' id='word_1_77' title='bbox 1492 1449 1820 1504; x_wconf 73' lang='lat' dir='ltr'><strong>svribentuin</strong></span> 
     </span>
    </p>
   </div>
   <div class='ocr_carea' id='block_1_13' title="bbox 230 1539 1818 1609">
    <p class='ocr_par' dir='ltr' id='par_1_13' title="bbox 230 1539 1818 1609">
     <span class='ocr_line' id='line_1_13' title="bbox 230 1539 1818 1609; baseline 0.002 -18"><span class='ocrx_word' id='word_1_78' title='bbox 230 1540 575 1601; x_wconf 82' lang='lat' dir='ltr'><strong>discrimina.</strong></span> <span class='ocrx_word' id='word_1_79' title='bbox 612 1539 822 1595; x_wconf 87' lang='lat' dir='ltr'><strong>laudent</strong></span> <span class='ocrx_word' id='word_1_80' title='bbox 864 1555 1021 1607; x_wconf 88' lang='lat' dir='ltr'><strong>quam</strong></span> <span class='ocrx_word' id='word_1_81' title='bbox 1053 1541 1221 1592; x_wconf 90' lang='lat' dir='ltr'><strong>ntulto</strong></span> <span class='ocrx_word' id='word_1_82' title='bbox 1260 1540 1454 1594; x_wconf 88' lang='lat' dir='ltr'><strong>sudore</strong></span> <span class='ocrx_word' id='word_1_83' title='bbox 1498 1555 1591 1593; x_wconf 88' lang='lat' dir='ltr'><strong>vos</strong></span> <span class='ocrx_word' id='word_1_84' title='bbox 1620 1540 1818 1609; x_wconf 87' lang='lat' dir='ltr'><strong>petitis,</strong></span> 
     </span>
    </p>
   </div>
   <div class='ocr_carea' id='block_1_14' title="bbox 230 1630 1820 1697">
    <p class='ocr_par' dir='ltr' id='par_1_14' title="bbox 230 1630 1820 1697">
     <span class='ocr_line' id='line_1_14' title="bbox 230 1630 1820 1697; baseline 0 -12"><span class='ocrx_word' id='word_1_85' title='bbox 230 1631 595 1685; x_wconf 77' lang='lat' dir='ltr'><strong>formidarem.</strong></span> <span class='ocrx_word' id='word_1_86' title='bbox 652 1631 763 1685; x_wconf 91' lang='lat' dir='ltr'><strong>lluc</strong></span> <span class='ocrx_word' id='word_1_87' title='bbox 808 1632 1035 1695; x_wconf 72' lang='lat' dir='ltr'><strong>accedit,</strong></span> <span class='ocrx_word' id='word_1_88' title='bbox 1083 1630 1222 1697; x_wconf 86' lang='lat' dir='ltr'><strong>quod</strong></span> <span class='ocrx_word' id='word_1_89' title='bbox 1289 1632 1607 1684; x_wconf 75' lang='lat' dir='ltr'><strong>rhetoricam</strong></span> <span class='ocrx_word' id='word_1_90' title='bbox 1638 1632 1692 1685; x_wconf 85' lang='grc' dir='ltr'>,ιιι</span> <span class='ocrx_word' id='word_1_91' title='bbox 1735 1646 1820 1686; x_wconf 89' lang='lat' dir='ltr'><strong>me</strong></span> 
     </span>
    </p>
   </div>
   <div class='ocr_carea' id='block_1_15' title="bbox 229 1722 1817 1790">
    <p class='ocr_par' dir='ltr' id='par_1_15' title="bbox 229 1722 1817 1790">
     <span class='ocr_line' id='line_1_15' title="bbox 229 1722 1817 1790; baseline 0 -15"><span class='ocrx_word' id='word_1_92' title='bbox 229 1722 409 1775; x_wconf 76' lang='lat' dir='ltr'><strong>dixisti</strong></span> <span class='ocrx_word' id='word_1_93' title='bbox 433 1737 557 1775; x_wconf 88' lang='lat' dir='ltr'><strong>esse</strong></span> <span class='ocrx_word' id='word_1_94' title='bbox 586 1724 877 1775; x_wconf 74' lang='lat' dir='ltr'><strong>\&#39;Cl&#39;al|li3ll|</strong></span> <span class='ocrx_word' id='word_1_95' title='bbox 908 1740 918 1775; x_wconf 89' lang='lat'><strong>:</strong></span> <span class='ocrx_word' id='word_1_96' title='bbox 960 1738 1078 1777; x_wconf 83' lang='lat' dir='ltr'><strong>cum</strong></span> <span class='ocrx_word' id='word_1_97' title='bbox 1116 1724 1206 1775; x_wconf 90' lang='lat' dir='ltr'><strong>diu</strong></span> <span class='ocrx_word' id='word_1_98' title='bbox 1236 1726 1307 1775; x_wconf 88' lang='lat' dir='ltr'><strong>sit</strong></span> <span class='ocrx_word' id='word_1_99' title='bbox 1356 1723 1496 1790; x_wconf 85' lang='lat' dir='ltr'><strong>quod</strong></span> <span class='ocrx_word' id='word_1_100' title='bbox 1526 1723 1817 1776; x_wconf 89' lang='lat' dir='ltr'><strong>oratorium</strong></span> 
     </span>
    </p>
   </div>
   <div class='ocr_carea' id='block_1_16' title="bbox 1472 333 2196 392">
    <p class='ocr_par' dir='ltr' id='par_1_16' title="bbox 1472 333 2196 392">
     <span class='ocr_line' id='line_1_16' title="bbox 1472 333 2196 392; baseline 0.006 -5"><span class='ocrx_word' id='word_1_101' title='bbox 1472 333 1893 390; x_wconf 68' lang='lat' dir='ltr'><strong>EPISTULARU</strong></span> <span class='ocrx_word' id='word_1_102' title='bbox 1906 335 1943 388; x_wconf 82' lang='grc' dir='ltr'><strong>ιι</strong></span> <span class='ocrx_word' id='word_1_103' title='bbox 1988 334 2115 389; x_wconf 84' lang='lat' dir='ltr'><strong>LIB.</strong></span> <span class='ocrx_word' id='word_1_104' title='bbox 2156 336 2196 392; x_wconf 88' lang='grc' dir='ltr'><strong>Ι.</strong></span> 
     </span>
    </p>
   </div>
   <div class='ocr_carea' id='block_1_17' title="bbox 244 447 1903 519">
    <p class='ocr_par' dir='ltr' id='par_1_17' title="bbox 244 447 1903 519">
     <span class='ocr_line' id='line_1_17' title="bbox 244 447 1903 519; baseline -0.001 -14"><span class='ocrx_word' id='word_1_105' title='bbox 244 467 376 513; x_wconf 79' lang='lat' dir='ltr'><strong>ram,</strong></span> <span class='ocrx_word' id='word_1_106' title='bbox 407 449 564 519; x_wconf 83' lang='lat' dir='ltr'><strong>quasi</strong></span> <span class='ocrx_word' id='word_1_107' title='bbox 598 464 700 517; x_wconf 87' lang='lat' dir='ltr'><strong>pro</strong></span> <span class='ocrx_word' id='word_1_108' title='bbox 722 448 1050 518; x_wconf 83' lang='lat' dir='ltr'><strong>allegationis</strong></span> <span class='ocrx_word' id='word_1_109' title='bbox 1088 462 1365 517; x_wconf 63' lang='lat' dir='ltr'><strong>responso,</strong></span> <span class='ocrx_word' id='word_1_110' title='bbox 1401 447 1710 515; x_wconf 72' lang='lat' dir='ltr'><strong>prolixiores</strong></span> <span class='ocrx_word' id='word_1_111' title='bbox 1738 462 1826 515; x_wconf 49' lang='grc' dir='ltr'><strong>με*</strong></span> <span class='ocrx_word' id='word_1_112' title='bbox 1854 455 1903 511; x_wconf 69' lang='grc' dir='ltr'><strong>Α</strong></span> 
     </span>
    </p>
   </div>
   <div class='ocr_carea' id='block_1_18' title="bbox 2394 468 2994 525">
    <p class='ocr_par' dir='ltr' id='par_1_18' title="bbox 2394 468 2994 525">
     <span class='ocr_line' id='line_1_18' title="bbox 2394 468 2994 525; baseline 0.005 -4"><span class='ocrx_word' id='word_1_113' title='bbox 2394 486 2397 487; x_wconf 56' lang='grc'><strong><em>⁷</em></strong></span> <span class='ocrx_word' id='word_1_114' title='bbox 2442 468 2768 525; x_wconf 79' lang='lat' dir='ltr'><strong>EPISTULA</strong></span> <span class='ocrx_word' id='word_1_115' title='bbox 2810 469 2851 523; x_wconf 77' lang='grc' dir='ltr'><strong>Χ</strong></span> <span class='ocrx_word' id='word_1_116' title='bbox 2864 468 2994 524; x_wconf 71' lang='grc' dir='ltr'>γιιι.</span> 
     </span>
    </p>
   </div>
   <div class='ocr_carea' id='block_1_19' title="bbox 2467 575 2964 615">
    <p class='ocr_par' dir='ltr' id='par_1_19' title="bbox 2467 575 2964 615">
     <span class='ocr_line' id='line_1_19' title="bbox 2467 575 2964 615; baseline 0.002 -2"><span class='ocrx_word' id='word_1_117' title='bbox 2467 575 2719 615; x_wconf 61' lang='grc' dir='ltr'><strong>ῑκηουιυε</strong></span> <span class='ocrx_word' id='word_1_118' title='bbox 2758 578 2964 615; x_wconf 62' lang='grc' dir='ltr'><strong>Ανιιδυ.</strong></span> 
     </span>
    </p>
   </div>
   <div class='ocr_carea' id='block_1_20' title="bbox 2001 651 3510 722">
    <p class='ocr_par' dir='ltr' id='par_1_20' title="bbox 2001 651 3510 722">
     <span class='ocr_line' id='line_1_20' title="bbox 2001 651 3510 722; baseline 0.002 -16"><span class='ocrx_word' id='word_1_119' title='bbox 2001 653 2169 720; x_wconf 85' lang='lat' dir='ltr'><strong>Quam</strong></span> <span class='ocrx_word' id='word_1_120' title='bbox 2200 653 2335 708; x_wconf 84' lang='lat' dir='ltr'><strong>bene</strong></span> <span class='ocrx_word' id='word_1_121' title='bbox 2358 651 2498 722; x_wconf 88' lang='lat' dir='ltr'><strong>quod</strong></span> <span class='ocrx_word' id='word_1_122' title='bbox 2538 657 2838 708; x_wconf 80' lang='lat' dir='ltr'><strong>verecunde</strong></span> <span class='ocrx_word' id='word_1_123' title='bbox 2868 655 3067 718; x_wconf 89' lang='lat' dir='ltr'><strong>renuis,</strong></span> <span class='ocrx_word' id='word_1_124' title='bbox 3119 655 3257 709; x_wconf 79' lang='lat' dir='ltr'><strong>felici</strong></span> <span class='ocrx_word' id='word_1_125' title='bbox 3284 671 3343 708; x_wconf 90' lang='lat' dir='ltr'><strong>er</strong></span> <span class='ocrx_word' id='word_1_126' title='bbox 3388 656 3510 709; x_wconf 74' lang='lat' dir='ltr'><strong>inii-</strong></span> 
     </span>
    </p>
   </div>
   <div class='ocr_carea' id='block_1_21' title="bbox 1932 745 3507 815">
    <p class='ocr_par' dir='ltr' id='par_1_21' title="bbox 1932 745 3507 815">
     <span class='ocr_line' id='line_1_21' title="bbox 1932 745 3507 815; baseline 0.001 -18"><span class='ocrx_word' id='word_1_127' title='bbox 1932 745 2081 808; x_wconf 82' lang='lat' dir='ltr'><strong>taris,</strong></span> <span class='ocrx_word' id='word_1_128' title='bbox 2103 755 2156 799; x_wconf 88' lang='lat' dir='ltr'><strong>et</strong></span> <span class='ocrx_word' id='word_1_129' title='bbox 2180 745 2305 797; x_wconf 92' lang='lat' dir='ltr'><strong>dum</strong></span> <span class='ocrx_word' id='word_1_130' title='bbox 2331 745 2642 799; x_wconf 80' lang='lat' dir='ltr'><strong>difﬁcilibus</strong></span> <span class='ocrx_word' id='word_1_131' title='bbox 2690 746 3101 815; x_wconf 25' lang='lat' dir='ltr'><strong>mrignitudinem</strong></span> <span class='ocrx_word' id='word_1_132' title='bbox 3153 757 3295 799; x_wconf 88' lang='lat' dir='ltr'><strong>tuam</strong></span> <span class='ocrx_word' id='word_1_133' title='bbox 3324 761 3507 800; x_wconf 77' lang='lat' dir='ltr'><strong>exem-</strong></span> 
     </span>
    </p>
   </div>
   <div class='ocr_carea' id='block_1_22' title="bbox 1931 836 3508 905">
    <p class='ocr_par' dir='ltr' id='par_1_22' title="bbox 1931 836 3508 905">
     <span class='ocr_line' id='line_1_22' title="bbox 1931 836 3508 905; baseline 0.001 -18"><span class='ocrx_word' id='word_1_134' title='bbox 1931 837 2034 903; x_wconf 89' lang='lat' dir='ltr'><strong>plis</strong></span> <span class='ocrx_word' id='word_1_135' title='bbox 2059 837 2257 905; x_wconf 72' lang='lat' dir='ltr'><strong>quieris</strong></span> <span class='ocrx_word' id='word_1_136' title='bbox 2283 836 2514 897; x_wconf 80' lang='lat' dir='ltr'><strong>incitari,</strong></span> <span class='ocrx_word' id='word_1_137' title='bbox 2546 838 2796 889; x_wconf 76' lang='lat' dir='ltr'><strong>narrandi</strong></span> <span class='ocrx_word' id='word_1_138' title='bbox 2819 852 3063 904; x_wconf 88' lang='lat' dir='ltr'><strong>pompam</strong></span> <span class='ocrx_word' id='word_1_139' title='bbox 3089 853 3246 905; x_wconf 87' lang='lat' dir='ltr'><strong>quam</strong></span> <span class='ocrx_word' id='word_1_140' title='bbox 3271 848 3508 889; x_wconf 74' lang='lat' dir='ltr'><strong>assertor</strong></span> 
     </span>
    </p>
   </div>
   <div class='ocr_carea' id='block_1_23' title="bbox 1928 926 3499 995">
    <p class='ocr_par' dir='ltr' id='par_1_23' title="bbox 1928 926 3499 995">
     <span class='ocr_line' id='line_1_23' title="bbox 1928 926 3499 995; baseline 0.001 -16"><span class='ocrx_word' id='word_1_141' title='bbox 1928 927 2152 981; x_wconf 90' lang='lat' dir='ltr'><strong>idoneus</strong></span> <span class='ocrx_word' id='word_1_142' title='bbox 2216 926 2449 995; x_wconf 76' lang='lat' dir='ltr'><strong>refugis,</strong></span> <span class='ocrx_word' id='word_1_143' title='bbox 2491 926 2805 980; x_wconf 79' lang='lat' dir='ltr'><strong>ostendisti!</strong></span> <span class='ocrx_word' id='word_1_144' title='bbox 2861 928 3171 991; x_wconf 83' lang='lat' dir='ltr'><strong>Ainplector</strong></span> <span class='ocrx_word' id='word_1_145' title='bbox 3215 927 3499 981; x_wconf 86' lang='lat' dir='ltr'><strong>amabilem</strong></span> 
     </span>
    </p>
   </div>
   <div class='ocr_carea' id='block_1_24' title="bbox 1926 1018 3506 1087">
    <p class='ocr_par' dir='ltr' id='par_1_24' title="bbox 1926 1018 3506 1087">
     <span class='ocr_line' id='line_1_24' title="bbox 1926 1018 3506 1087; baseline 0 -16"><span class='ocrx_word' id='word_1_146' title='bbox 1926 1020 2298 1087; x_wconf 87' lang='lat' dir='ltr'><strong>allegationem</strong></span> <span class='ocrx_word' id='word_1_147' title='bbox 2340 1019 2659 1081; x_wconf 89' lang='lat' dir='ltr'><strong>formidinis,</strong></span> <span class='ocrx_word' id='word_1_148' title='bbox 2690 1032 2848 1085; x_wconf 86' lang='lat' dir='ltr'><strong>quam</strong></span> <span class='ocrx_word' id='word_1_149' title='bbox 2892 1020 2942 1071; x_wconf 92' lang='lat' dir='ltr'><strong>in</strong></span> <span class='ocrx_word' id='word_1_150' title='bbox 2973 1031 3023 1071; x_wconf 88' lang='lat' dir='ltr'><strong>te</strong></span> <span class='ocrx_word' id='word_1_151' title='bbox 3081 1019 3274 1086; x_wconf 77' lang='lat' dir='ltr'><strong>ingenii</strong></span> <span class='ocrx_word' id='word_1_152' title='bbox 3323 1018 3506 1071; x_wconf 80' lang='lat' dir='ltr'><strong>divitis</strong></span> 
     </span>
    </p>
   </div>
   <div class='ocr_carea' id='block_1_25' title="bbox 1928 1108 3501 1175">
    <p class='ocr_par' dir='ltr' id='par_1_25' title="bbox 1928 1108 3501 1175">
     <span class='ocr_line' id='line_1_25' title="bbox 1928 1108 3501 1175; baseline 0.001 -15"><span class='ocrx_word' id='word_1_153' title='bbox 1928 1126 2064 1164; x_wconf 80' lang='lat' dir='ltr'><strong>vena</strong></span> <span class='ocrx_word' id='word_1_154' title='bbox 2094 1109 2457 1164; x_wconf 86' lang='lat' dir='ltr'><strong>commendat.</strong></span> <span class='ocrx_word' id='word_1_155' title='bbox 2502 1109 2636 1161; x_wconf 91' lang='lat' dir='ltr'><strong>Nolo</strong></span> <span class='ocrx_word' id='word_1_156' title='bbox 2670 1110 2957 1163; x_wconf 88' lang='lat' dir='ltr'><strong>colendum</strong></span> <span class='ocrx_word' id='word_1_157' title='bbox 2991 1108 3143 1162; x_wconf 83' lang='lat' dir='ltr'><strong>bonis</strong></span> <span class='ocrx_word' id='word_1_158' title='bbox 3197 1119 3400 1175; x_wconf 82' lang='lat' dir='ltr'><strong>patrem</strong></span> <span class='ocrx_word' id='word_1_159' title='bbox 3450 1110 3501 1161; x_wconf 92' lang='lat' dir='ltr'><strong>in</strong></span> 
     </span>
    </p>
   </div>
   <div class='ocr_carea' id='block_1_26' title="bbox 1924 1198 3503 1267">
    <p class='ocr_par' dir='ltr' id='par_1_26' title="bbox 1924 1198 3503 1267">
     <span class='ocr_line' id='line_1_26' title="bbox 1924 1198 3503 1267; baseline -0.002 -14"><span class='ocrx_word' id='word_1_160' title='bbox 1924 1202 2313 1255; x_wconf 83' lang='lat' dir='ltr'><strong>adhortationis</strong></span> <span class='ocrx_word' id='word_1_161' title='bbox 2353 1209 2459 1254; x_wconf 75' lang='lat' dir='ltr'><strong>tua:</strong></span> <span class='ocrx_word' id='word_1_162' title='bbox 2525 1200 2751 1267; x_wconf 84' lang='lat' dir='ltr'><strong>positum</strong></span> <span class='ocrx_word' id='word_1_163' title='bbox 2803 1213 3057 1267; x_wconf 82' lang='lat' dir='ltr'><strong>pavescas</strong></span> <span class='ocrx_word' id='word_1_164' title='bbox 3085 1200 3345 1265; x_wconf 75' lang='lat' dir='ltr'><strong>exemplis</strong></span> <span class='ocrx_word' id='word_1_165' title='bbox 3373 1198 3503 1265; x_wconf 76' lang='lat' dir='ltr'><strong>:lah</strong></span> 
     </span>
    </p>
   </div>
   <div class='ocr_carea' id='block_1_27' title="bbox 1926 1289 3502 1361">
    <p class='ocr_par' dir='ltr' id='par_1_27' title="bbox 1926 1289 3502 1361">
     <span class='ocr_line' id='line_1_27' title="bbox 1926 1289 3502 1361; baseline -0.001 -17"><span class='ocrx_word' id='word_1_166' title='bbox 1926 1294 2041 1359; x_wconf 71' lang='lat' dir='ltr'><strong>ipso</strong></span> <span class='ocrx_word' id='word_1_167' title='bbox 2069 1294 2290 1346; x_wconf 83' lang='lat' dir='ltr'><strong>veniunt</strong></span> <span class='ocrx_word' id='word_1_168' title='bbox 2321 1293 2416 1344; x_wconf 74' lang='lat' dir='ltr'><strong>ista</strong></span> <span class='ocrx_word' id='word_1_169' title='bbox 2447 1308 2566 1361; x_wconf 67' lang='lat' dir='ltr'><strong>qua:</strong></span> <span class='ocrx_word' id='word_1_170' title='bbox 2597 1293 2855 1359; x_wconf 88' lang='lat' dir='ltr'><strong>loqueris.</strong></span> <span class='ocrx_word' id='word_1_171' title='bbox 2899 1289 3023 1345; x_wconf 83' lang='lat' dir='ltr'><strong>Scio</strong></span> <span class='ocrx_word' id='word_1_172' title='bbox 3047 1305 3171 1358; x_wconf 68' lang='lat' dir='ltr'><strong>qua:</strong></span> <span class='ocrx_word' id='word_1_173' title='bbox 3194 1306 3379 1343; x_wconf 82' lang='lat' dir='ltr'><strong>aurum</strong></span> <span class='ocrx_word' id='word_1_174' title='bbox 3410 1306 3502 1357; x_wconf 88' lang='lat' dir='ltr'><strong>pa-</strong></span> 
     </span>
    </p>
   </div>
   <div class='ocr_carea' id='block_1_28' title="bbox 1924 1380 3501 1449">
    <p class='ocr_par' dir='ltr' id='par_1_28' title="bbox 1924 1380 3501 1449">
     <span class='ocr_line' id='line_1_28' title="bbox 1924 1380 3501 1449; baseline -0.001 -15"><span class='ocrx_word' id='word_1_175' title='bbox 1924 1383 2019 1435; x_wconf 80' lang='lat' dir='ltr'><strong>riat</strong></span> <span class='ocrx_word' id='word_1_176' title='bbox 2069 1393 2207 1435; x_wconf 88' lang='lat' dir='ltr'><strong>terra</strong></span> <span class='ocrx_word' id='word_1_177' title='bbox 2236 1383 2498 1436; x_wconf 88' lang='lat' dir='ltr'><strong>nobilius:</strong></span> <span class='ocrx_word' id='word_1_178' title='bbox 2523 1381 2676 1449; x_wconf 84' lang='lat' dir='ltr'><strong>cujus</strong></span> <span class='ocrx_word' id='word_1_179' title='bbox 2700 1382 2800 1435; x_wconf 91' lang='lat' dir='ltr'><strong>soli</strong></span> <span class='ocrx_word' id='word_1_180' title='bbox 2827 1382 3021 1434; x_wconf 87' lang='lat' dir='ltr'><strong>nutrita</strong></span> <span class='ocrx_word' id='word_1_181' title='bbox 3060 1380 3264 1434; x_wconf 74' lang='lat' dir='ltr'><strong>sinibus</strong></span> <span class='ocrx_word' id='word_1_182' title='bbox 3290 1382 3501 1434; x_wconf 86' lang='lat' dir='ltr'><strong>metal&#39;a</strong></span> 
     </span>
    </p>
   </div>
   <div class='ocr_carea' id='block_1_29' title="bbox 1925 1470 3501 1540">
    <p class='ocr_par' dir='ltr' id='par_1_29' title="bbox 1925 1470 3501 1540">
     <span class='ocr_line' id='line_1_29' title="bbox 1925 1470 3501 1540; baseline -0.001 -16"><span class='ocrx_word' id='word_1_183' title='bbox 1925 1472 2042 1538; x_wconf 86' lang='lat' dir='ltr'><strong>plus</strong></span> <span class='ocrx_word' id='word_1_184' title='bbox 2085 1472 2323 1525; x_wconf 89' lang='lat' dir='ltr'><strong>rutilent.</strong></span> <span class='ocrx_word' id='word_1_185' title='bbox 2356 1471 2509 1540; x_wconf 70' lang='lat' dir='ltr'><strong>Saepe</strong></span> <span class='ocrx_word' id='word_1_186' title='bbox 2532 1471 2657 1524; x_wconf 88' lang='lat' dir='ltr'><strong>milii</strong></span> <span class='ocrx_word' id='word_1_187' title='bbox 2690 1470 2840 1525; x_wconf 89' lang='lat' dir='ltr'><strong>labor</strong></span> <span class='ocrx_word' id='word_1_188' title='bbox 2866 1470 3056 1525; x_wconf 79' lang='lat' dir='ltr'><strong>efﬁcax</strong></span> <span class='ocrx_word' id='word_1_189' title='bbox 3109 1470 3350 1538; x_wconf 74' lang='lat' dir='ltr'><strong>inquircn</strong></span> <span class='ocrx_word' id='word_1_190' title='bbox 3379 1470 3391 1521; x_wconf 95' lang='lat' dir='ltr'><strong>i</strong></span> <span class='ocrx_word' id='word_1_191' title='bbox 3422 1470 3501 1523; x_wconf 88' lang='lat' dir='ltr'><strong>al-</strong></span> 
     </span>
    </p>
   </div>
   <div class='ocr_carea' id='block_1_30' title="bbox 1925 1559 3500 1629">
    <p class='ocr_par' dir='ltr' id='par_1_30' title="bbox 1925 1559 3500 1629">
     <span class='ocr_line' id='line_1_30' title="bbox 1925 1559 3500 1629; baseline 0.001 -17"><span class='ocrx_word' id='word_1_192' title='bbox 1925 1561 2073 1612; x_wconf 87' lang='lat' dir='ltr'><strong>nicia</strong></span> <span class='ocrx_word' id='word_1_193' title='bbox 2108 1570 2252 1629; x_wconf 88' lang='lat' dir='ltr'><strong>terga</strong></span> <span class='ocrx_word' id='word_1_194' title='bbox 2286 1560 2414 1614; x_wconf 89' lang='lat' dir='ltr'><strong>fulvi</strong></span> <span class='ocrx_word' id='word_1_195' title='bbox 2434 1563 2666 1614; x_wconf 85' lang='lat' dir='ltr'><strong>ostendit</strong></span> <span class='ocrx_word' id='word_1_196' title='bbox 2688 1562 2961 1615; x_wconf 89' lang='lat' dir='ltr'><strong>elementi.</strong></span> <span class='ocrx_word' id='word_1_197' title='bbox 2988 1561 3111 1615; x_wconf 83' lang='lat' dir='ltr'><strong>Scio</strong></span> <span class='ocrx_word' id='word_1_198' title='bbox 3142 1577 3257 1629; x_wconf 70' lang='lat' dir='ltr'><strong>qtae</strong></span> <span class='ocrx_word' id='word_1_199' title='bbox 3282 1559 3500 1625; x_wconf 75' lang='lat' dir='ltr'><strong>conclia:</strong></span> 
     </span>
    </p>
   </div>
   <div class='ocr_carea' id='block_1_31' title="bbox 1921 1650 3499 1719">
    <p class='ocr_par' dir='ltr' id='par_1_31' title="bbox 1921 1650 3499 1719">
     <span class='ocr_line' id='line_1_31' title="bbox 1921 1650 3499 1719; baseline 0.001 -17"><span class='ocrx_word' id='word_1_200' title='bbox 1921 1652 2178 1717; x_wconf 82' lang='lat' dir='ltr'><strong>superbas</strong></span> <span class='ocrx_word' id='word_1_201' title='bbox 2206 1652 2375 1718; x_wconf 87' lang='lat' dir='ltr'><strong>pretio</strong></span> <span class='ocrx_word' id='word_1_202' title='bbox 2402 1652 2643 1719; x_wconf 69' lang='lat' dir='ltr'><strong>gemmds</strong></span> <span class='ocrx_word' id='word_1_203' title='bbox 2674 1651 2977 1704; x_wconf 87' lang='lat' dir='ltr'><strong>includant:</strong></span> <span class='ocrx_word' id='word_1_204' title='bbox 3005 1650 3143 1705; x_wconf 88' lang='lat' dir='ltr'><strong>unde</strong></span> <span class='ocrx_word' id='word_1_205' title='bbox 3170 1650 3339 1703; x_wconf 78' lang='lat' dir='ltr'><strong>\eniat</strong></span> <span class='ocrx_word' id='word_1_206' title='bbox 3364 1650 3499 1717; x_wconf 84' lang='lat' dir='ltr'><strong>lapis</strong></span> 
     </span>
    </p>
   </div>
   <div class='ocr_carea' id='block_1_32' title="bbox 1922 1741 3499 1809">
    <p class='ocr_par' dir='ltr' id='par_1_32' title="bbox 1922 1741 3499 1809">
     <span class='ocr_line' id='line_1_32' title="bbox 1922 1741 3499 1809; baseline 0 -14"><span class='ocrx_word' id='word_1_207' title='bbox 1922 1743 2159 1805; x_wconf 76' lang='lat' dir='ltr'><strong>imperiis</strong></span> <span class='ocrx_word' id='word_1_208' title='bbox 2183 1743 2396 1809; x_wconf 88' lang='lat' dir='ltr'><strong>genium</strong></span> <span class='ocrx_word' id='word_1_209' title='bbox 2428 1744 2737 1796; x_wconf 82' lang='lat' dir='ltr'><strong>collaturus.</strong></span> <span class='ocrx_word' id='word_1_210' title='bbox 2771 1741 2885 1794; x_wconf 90' lang='lat' dir='ltr'><strong>Non</strong></span> <span class='ocrx_word' id='word_1_211' title='bbox 2929 1742 3208 1809; x_wconf 65' lang='lat' dir='ltr'><strong>imperitiae</strong></span> <span class='ocrx_word' id='word_1_212' title='bbox 3235 1745 3374 1808; x_wconf 88' lang='lat' dir='ltr'><strong>quod</strong></span> <span class='ocrx_word' id='word_1_213' title='bbox 3399 1742 3499 1795; x_wconf 78' lang='lat' dir='ltr'><strong>feri</strong></span> 
     </span>
    </p>
   </div>
   <div class='ocr_carea' id='block_1_33' title="bbox 229 1814 1803 1901">
    <p class='ocr_par' dir='ltr' id='par_1_33' title="bbox 229 1814 1803 1883">
     <span class='ocr_line' id='line_1_33' title="bbox 229 1814 1803 1883; baseline 0.001 -17"><span class='ocrx_word' id='word_1_214' title='bbox 229 1814 444 1873; x_wconf 81' lang='lat' dir='ltr'><strong>schema</strong></span> <span class='ocrx_word' id='word_1_215' title='bbox 475 1815 702 1869; x_wconf 71' lang='lat' dir='ltr'><strong>affectus</strong></span> <span class='ocrx_word' id='word_1_216' title='bbox 724 1830 751 1867; x_wconf 90' lang='lat' dir='ltr'><strong>a</strong></span> <span class='ocrx_word' id='word_1_217' title='bbox 778 1830 864 1870; x_wconf 87' lang='lat' dir='ltr'><strong>me</strong></span> <span class='ocrx_word' id='word_1_218' title='bbox 884 1815 1141 1868; x_wconf 90' lang='lat' dir='ltr'><strong>orationis</strong></span> <span class='ocrx_word' id='word_1_219' title='bbox 1161 1815 1465 1876; x_wconf 79' lang='lat' dir='ltr'><strong>absciderit,</strong></span> <span class='ocrx_word' id='word_1_220' title='bbox 1490 1826 1540 1869; x_wconf 91' lang='lat' dir='ltr'><strong>et</strong></span> <span class='ocrx_word' id='word_1_221' title='bbox 1562 1829 1803 1883; x_wconf 85' lang='lat' dir='ltr'><strong>nequean</strong></span> 
     </span>
    </p>
   </div>
   <div class='ocr_carea' id='block_1_34' title="bbox 1911 1814 3496 1901">
    <p class='ocr_par' dir='ltr' id='par_1_34' title="bbox 1926 1832 3496 1901">
     <span class='ocr_line' id='line_1_34' title="bbox 1926 1832 3496 1901; baseline 0.002 -18"><span class='ocrx_word' id='word_1_222' title='bbox 1926 1832 2179 1901; x_wconf 85' lang='lat' dir='ltr'><strong>applices,</strong></span> <span class='ocrx_word' id='word_1_223' title='bbox 2212 1849 2316 1885; x_wconf 92' lang='lat' dir='ltr'><strong>non</strong></span> <span class='ocrx_word' id='word_1_224' title='bbox 2348 1833 2536 1887; x_wconf 69' lang='grc' dir='ltr'><strong>οτι-οτι.</strong></span> <span class='ocrx_word' id='word_1_225' title='bbox 2576 1833 2683 1885; x_wconf 77' lang='lat' dir='ltr'><strong>Viri</strong></span> <span class='ocrx_word' id='word_1_226' title='bbox 2717 1836 2869 1887; x_wconf 89' lang='lat' dir='ltr'><strong>fortis</strong></span> <span class='ocrx_word' id='word_1_227' title='bbox 2916 1834 3196 1901; x_wconf 77' lang='lat' dir='ltr'><strong>progenies</strong></span> <span class='ocrx_word' id='word_1_228' title='bbox 3225 1850 3496 1887; x_wconf 85' lang='lat' dir='ltr'><strong>armorum</strong></span> 
     </span>
    </p>
   </div>
   <div class='ocr_carea' id='block_1_35' title="bbox 230 1906 1817 1974">
    <p class='ocr_par' dir='ltr' id='par_1_35' title="bbox 230 1906 1817 1974">
     <span class='ocr_line' id='line_1_35' title="bbox 230 1906 1817 1974; baseline 0 -15"><span class='ocrx_word' id='word_1_229' title='bbox 230 1906 478 1973; x_wconf 86' lang='lat' dir='ltr'><strong>o:cupari</strong></span> <span class='ocrx_word' id='word_1_230' title='bbox 513 1907 794 1960; x_wconf 85' lang='lat' dir='ltr'><strong>verborum</strong></span> <span class='ocrx_word' id='word_1_231' title='bbox 818 1907 1057 1969; x_wconf 84' lang='lat' dir='ltr'><strong>ﬂoribus,</strong></span> <span class='ocrx_word' id='word_1_232' title='bbox 1081 1922 1236 1974; x_wconf 87' lang='lat' dir='ltr'><strong>quem</strong></span> <span class='ocrx_word' id='word_1_233' title='bbox 1266 1907 1332 1958; x_wconf 90' lang='lat' dir='ltr'><strong>ad</strong></span> <span class='ocrx_word' id='word_1_234' title='bbox 1364 1907 1588 1974; x_wconf 80' lang='lat' dir='ltr'><strong>gemitus</strong></span> <span class='ocrx_word' id='word_1_235' title='bbox 1611 1916 1661 1959; x_wconf 88' lang='lat' dir='ltr'><strong>et</strong></span> <span class='ocrx_word' id='word_1_236' title='bbox 1692 1920 1817 1973; x_wconf 78' lang='lat' dir='ltr'><strong>pte-</strong></span> 
     </span>
    </p>
   </div>
   <div class='ocr_carea' id='block_1_36' title="bbox 230 1995 1817 2064">
    <p class='ocr_par' dir='ltr' id='par_1_36' title="bbox 230 1995 1817 2064">
     <span class='ocr_line' id='line_1_36' title="bbox 230 1995 1817 2064; baseline 0.001 -15"><span class='ocrx_word' id='word_1_237' title='bbox 230 2012 317 2049; x_wconf 87' lang='lat' dir='ltr'><strong>ces</strong></span> <span class='ocrx_word' id='word_1_238' title='bbox 353 2010 545 2049; x_wconf 83' lang='lat' dir='ltr'><strong>evocat</strong></span> <span class='ocrx_word' id='word_1_239' title='bbox 573 1998 779 2049; x_wconf 88' lang='lat' dir='ltr'><strong>clamor</strong></span> <span class='ocrx_word' id='word_1_240' title='bbox 800 1998 979 2049; x_wconf 86' lang='lat' dir='ltr'><strong>ollicii.</strong></span> <span class='ocrx_word' id='word_1_241' title='bbox 1000 1997 1282 2049; x_wconf 83' lang='lat' dir='ltr'><strong>Delenilica</strong></span> <span class='ocrx_word' id='word_1_242' title='bbox 1309 1995 1817 2064; x_wconf 81' lang='lat' dir='ltr'><strong>ergoetmalesnada</strong></span> 
     </span>
    </p>
   </div>
   <div class='ocr_carea' id='block_1_37' title="bbox 228 2088 1819 2157">
    <p class='ocr_par' dir='ltr' id='par_1_37' title="bbox 228 2088 1819 2157">
     <span class='ocr_line' id='line_1_37' title="bbox 228 2088 1819 2157; baseline 0.001 -17"><span class='ocrx_word' id='word_1_243' title='bbox 228 2102 513 2154; x_wconf 83' lang='lat' dir='ltr'><strong>compesce</strong></span> <span class='ocrx_word' id='word_1_244' title='bbox 543 2089 829 2157; x_wconf 85' lang='lat' dir='ltr'><strong>colloquia.</strong></span> <span class='ocrx_word' id='word_1_245' title='bbox 861 2088 914 2143; x_wconf 76' lang='lat' dir='ltr'><strong>Si</strong></span> <span class='ocrx_word' id='word_1_246' title='bbox 962 2091 1080 2142; x_wconf 87' lang='lat' dir='ltr'><strong>licta</strong></span> <span class='ocrx_word' id='word_1_247' title='bbox 1116 2098 1239 2142; x_wconf 85' lang='lat' dir='ltr'><strong>sunt</strong></span> <span class='ocrx_word' id='word_1_248' title='bbox 1266 2105 1383 2157; x_wconf 69' lang='lat' dir='ltr'><strong>qua:</strong></span> <span class='ocrx_word' id='word_1_249' title='bbox 1414 2088 1621 2151; x_wconf 59' lang='lat' dir='ltr'><strong>scribis,</strong></span> <span class='ocrx_word' id='word_1_250' title='bbox 1647 2097 1699 2139; x_wconf 87' lang='lat' dir='ltr'><strong>et</strong></span> <span class='ocrx_word' id='word_1_251' title='bbox 1730 2102 1819 2155; x_wconf 84' lang='lat' dir='ltr'><strong>pe-</strong></span> 
     </span>
    </p>
   </div>
   <div class='ocr_carea' id='block_1_38' title="bbox 228 2181 1818 2251">
    <p class='ocr_par' dir='ltr' id='par_1_38' title="bbox 228 2181 1818 2251">
     <span class='ocr_line' id='line_1_38' title="bbox 228 2181 1818 2251; baseline -0.001 -16"><span class='ocrx_word' id='word_1_252' title='bbox 228 2181 407 2235; x_wconf 88' lang='lat' dir='ltr'><strong>niculo</strong></span> <span class='ocrx_word' id='word_1_253' title='bbox 428 2181 686 2236; x_wconf 76' lang='lat' dir='ltr'><strong>decorata</strong></span> <span class='ocrx_word' id='word_1_254' title='bbox 719 2183 1002 2244; x_wconf 85' lang='lat' dir='ltr'><strong>mendacii.</strong></span> <span class='ocrx_word' id='word_1_255' title='bbox 1047 2193 1189 2236; x_wconf 87' lang='lat' dir='ltr'><strong>tnuta</strong></span> <span class='ocrx_word' id='word_1_256' title='bbox 1219 2183 1572 2251; x_wconf 86' lang='lat' dir='ltr'><strong>propositum,</strong></span> <span class='ocrx_word' id='word_1_257' title='bbox 1610 2182 1690 2235; x_wconf 89' lang='lat' dir='ltr'><strong>vel</strong></span> <span class='ocrx_word' id='word_1_258' title='bbox 1727 2196 1818 2248; x_wconf 90' lang='lat' dir='ltr'><strong>po-</strong></span> 
     </span>
    </p>
   </div>
   <div class='ocr_carea' id='block_1_39' title="bbox 228 2272 1813 2344">
    <p class='ocr_par' dir='ltr' id='par_1_39' title="bbox 228 2272 1813 2344">
     <span class='ocr_line' id='line_1_39' title="bbox 228 2272 1813 2344; baseline -0.001 -19"><span class='ocrx_word' id='word_1_259' title='bbox 228 2281 336 2325; x_wconf 70' lang='lat' dir='ltr'><strong>stea</strong></span> <span class='ocrx_word' id='word_1_260' title='bbox 366 2288 531 2341; x_wconf 82' lang='lat' dir='ltr'><strong>quam</strong></span> <span class='ocrx_word' id='word_1_261' title='bbox 562 2274 713 2326; x_wconf 80' lang='lat' dir='ltr'><strong>vides</strong></span> <span class='ocrx_word' id='word_1_262' title='bbox 762 2273 1054 2344; x_wconf 85' lang='lat' dir='ltr'><strong>(mentem)</strong></span> <span class='ocrx_word' id='word_1_263' title='bbox 1098 2274 1393 2326; x_wconf 87' lang='lat' dir='ltr'><strong>innotuisse</strong></span> <span class='ocrx_word' id='word_1_264' title='bbox 1424 2288 1544 2340; x_wconf 80' lang='lat' dir='ltr'><strong>quze</strong></span> <span class='ocrx_word' id='word_1_265' title='bbox 1601 2272 1813 2325; x_wconf 67' lang='lat' dir='ltr'><strong>fet-etis.</strong></span> 
     </span>
    </p>
   </div>
   <div class='ocr_carea' id='block_1_40' title="bbox 229 2363 1817 2433">
    <p class='ocr_par' dir='ltr' id='par_1_40' title="bbox 229 2363 1817 2433">
     <span class='ocr_line' id='line_1_40' title="bbox 229 2363 1817 2433; baseline -0.002 -14"><span class='ocrx_word' id='word_1_266' title='bbox 229 2364 283 2419; x_wconf 90' lang='lat' dir='ltr'><strong>Si</strong></span> <span class='ocrx_word' id='word_1_267' title='bbox 312 2377 442 2416; x_wconf 85' lang='lat' dir='ltr'><strong>vera</strong></span> <span class='ocrx_word' id='word_1_268' title='bbox 473 2373 622 2425; x_wconf 86' lang='lat' dir='ltr'><strong>sunt.</strong></span> <span class='ocrx_word' id='word_1_269' title='bbox 654 2375 705 2416; x_wconf 88' lang='lat' dir='ltr'><strong>et</strong></span> <span class='ocrx_word' id='word_1_270' title='bbox 727 2379 756 2415; x_wconf 92' lang='lat' dir='ltr'><strong>a</strong></span> <span class='ocrx_word' id='word_1_271' title='bbox 782 2364 969 2433; x_wconf 86' lang='lat' dir='ltr'><strong>judicii</strong></span> <span class='ocrx_word' id='word_1_272' title='bbox 997 2363 1147 2418; x_wconf 87' lang='lat' dir='ltr'><strong>lance</strong></span> <span class='ocrx_word' id='word_1_273' title='bbox 1172 2364 1522 2424; x_wconf 64' lang='lat' dir='ltr'><strong>descendunt,</strong></span> <span class='ocrx_word' id='word_1_274' title='bbox 1555 2364 1817 2432; x_wconf 79' lang='lat' dir='ltr'><strong>profundo</strong></span> 
     </span>
    </p>
   </div>
   <div class='ocr_carea' id='block_1_41' title="bbox 228 2454 1817 2523">
    <p class='ocr_par' dir='ltr' id='par_1_41' title="bbox 228 2454 1817 2523">
     <span class='ocr_line' id='line_1_41' title="bbox 228 2454 1817 2523; baseline 0 -15"><span class='ocrx_word' id='word_1_275' title='bbox 228 2469 285 2508; x_wconf 85' lang='lat' dir='ltr'><strong>ca</strong></span> <span class='ocrx_word' id='word_1_276' title='bbox 316 2455 557 2522; x_wconf 77' lang='lat' dir='ltr'><strong>pectoris</strong></span> <span class='ocrx_word' id='word_1_277' title='bbox 588 2454 797 2509; x_wconf 83' lang='lat' dir='ltr'><strong>include</strong></span> <span class='ocrx_word' id='word_1_278' title='bbox 826 2467 1056 2523; x_wconf 80' lang='lat' dir='ltr'><strong>secreto,</strong></span> <span class='ocrx_word' id='word_1_279' title='bbox 1095 2469 1150 2511; x_wconf 91' lang='lat' dir='ltr'><strong>ut</strong></span> <span class='ocrx_word' id='word_1_280' title='bbox 1191 2458 1542 2510; x_wconf 80' lang='lat' dir='ltr'><strong>reverentiam</strong></span> <span class='ocrx_word' id='word_1_281' title='bbox 1592 2457 1817 2523; x_wconf 88' lang='lat' dir='ltr'><strong>diligen-</strong></span> 
     </span>
    </p>
   </div>
   <div class='ocr_carea' id='block_1_42' title="bbox 229 2545 1814 2617">
    <p class='ocr_par' dir='ltr' id='par_1_42' title="bbox 229 2545 1814 2617">
     <span class='ocr_line' id='line_1_42' title="bbox 229 2545 1814 2617; baseline -0.001 -17"><span class='ocrx_word' id='word_1_282' title='bbox 229 2548 333 2611; x_wconf 87' lang='lat' dir='ltr'><strong>tia-,</strong></span> <span class='ocrx_word' id='word_1_283' title='bbox 359 2546 493 2599; x_wconf 88' lang='lat' dir='ltr'><strong>dum</strong></span> <span class='ocrx_word' id='word_1_284' title='bbox 520 2548 699 2601; x_wconf 87' lang='lat' dir='ltr'><strong>amico</strong></span> <span class='ocrx_word' id='word_1_285' title='bbox 738 2562 820 2602; x_wconf 83' lang='lat' dir='ltr'><strong>ri-s</strong></span> <span class='ocrx_word' id='word_1_286' title='bbox 873 2548 1108 2617; x_wconf 80' lang='lat' dir='ltr'><strong>integras</strong></span> <span class='ocrx_word' id='word_1_287' title='bbox 1148 2563 1350 2612; x_wconf 73' lang='lat' dir='ltr'><strong>serias,</strong></span> <span class='ocrx_word' id='word_1_288' title='bbox 1384 2550 1656 2602; x_wconf 79' lang='lat' dir='ltr'><strong>exhibeas.</strong></span> <span class='ocrx_word' id='word_1_289' title='bbox 1690 2545 1814 2600; x_wconf 79' lang='lat' dir='ltr'><strong>Mihi</strong></span> 
     </span>
    </p>
   </div>
   <div class='ocr_carea' id='block_1_43' title="bbox 226 2633 1813 2705">
    <p class='ocr_par' dir='ltr' id='par_1_43' title="bbox 226 2633 1813 2705">
     <span class='ocr_line' id='line_1_43' title="bbox 226 2633 1813 2705; baseline 0.004 -18"><span class='ocrx_word' id='word_1_290' title='bbox 226 2633 558 2689; x_wconf 71' lang='lat' dir='ltr'><strong>iinmuzabile</strong></span> <span class='ocrx_word' id='word_1_291' title='bbox 578 2652 672 2689; x_wconf 89' lang='lat' dir='ltr'><strong>eor</strong></span> <span class='ocrx_word' id='word_1_292' title='bbox 699 2636 1025 2703; x_wconf 88' lang='lat' dir='ltr'><strong>custodiens,</strong></span> <span class='ocrx_word' id='word_1_293' title='bbox 1070 2638 1203 2690; x_wconf 87' lang='lat' dir='ltr'><strong>alios</strong></span> <span class='ocrx_word' id='word_1_294' title='bbox 1233 2637 1475 2691; x_wconf 90' lang='lat' dir='ltr'><strong>demu&#39;ce</strong></span> <span class='ocrx_word' id='word_1_295' title='bbox 1512 2638 1813 2705; x_wconf 64' lang='lat' dir='ltr'><strong>colloquiis.</strong></span> 
     </span>
    </p>
   </div>
   <div class='ocr_carea' id='block_1_44' title="bbox 226 2722 1815 2799">
    <p class='ocr_par' dir='ltr' id='par_1_44' title="bbox 226 2722 1815 2799">
     <span class='ocr_line' id='line_1_44' title="bbox 226 2722 1815 2799; baseline 0.003 -23"><span class='ocrx_word' id='word_1_296' title='bbox 226 2722 359 2777; x_wconf 75' lang='lat' dir='ltr'><strong>Ecce</strong></span> <span class='ocrx_word' id='word_1_297' title='bbox 387 2723 905 2799; x_wconf 71' lang='lat' dir='ltr'><strong>epistolzemodum,</strong></span> <span class='ocrx_word' id='word_1_298' title='bbox 958 2725 1085 2779; x_wconf 88' lang='lat' dir='ltr'><strong>dum</strong></span> <span class='ocrx_word' id='word_1_299' title='bbox 1128 2728 1397 2794; x_wconf 77' lang='lat' dir='ltr'><strong>producta:</strong></span> <span class='ocrx_word' id='word_1_300' title='bbox 1430 2730 1634 2794; x_wconf 69' lang='lat' dir='ltr'><strong>pag’na:</strong></span> <span class='ocrx_word' id='word_1_301' title='bbox 1658 2727 1815 2795; x_wconf 76' lang='lat' dir='ltr'><strong>cupio</strong></span> 
     </span>
    </p>
   </div>
   <div class='ocr_carea' id='block_1_45' title="bbox 226 2812 1814 2882">
    <p class='ocr_par' dir='ltr' id='par_1_45' title="bbox 226 2812 1814 2882">
     <span class='ocr_line' id='line_1_45' title="bbox 226 2812 1814 2882; baseline 0.002 -16"><span class='ocrx_word' id='word_1_302' title='bbox 226 2814 578 2880; x_wconf 77' lang='lat' dir='ltr'><strong>respondere,</strong></span> <span class='ocrx_word' id='word_1_303' title='bbox 616 2815 940 2867; x_wconf 80' lang='lat' dir='ltr'><strong>transcendi.</strong></span> <span class='ocrx_word' id='word_1_304' title='bbox 981 2812 1085 2867; x_wconf 82' lang='lat' dir='ltr'><strong>Sed</strong></span> <span class='ocrx_word' id='word_1_305' title='bbox 1141 2831 1245 2866; x_wconf 91' lang='lat' dir='ltr'><strong>non</strong></span> <span class='ocrx_word' id='word_1_306' title='bbox 1279 2825 1361 2868; x_wconf 90' lang='lat' dir='ltr'><strong>est</strong></span> <span class='ocrx_word' id='word_1_307' title='bbox 1394 2815 1547 2881; x_wconf 84' lang='lat' dir='ltr'><strong>culpa</strong></span> <span class='ocrx_word' id='word_1_308' title='bbox 1597 2815 1814 2882; x_wconf 88' lang='lat' dir='ltr'><strong>speciali</strong></span> 
     </span>
    </p>
   </div>
   <div class='ocr_carea' id='block_1_46' title="bbox 222 2900 1811 2970">
    <p class='ocr_par' dir='ltr' id='par_1_46' title="bbox 222 2900 1811 2970">
     <span class='ocr_line' id='line_1_46' title="bbox 222 2900 1811 2970; baseline 0.005 -19"><span class='ocrx_word' id='word_1_309' title='bbox 222 2900 503 2966; x_wconf 79' lang='lat' dir='ltr'><strong>pleetcnda</strong></span> <span class='ocrx_word' id='word_1_310' title='bbox 536 2902 825 2970; x_wconf 81' lang='lat' dir='ltr'><strong>supplicio,</strong></span> <span class='ocrx_word' id='word_1_311' title='bbox 855 2918 974 2970; x_wconf 82' lang='lat' dir='ltr'><strong>qua:</strong></span> <span class='ocrx_word' id='word_1_312' title='bbox 1023 2903 1073 2955; x_wconf 87' lang='lat' dir='ltr'><strong>iii</strong></span> <span class='ocrx_word' id='word_1_313' title='bbox 1106 2905 1296 2955; x_wconf 87' lang='lat' dir='ltr'><strong>erratis</strong></span> <span class='ocrx_word' id='word_1_314' title='bbox 1325 2905 1483 2955; x_wconf 81' lang='lat' dir='ltr'><strong>habet</strong></span> <span class='ocrx_word' id='word_1_315' title='bbox 1517 2913 1811 2959; x_wconf 87' lang='lat' dir='ltr'><strong>auctorem.</strong></span> 
     </span>
    </p>
   </div>
   <div class='ocr_carea' id='block_1_47' title="bbox 224 2986 1812 3058">
    <p class='ocr_par' dir='ltr' id='par_1_47' title="bbox 224 2986 1812 3058">
     <span class='ocr_line' id='line_1_47' title="bbox 224 2986 1812 3058; baseline 0.004 -19"><span class='ocrx_word' id='word_1_316' title='bbox 224 2986 446 3041; x_wconf 79' lang='lat' dir='ltr'><strong>Dimitte</strong></span> <span class='ocrx_word' id='word_1_317' title='bbox 487 2989 577 3051; x_wconf 90' lang='lat' dir='ltr'><strong>mi,</strong></span> <span class='ocrx_word' id='word_1_318' title='bbox 612 2988 988 3043; x_wconf 84' lang='lat' dir='ltr'><strong>salutationem</strong></span> <span class='ocrx_word' id='word_1_319' title='bbox 1021 2989 1319 3044; x_wconf 76' lang='lat' dir='ltr'><strong>debeidam</strong></span> <span class='ocrx_word' id='word_1_320' title='bbox 1355 2991 1664 3058; x_wconf 59' lang='lat' dir='ltr'><strong>restituens,</strong></span> <span class='ocrx_word' id='word_1_321' title='bbox 1694 3008 1812 3057; x_wconf 89' lang='lat' dir='ltr'><strong>pte-</strong></span> 
     </span>
    </p>
   </div>
   <div class='ocr_carea' id='block_1_48' title="bbox 221 3076 1812 3148">
    <p class='ocr_par' dir='ltr' id='par_1_48' title="bbox 221 3076 1812 3148">
     <span class='ocr_line' id='line_1_48' title="bbox 221 3076 1812 3148; baseline 0.004 -19"><span class='ocrx_word' id='word_1_322' title='bbox 221 3091 329 3140; x_wconf 90' lang='lat' dir='ltr'><strong>cor,</strong></span> <span class='ocrx_word' id='word_1_323' title='bbox 363 3087 422 3129; x_wconf 94' lang='lat' dir='ltr'><strong>ut</strong></span> <span class='ocrx_word' id='word_1_324' title='bbox 451 3076 497 3130; x_wconf 88' lang='lat' dir='ltr'><strong>si</strong></span> <span class='ocrx_word' id='word_1_325' title='bbox 527 3077 810 3132; x_wconf 66' lang='lat' dir='ltr'><strong>desideriis</strong></span> <span class='ocrx_word' id='word_1_326' title='bbox 832 3079 963 3133; x_wconf 87' lang='lat' dir='ltr'><strong>meis</strong></span> <span class='ocrx_word' id='word_1_327' title='bbox 998 3094 1116 3148; x_wconf 70' lang='lat' dir='ltr'><strong>quae</strong></span> <span class='ocrx_word' id='word_1_328' title='bbox 1138 3080 1203 3133; x_wconf 87' lang='lat' dir='ltr'><strong>de</strong></span> <span class='ocrx_word' id='word_1_329' title='bbox 1222 3096 1406 3135; x_wconf 81' lang='lat' dir='ltr'><strong>ninete</strong></span> <span class='ocrx_word' id='word_1_330' title='bbox 1439 3082 1539 3134; x_wconf 80' lang='lat' dir='ltr'><strong>tati</strong></span> <span class='ocrx_word' id='word_1_331' title='bbox 1568 3083 1812 3136; x_wconf 88' lang='lat' dir='ltr'><strong>urnitatis</strong></span> 
     </span>
    </p>
   </div>
   <div class='ocr_carea' id='block_1_49' title="bbox 222 3162 1882 3240">
    <p class='ocr_par' dir='ltr' id='par_1_49' title="bbox 222 3162 1882 3240">
     <span class='ocr_line' id='line_1_49' title="bbox 222 3162 1882 3240; baseline 0.007 -21"><span class='ocrx_word' id='word_1_332' title='bbox 222 3168 479 3232; x_wconf 84' lang='lat' dir='ltr'><strong>concepi.</strong></span> <span class='ocrx_word' id='word_1_333' title='bbox 554 3168 737 3239; x_wconf 75' lang='lat' dir='ltr'><strong>pernix</strong></span> <span class='ocrx_word' id='word_1_334' title='bbox 812 3178 862 3222; x_wconf 89' lang='lat' dir='ltr'><strong>te</strong></span> <span class='ocrx_word' id='word_1_335' title='bbox 918 3178 1187 3222; x_wconf 83' lang='lat' dir='ltr'><strong>scrutator</strong></span> <span class='ocrx_word' id='word_1_336' title='bbox 1242 3162 1554 3234; x_wconf 66' lang='lat' dir='ltr'><strong>intorseris,</strong></span> <span class='ocrx_word' id='word_1_337' title='bbox 1618 3173 1882 3240; x_wconf 85' lang='lat' dir='ltr'><strong>saltctnc</strong></span> 
     </span>
    </p>
   </div>
   <div class='ocr_carea' id='block_1_50' title="bbox 224 3254 1524 3326">
    <p class='ocr_par' dir='ltr' id='par_1_50' title="bbox 224 3254 1524 3326">
     <span class='ocr_line' id='line_1_50' title="bbox 224 3254 1524 3326; baseline 0.005 -21"><span class='ocrx_word' id='word_1_338' title='bbox 224 3254 657 3323; x_wconf 86' lang='lat' dir='ltr'><strong>occupationibus</strong></span> <span class='ocrx_word' id='word_1_339' title='bbox 684 3256 875 3324; x_wconf 83' lang='lat' dir='ltr'><strong>quibus</strong></span> <span class='ocrx_word' id='word_1_340' title='bbox 900 3256 1235 3325; x_wconf 88' lang='lat' dir='ltr'><strong>iinpediinur,</strong></span> <span class='ocrx_word' id='word_1_341' title='bbox 1263 3258 1524 3326; x_wconf 69' lang='lat' dir='ltr'><strong>igllilS&#39;CdS.</strong></span> 
     </span>
    </p>
   </div>
   <div class='ocr_carea' id='block_1_51' title="bbox 380 3334 1278 3404">
    <p class='ocr_par' dir='ltr' id='par_1_51' title="bbox 380 3334 1278 3404">
     <span class='ocr_line' id='line_1_51' title="bbox 380 3334 1278 3404; baseline 0.006 -7"><span class='ocrx_word' id='word_1_342' title='bbox 380 3334 383 3337; x_wconf 51' lang='grc'><em>’</em></span> <span class='ocrx_word' id='word_1_343' title='bbox 749 3348 1074 3402; x_wconf 64' lang='lat' dir='ltr'><strong>EPISTULA</strong></span> <span class='ocrx_word' id='word_1_344' title='bbox 1122 3350 1278 3404; x_wconf 71' lang='lat' dir='ltr'><strong>XVII.</strong></span> 
     </span>
    </p>
   </div>
   <div class='ocr_carea' id='block_1_52' title="bbox 754 3442 1267 3483">
    <p class='ocr_par' dir='ltr' id='par_1_52' title="bbox 754 3442 1267 3483">
     <span class='ocr_line' id='line_1_52' title="bbox 754 3442 1267 3483; baseline 0.006 -3"><span class='ocrx_word' id='word_1_345' title='bbox 754 3442 1007 3481; x_wconf 59' lang='lat' dir='ltr'><strong>ENXO&#39;IUS</strong></span> <span class='ocrx_word' id='word_1_346' title='bbox 1049 3444 1267 3483; x_wconf 70' lang='lat' dir='ltr'><strong>FAUSTO.</strong></span> 
     </span>
    </p>
   </div>
   <div class='ocr_carea' id='block_1_53' title="bbox 288 3496 1803 3568">
    <p class='ocr_par' dir='ltr' id='par_1_53' title="bbox 288 3496 1803 3568">
     <span class='ocr_line' id='line_1_53' title="bbox 288 3496 1803 3568; baseline 0.003 -17"><span class='ocrx_word' id='word_1_347' title='bbox 288 3496 342 3551; x_wconf 88' lang='lat' dir='ltr'><strong>Si</strong></span> <span class='ocrx_word' id='word_1_348' title='bbox 372 3513 397 3548; x_wconf 82' lang='lat' dir='ltr'><strong>a</strong></span> <span class='ocrx_word' id='word_1_349' title='bbox 422 3497 812 3552; x_wconf 88' lang='lat' dir='ltr'><strong>consuetudine</strong></span> <span class='ocrx_word' id='word_1_350' title='bbox 834 3499 1131 3552; x_wconf 76' lang='lat' dir='ltr'><strong>ofﬁciorum</strong></span> <span class='ocrx_word' id='word_1_351' title='bbox 1164 3508 1425 3568; x_wconf 85' lang='lat' dir='ltr'><strong>temperet</strong></span> <span class='ocrx_word' id='word_1_352' title='bbox 1448 3514 1599 3555; x_wconf 88' lang='lat' dir='ltr'><strong>mens</strong></span> <span class='ocrx_word' id='word_1_353' title='bbox 1622 3516 1803 3556; x_wconf 85' lang='lat' dir='ltr'><strong>aman-</strong></span> 
     </span>
    </p>
   </div>
   <div class='ocr_carea' id='block_1_54' title="bbox 224 3588 1799 3659">
    <p class='ocr_par' dir='ltr' id='par_1_54' title="bbox 224 3588 1799 3659">
     <span class='ocr_line' id='line_1_54' title="bbox 224 3588 1799 3659; baseline 0.001 -18"><span class='ocrx_word' id='word_1_354' title='bbox 224 3595 306 3652; x_wconf 79' lang='lat' dir='ltr'><strong>tis,</strong></span> <span class='ocrx_word' id='word_1_355' title='bbox 322 3588 495 3657; x_wconf 82' lang='lat' dir='ltr'><strong>ip-sm</strong></span> <span class='ocrx_word' id='word_1_356' title='bbox 517 3588 869 3642; x_wconf 74' lang='lat' dir='ltr'><strong>cessationem</strong></span> <span class='ocrx_word' id='word_1_357' title='bbox 892 3590 1303 3645; x_wconf 61' lang='lat' dir='ltr'><strong>sinistrunresse</strong></span> <span class='ocrx_word' id='word_1_358' title='bbox 1319 3601 1461 3658; x_wconf 85' lang='lat' dir='ltr'><strong>putat</strong></span> <span class='ocrx_word' id='word_1_359' title='bbox 1476 3592 1799 3659; x_wconf 87' lang='lat' dir='ltr'><strong>auspicium:</strong></span> 
     </span>
    </p>
   </div>
   <div class='ocr_carea' id='block_1_55' title="bbox 224 3681 1800 3751">
    <p class='ocr_par' dir='ltr' id='par_1_55' title="bbox 224 3681 1800 3751">
     <span class='ocr_line' id='line_1_55' title="bbox 224 3681 1800 3751; baseline 0.004 -19"><span class='ocrx_word' id='word_1_360' title='bbox 224 3684 469 3734; x_wconf 68' lang='lat' dir='ltr'><strong>maeroris</strong></span> <span class='ocrx_word' id='word_1_361' title='bbox 496 3682 638 3733; x_wconf 91' lang='lat' dir='ltr'><strong>enim</strong></span> <span class='ocrx_word' id='word_1_362' title='bbox 670 3682 784 3748; x_wconf 87' lang='lat' dir='ltr'><strong>ipse</strong></span> <span class='ocrx_word' id='word_1_363' title='bbox 812 3681 911 3734; x_wconf 92' lang='lat' dir='ltr'><strong>sibi</strong></span> <span class='ocrx_word' id='word_1_364' title='bbox 943 3697 1100 3735; x_wconf 83' lang='lat' dir='ltr'><strong>causa</strong></span> <span class='ocrx_word' id='word_1_365' title='bbox 1123 3694 1225 3748; x_wconf 89' lang='lat' dir='ltr'><strong>est,</strong></span> <span class='ocrx_word' id='word_1_366' title='bbox 1255 3685 1340 3751; x_wconf 86' lang='lat' dir='ltr'><strong>qui</strong></span> <span class='ocrx_word' id='word_1_367' title='bbox 1375 3699 1479 3736; x_wconf 86' lang='lat' dir='ltr'><strong>noti</strong></span> <span class='ocrx_word' id='word_1_368' title='bbox 1506 3699 1721 3751; x_wconf 85' lang='lat' dir='ltr'><strong>semper</strong></span> <span class='ocrx_word' id='word_1_369' title='bbox 1748 3684 1800 3738; x_wconf 85' lang='lat' dir='ltr'><strong>iit</strong></span> 
     </span>
    </p>
   </div>
   <div class='ocr_carea' id='block_1_56' title="bbox 222 3770 1802 3843">
    <p class='ocr_par' dir='ltr' id='par_1_56' title="bbox 222 3770 1802 3843">
     <span class='ocr_line' id='line_1_56' title="bbox 222 3770 1802 3843; baseline 0.005 -22"><span class='ocrx_word' id='word_1_370' title='bbox 222 3770 407 3825; x_wconf 84' lang='lat' dir='ltr'><strong>vicinis</strong></span> <span class='ocrx_word' id='word_1_371' title='bbox 438 3772 665 3824; x_wconf 86' lang='lat' dir='ltr'><strong>a-stimat</strong></span> <span class='ocrx_word' id='word_1_372' title='bbox 720 3771 959 3826; x_wconf 74' lang='lat' dir='ltr'><strong>habitare</strong></span> <span class='ocrx_word' id='word_1_373' title='bbox 983 3774 1124 3842; x_wconf 92' lang='lat' dir='ltr'><strong>quod</strong></span> <span class='ocrx_word' id='word_1_374' title='bbox 1166 3772 1356 3842; x_wconf 79' lang='lat' dir='ltr'><strong>diligit.</strong></span> <span class='ocrx_word' id='word_1_375' title='bbox 1400 3776 1691 3843; x_wconf 79' lang='lat' dir='ltr'><strong>Quisquam</strong></span> <span class='ocrx_word' id='word_1_376' title='bbox 1736 3791 1802 3829; x_wconf 93' lang='lat' dir='ltr'><strong>ne</strong></span> 
     </span>
    </p>
   </div>
   <div class='ocr_carea' id='block_1_57' title="bbox 219 3861 1802 3933">
    <p class='ocr_par' dir='ltr' id='par_1_57' title="bbox 219 3861 1802 3933">
     <span class='ocr_line' id='line_1_57' title="bbox 219 3861 1802 3933; baseline 0.003 -18"><span class='ocrx_word' id='word_1_377' title='bbox 219 3861 488 3931; x_wconf 81' lang='lat' dir='ltr'><strong>digressus</strong></span> <span class='ocrx_word' id='word_1_378' title='bbox 517 3864 580 3915; x_wconf 90' lang='lat' dir='ltr'><strong>ad</strong></span> <span class='ocrx_word' id='word_1_379' title='bbox 615 3864 903 3933; x_wconf 85' lang='lat' dir='ltr'><strong>longinqua</strong></span> <span class='ocrx_word' id='word_1_380' title='bbox 930 3872 1175 3929; x_wconf 86' lang='lat' dir='ltr'><strong>censeat,</strong></span> <span class='ocrx_word' id='word_1_381' title='bbox 1204 3879 1361 3933; x_wconf 89' lang='lat' dir='ltr'><strong>quem</strong></span> <span class='ocrx_word' id='word_1_382' title='bbox 1392 3874 1570 3918; x_wconf 90' lang='lat' dir='ltr'><strong>mente</strong></span> <span class='ocrx_word' id='word_1_383' title='bbox 1595 3866 1802 3919; x_wconf 76' lang='lat' dir='ltr'><strong>iontin-</strong></span> 
     </span>
    </p>
   </div>
   <div class='ocr_carea' id='block_1_58' title="bbox 220 3951 1797 4020">
    <p class='ocr_par' dir='ltr' id='par_1_58' title="bbox 220 3951 1797 4020">
     <span class='ocr_line' id='line_1_58' title="bbox 220 3951 1797 4020; baseline 0.003 -17"><span class='ocrx_word' id='word_1_384' title='bbox 220 3952 334 4019; x_wconf 80' lang='lat' dir='ltr'><strong>git?</strong></span> <span class='ocrx_word' id='word_1_385' title='bbox 365 3951 500 4004; x_wconf 85' lang='lat' dir='ltr'><strong>Nam</strong></span> <span class='ocrx_word' id='word_1_386' title='bbox 532 3951 577 4003; x_wconf 90' lang='lat' dir='ltr'><strong>si</strong></span> <span class='ocrx_word' id='word_1_387' title='bbox 606 3952 820 4020; x_wconf 85' lang='lat' dir='ltr'><strong>spiritus</strong></span> <span class='ocrx_word' id='word_1_388' title='bbox 868 3966 957 4005; x_wconf 89' lang='lat' dir='ltr'><strong>res</strong></span> <span class='ocrx_word' id='word_1_389' title='bbox 1004 3963 1083 4005; x_wconf 89' lang='lat' dir='ltr'><strong>est</strong></span> <span class='ocrx_word' id='word_1_390' title='bbox 1132 3952 1427 4005; x_wconf 88' lang='lat' dir='ltr'><strong>divinitatis</strong></span> <span class='ocrx_word' id='word_1_391' title='bbox 1476 3953 1528 4006; x_wconf 94' lang='lat' dir='ltr'><strong>in</strong></span> <span class='ocrx_word' id='word_1_392' title='bbox 1561 3953 1797 4019; x_wconf 85' lang='lat' dir='ltr'><strong>homine,</strong></span> 
     </span>
    </p>
   </div>
   <div class='ocr_carea' id='block_1_59' title="bbox 220 4038 1799 4107">
    <p class='ocr_par' dir='ltr' id='par_1_59' title="bbox 220 4038 1799 4107">
     <span class='ocr_line' id='line_1_59' title="bbox 220 4038 1799 4107; baseline 0.004 -17"><span class='ocrx_word' id='word_1_393' title='bbox 220 4038 540 4105; x_wconf 79' lang='lat' dir='ltr'><strong>prolisarum</strong></span> <span class='ocrx_word' id='word_1_394' title='bbox 568 4040 771 4092; x_wconf 88' lang='lat' dir='ltr'><strong>sentire</strong></span> <span class='ocrx_word' id='word_1_395' title='bbox 801 4054 904 4091; x_wconf 91' lang='lat' dir='ltr'><strong>non</strong></span> <span class='ocrx_word' id='word_1_396' title='bbox 926 4049 1102 4107; x_wconf 88' lang='lat' dir='ltr'><strong>petest</strong></span> <span class='ocrx_word' id='word_1_397' title='bbox 1128 4039 1327 4093; x_wconf 85' lang='lat' dir='ltr'><strong>damna</strong></span> <span class='ocrx_word' id='word_1_398' title='bbox 1369 4052 1650 4094; x_wconf 89' lang='lat' dir='ltr'><strong>terrarum.</strong></span> <span class='ocrx_word' id='word_1_399' title='bbox 1681 4041 1799 4097; x_wconf 77' lang='lat' dir='ltr'><strong>Dixi</strong></span> 
     </span>
    </p>
   </div>
   <div class='ocr_carea' id='block_1_60' title="bbox 217 4127 1801 4197">
    <p class='ocr_par' dir='ltr' id='par_1_60' title="bbox 217 4127 1801 4197">
     <span class='ocr_line' id='line_1_60' title="bbox 217 4127 1801 4197; baseline 0.003 -20"><span class='ocrx_word' id='word_1_400' title='bbox 217 4144 451 4188; x_wconf 79' lang='lat' dir='ltr'><strong>causam,</strong></span> <span class='ocrx_word' id='word_1_401' title='bbox 476 4143 597 4194; x_wconf 78' lang='lat' dir='ltr'><strong>qua:</strong></span> <span class='ocrx_word' id='word_1_402' title='bbox 629 4142 714 4180; x_wconf 91' lang='lat' dir='ltr'><strong>me</strong></span> <span class='ocrx_word' id='word_1_403' title='bbox 751 4127 909 4181; x_wconf 87' lang='lat' dir='ltr'><strong>faciat</strong></span> <span class='ocrx_word' id='word_1_404' title='bbox 947 4128 1140 4195; x_wconf 87' lang='lat' dir='ltr'><strong>scripta</strong></span> <span class='ocrx_word' id='word_1_405' title='bbox 1171 4130 1464 4197; x_wconf 83' lang='lat' dir='ltr'><strong>porrigere.</strong></span> <span class='ocrx_word' id='word_1_406' title='bbox 1500 4129 1688 4183; x_wconf 77' lang='lat' dir='ltr'><strong>Reddo</strong></span> <span class='ocrx_word' id='word_1_407' title='bbox 1712 4146 1801 4184; x_wconf 81' lang='lat' dir='ltr'><strong>sa-</strong></span> 
     </span>
    </p>
   </div>
   <div class='ocr_carea' id='block_1_61' title="bbox 219 4215 1801 4287">
    <p class='ocr_par' dir='ltr' id='par_1_61' title="bbox 219 4215 1801 4287">
     <span class='ocr_line' id='line_1_61' title="bbox 219 4215 1801 4287; baseline 0.003 -20"><span class='ocrx_word' id='word_1_408' title='bbox 219 4216 487 4269; x_wconf 84' lang='lat' dir='ltr'><strong>lutationis</strong></span> <span class='ocrx_word' id='word_1_409' title='bbox 513 4215 799 4284; x_wconf 87' lang='lat' dir='ltr'><strong>obsequia,</strong></span> <span class='ocrx_word' id='word_1_410' title='bbox 852 4225 1066 4283; x_wconf 87' lang='lat' dir='ltr'><strong>prepter</strong></span> <span class='ocrx_word' id='word_1_411' title='bbox 1102 4232 1222 4284; x_wconf 69' lang='lat' dir='ltr'><strong>quae</strong></span> <span class='ocrx_word' id='word_1_412' title='bbox 1264 4218 1663 4286; x_wconf 82' lang='lat' dir='ltr'><strong>promulgantur</strong></span> <span class='ocrx_word' id='word_1_413' title='bbox 1689 4219 1801 4287; x_wconf 53' lang='lat' dir='ltr'><strong>cpia</strong></span> 
     </span>
    </p>
   </div>
   <div class='ocr_carea' id='block_1_62' title="bbox 216 4302 1799 4372">
    <p class='ocr_par' dir='ltr' id='par_1_62' title="bbox 216 4302 1799 4372">
     <span class='ocr_line' id='line_1_62' title="bbox 216 4302 1799 4372; baseline 0.003 -16"><span class='ocrx_word' id='word_1_414' title='bbox 216 4306 359 4359; x_wconf 83' lang='lat' dir='ltr'><strong>stola:</strong></span> <span class='ocrx_word' id='word_1_415' title='bbox 387 4322 402 4358; x_wconf 89' lang='lat'><strong>:</strong></span> <span class='ocrx_word' id='word_1_416' title='bbox 436 4305 544 4357; x_wconf 87' lang='lat' dir='ltr'><strong>Deo</strong></span> <span class='ocrx_word' id='word_1_417' title='bbox 570 4304 875 4371; x_wconf 86' lang='lat' dir='ltr'><strong>supplicans</strong></span> <span class='ocrx_word' id='word_1_418' title='bbox 896 4312 953 4356; x_wconf 93' lang='lat' dir='ltr'><strong>nt</strong></span> <span class='ocrx_word' id='word_1_419' title='bbox 966 4304 1199 4359; x_wconf 60' lang='lat' dir='ltr'><strong>caelestis</strong></span> <span class='ocrx_word' id='word_1_420' title='bbox 1214 4302 1611 4372; x_wconf 81' lang='lat' dir='ltr'><strong>dispensatione</strong></span> <span class='ocrx_word' id='word_1_421' title='bbox 1635 4306 1799 4362; x_wconf 46' lang='lat' dir='ltr'><strong>bene-</strong></span> 
     </span>
    </p>
   </div>
   <div class='ocr_carea' id='block_1_63' title="bbox 220 4398 1797 4469">
    <p class='ocr_par' dir='ltr' id='par_1_63' title="bbox 220 4398 1797 4469">
     <span class='ocr_line' id='line_1_63' title="bbox 220 4398 1797 4469; baseline 0.004 -18"><span class='ocrx_word' id='word_1_422' title='bbox 220 4400 341 4464; x_wconf 80' lang='lat' dir='ltr'><strong>ficii,</strong></span> <span class='ocrx_word' id='word_1_423' title='bbox 358 4400 412 4452; x_wconf 92' lang='lat' dir='ltr'><strong>in</strong></span> <span class='ocrx_word' id='word_1_424' title='bbox 436 4400 574 4451; x_wconf 88' lang='lat' dir='ltr'><strong>bona</strong></span> <span class='ocrx_word' id='word_1_425' title='bbox 597 4399 810 4451; x_wconf 87' lang='lat' dir='ltr'><strong>valetud</strong></span> <span class='ocrx_word' id='word_1_426' title='bbox 835 4414 901 4453; x_wconf 92' lang='lat' dir='ltr'><strong>ne</strong></span> <span class='ocrx_word' id='word_1_427' title='bbox 918 4398 1129 4466; x_wconf 85' lang='lat' dir='ltr'><strong>degenti</strong></span> <span class='ocrx_word' id='word_1_428' title='bbox 1148 4401 1429 4465; x_wconf 68' lang='lat' dir='ltr'><strong>prmsentia</strong></span> <span class='ocrx_word' id='word_1_429' title='bbox 1445 4402 1797 4469; x_wconf 75' lang='lat' dir='ltr'><strong>magnitudini</strong></span> 
     </span>
    </p>
   </div>
   <div class='ocr_carea' id='block_1_64' title="bbox 215 4488 1782 4557">
    <p class='ocr_par' dir='ltr' id='par_1_64' title="bbox 215 4488 1782 4557">
     <span class='ocr_line' id='line_1_64' title="bbox 215 4488 1782 4557; baseline 0.005 -19"><span class='ocrx_word' id='word_1_430' title='bbox 215 4499 399 4543; x_wconf 75' lang='lat' dir='ltr'><strong>se-tra:</strong></span> <span class='ocrx_word' id='word_1_431' title='bbox 426 4489 585 4541; x_wconf 78' lang='lat' dir='ltr'><strong>verbi</strong></span> <span class='ocrx_word' id='word_1_432' title='bbox 609 4488 913 4542; x_wconf 79' lang='lat' dir='ltr'><strong>reddantur.</strong></span> <span class='ocrx_word' id='word_1_433' title='bbox 945 4488 1099 4553; x_wconf 86' lang='lat' dir='ltr'><strong>Quod</strong></span> <span class='ocrx_word' id='word_1_434' title='bbox 1129 4488 1348 4555; x_wconf 82' lang='lat' dir='ltr'><strong>recipiat</strong></span> <span class='ocrx_word' id='word_1_435' title='bbox 1380 4496 1555 4545; x_wconf 82' lang='lat' dir='ltr'><strong>tamen</strong></span> <span class='ocrx_word' id='word_1_436' title='bbox 1612 4492 1782 4557; x_wconf 82' lang='lat' dir='ltr'><strong>porti-</strong></span> 
     </span>
    </p>
   </div>
   <div class='ocr_carea' id='block_1_65' title="bbox 215 4554 1875 4648">
    <p class='ocr_par' dir='ltr' id='par_1_65' title="bbox 215 4554 1875 4648">
     <span class='ocr_line' id='line_1_65' title="bbox 215 4554 1875 4648; baseline 0.005 -21"><span class='ocrx_word' id='word_1_437' title='bbox 215 4590 309 4641; x_wconf 86' lang='lat' dir='ltr'><strong>tor,</strong></span> <span class='ocrx_word' id='word_1_438' title='bbox 336 4580 425 4647; x_wconf 84' lang='lat' dir='ltr'><strong>qui</strong></span> <span class='ocrx_word' id='word_1_439' title='bbox 457 4577 675 4643; x_wconf 74' lang='lat' dir='ltr'><strong>alloquii</strong></span> <span class='ocrx_word' id='word_1_440' title='bbox 703 4576 1037 4631; x_wconf 87' lang='lat' dir='ltr'><strong>occasionem</strong></span> <span class='ocrx_word' id='word_1_441' title='bbox 1064 4577 1328 4644; x_wconf 69' lang='lat' dir='ltr'><strong>priestitil,</strong></span> <span class='ocrx_word' id='word_1_442' title='bbox 1356 4592 1385 4630; x_wconf 84' lang='grc' dir='ltr'><strong>ιι</strong></span> <span class='ocrx_word' id='word_1_443' title='bbox 1414 4594 1499 4636; x_wconf 80' lang='lat' dir='ltr'><strong>me</strong></span> <span class='ocrx_word' id='word_1_444' title='bbox 1522 4554 1623 4648; x_wconf 79' lang='lat' dir='ltr'><strong>pro</strong></span> <span class='ocrx_word' id='word_1_445' title='bbox 1642 4580 1791 4637; x_wconf 80' lang='lat' dir='ltr'><strong>vicis-</strong></span> <span class='ocrx_word' id='word_1_446' title='bbox 1822 4554 1875 4619; x_wconf 64' lang='grc' dir='ltr'><strong>Β</strong></span> 
     </span>
    </p>
   </div>
   <div class='ocr_carea' id='block_1_66' title="bbox 217 4658 883 4715">
    <p class='ocr_par' dir='ltr' id='par_1_66' title="bbox 217 4658 883 4715">
     <span class='ocr_line' id='line_1_66' title="bbox 217 4658 883 4715; baseline -0.002 -1"><span class='ocrx_word' id='word_1_447' title='bbox 217 4664 435 4715; x_wconf 81' lang='lat' dir='ltr'><strong>situdtne</strong></span> <span class='ocrx_word' id='word_1_448' title='bbox 459 4658 883 4715; x_wconf 84' lang='lat' dir='ltr'><strong>eounnendatur.</strong></span> 
     </span>
    </p>
   </div>
   <div class='ocr_carea' id='block_1_67' title="bbox 280 4769 1789 4837">
    <p class='ocr_par' dir='ltr' id='par_1_67' title="bbox 280 4769 1789 4837">
     <span class='ocr_line' id='line_1_67' title="bbox 280 4769 1789 4837; baseline 0.002 -15"><span class='ocrx_word' id='word_1_449' title='bbox 280 4775 295 4804; x_wconf 76' lang='lat'><em>‘</em></span> <span class='ocrx_word' id='word_1_450' title='bbox 337 4773 503 4823; x_wconf 70' lang='lat' dir='ltr'><strong>Auum</strong></span> <span class='ocrx_word' id='word_1_451' title='bbox 532 4770 761 4830; x_wconf 77' lang='lat' dir='ltr'><strong>nomine,</strong></span> <span class='ocrx_word' id='word_1_452' title='bbox 793 4782 988 4837; x_wconf 73' lang='lat' dir='ltr'><strong>patrm:</strong></span> <span class='ocrx_word' id='word_1_453' title='bbox 1017 4769 1270 4836; x_wconf 79' lang='lat' dir='ltr'><strong>doctriual</strong></span> <span class='ocrx_word' id='word_1_454' title='bbox 1303 4770 1487 4824; x_wconf 81' lang='lat' dir='ltr'><strong>Avieni</strong></span> <span class='ocrx_word' id='word_1_455' title='bbox 1532 4786 1660 4824; x_wconf 87' lang='lat' dir='ltr'><strong>avus</strong></span> <span class='ocrx_word' id='word_1_456' title='bbox 1692 4775 1789 4831; x_wconf 82' lang='lat' dir='ltr'><strong>fuit</strong></span> 
     </span>
    </p>
   </div>
   <div class='ocr_carea' id='block_1_68' title="bbox 215 4840 1787 4909">
    <p class='ocr_par' dir='ltr' id='par_1_68' title="bbox 215 4840 1787 4909">
     <span class='ocr_line' id='line_1_68' title="bbox 215 4840 1787 4909; baseline -0.004 -12"><span class='ocrx_word' id='word_1_457' title='bbox 215 4842 518 4897; x_wconf 73' lang='lat' dir='ltr'><strong>Gennadius</strong></span> <span class='ocrx_word' id='word_1_458' title='bbox 562 4844 816 4900; x_wconf 75' lang='lat' dir='ltr'><strong>Avienus,</strong></span> <span class='ocrx_word' id='word_1_459' title='bbox 866 4840 1041 4893; x_wconf 72' lang='lat' dir='ltr'><strong>Fausti</strong></span> <span class='ocrx_word' id='word_1_460' title='bbox 1085 4851 1251 4907; x_wconf 84' lang='lat' dir='ltr'><strong>pater,</strong></span> <span class='ocrx_word' id='word_1_461' title='bbox 1296 4857 1457 4909; x_wconf 81' lang='lat' dir='ltr'><strong>quem</strong></span> <span class='ocrx_word' id='word_1_462' title='bbox 1500 4858 1639 4897; x_wconf 88' lang='lat' dir='ltr'><strong>anno</strong></span> <span class='ocrx_word' id='word_1_463' title='bbox 1684 4844 1787 4899; x_wconf 58' lang='lat'><strong>£50</strong></span> 
     </span>
    </p>
   </div>
   <div class='ocr_carea' id='block_1_69' title="bbox 210 4910 1783 4980">
    <p class='ocr_par' dir='ltr' id='par_1_69' title="bbox 210 4910 1783 4980">
     <span class='ocr_line' id='line_1_69' title="bbox 210 4910 1783 4980; baseline 0.002 -21"><span class='ocrx_word' id='word_1_464' title='bbox 210 4914 479 4963; x_wconf 64' lang='lat' dir='ltr'><strong>consulem</strong></span> <span class='ocrx_word' id='word_1_465' title='bbox 521 4910 687 4963; x_wconf 58' lang='lat' dir='ltr'><strong>fuisse</strong></span> <span class='ocrx_word' id='word_1_466' title='bbox 726 4910 1051 4972; x_wconf 86' lang='lat' dir='ltr'><strong>nionuinms,</strong></span> <span class='ocrx_word' id='word_1_467' title='bbox 1083 4914 1148 4962; x_wconf 90' lang='lat' dir='ltr'><strong>de</strong></span> <span class='ocrx_word' id='word_1_468' title='bbox 1193 4927 1299 4980; x_wconf 88' lang='lat' dir='ltr'><strong>quo</strong></span> <span class='ocrx_word' id='word_1_469' title='bbox 1341 4910 1590 4967; x_wconf 87' lang='lat' dir='ltr'><strong>Sidonius</strong></span> <span class='ocrx_word' id='word_1_470' title='bbox 1622 4913 1711 4965; x_wconf 86' lang='lat' dir='ltr'><strong>lib.</strong></span> <span class='ocrx_word' id='word_1_471' title='bbox 1750 4930 1783 4977; x_wconf 86' lang='lat' dir='ltr'><strong>i,</strong></span> 
     </span>
    </p>
   </div>
   <div class='ocr_carea' id='block_1_70' title="bbox 213 4981 1785 5046">
    <p class='ocr_par' dir='ltr' id='par_1_70' title="bbox 213 4981 1785 5046">
     <span class='ocr_line' id='line_1_70' title="bbox 213 4981 1785 5046; baseline 0.003 -16"><span class='ocrx_word' id='word_1_472' title='bbox 213 4994 360 5046; x_wconf 65' lang='lat' dir='ltr'><strong>t‘plai.</strong></span> <span class='ocrx_word' id='word_1_473' title='bbox 394 4982 445 5031; x_wconf 82' lang='lat'><strong>9.</strong></span> <span class='ocrx_word' id='word_1_474' title='bbox 484 4981 548 5031; x_wconf 76' lang='lat' dir='ltr'><strong>Et</strong></span> <span class='ocrx_word' id='word_1_475' title='bbox 576 4989 778 5045; x_wconf 85' lang='lat' dir='ltr'><strong>patrem</strong></span> <span class='ocrx_word' id='word_1_476' title='bbox 807 4989 858 5029; x_wconf 80' lang='lat' dir='ltr'><strong>i-t</strong></span> <span class='ocrx_word' id='word_1_477' title='bbox 903 4993 1056 5030; x_wconf 73' lang='lat' dir='ltr'><strong>avum</strong></span> <span class='ocrx_word' id='word_1_478' title='bbox 1090 4984 1302 5033; x_wconf 90' lang='lat' dir='ltr'><strong>nomine</strong></span> <span class='ocrx_word' id='word_1_479' title='bbox 1334 4981 1535 5035; x_wconf 85' lang='lat' dir='ltr'><strong>referte</strong></span> <span class='ocrx_word' id='word_1_480' title='bbox 1566 4982 1785 5035; x_wconf 87' lang='lat' dir='ltr'><strong>videba-</strong></span> 
     </span>
    </p>
   </div>
   <div class='ocr_carea' id='block_1_71' title="bbox 216 5048 1784 5113">
    <p class='ocr_par' dir='ltr' id='par_1_71' title="bbox 216 5048 1784 5113">
     <span class='ocr_line' id='line_1_71' title="bbox 216 5048 1784 5113; baseline 0.004 -12"><span class='ocrx_word' id='word_1_481' title='bbox 216 5068 287 5110; x_wconf 54' lang='lat' dir='ltr'><strong>tur</strong></span> <span class='ocrx_word' id='word_1_482' title='bbox 328 5052 591 5113; x_wconf 59' lang='lat' dir='ltr'><strong>Avienus,</strong></span> <span class='ocrx_word' id='word_1_483' title='bbox 629 5064 747 5100; x_wconf 91' lang='lat' dir='ltr'><strong>nam</strong></span> <span class='ocrx_word' id='word_1_484' title='bbox 795 5048 1021 5101; x_wconf 75' lang='lat' dir='ltr'><strong>Faustus</strong></span> <span class='ocrx_word' id='word_1_485' title='bbox 1056 5049 1289 5102; x_wconf 79' lang='lat' dir='ltr'><strong>Avienus</strong></span> <span class='ocrx_word' id='word_1_486' title='bbox 1330 5055 1636 5105; x_wconf 77' lang='lat' dir='ltr'><strong>vocabatur.</strong></span> <span class='ocrx_word' id='word_1_487' title='bbox 1677 5054 1784 5112; x_wconf 80' lang='lat' dir='ltr'><strong>Sed</strong></span> 
     </span>
    </p>
   </div>
   <div class='ocr_carea' id='block_1_72' title="bbox 206 5120 1783 5191">
    <p class='ocr_par' dir='ltr' id='par_1_72' title="bbox 206 5120 1783 5191">
     <span class='ocr_line' id='line_1_72' title="bbox 206 5120 1783 5191; baseline 0.002 -20"><span class='ocrx_word' id='word_1_488' title='bbox 206 5124 322 5191; x_wconf 77' lang='lat' dir='ltr'><strong>qua</strong></span> <span class='ocrx_word' id='word_1_489' title='bbox 371 5136 558 5180; x_wconf 86' lang='lat' dir='ltr'><strong>unum.</strong></span> <span class='ocrx_word' id='word_1_490' title='bbox 588 5129 643 5172; x_wconf 90' lang='grc' dir='ltr'><strong>ιιι</strong></span> <span class='ocrx_word' id='word_1_491' title='bbox 686 5120 985 5183; x_wconf 78' lang='lat' dir='ltr'><strong>docuimus,</strong></span> <span class='ocrx_word' id='word_1_492' title='bbox 1019 5134 1207 5175; x_wconf 87' lang='lat' dir='ltr'><strong>verum</strong></span> <span class='ocrx_word' id='word_1_493' title='bbox 1243 5122 1515 5191; x_wconf 78' lang='lat' dir='ltr'><strong>cujusque</strong></span> <span class='ocrx_word' id='word_1_494' title='bbox 1550 5136 1612 5176; x_wconf 89' lang='lat' dir='ltr'><strong>ac</strong></span> <span class='ocrx_word' id='word_1_495' title='bbox 1656 5139 1783 5190; x_wconf 76' lang='lat' dir='ltr'><strong>pm-</strong></span> 
     </span>
    </p>
   </div>
   <div class='ocr_carea' id='block_1_73' title="bbox 208 5190 1778 5268">
    <p class='ocr_par' dir='ltr' id='par_1_73' title="bbox 208 5190 1778 5268">
     <span class='ocr_line' id='line_1_73' title="bbox 208 5190 1778 5268; baseline 0.006 -31"><span class='ocrx_word' id='word_1_496' title='bbox 208 5190 240 5259; x_wconf 66' lang='grc' dir='ltr'><strong>ν</strong></span> <span class='ocrx_word' id='word_1_497' title='bbox 268 5195 389 5268; x_wconf 49' lang='lat' dir='ltr'><strong>sunt</strong></span> <span class='ocrx_word' id='word_1_498' title='bbox 408 5206 600 5242; x_wconf 89' lang='lat' dir='ltr'><strong>nomen</strong></span> <span class='ocrx_word' id='word_1_499' title='bbox 631 5191 913 5268; x_wconf 67' lang='lat' dir='ltr'><strong>estquod</strong></span> <span class='ocrx_word' id='word_1_500' title='bbox 946 5191 1211 5253; x_wconf 91' lang='lat' dir='ltr'><strong>ultimum,</strong></span> <span class='ocrx_word' id='word_1_501' title='bbox 1241 5190 1436 5245; x_wconf 89' lang='lat' dir='ltr'><strong>idcirco</strong></span> <span class='ocrx_word' id='word_1_502' title='bbox 1467 5194 1547 5244; x_wconf 87' lang='lat' dir='ltr'><strong>avi</strong></span> <span class='ocrx_word' id='word_1_503' title='bbox 1577 5204 1778 5247; x_wconf 88' lang='lat' dir='ltr'><strong>tantum</strong></span> 
     </span>
    </p>
   </div>
   <div class='ocr_carea' id='block_1_74' title="bbox 210 5259 918 5313">
    <p class='ocr_par' dir='ltr' id='par_1_74' title="bbox 210 5259 918 5313">
     <span class='ocr_line' id='line_1_74' title="bbox 210 5259 918 5313; baseline 0.001 -4"><span class='ocrx_word' id='word_1_504' title='bbox 210 5259 389 5313; x_wconf 65' lang='lat' dir='ltr'><strong>.u’teni</strong></span> <span class='ocrx_word' id='word_1_505' title='bbox 417 5274 609 5311; x_wconf 73' lang='lat' dir='ltr'><strong>nomen</strong></span> <span class='ocrx_word' id='word_1_506' title='bbox 645 5259 918 5311; x_wconf 83' lang='lat' dir='ltr'><strong>reddebat.</strong></span> 
     </span>
    </p>
   </div>
   <div class='ocr_carea' id='block_1_75' title="bbox 270 5328 1778 5400">
    <p class='ocr_par' dir='ltr' id='par_1_75' title="bbox 270 5328 1778 5400">
     <span class='ocr_line' id='line_1_75' title="bbox 270 5328 1778 5400; baseline 0.003 -18"><span class='ocrx_word' id='word_1_507' title='bbox 270 5333 291 5363; x_wconf 84' lang='grc'>³</span> <span class='ocrx_word' id='word_1_508' title='bbox 334 5328 598 5399; x_wconf 74' lang='lat' dir='ltr'><strong>Deu&#39;ert&#39;o]</strong></span> <span class='ocrx_word' id='word_1_509' title='bbox 631 5329 692 5381; x_wconf 80' lang='grc' dir='ltr'><strong>ν.</strong></span> <span class='ocrx_word' id='word_1_510' title='bbox 725 5329 780 5382; x_wconf 82' lang='lat' dir='ltr'><strong>S.</strong></span> <span class='ocrx_word' id='word_1_511' title='bbox 809 5328 1078 5380; x_wconf 69' lang='lat' dir='ltr'><strong>(lramtnat</strong></span> <span class='ocrx_word' id='word_1_512' title='bbox 1106 5343 1187 5391; x_wconf 87' lang='lat' dir='ltr'><strong>co,</strong></span> <span class='ocrx_word' id='word_1_513' title='bbox 1216 5339 1273 5381; x_wconf 90' lang='grc' dir='ltr'><strong>ιιι</strong></span> <span class='ocrx_word' id='word_1_514' title='bbox 1302 5338 1383 5383; x_wconf 80' lang='lat' dir='ltr'><strong>est</strong></span> <span class='ocrx_word' id='word_1_515' title='bbox 1412 5330 1466 5383; x_wconf 88' lang='lat' dir='ltr'><strong>in</strong></span> <span class='ocrx_word' id='word_1_516' title='bbox 1490 5332 1778 5400; x_wconf 74' lang='lat' dir='ltr'><strong>epigraplte</strong></span> 
     </span>
    </p>
   </div>
   <div class='ocr_carea' id='block_1_76' title="bbox 204 5400 1773 5467">
    <p class='ocr_par' dir='ltr' id='par_1_76' title="bbox 204 5400 1773 5467">
     <span class='ocr_line' id='line_1_76' title="bbox 204 5400 1773 5467; baseline 0.003 -13"><span class='ocrx_word' id='word_1_517' title='bbox 204 5404 453 5454; x_wconf 85' lang='lat' dir='ltr'><strong>carminis</strong></span> <span class='ocrx_word' id='word_1_518' title='bbox 492 5400 547 5451; x_wconf 71' lang='lat'><strong>‘3.</strong></span> <span class='ocrx_word' id='word_1_519' title='bbox 579 5402 688 5451; x_wconf 78' lang='lat' dir='ltr'><strong>Ilot:</strong></span> <span class='ocrx_word' id='word_1_520' title='bbox 718 5401 872 5466; x_wconf 78' lang='lat' dir='ltr'><strong>igitur</strong></span> <span class='ocrx_word' id='word_1_521' title='bbox 903 5410 1011 5457; x_wconf 61' lang='lat' dir='ltr'><strong>est.</strong></span> <span class='ocrx_word' id='word_1_522' title='bbox 1039 5401 1179 5465; x_wconf 80' lang='lat' dir='ltr'><strong>quod</strong></span> <span class='ocrx_word' id='word_1_523' title='bbox 1211 5400 1487 5457; x_wconf 74' lang='lat' dir='ltr'><strong>doenirem</strong></span> <span class='ocrx_word' id='word_1_524' title='bbox 1515 5406 1773 5467; x_wconf 76' lang='lat' dir='ltr'><strong>optimum</strong></span> 
     </span>
    </p>
   </div>
   <div class='ocr_carea' id='block_1_77' title="bbox 264 5467 1772 5531">
    <p class='ocr_par' dir='ltr' id='par_1_77' title="bbox 264 5467 1772 5531">
     <span class='ocr_line' id='line_1_77' title="bbox 264 5467 1772 5531; baseline 0.003 -14"><span class='ocrx_word' id='word_1_525' title='bbox 264 5472 281 5489; x_wconf 79' lang='lat'><strong>‘</strong></span> <span class='ocrx_word' id='word_1_526' title='bbox 302 5472 476 5518; x_wconf 82' lang='lat' dir='ltr'><strong>Petrus</strong></span> <span class='ocrx_word' id='word_1_527' title='bbox 503 5472 806 5518; x_wconf 61' lang='lat' dir='ltr'><strong>Burinannus</strong></span> <span class='ocrx_word' id='word_1_528' title='bbox 828 5470 883 5514; x_wconf 74' lang='lat' dir='ltr'><strong>ad</strong></span> <span class='ocrx_word' id='word_1_529' title='bbox 916 5467 1108 5517; x_wconf 81' lang='lat' dir='ltr'><strong>llenrtci</strong></span> <span class='ocrx_word' id='word_1_530' title='bbox 1142 5467 1320 5519; x_wconf 67' lang='lat' dir='ltr'><strong>Valerii</strong></span> <span class='ocrx_word' id='word_1_531' title='bbox 1345 5470 1425 5517; x_wconf 90' lang='lat' dir='ltr'><strong>lib.</strong></span> <span class='ocrx_word' id='word_1_532' title='bbox 1453 5486 1465 5517; x_wconf 94' lang='grc' dir='ltr'><strong>ι</strong></span> <span class='ocrx_word' id='word_1_533' title='bbox 1488 5471 1550 5520; x_wconf 83' lang='lat' dir='ltr'><strong>de</strong></span> <span class='ocrx_word' id='word_1_534' title='bbox 1576 5471 1772 5531; x_wconf 82' lang='lat' dir='ltr'><strong>Critica,</strong></span> 
     </span>
    </p>
   </div>
   <div class='ocr_carea' id='block_1_78' title="bbox 209 5532 1772 5592">
    <p class='ocr_par' dir='ltr' id='par_1_78' title="bbox 209 5532 1772 5592">
     <span class='ocr_line' id='line_1_78' title="bbox 209 5532 1772 5592; baseline 0.003 -15"><span class='ocrx_word' id='word_1_535' title='bbox 209 5547 305 5592; x_wconf 77' lang='lat' dir='ltr'><strong>pag.</strong></span> <span class='ocrx_word' id='word_1_536' title='bbox 346 5533 449 5591; x_wconf 77' lang='lat' dir='ltr'><strong>l8l,</strong></span> <span class='ocrx_word' id='word_1_537' title='bbox 479 5534 714 5578; x_wconf 77' lang='lat' dir='ltr'><strong>admitti-tt</strong></span> <span class='ocrx_word' id='word_1_538' title='bbox 736 5535 775 5574; x_wconf 81' lang='lat' dir='ltr'><strong>la</strong></span> <span class='ocrx_word' id='word_1_539' title='bbox 815 5540 926 5575; x_wconf 71' lang='lat' dir='ltr'><strong>ess:</strong></span> <span class='ocrx_word' id='word_1_540' title='bbox 967 5532 1229 5592; x_wconf 84' lang='lat' dir='ltr'><strong>arbitratur</strong></span> <span class='ocrx_word' id='word_1_541' title='bbox 1262 5535 1615 5579; x_wconf 84' lang='lat' dir='ltr'><strong>correctionem</strong></span> <span class='ocrx_word' id='word_1_542' title='bbox 1643 5534 1772 5583; x_wconf 85' lang='lat' dir='ltr'><strong>l’etri</strong></span> 
     </span>
    </p>
   </div>
   <div class='ocr_carea' id='block_1_79' title="bbox 208 5590 1774 5656">
    <p class='ocr_par' dir='ltr' id='par_1_79' title="bbox 208 5590 1774 5656">
     <span class='ocr_line' id='line_1_79' title="bbox 208 5590 1774 5656; baseline 0.005 -19"><span class='ocrx_word' id='word_1_543' title='bbox 208 5590 369 5640; x_wconf 55' lang='lat' dir='ltr'><strong>Nalinii</strong></span> <span class='ocrx_word' id='word_1_544' title='bbox 398 5592 665 5656; x_wconf 71' lang='lat' dir='ltr'><strong>Miscelluu.</strong></span> <span class='ocrx_word' id='word_1_545' title='bbox 696 5592 779 5656; x_wconf 81' lang='lat' dir='ltr'><strong>lib.</strong></span> <span class='ocrx_word' id='word_1_546' title='bbox 811 5604 835 5636; x_wconf 76' lang='grc' dir='ltr'><strong>ι</strong></span> <span class='ocrx_word' id='word_1_547' title='bbox 884 5605 991 5656; x_wconf 70' lang='lat' dir='ltr'><strong>cap.</strong></span> <span class='ocrx_word' id='word_1_548' title='bbox 1015 5590 1063 5656; x_wconf 35' lang='grc' dir='ltr'><strong>ιι</strong></span> <span class='ocrx_word' id='word_1_549' title='bbox 1091 5592 1249 5656; x_wconf 10' lang='grc' dir='ltr'>ιιιιιέεκ</span> <span class='ocrx_word' id='word_1_550' title='bbox 1284 5595 1505 5656; x_wconf 75' lang='lat' dir='ltr'><strong>vestigiis</strong></span> <span class='ocrx_word' id='word_1_551' title='bbox 1524 5596 1774 5655; x_wconf 63' lang='lat' dir='ltr'><strong>scriptura:</strong></span> 
     </span>
    </p>
   </div>
   <div class='ocr_carea' id='block_1_80' title="bbox 211 5653 1772 5715">
    <p class='ocr_par' dir='ltr' id='par_1_80' title="bbox 211 5653 1772 5715">
     <span class='ocr_line' id='line_1_80' title="bbox 211 5653 1772 5715; baseline 0.001 -13"><span class='ocrx_word' id='word_1_552' title='bbox 211 5658 378 5704; x_wconf 76' lang='lat' dir='ltr'><strong>\eteris</strong></span> <span class='ocrx_word' id='word_1_553' title='bbox 401 5653 781 5713; x_wconf 58' lang='lat' dir='ltr'><strong>compendiaria;</strong></span> <span class='ocrx_word' id='word_1_554' title='bbox 807 5653 984 5715; x_wconf 62' lang='lat' dir='ltr'><strong>cmlii&#39;is</strong></span> <span class='ocrx_word' id='word_1_555' title='bbox 1007 5654 1312 5715; x_wconf 75' lang='lat' dir='ltr'><strong>bibliotheca:</strong></span> <span class='ocrx_word' id='word_1_556' title='bbox 1334 5653 1696 5715; x_wconf 73' lang='lat' dir='ltr'><strong>Egtnondianie,</strong></span> <span class='ocrx_word' id='word_1_557' title='bbox 1725 5657 1772 5704; x_wconf 88' lang='lat' dir='ltr'><strong>in</strong></span> 
     </span>
    </p>
   </div>
   <div class='ocr_carea' id='block_1_81' title="bbox 206 5711 1775 5775">
    <p class='ocr_par' dir='ltr' id='par_1_81' title="bbox 206 5711 1775 5775">
     <span class='ocr_line' id='line_1_81' title="bbox 206 5711 1775 5775; baseline 0.003 -16"><span class='ocrx_word' id='word_1_558' title='bbox 206 5728 293 5775; x_wconf 85' lang='lat' dir='ltr'><strong>q-io</strong></span> <span class='ocrx_word' id='word_1_559' title='bbox 317 5716 442 5762; x_wconf 82' lang='lat' dir='ltr'><strong>lmn‘c</strong></span> <span class='ocrx_word' id='word_1_560' title='bbox 457 5711 695 5768; x_wconf 72' lang='lat' dir='ltr'><strong>etiiiidetn</strong></span> <span class='ocrx_word' id='word_1_561' title='bbox 720 5715 909 5775; x_wconf 73' lang='lat' dir='ltr'><strong>tiitiium</strong></span> <span class='ocrx_word' id='word_1_562' title='bbox 938 5711 1170 5775; x_wconf 62' lang='lat' dir='ltr'><strong>Martiano</strong></span> <span class='ocrx_word' id='word_1_563' title='bbox 1189 5711 1435 5773; x_wconf 56' lang='lat' dir='ltr'><strong>prmllxu&#39;m</strong></span> <span class='ocrx_word' id='word_1_564' title='bbox 1455 5728 1508 5763; x_wconf 87' lang='lat' dir='ltr'><strong>se</strong></span> <span class='ocrx_word' id='word_1_565' title='bbox 1532 5711 1775 5764; x_wconf 76' lang='lat' dir='ltr'><strong>invenisse</strong></span> 
     </span>
    </p>
   </div>
   <div class='ocr_carea' id='block_1_82' title="bbox 210 5770 1773 5842">
    <p class='ocr_par' dir='ltr' id='par_1_82' title="bbox 210 5770 1773 5842">
     <span class='ocr_line' id='line_1_82' title="bbox 210 5770 1773 5842; baseline 0.003 -20"><span class='ocrx_word' id='word_1_566' title='bbox 210 5770 302 5823; x_wconf 62' lang='lat' dir='ltr'><strong>t&#39;rad</strong></span> <span class='ocrx_word' id='word_1_567' title='bbox 325 5785 359 5833; x_wconf 89' lang='lat' dir='ltr'><strong>t,</strong></span> <span class='ocrx_word' id='word_1_568' title='bbox 388 5778 656 5842; x_wconf 76' lang='lat' dir='ltr'><strong>tegendum</strong></span> <span class='ocrx_word' id='word_1_569' title='bbox 678 5774 866 5832; x_wconf 84' lang='lat' dir='ltr'><strong>conjicil</strong></span> <span class='ocrx_word' id='word_1_570' title='bbox 892 5785 903 5815; x_wconf 72' lang='grc' dir='ltr'><strong><em>τ</em></strong></span> <span class='ocrx_word' id='word_1_571' title='bbox 941 5770 1084 5823; x_wconf 68' lang='lat' dir='ltr'><strong>Felix</strong></span> <span class='ocrx_word' id='word_1_572' title='bbox 1109 5770 1281 5837; x_wconf 75' lang='lat' dir='ltr'><strong>Asper,</strong></span> <span class='ocrx_word' id='word_1_573' title='bbox 1304 5787 1459 5827; x_wconf 82' lang='lat' dir='ltr'><strong>comes</strong></span> <span class='ocrx_word' id='word_1_574' title='bbox 1483 5777 1773 5837; x_wconf 67' lang='lat' dir='ltr'><strong>Cnitsistort‘i,</strong></span> 
     </span>
    </p>
   </div>
   <div class='ocr_carea' id='block_1_83' title="bbox 1921 1923 3497 1993">
    <p class='ocr_par' dir='ltr' id='par_1_83' title="bbox 1921 1923 3497 1993">
     <span class='ocr_line' id='line_1_83' title="bbox 1921 1923 3497 1993; baseline 0 -16"><span class='ocrx_word' id='word_1_575' title='bbox 1921 1923 2108 1977; x_wconf 76' lang='lat' dir='ltr'><strong>fierem</strong></span> <span class='ocrx_word' id='word_1_576' title='bbox 2143 1926 2279 1977; x_wconf 90' lang='lat' dir='ltr'><strong>inter</strong></span> <span class='ocrx_word' id='word_1_577' title='bbox 2307 1925 2469 1991; x_wconf 81' lang='lat' dir='ltr'><strong>patris</strong></span> <span class='ocrx_word' id='word_1_578' title='bbox 2490 1926 2730 1991; x_wconf 80' lang='lat' dir='ltr'><strong>agnoscit</strong></span> <span class='ocrx_word' id='word_1_579' title='bbox 2752 1925 3053 1993; x_wconf 70' lang='lat' dir='ltr'><strong>amplexus,</strong></span> <span class='ocrx_word' id='word_1_580' title='bbox 3071 1926 3271 1979; x_wconf 79' lang='lat' dir='ltr'><strong>etduni</strong></span> <span class='ocrx_word' id='word_1_581' title='bbox 3294 1936 3497 1979; x_wconf 71' lang='lat' dir='ltr'><strong>natura:</strong></span> 
     </span>
    </p>
   </div>
   <div class='ocr_carea' id='block_1_84' title="bbox 1917 2016 3497 2083">
    <p class='ocr_par' dir='ltr' id='par_1_84' title="bbox 1917 2016 3497 2083">
     <span class='ocr_line' id='line_1_84' title="bbox 1917 2016 3497 2083; baseline 0.001 -14"><span class='ocrx_word' id='word_1_582' title='bbox 1917 2016 2244 2083; x_wconf 69' lang='lat' dir='ltr'><strong>obsequitur,</strong></span> <span class='ocrx_word' id='word_1_583' title='bbox 2278 2016 2433 2069; x_wconf 76' lang='lat' dir='ltr'><strong>discit</strong></span> <span class='ocrx_word' id='word_1_584' title='bbox 2483 2031 2663 2069; x_wconf 85' lang='lat' dir='ltr'><strong>amare</strong></span> <span class='ocrx_word' id='word_1_585' title='bbox 2694 2028 2976 2070; x_wconf 69' lang='lat' dir='ltr'><strong>terrorem.</strong></span> <span class='ocrx_word' id='word_1_586' title='bbox 3024 2016 3317 2075; x_wconf 84' lang='lat' dir='ltr'><strong>Doctorum</strong></span> <span class='ocrx_word' id='word_1_587' title='bbox 3346 2016 3497 2070; x_wconf 82' lang='lat' dir='ltr'><strong>radis</strong></span> 
     </span>
    </p>
   </div>
   <div class='ocr_carea' id='block_1_85' title="bbox 1918 2107 3495 2176">
    <p class='ocr_par' dir='ltr' id='par_1_85' title="bbox 1918 2107 3495 2176">
     <span class='ocr_line' id='line_1_85' title="bbox 1918 2107 3495 2176; baseline -0.001 -15"><span class='ocrx_word' id='word_1_588' title='bbox 1918 2109 2084 2169; x_wconf 83' lang='lat' dir='ltr'><strong>Maro,</strong></span> <span class='ocrx_word' id='word_1_589' title='bbox 2112 2108 2272 2163; x_wconf 85' lang='lat' dir='ltr'><strong>ve-tri</strong></span> <span class='ocrx_word' id='word_1_590' title='bbox 2323 2110 2579 2162; x_wconf 86' lang='lat' dir='ltr'><strong>formator</strong></span> <span class='ocrx_word' id='word_1_591' title='bbox 2617 2107 2832 2176; x_wconf 86' lang='lat' dir='ltr'><strong>eloquii,</strong></span> <span class='ocrx_word' id='word_1_592' title='bbox 2860 2107 2939 2162; x_wconf 91' lang='lat' dir='ltr'><strong>sic</strong></span> <span class='ocrx_word' id='word_1_593' title='bbox 2965 2108 3283 2161; x_wconf 59' lang='lat' dir='ltr'><strong>animatum.</strong></span> <span class='ocrx_word' id='word_1_594' title='bbox 3314 2108 3495 2161; x_wconf 86' lang='lat' dir='ltr'><strong>verbis</strong></span> 
     </span>
    </p>
   </div>
   <div class='ocr_carea' id='block_1_86' title="bbox 1918 2200 3496 2270">
    <p class='ocr_par' dir='ltr' id='par_1_86' title="bbox 1918 2200 3496 2270">
     <span class='ocr_line' id='line_1_86' title="bbox 1918 2200 3496 2270; baseline -0.001 -18"><span class='ocrx_word' id='word_1_595' title='bbox 1918 2202 2081 2270; x_wconf 88' lang='lat' dir='ltr'><strong>patris</strong></span> <span class='ocrx_word' id='word_1_596' title='bbox 2120 2202 2284 2253; x_wconf 73' lang='lat' dir='ltr'><strong>lilium</strong></span> <span class='ocrx_word' id='word_1_597' title='bbox 2308 2208 2589 2266; x_wconf 88' lang='lat' dir='ltr'><strong>memorat,</strong></span> <span class='ocrx_word' id='word_1_598' title='bbox 2621 2210 2677 2253; x_wconf 93' lang='lat' dir='ltr'><strong>ut</strong></span> <span class='ocrx_word' id='word_1_599' title='bbox 2705 2200 2846 2254; x_wconf 86' lang='lat' dir='ltr'><strong>dicat</strong></span> <span class='ocrx_word' id='word_1_600' title='bbox 2878 2217 2891 2251; x_wconf 90' lang='lat'><strong>:</strong></span> <span class='ocrx_word' id='word_1_601' title='bbox 2925 2200 3091 2263; x_wconf 66' lang='lat' dir='ltr'><strong>Disce,</strong></span> <span class='ocrx_word' id='word_1_602' title='bbox 3134 2216 3286 2268; x_wconf 80' lang='lat' dir='ltr'><strong>piter,</strong></span> <span class='ocrx_word' id='word_1_603' title='bbox 3337 2200 3496 2251; x_wconf 70' lang='lat' dir='ltr'><strong>virm-</strong></span> 
     </span>
    </p>
   </div>
   <div class='ocr_carea' id='block_1_87' title="bbox 1918 2290 3497 2361">
    <p class='ocr_par' dir='ltr' id='par_1_87' title="bbox 1918 2290 3497 2361">
     <span class='ocr_line' id='line_1_87' title="bbox 1918 2290 3497 2361; baseline -0.001 -17"><span class='ocrx_word' id='word_1_604' title='bbox 1918 2301 2015 2344; x_wconf 85' lang='lat' dir='ltr'><strong>lem</strong></span> <span class='ocrx_word' id='word_1_605' title='bbox 2039 2308 2101 2345; x_wconf 74' lang='lat' dir='ltr'><strong>ex</strong></span> <span class='ocrx_word' id='word_1_606' title='bbox 2140 2309 2252 2345; x_wconf 81' lang='lat' dir='ltr'><strong>nte:</strong></span> <span class='ocrx_word' id='word_1_607' title='bbox 2302 2304 2355 2345; x_wconf 90' lang='lat' dir='ltr'><strong>et</strong></span> <span class='ocrx_word' id='word_1_608' title='bbox 2398 2293 2545 2356; x_wconf 83' lang='lat' dir='ltr'><strong>alibi,</strong></span> <span class='ocrx_word' id='word_1_609' title='bbox 2596 2291 2661 2344; x_wconf 82' lang='lat' dir='ltr'><strong>Et</strong></span> <span class='ocrx_word' id='word_1_610' title='bbox 2701 2304 2844 2361; x_wconf 78' lang='lat' dir='ltr'><strong>pater</strong></span> <span class='ocrx_word' id='word_1_611' title='bbox 2883 2291 3099 2345; x_wconf 68' lang='grc' dir='ltr'><strong>Αέιιωε.</strong></span> <span class='ocrx_word' id='word_1_612' title='bbox 3132 2290 3375 2358; x_wconf 72' lang='lat' dir='ltr'><strong>Nunquid</strong></span> <span class='ocrx_word' id='word_1_613' title='bbox 3409 2291 3497 2343; x_wconf 85' lang='lat' dir='ltr'><strong>ille</strong></span> 
     </span>
    </p>
   </div>
   <div class='ocr_carea' id='block_1_88' title="bbox 1918 2381 3494 2451">
    <p class='ocr_par' dir='ltr' id='par_1_88' title="bbox 1918 2381 3494 2451">
     <span class='ocr_line' id='line_1_88' title="bbox 1918 2381 3494 2451; baseline 0.001 -18"><span class='ocrx_word' id='word_1_614' title='bbox 1918 2381 2023 2451; x_wconf 74' lang='lat' dir='ltr'><strong>iam</strong></span> <span class='ocrx_word' id='word_1_615' title='bbox 2054 2382 2277 2436; x_wconf 86' lang='lat' dir='ltr'><strong>lortibus</strong></span> <span class='ocrx_word' id='word_1_616' title='bbox 2315 2384 2381 2436; x_wconf 89' lang='lat' dir='ltr'><strong>ad</strong></span> <span class='ocrx_word' id='word_1_617' title='bbox 2423 2386 2713 2436; x_wconf 87' lang='lat' dir='ltr'><strong>certamina</strong></span> <span class='ocrx_word' id='word_1_618' title='bbox 2768 2382 2999 2437; x_wconf 89' lang='lat' dir='ltr'><strong>brachiis</strong></span> <span class='ocrx_word' id='word_1_619' title='bbox 3028 2382 3356 2447; x_wconf 79' lang='lat' dir='ltr'><strong>as~nrgebat,</strong></span> <span class='ocrx_word' id='word_1_620' title='bbox 3406 2390 3494 2435; x_wconf 88' lang='lat' dir='ltr'><strong>aut</strong></span> 
     </span>
    </p>
   </div>
   <div class='ocr_carea' id='block_1_89' title="bbox 1918 2471 3493 2541">
    <p class='ocr_par' dir='ltr' id='par_1_89' title="bbox 1918 2471 3493 2541">
     <span class='ocr_line' id='line_1_89' title="bbox 1918 2471 3493 2541; baseline 0.001 -18"><span class='ocrx_word' id='word_1_621' title='bbox 1918 2473 2054 2524; x_wconf 91' lang='lat' dir='ltr'><strong>virili</strong></span> <span class='ocrx_word' id='word_1_622' title='bbox 2086 2471 2388 2527; x_wconf 85' lang='lat' dir='ltr'><strong>valetudine</strong></span> <span class='ocrx_word' id='word_1_623' title='bbox 2444 2473 2771 2526; x_wconf 82' lang='lat' dir='ltr'><strong>imminentia</strong></span> <span class='ocrx_word' id='word_1_624' title='bbox 2805 2473 3083 2541; x_wconf 72' lang='lat' dir='ltr'><strong>potabitur</strong></span> <span class='ocrx_word' id='word_1_625' title='bbox 3117 2474 3254 2526; x_wconf 89' lang='lat' dir='ltr'><strong>bella</strong></span> <span class='ocrx_word' id='word_1_626' title='bbox 3309 2482 3493 2541; x_wconf 85' lang='lat' dir='ltr'><strong>gestu-</strong></span> 
     </span>
    </p>
   </div>
   <div class='ocr_carea' id='block_1_90' title="bbox 1919 2562 3487 2631">
    <p class='ocr_par' dir='ltr' id='par_1_90' title="bbox 1919 2562 3487 2631">
     <span class='ocr_line' id='line_1_90' title="bbox 1919 2562 3487 2631; baseline -0.002 -14"><span class='ocrx_word' id='word_1_627' title='bbox 1919 2562 2044 2617; x_wconf 87' lang='lat' dir='ltr'><strong>rus?</strong></span> <span class='ocrx_word' id='word_1_628' title='bbox 2073 2563 2174 2617; x_wconf 65' lang='lat' dir='ltr'><strong>:ed</strong></span> <span class='ocrx_word' id='word_1_629' title='bbox 2199 2564 2387 2618; x_wconf 86' lang='lat' dir='ltr'><strong>melius</strong></span> <span class='ocrx_word' id='word_1_630' title='bbox 2414 2564 2581 2618; x_wconf 90' lang='lat' dir='ltr'><strong>virtus</strong></span> <span class='ocrx_word' id='word_1_631' title='bbox 2626 2564 2927 2617; x_wconf 81' lang='lat' dir='ltr'><strong>recentibus</strong></span> <span class='ocrx_word' id='word_1_632' title='bbox 2950 2565 3209 2631; x_wconf 74' lang='lat' dir='ltr'><strong>exemplis</strong></span> <span class='ocrx_word' id='word_1_633' title='bbox 3235 2567 3407 2615; x_wconf 85' lang='lat' dir='ltr'><strong>anima</strong></span> <span class='ocrx_word' id='word_1_634' title='bbox 3435 2578 3487 2627; x_wconf 90' lang='lat' dir='ltr'><strong>a,</strong></span> 
     </span>
    </p>
   </div>
   <div class='ocr_carea' id='block_1_91' title="bbox 1916 2657 3490 2729">
    <p class='ocr_par' dir='ltr' id='par_1_91' title="bbox 1916 2657 3490 2729">
     <span class='ocr_line' id='line_1_91' title="bbox 1916 2657 3490 2729; baseline -0.001 -17"><span class='ocrx_word' id='word_1_635' title='bbox 1916 2676 2071 2729; x_wconf 88' lang='lat' dir='ltr'><strong>quant</strong></span> <span class='ocrx_word' id='word_1_636' title='bbox 2100 2661 2336 2725; x_wconf 90' lang='lat' dir='ltr'><strong>monitis,</strong></span> <span class='ocrx_word' id='word_1_637' title='bbox 2354 2662 2647 2729; x_wconf 87' lang='lat' dir='ltr'><strong>profectum</strong></span> <span class='ocrx_word' id='word_1_638' title='bbox 2664 2662 2906 2727; x_wconf 90' lang='lat' dir='ltr'><strong>corporis</strong></span> <span class='ocrx_word' id='word_1_639' title='bbox 2926 2659 3280 2726; x_wconf 71' lang='lat' dir='ltr'><strong>ett-pectabat.</strong></span> <span class='ocrx_word' id='word_1_640' title='bbox 3306 2657 3490 2713; x_wconf 78' lang='lat' dir='ltr'><strong>Scien-</strong></span> 
     </span>
    </p>
   </div>
   <div class='ocr_carea' id='block_1_92' title="bbox 1918 2751 3490 2821">
    <p class='ocr_par' dir='ltr' id='par_1_92' title="bbox 1918 2751 3490 2821">
     <span class='ocr_line' id='line_1_92' title="bbox 1918 2751 3490 2821; baseline 0.002 -19"><span class='ocrx_word' id='word_1_641' title='bbox 1918 2762 1998 2805; x_wconf 89' lang='lat' dir='ltr'><strong>tes</strong></span> <span class='ocrx_word' id='word_1_642' title='bbox 2026 2767 2205 2806; x_wconf 88' lang='lat' dir='ltr'><strong>rerum</strong></span> <span class='ocrx_word' id='word_1_643' title='bbox 2258 2754 2462 2821; x_wconf 81' lang='lat' dir='ltr'><strong>aquilas</strong></span> <span class='ocrx_word' id='word_1_644' title='bbox 2516 2752 2696 2807; x_wconf 87' lang='lat' dir='ltr'><strong>ferunt</strong></span> <span class='ocrx_word' id='word_1_645' title='bbox 2740 2752 2913 2820; x_wconf 89' lang='lat' dir='ltr'><strong>pullos</strong></span> <span class='ocrx_word' id='word_1_646' title='bbox 2945 2767 3071 2805; x_wconf 49' lang='lat' dir='ltr'><strong>suos</strong></span> <span class='ocrx_word' id='word_1_647' title='bbox 3124 2751 3175 2803; x_wconf 92' lang='lat' dir='ltr'><strong>in</strong></span> <span class='ocrx_word' id='word_1_648' title='bbox 3226 2752 3339 2820; x_wconf 83' lang='lat' dir='ltr'><strong>ipso</strong></span> <span class='ocrx_word' id='word_1_649' title='bbox 3371 2751 3490 2806; x_wconf 79' lang='lat' dir='ltr'><strong>vita:</strong></span> 
     </span>
    </p>
   </div>
   <div class='ocr_carea' id='block_1_93' title="bbox 1918 2843 3489 2911">
    <p class='ocr_par' dir='ltr' id='par_1_93' title="bbox 1918 2843 3489 2911">
     <span class='ocr_line' id='line_1_93' title="bbox 1918 2843 3489 2911; baseline 0 -14"><span class='ocrx_word' id='word_1_650' title='bbox 1918 2843 2121 2907; x_wconf 86' lang='lat' dir='ltr'><strong>limine,</strong></span> <span class='ocrx_word' id='word_1_651' title='bbox 2151 2860 2257 2911; x_wconf 89' lang='lat' dir='ltr'><strong>quo</strong></span> <span class='ocrx_word' id='word_1_652' title='bbox 2283 2858 2504 2897; x_wconf 90' lang='lat' dir='ltr'><strong>ovorum</strong></span> <span class='ocrx_word' id='word_1_653' title='bbox 2536 2844 3025 2905; x_wconf 74' lang='lat' dir='ltr'><strong>tnnicisexuuntnr,</strong></span> <span class='ocrx_word' id='word_1_654' title='bbox 3050 2844 3113 2895; x_wconf 91' lang='lat' dir='ltr'><strong>ad</strong></span> <span class='ocrx_word' id='word_1_655' title='bbox 3137 2843 3267 2896; x_wconf 84' lang='lat' dir='ltr'><strong>solis</strong></span> <span class='ocrx_word' id='word_1_656' title='bbox 3291 2859 3489 2910; x_wconf 86' lang='lat' dir='ltr'><strong>ponere</strong></span> 
     </span>
    </p>
   </div>
   <div class='ocr_carea' id='block_1_94' title="bbox 1917 2936 3487 3004">
    <p class='ocr_par' dir='ltr' id='par_1_94' title="bbox 1917 2936 3487 3004">
     <span class='ocr_line' id='line_1_94' title="bbox 1917 2936 3487 3004; baseline 0.001 -14"><span class='ocrx_word' id='word_1_657' title='bbox 1917 2937 2093 2990; x_wconf 86' lang='lat' dir='ltr'><strong>radios</strong></span> <span class='ocrx_word' id='word_1_658' title='bbox 2120 2947 2176 2990; x_wconf 92' lang='lat' dir='ltr'><strong>et</strong></span> <span class='ocrx_word' id='word_1_659' title='bbox 2201 2936 2371 2991; x_wconf 90' lang='lat' dir='ltr'><strong>lucem</strong></span> <span class='ocrx_word' id='word_1_660' title='bbox 2402 2936 2622 2991; x_wconf 86' lang='lat' dir='ltr'><strong>seminis</strong></span> <span class='ocrx_word' id='word_1_661' title='bbox 2638 2937 2719 2989; x_wconf 89' lang='lat' dir='ltr'><strong>sui</strong></span> <span class='ocrx_word' id='word_1_662' title='bbox 2744 2938 2988 2990; x_wconf 87' lang='lat' dir='ltr'><strong>immensi</strong></span> <span class='ocrx_word' id='word_1_663' title='bbox 3014 2937 3315 3004; x_wconf 82' lang='lat' dir='ltr'><strong>splendoris</strong></span> <span class='ocrx_word' id='word_1_664' title='bbox 3336 2938 3487 3002; x_wconf 45' lang='lat' dir='ltr'><strong>ulce-</strong></span> 
     </span>
    </p>
   </div>
   <div class='ocr_carea' id='block_1_95' title="bbox 1914 3028 3487 3097">
    <p class='ocr_par' dir='ltr' id='par_1_95' title="bbox 1914 3028 3487 3097">
     <span class='ocr_line' id='line_1_95' title="bbox 1914 3028 3487 3097; baseline -0.003 -13"><span class='ocrx_word' id='word_1_665' title='bbox 1914 3032 2092 3084; x_wconf 80' lang='lat' dir='ltr'><strong>etiono</strong></span> <span class='ocrx_word' id='word_1_666' title='bbox 2119 3043 2465 3097; x_wconf 81' lang='lat' dir='ltr'><strong>cognoscere.</strong></span> <span class='ocrx_word' id='word_1_667' title='bbox 2512 3028 2757 3096; x_wconf 83' lang='lat' dir='ltr'><strong>Nunquid</strong></span> <span class='ocrx_word' id='word_1_668' title='bbox 2795 3040 2877 3081; x_wconf 87' lang='lat' dir='ltr'><strong>est</strong></span> <span class='ocrx_word' id='word_1_669' title='bbox 2928 3030 2977 3080; x_wconf 90' lang='lat' dir='ltr'><strong>in</strong></span> <span class='ocrx_word' id='word_1_670' title='bbox 3026 3029 3078 3081; x_wconf 90' lang='lat' dir='ltr'><strong>di</strong></span> <span class='ocrx_word' id='word_1_671' title='bbox 3113 3028 3264 3080; x_wconf 82' lang='lat' dir='ltr'><strong>trii-ta</strong></span> <span class='ocrx_word' id='word_1_672' title='bbox 3296 3030 3487 3096; x_wconf 91' lang='lat' dir='ltr'><strong>proha-</strong></span> 
     </span>
    </p>
   </div>
   <div class='ocr_carea' id='block_1_96' title="bbox 1917 3119 3487 3191">
    <p class='ocr_par' dir='ltr' id='par_1_96' title="bbox 1917 3119 3487 3191">
     <span class='ocr_line' id='line_1_96' title="bbox 1917 3119 3487 3191; baseline -0.001 -17"><span class='ocrx_word' id='word_1_673' title='bbox 1917 3122 2061 3175; x_wconf 89' lang='lat' dir='ltr'><strong>tione</strong></span> <span class='ocrx_word' id='word_1_674' title='bbox 2094 3122 2357 3191; x_wconf 84' lang='lat' dir='ltr'><strong>impietas,</strong></span> <span class='ocrx_word' id='word_1_675' title='bbox 2410 3137 2528 3175; x_wconf 88' lang='lat' dir='ltr'><strong>cum</strong></span> <span class='ocrx_word' id='word_1_676' title='bbox 2589 3136 2659 3175; x_wconf 85' lang='lat' dir='ltr'><strong>re-</strong></span> <span class='ocrx_word' id='word_1_677' title='bbox 2683 3132 2730 3175; x_wconf 87' lang='lat' dir='ltr'><strong>ta</strong></span> <span class='ocrx_word' id='word_1_678' title='bbox 2780 3123 2848 3174; x_wconf 87' lang='lat' dir='ltr'><strong>sit</strong></span> <span class='ocrx_word' id='word_1_679' title='bbox 2890 3119 3073 3188; x_wconf 84' lang='lat' dir='ltr'><strong>jndicii</strong></span> <span class='ocrx_word' id='word_1_680' title='bbox 3122 3121 3172 3173; x_wconf 87' lang='lat' dir='ltr'><strong>iit</strong></span> <span class='ocrx_word' id='word_1_681' title='bbox 3226 3119 3487 3174; x_wconf 83' lang='lat' dir='ltr'><strong>electione</strong></span> 
     </span>
    </p>
   </div>
   <div class='ocr_carea' id='block_1_97' title="bbox 1911 3208 3487 3279">
    <p class='ocr_par' dir='ltr' id='par_1_97' title="bbox 1911 3208 3487 3279">
     <span class='ocr_line' id='line_1_97' title="bbox 1911 3208 3487 3279; baseline -0.001 -14"><span class='ocrx_word' id='word_1_682' title='bbox 1911 3214 2211 3265; x_wconf 78' lang='lat' dir='ltr'><strong>sententia?</strong></span> <span class='ocrx_word' id='word_1_683' title='bbox 2239 3212 2436 3266; x_wconf 80' lang='lat' dir='ltr'><strong>Nolunt</strong></span> <span class='ocrx_word' id='word_1_684' title='bbox 2460 3225 2781 3279; x_wconf 79' lang='lat' dir='ltr'><strong>quemquam</strong></span> <span class='ocrx_word' id='word_1_685' title='bbox 2831 3211 3005 3278; x_wconf 87' lang='lat' dir='ltr'><strong>perire</strong></span> <span class='ocrx_word' id='word_1_686' title='bbox 3033 3210 3099 3264; x_wconf 88' lang='lat' dir='ltr'><strong>de</strong></span> <span class='ocrx_word' id='word_1_687' title='bbox 3147 3210 3360 3273; x_wconf 82' lang='lat' dir='ltr'><strong>fetibus,</strong></span> <span class='ocrx_word' id='word_1_688' title='bbox 3388 3208 3487 3264; x_wconf 80' lang='lat' dir='ltr'><strong>sed</strong></span> 
     </span>
    </p>
   </div>
   <div class='ocr_carea' id='block_1_98' title="bbox 1906 3300 3483 3371">
    <p class='ocr_par' dir='ltr' id='par_1_98' title="bbox 1906 3300 3483 3371">
     <span class='ocr_line' id='line_1_98' title="bbox 1906 3300 3483 3371; baseline -0.001 -15"><span class='ocrx_word' id='word_1_689' title='bbox 1906 3318 2033 3356; x_wconf 88' lang='lat' dir='ltr'><strong>suos</strong></span> <span class='ocrx_word' id='word_1_690' title='bbox 2055 3317 2175 3356; x_wconf 90' lang='lat' dir='ltr'><strong>esse</strong></span> <span class='ocrx_word' id='word_1_691' title='bbox 2196 3303 2283 3370; x_wconf 88' lang='lat' dir='ltr'><strong>qui</strong></span> <span class='ocrx_word' id='word_1_692' title='bbox 2321 3305 2604 3365; x_wconf 81' lang='lat' dir='ltr'><strong>cesserint,</strong></span> <span class='ocrx_word' id='word_1_693' title='bbox 2635 3319 2740 3355; x_wconf 91' lang='lat' dir='ltr'><strong>non</strong></span> <span class='ocrx_word' id='word_1_694' title='bbox 2784 3310 3099 3371; x_wconf 80' lang='lat' dir='ltr'><strong>agnoscunt.</strong></span> <span class='ocrx_word' id='word_1_695' title='bbox 3151 3301 3315 3354; x_wconf 72' lang='lat' dir='ltr'><strong>lict-te</strong></span> <span class='ocrx_word' id='word_1_696' title='bbox 3342 3300 3483 3354; x_wconf 71' lang='lat' dir='ltr'><strong>enim</strong></span> 
     </span>
    </p>
   </div>
   <div class='ocr_carea' id='block_1_99' title="bbox 1907 3394 3481 3462">
    <p class='ocr_par' dir='ltr' id='par_1_99' title="bbox 1907 3394 3481 3462">
     <span class='ocr_line' id='line_1_99' title="bbox 1907 3394 3481 3462; baseline -0.003 -15"><span class='ocrx_word' id='word_1_697' title='bbox 1907 3395 1996 3449; x_wconf 92' lang='lat' dir='ltr'><strong>illa</strong></span> <span class='ocrx_word' id='word_1_698' title='bbox 2047 3395 2185 3449; x_wconf 87' lang='lat' dir='ltr'><strong>inter</strong></span> <span class='ocrx_word' id='word_1_699' title='bbox 2205 3409 2331 3449; x_wconf 85' lang='lat' dir='ltr'><strong>aves</strong></span> <span class='ocrx_word' id='word_1_700' title='bbox 2384 3396 2704 3458; x_wconf 59' lang='lat' dir='ltr'><strong>sublimitas,</strong></span> <span class='ocrx_word' id='word_1_701' title='bbox 2732 3394 2958 3462; x_wconf 74' lang='lat' dir='ltr'><strong>genitri!</strong></span> <span class='ocrx_word' id='word_1_702' title='bbox 2993 3404 3353 3461; x_wconf 82' lang='lat' dir='ltr'><strong>putaturrsse</strong></span> <span class='ocrx_word' id='word_1_703' title='bbox 3400 3394 3481 3444; x_wconf 89' lang='lat' dir='ltr'><strong>vi-</strong></span> 
     </span>
    </p>
   </div>
   <div class='ocr_carea' id='block_1_100' title="bbox 1904 3487 3485 3556">
    <p class='ocr_par' dir='ltr' id='par_1_100' title="bbox 1904 3487 3485 3556">
     <span class='ocr_line' id='line_1_100' title="bbox 1904 3487 3485 3556; baseline -0.001 -17"><span class='ocrx_word' id='word_1_704' title='bbox 1904 3496 2134 3540; x_wconf 87' lang='lat' dir='ltr'><strong>ctornni.</strong></span> <span class='ocrx_word' id='word_1_705' title='bbox 2167 3487 2317 3541; x_wconf 89' lang='lat' dir='ltr'><strong>Nunc</strong></span> <span class='ocrx_word' id='word_1_706' title='bbox 2340 3498 2565 3556; x_wconf 84' lang='lat' dir='ltr'><strong>crgntu,</strong></span> <span class='ocrx_word' id='word_1_707' title='bbox 2602 3492 2757 3541; x_wconf 75' lang='lat' dir='ltr'><strong>dulce</strong></span> <span class='ocrx_word' id='word_1_708' title='bbox 2780 3504 2977 3550; x_wconf 90' lang='lat' dir='ltr'><strong>meum,</strong></span> <span class='ocrx_word' id='word_1_709' title='bbox 3013 3491 3146 3541; x_wconf 83' lang='lat' dir='ltr'><strong>bene</strong></span> <span class='ocrx_word' id='word_1_710' title='bbox 3167 3495 3339 3553; x_wconf 69' lang='lat' dir='ltr'><strong>erepta</strong></span> <span class='ocrx_word' id='word_1_711' title='bbox 3366 3502 3485 3554; x_wconf 82' lang='lat' dir='ltr'><strong>per-</strong></span> 
     </span>
    </p>
   </div>
   <div class='ocr_carea' id='block_1_101' title="bbox 1904 3578 3486 3647">
    <p class='ocr_par' dir='ltr' id='par_1_101' title="bbox 1904 3578 3486 3647">
     <span class='ocr_line' id='line_1_101' title="bbox 1904 3578 3486 3647; baseline -0.003 -15"><span class='ocrx_word' id='word_1_712' title='bbox 1904 3592 2131 3647; x_wconf 90' lang='lat' dir='ltr'><strong>sequere</strong></span> <span class='ocrx_word' id='word_1_713' title='bbox 2157 3594 2171 3642; x_wconf 90' lang='lat'><strong>;</strong></span> <span class='ocrx_word' id='word_1_714' title='bbox 2202 3588 2257 3631; x_wconf 89' lang='lat' dir='ltr'><strong>et</strong></span> <span class='ocrx_word' id='word_1_715' title='bbox 2286 3579 2494 3630; x_wconf 79' lang='lat' dir='ltr'><strong>favente</strong></span> <span class='ocrx_word' id='word_1_716' title='bbox 2522 3578 2651 3640; x_wconf 85' lang='lat' dir='ltr'><strong>Deo,</strong></span> <span class='ocrx_word' id='word_1_717' title='bbox 2690 3588 2743 3631; x_wconf 93' lang='lat' dir='ltr'><strong>nt</strong></span> <span class='ocrx_word' id='word_1_718' title='bbox 2771 3580 2784 3608; x_wconf 89' lang='grc'>¹</span> <span class='ocrx_word' id='word_1_719' title='bbox 2808 3594 2963 3631; x_wconf 88' lang='lat' dir='ltr'><strong>avmn</strong></span> <span class='ocrx_word' id='word_1_720' title='bbox 3004 3578 3242 3639; x_wconf 83' lang='lat' dir='ltr'><strong>nomine.</strong></span> <span class='ocrx_word' id='word_1_721' title='bbox 3286 3578 3356 3629; x_wconf 87' lang='lat' dir='ltr'><strong>ita</strong></span> <span class='ocrx_word' id='word_1_722' title='bbox 3386 3593 3486 3644; x_wconf 86' lang='lat' dir='ltr'><strong>pa-</strong></span> 
     </span>
    </p>
   </div>
   <div class='ocr_carea' id='block_1_102' title="bbox 1906 3669 3480 3736">
    <p class='ocr_par' dir='ltr' id='par_1_102' title="bbox 1906 3669 3480 3736">
     <span class='ocr_line' id='line_1_102' title="bbox 1906 3669 3480 3736; baseline 0 -15"><span class='ocrx_word' id='word_1_723' title='bbox 1906 3680 2038 3723; x_wconf 86' lang='lat' dir='ltr'><strong>trem</strong></span> <span class='ocrx_word' id='word_1_724' title='bbox 2067 3670 2229 3723; x_wconf 81' lang='lat' dir='ltr'><strong>redde</strong></span> <span class='ocrx_word' id='word_1_725' title='bbox 2257 3670 2523 3721; x_wconf 80' lang='lat' dir='ltr'><strong>doctrina.</strong></span> <span class='ocrx_word' id='word_1_726' title='bbox 2575 3669 2689 3722; x_wconf 81' lang='lat' dir='ltr'><strong>Non</strong></span> <span class='ocrx_word' id='word_1_727' title='bbox 2740 3670 2974 3724; x_wconf 69' lang='lat' dir='ltr'><strong>aestimes</strong></span> <span class='ocrx_word' id='word_1_728' title='bbox 3000 3684 3158 3736; x_wconf 80' lang='lat' dir='ltr'><strong>grave</strong></span> <span class='ocrx_word' id='word_1_729' title='bbox 3192 3683 3311 3723; x_wconf 63' lang='lat' dir='ltr'><strong>ease</strong></span> <span class='ocrx_word' id='word_1_730' title='bbox 3339 3669 3480 3736; x_wconf 87' lang='lat' dir='ltr'><strong>quod</strong></span> 
     </span>
    </p>
   </div>
   <div class='ocr_carea' id='block_1_103' title="bbox 1904 3760 3480 3830">
    <p class='ocr_par' dir='ltr' id='par_1_103' title="bbox 1904 3760 3480 3830">
     <span class='ocr_line' id='line_1_103' title="bbox 1904 3760 3480 3830; baseline -0.001 -16"><span class='ocrx_word' id='word_1_731' title='bbox 1904 3776 2115 3816; x_wconf 90' lang='lat' dir='ltr'><strong>moneo.</strong></span> <span class='ocrx_word' id='word_1_732' title='bbox 2148 3762 2213 3814; x_wconf 73' lang='lat' dir='ltr'><strong>Et</strong></span> <span class='ocrx_word' id='word_1_733' title='bbox 2243 3762 2362 3830; x_wconf 83' lang='lat' dir='ltr'><strong>quia</strong></span> <span class='ocrx_word' id='word_1_734' title='bbox 2394 3778 2495 3830; x_wconf 77' lang='lat' dir='ltr'><strong>ego</strong></span> <span class='ocrx_word' id='word_1_735' title='bbox 2516 3777 2566 3816; x_wconf 89' lang='lat' dir='ltr'><strong>te</strong></span> <span class='ocrx_word' id='word_1_736' title='bbox 2591 3764 2659 3815; x_wconf 89' lang='lat' dir='ltr'><strong>de</strong></span> <span class='ocrx_word' id='word_1_737' title='bbox 2679 3762 2918 3829; x_wconf 82' lang='lat' dir='ltr'><strong>genuine</strong></span> <span class='ocrx_word' id='word_1_738' title='bbox 2949 3775 3163 3828; x_wconf 66' lang='lat' dir='ltr'><strong>censeo,</strong></span> <span class='ocrx_word' id='word_1_739' title='bbox 3199 3769 3252 3813; x_wconf 91' lang='lat' dir='ltr'><strong>tn</strong></span> <span class='ocrx_word' id='word_1_740' title='bbox 3282 3760 3349 3813; x_wconf 89' lang='lat' dir='ltr'><strong>de</strong></span> <span class='ocrx_word' id='word_1_741' title='bbox 3376 3761 3480 3826; x_wconf 71' lang='lat' dir='ltr'><strong>iri-</strong></span> 
     </span>
    </p>
   </div>
   <div class='ocr_carea' id='block_1_104' title="bbox 1904 3847 3480 3921">
    <p class='ocr_par' dir='ltr' id='par_1_104' title="bbox 1904 3847 3480 3921">
     <span class='ocr_line' id='line_1_104' title="bbox 1904 3847 3480 3921; baseline 0 -16"><span class='ocrx_word' id='word_1_742' title='bbox 1904 3851 2122 3906; x_wconf 76' lang='lat' dir='ltr'><strong>moidiis</strong></span> <span class='ocrx_word' id='word_1_743' title='bbox 2148 3868 2253 3906; x_wconf 91' lang='lat' dir='ltr'><strong>non</strong></span> <span class='ocrx_word' id='word_1_744' title='bbox 2299 3867 2588 3921; x_wconf 83' lang='lat' dir='ltr'><strong>pavescas:</strong></span> <span class='ocrx_word' id='word_1_745' title='bbox 2623 3853 2711 3906; x_wconf 87' lang='lat' dir='ltr'><strong>fitit</strong></span> <span class='ocrx_word' id='word_1_746' title='bbox 2736 3864 2789 3906; x_wconf 87' lang='lat' dir='ltr'><strong>et</strong></span> <span class='ocrx_word' id='word_1_747' title='bbox 2808 3854 2892 3905; x_wconf 80' lang='lat' dir='ltr'><strong>ille</strong></span> <span class='ocrx_word' id='word_1_748' title='bbox 2916 3847 3171 3919; x_wconf 70' lang='lat' dir='ltr'><strong>incipiens</strong></span> <span class='ocrx_word' id='word_1_749' title='bbox 3191 3851 3280 3919; x_wconf 87' lang='lat' dir='ltr'><strong>q&#39;ni</strong></span> <span class='ocrx_word' id='word_1_750' title='bbox 3326 3853 3480 3905; x_wconf 62' lang='lat' dir='ltr'><strong>tin.e-</strong></span> 
     </span>
    </p>
   </div>
   <div class='ocr_carea' id='block_1_105' title="bbox 1902 3942 3478 4013">
    <p class='ocr_par' dir='ltr' id='par_1_105' title="bbox 1902 3942 3478 4013">
     <span class='ocr_line' id='line_1_105' title="bbox 1902 3942 3478 4013; baseline -0.001 -17"><span class='ocrx_word' id='word_1_751' title='bbox 1902 3954 1988 3997; x_wconf 92' lang='lat' dir='ltr'><strong>tnr</strong></span> <span class='ocrx_word' id='word_1_752' title='bbox 2021 3961 2032 3997; x_wconf 90' lang='lat'><strong>:</strong></span> <span class='ocrx_word' id='word_1_753' title='bbox 2064 3953 2115 3997; x_wconf 91' lang='lat' dir='ltr'><strong>et</strong></span> <span class='ocrx_word' id='word_1_754' title='bbox 2144 3946 2389 4013; x_wconf 87' lang='lat' dir='ltr'><strong>quotiens</strong></span> <span class='ocrx_word' id='word_1_755' title='bbox 2417 3944 2684 4012; x_wconf 84' lang='lat' dir='ltr'><strong>sealpente</strong></span> <span class='ocrx_word' id='word_1_756' title='bbox 2707 3954 2901 3996; x_wconf 58' lang='lat' dir='ltr'><strong>terram</strong></span> <span class='ocrx_word' id='word_1_757' title='bbox 2928 3943 3093 4011; x_wconf 73' lang='lat' dir='ltr'><strong>digito</strong></span> <span class='ocrx_word' id='word_1_758' title='bbox 3112 3942 3299 3996; x_wconf 87' lang='lat' dir='ltr'><strong>ductus</strong></span> <span class='ocrx_word' id='word_1_759' title='bbox 3324 3958 3478 4009; x_wconf 83' lang='lat' dir='ltr'><strong>aqua:</strong></span> 
     </span>
    </p>
   </div>
   <div class='ocr_carea' id='block_1_106' title="bbox 1903 4034 3477 4105">
    <p class='ocr_par' dir='ltr' id='par_1_106' title="bbox 1903 4034 3477 4105">
     <span class='ocr_line' id='line_1_106' title="bbox 1903 4034 3477 4105; baseline 0 -18"><span class='ocrx_word' id='word_1_760' title='bbox 1903 4053 1997 4105; x_wconf 84' lang='lat' dir='ltr'><strong>per</strong></span> <span class='ocrx_word' id='word_1_761' title='bbox 2046 4037 2315 4102; x_wconf 82' lang='lat' dir='ltr'><strong>pulverem</strong></span> <span class='ocrx_word' id='word_1_762' title='bbox 2374 4037 2619 4097; x_wconf 83' lang='lat' dir='ltr'><strong>trabitnr,</strong></span> <span class='ocrx_word' id='word_1_763' title='bbox 2671 4034 2938 4090; x_wconf 84' lang='lat' dir='ltr'><strong>turbidum</strong></span> <span class='ocrx_word' id='word_1_764' title='bbox 2985 4034 3100 4088; x_wconf 84' lang='lat' dir='ltr'><strong>linit</strong></span> <span class='ocrx_word' id='word_1_765' title='bbox 3127 4050 3288 4086; x_wconf 83' lang='lat' dir='ltr'><strong>omne</strong></span> <span class='ocrx_word' id='word_1_766' title='bbox 3332 4034 3477 4101; x_wconf 85' lang='lat' dir='ltr'><strong>quod</strong></span> 
     </span>
    </p>
   </div>
   <div class='ocr_carea' id='block_1_107' title="bbox 1903 4125 3477 4196">
    <p class='ocr_par' dir='ltr' id='par_1_107' title="bbox 1903 4125 3477 4196">
     <span class='ocr_line' id='line_1_107' title="bbox 1903 4125 3477 4196; baseline -0.001 -17"><span class='ocrx_word' id='word_1_767' title='bbox 1903 4130 2129 4195; x_wconf 84' lang='lat' dir='ltr'><strong>primunt</strong></span> <span class='ocrx_word' id='word_1_768' title='bbox 2160 4140 2258 4181; x_wconf 72' lang='lat' dir='ltr'><strong>est.</strong></span> <span class='ocrx_word' id='word_1_769' title='bbox 2290 4130 2360 4181; x_wconf 73' lang='lat' dir='ltr'><strong>lie</strong></span> <span class='ocrx_word' id='word_1_770' title='bbox 2391 4128 2595 4196; x_wconf 79' lang='lat' dir='ltr'><strong>reliquo</strong></span> <span class='ocrx_word' id='word_1_771' title='bbox 2617 4128 2750 4191; x_wconf 85' lang='lat' dir='ltr'><strong>vale,</strong></span> <span class='ocrx_word' id='word_1_772' title='bbox 2777 4128 2846 4180; x_wconf 88' lang='lat' dir='ltr'><strong>mi</strong></span> <span class='ocrx_word' id='word_1_773' title='bbox 2871 4125 3110 4191; x_wconf 76' lang='lat' dir='ltr'><strong>domine,</strong></span> <span class='ocrx_word' id='word_1_774' title='bbox 3131 4136 3183 4179; x_wconf 84' lang='lat' dir='ltr'><strong>et</strong></span> <span class='ocrx_word' id='word_1_775' title='bbox 3208 4135 3477 4178; x_wconf 83' lang='lat' dir='ltr'><strong>amantem</strong></span> 
     </span>
    </p>
   </div>
   <div class='ocr_carea' id='block_1_108' title="bbox 1902 4217 3475 4287">
    <p class='ocr_par' dir='ltr' id='par_1_108' title="bbox 1902 4217 3475 4287">
     <span class='ocr_line' id='line_1_108' title="bbox 1902 4217 3475 4287; baseline -0.001 -17"><span class='ocrx_word' id='word_1_776' title='bbox 1902 4219 1972 4270; x_wconf 83' lang='lat' dir='ltr'><strong>tui</strong></span> <span class='ocrx_word' id='word_1_777' title='bbox 2007 4217 2374 4287; x_wconf 77' lang='lat' dir='ltr'><strong>frequentibus</strong></span> <span class='ocrx_word' id='word_1_778' title='bbox 2400 4220 2516 4275; x_wconf 75' lang='lat' dir='ltr'><strong>cole</strong></span> <span class='ocrx_word' id='word_1_779' title='bbox 2556 4217 2749 4271; x_wconf 69' lang='lat' dir='ltr'><strong>muniis</strong></span> <span class='ocrx_word' id='word_1_780' title='bbox 2778 4218 3072 4273; x_wconf 82' lang='lat' dir='ltr'><strong>litterarum</strong></span> <span class='ocrx_word' id='word_1_781' title='bbox 3107 4234 3119 4269; x_wconf 87' lang='lat'><strong>:</strong></span> <span class='ocrx_word' id='word_1_782' title='bbox 3171 4218 3313 4271; x_wconf 85' lang='lat' dir='ltr'><strong>circa</strong></span> <span class='ocrx_word' id='word_1_783' title='bbox 3353 4232 3475 4284; x_wconf 64' lang='lat' dir='ltr'><strong>qun</strong></span> 
     </span>
    </p>
   </div>
   <div class='ocr_carea' id='block_1_109' title="bbox 1898 4308 3470 4378">
    <p class='ocr_par' dir='ltr' id='par_1_109' title="bbox 1898 4308 3470 4378">
     <span class='ocr_line' id='line_1_109' title="bbox 1898 4308 3470 4378; baseline 0.001 -16"><span class='ocrx_word' id='word_1_784' title='bbox 1898 4308 2100 4372; x_wconf 80' lang='lat' dir='ltr'><strong>studia,</strong></span> <span class='ocrx_word' id='word_1_785' title='bbox 2132 4309 2177 4362; x_wconf 90' lang='lat' dir='ltr'><strong>si</strong></span> <span class='ocrx_word' id='word_1_786' title='bbox 2208 4311 2309 4362; x_wconf 89' lang='lat' dir='ltr'><strong>moi</strong></span> <span class='ocrx_word' id='word_1_787' title='bbox 2360 4324 2566 4363; x_wconf 80' lang='lat' dir='ltr'><strong>memor</strong></span> <span class='ocrx_word' id='word_1_788' title='bbox 2591 4324 2680 4374; x_wconf 91' lang='lat' dir='ltr'><strong>es,</strong></span> <span class='ocrx_word' id='word_1_789' title='bbox 2715 4310 2918 4378; x_wconf 82' lang='lat' dir='ltr'><strong>pigrum</strong></span> <span class='ocrx_word' id='word_1_790' title='bbox 2950 4320 3002 4363; x_wconf 89' lang='lat' dir='ltr'><strong>te</strong></span> <span class='ocrx_word' id='word_1_791' title='bbox 3027 4324 3148 4364; x_wconf 88' lang='lat' dir='ltr'><strong>esse</strong></span> <span class='ocrx_word' id='word_1_792' title='bbox 3194 4324 3299 4363; x_wconf 88' lang='lat' dir='ltr'><strong>non</strong></span> <span class='ocrx_word' id='word_1_793' title='bbox 3336 4325 3470 4365; x_wconf 83' lang='lat' dir='ltr'><strong>con-</strong></span> 
     </span>
    </p>
   </div>
   <div class='ocr_carea' id='block_1_110' title="bbox 1899 4399 2059 4450">
    <p class='ocr_par' dir='ltr' id='par_1_110' title="bbox 1899 4399 2059 4450">
     <span class='ocr_line' id='line_1_110' title="bbox 1899 4399 2059 4450; baseline 0.006 -3"><span class='ocrx_word' id='word_1_794' title='bbox 1899 4399 2059 4450; x_wconf 74' lang='lat' dir='ltr'><strong>venit.</strong></span> 
     </span>
    </p>
   </div>
   <div class='ocr_carea' id='block_1_111' title="bbox 2427 4467 2935 4527">
    <p class='ocr_par' dir='ltr' id='par_1_111' title="bbox 2427 4467 2935 4527">
     <span class='ocr_line' id='line_1_111' title="bbox 2427 4467 2935 4527; baseline 0.01 -4"><span class='ocrx_word' id='word_1_795' title='bbox 2427 4467 2750 4525; x_wconf 80' lang='lat' dir='ltr'><strong>EPISTULA</strong></span> <span class='ocrx_word' id='word_1_796' title='bbox 2795 4468 2935 4527; x_wconf 76' lang='lat' dir='ltr'><strong>XIX.</strong></span> 
     </span>
    </p>
   </div>
   <div class='ocr_carea' id='block_1_112' title="bbox 2374 4560 2993 4615">
    <p class='ocr_par' dir='ltr' id='par_1_112' title="bbox 2374 4560 2993 4615">
     <span class='ocr_line' id='line_1_112' title="bbox 2374 4560 2993 4615; baseline 0.002 -2"><span class='ocrx_word' id='word_1_797' title='bbox 2374 4574 2626 4615; x_wconf 65' lang='lat' dir='ltr'><strong>essemus</strong></span> <span class='ocrx_word' id='word_1_798' title='bbox 2654 4560 2673 4588; x_wconf 81' lang='lat'><strong><em>‘</em></strong></span> <span class='ocrx_word' id='word_1_799' title='bbox 2708 4574 2993 4614; x_wconf 78' lang='grc' dir='ltr'>υευτειιιιι.</span> 
     </span>
    </p>
   </div>
   <div class='ocr_carea' id='block_1_113' title="bbox 1965 4660 3471 4728">
    <p class='ocr_par' dir='ltr' id='par_1_113' title="bbox 1965 4660 3471 4728">
     <span class='ocr_line' id='line_1_113' title="bbox 1965 4660 3471 4728; baseline 0.003 -13"><span class='ocrx_word' id='word_1_800' title='bbox 1965 4661 2133 4725; x_wconf 86' lang='lat' dir='ltr'><strong>Quam</strong></span> <span class='ocrx_word' id='word_1_801' title='bbox 2162 4660 2318 4717; x_wconf 72' lang='lat' dir='ltr'><strong>velim</strong></span> <span class='ocrx_word' id='word_1_802' title='bbox 2348 4674 2491 4728; x_wconf 61' lang='lat' dir='ltr'><strong>saepe</strong></span> <span class='ocrx_word' id='word_1_803' title='bbox 2517 4660 2753 4715; x_wconf 77' lang='lat' dir='ltr'><strong>ollicium</strong></span> <span class='ocrx_word' id='word_1_804' title='bbox 2782 4660 3097 4715; x_wconf 87' lang='lat' dir='ltr'><strong>visitationis</strong></span> <span class='ocrx_word' id='word_1_805' title='bbox 3122 4662 3290 4725; x_wconf 62' lang='lat' dir='ltr'><strong>omitti</strong></span> <span class='ocrx_word' id='word_1_806' title='bbox 3312 4679 3391 4728; x_wconf 83' lang='lat' dir='ltr'><strong>re,</strong></span> <span class='ocrx_word' id='word_1_807' title='bbox 3421 4666 3471 4720; x_wconf 80' lang='lat' dir='ltr'><strong>si</strong></span> 
     </span>
    </p>
   </div>
   <div class='ocr_carea' id='block_1_114' title="bbox 1891 4776 3462 4843">
    <p class='ocr_par' dir='ltr' id='par_1_114' title="bbox 1891 4776 3462 4843">
     <span class='ocr_line' id='line_1_114' title="bbox 1891 4776 3462 4843; baseline 0.003 -15"><span class='ocrx_word' id='word_1_808' title='bbox 1891 4777 2140 4843; x_wconf 86' lang='lat' dir='ltr'><strong>appellat,</strong></span> <span class='ocrx_word' id='word_1_809' title='bbox 2166 4784 2220 4829; x_wconf 91' lang='lat' dir='ltr'><strong>et</strong></span> <span class='ocrx_word' id='word_1_810' title='bbox 2246 4776 2295 4828; x_wconf 94' lang='lat' dir='ltr'><strong>in</strong></span> <span class='ocrx_word' id='word_1_811' title='bbox 2327 4776 2721 4843; x_wconf 79' lang='lat' dir='ltr'><strong>epigrammatis</strong></span> <span class='ocrx_word' id='word_1_812' title='bbox 2753 4777 3084 4841; x_wconf 73' lang='lat' dir='ltr'><strong>iii-gistrum.</strong></span> <span class='ocrx_word' id='word_1_813' title='bbox 3118 4777 3307 4831; x_wconf 67' lang='lat' dir='ltr'><strong>Felicis</strong></span> <span class='ocrx_word' id='word_1_814' title='bbox 3340 4780 3462 4833; x_wconf 83' lang='lat' dir='ltr'><strong>rbe-</strong></span> 
     </span>
    </p>
   </div>
   <div class='ocr_carea' id='block_1_115' title="bbox 1894 4846 3471 4914">
    <p class='ocr_par' dir='ltr' id='par_1_115' title="bbox 1894 4846 3471 4914">
     <span class='ocr_line' id='line_1_115' title="bbox 1894 4846 3471 4914; baseline 0.004 -17"><span class='ocrx_word' id='word_1_815' title='bbox 1894 4848 2024 4898; x_wconf 68' lang='lat' dir='ltr'><strong>toris</strong></span> <span class='ocrx_word' id='word_1_816' title='bbox 2072 4846 2291 4900; x_wconf 82' lang='lat' dir='ltr'><strong>ltoinani</strong></span> <span class='ocrx_word' id='word_1_817' title='bbox 2327 4849 2377 4899; x_wconf 92' lang='grc' dir='ltr'><strong>ιιι</strong></span> <span class='ocrx_word' id='word_1_818' title='bbox 2416 4855 2492 4898; x_wconf 87' lang='lat' dir='ltr'><strong>rat</strong></span> <span class='ocrx_word' id='word_1_819' title='bbox 2538 4847 2767 4899; x_wconf 54' lang='lat' dir='ltr'><strong>auditur.</strong></span> <span class='ocrx_word' id='word_1_820' title='bbox 2812 4848 2860 4898; x_wconf 88' lang='lat' dir='ltr'><strong>ls</strong></span> <span class='ocrx_word' id='word_1_821' title='bbox 2886 4849 3028 4899; x_wconf 72' lang='lat' dir='ltr'><strong>enim</strong></span> <span class='ocrx_word' id='word_1_822' title='bbox 3075 4849 3281 4901; x_wconf 84' lang='lat' dir='ltr'><strong>videtur</strong></span> <span class='ocrx_word' id='word_1_823' title='bbox 3314 4851 3471 4914; x_wconf 78' lang='lat' dir='ltr'><strong>cujus</strong></span> 
     </span>
    </p>
   </div>
   <div class='ocr_carea' id='block_1_116' title="bbox 1893 4915 3466 4983">
    <p class='ocr_par' dir='ltr' id='par_1_116' title="bbox 1893 4915 3466 4983">
     <span class='ocr_line' id='line_1_116' title="bbox 1893 4915 3466 4983; baseline 0.003 -16"><span class='ocrx_word' id='word_1_824' title='bbox 1893 4917 1942 4969; x_wconf 89' lang='lat' dir='ltr'><strong>iti</strong></span> <span class='ocrx_word' id='word_1_825' title='bbox 1977 4916 2245 4973; x_wconf 81' lang='lat' dir='ltr'><strong>Parmensi</strong></span> <span class='ocrx_word' id='word_1_826' title='bbox 2277 4915 2459 4969; x_wconf 80' lang='lat' dir='ltr'><strong>codice</strong></span> <span class='ocrx_word' id='word_1_827' title='bbox 2494 4917 2731 4970; x_wconf 77' lang='lat' dir='ltr'><strong>Martiani</strong></span> <span class='ocrx_word' id='word_1_828' title='bbox 2778 4919 3005 4983; x_wconf 72' lang='lat' dir='ltr'><strong>(Inpella-</strong></span> <span class='ocrx_word' id='word_1_829' title='bbox 3052 4920 3100 4968; x_wconf 76' lang='grc' dir='ltr'><strong>ιιι</strong></span> <span class='ocrx_word' id='word_1_830' title='bbox 3155 4920 3353 4971; x_wconf 88' lang='lat' dir='ltr'><strong>mentio</strong></span> <span class='ocrx_word' id='word_1_831' title='bbox 3382 4922 3466 4972; x_wconf 86' lang='lat' dir='ltr'><strong>ltis</strong></span> 
     </span>
    </p>
   </div>
   <div class='ocr_carea' id='block_1_117' title="bbox 1891 4983 3465 5044">
    <p class='ocr_par' dir='ltr' id='par_1_117' title="bbox 1891 4983 3465 5044">
     <span class='ocr_line' id='line_1_117' title="bbox 1891 4983 3465 5044; baseline 0.007 -12"><span class='ocrx_word' id='word_1_832' title='bbox 1891 4987 2064 5037; x_wconf 82' lang='lat' dir='ltr'><strong>verbs</strong></span> <span class='ocrx_word' id='word_1_833' title='bbox 2113 4983 2529 5040; x_wconf 63' lang='lat' dir='ltr'><strong>:‘SECUIIUS</strong></span> <span class='ocrx_word' id='word_1_834' title='bbox 2593 4985 2858 5039; x_wconf 77' lang='lat' dir='ltr'><strong>MEMUR</strong></span> <span class='ocrx_word' id='word_1_835' title='bbox 2921 4984 3142 5040; x_wconf 63' lang='lat' dir='ltr'><strong><em>FELIX</em></strong></span> <span class='ocrx_word' id='word_1_836' title='bbox 3218 4987 3279 5040; x_wconf 77' lang='grc' dir='ltr'><strong>ιν.</strong></span> <span class='ocrx_word' id='word_1_837' title='bbox 3351 4991 3465 5044; x_wconf 69' lang='lat' dir='ltr'><strong>8P.</strong></span> 
     </span>
    </p>
   </div>
   <div class='ocr_carea' id='block_1_118' title="bbox 1887 5053 3461 5110">
    <p class='ocr_par' dir='ltr' id='par_1_118' title="bbox 1887 5053 3461 5110">
     <span class='ocr_line' id='line_1_118' title="bbox 1887 5053 3461 5110; baseline 0.002 -4"><span class='ocrx_word' id='word_1_838' title='bbox 1887 5054 2055 5109; x_wconf 74' lang='lat' dir='ltr'><strong>CUM.</strong></span> <span class='ocrx_word' id='word_1_839' title='bbox 2095 5053 2429 5109; x_wconf 82' lang='lat' dir='ltr'><strong>CONSIST.</strong></span> <span class='ocrx_word' id='word_1_840' title='bbox 2465 5060 2651 5108; x_wconf 73' lang='lat' dir='ltr'><strong>[litetur</strong></span> <span class='ocrx_word' id='word_1_841' title='bbox 2686 5058 2747 5110; x_wconf 76' lang='grc' dir='ltr'><strong>κ.</strong></span> <span class='ocrx_word' id='word_1_842' title='bbox 2776 5073 2838 5109; x_wconf 65' lang='lat' dir='ltr'><strong>ex</strong></span> <span class='ocrx_word' id='word_1_843' title='bbox 2864 5060 3259 5110; x_wconf 72' lang='lat' dir='ltr'><strong>mentlost&#39;ssimt&#39;s</strong></span> <span class='ocrx_word' id='word_1_844' title='bbox 3288 5076 3461 5110; x_wconf 68' lang='lat' dir='ltr'><strong>exent-</strong></span> 
     </span>
    </p>
   </div>
   <div class='ocr_carea' id='block_1_119' title="bbox 1887 5125 3468 5194">
    <p class='ocr_par' dir='ltr' id='par_1_119' title="bbox 1887 5125 3468 5194">
     <span class='ocr_line' id='line_1_119' title="bbox 1887 5125 3468 5194; baseline 0.003 -19"><span class='ocrx_word' id='word_1_845' title='bbox 1887 5125 2109 5186; x_wconf 76' lang='lat' dir='ltr'><strong>plari&#39;bus</strong></span> <span class='ocrx_word' id='word_1_846' title='bbox 2173 5128 2523 5190; x_wconf 65' lang='lat' dir='ltr'><strong>attendebat&quot;,</strong></span> <span class='ocrx_word' id='word_1_847' title='bbox 2576 5137 2750 5179; x_wconf 78' lang='lat' dir='ltr'><strong>contra</strong></span> <span class='ocrx_word' id='word_1_848' title='bbox 2817 5127 3013 5194; x_wconf 64' lang='lat' dir='ltr'><strong>legente</strong></span> <span class='ocrx_word' id='word_1_849' title='bbox 3082 5127 3468 5181; x_wconf 68' lang='lat' dir='ltr'><strong>DEUTEIUO</strong></span> 
     </span>
    </p>
   </div>
   <div class='ocr_carea' id='block_1_120' title="bbox 1886 5195 3459 5266">
    <p class='ocr_par' dir='ltr' id='par_1_120' title="bbox 1886 5195 3459 5266">
     <span class='ocr_line' id='line_1_120' title="bbox 1886 5195 3459 5266; baseline 0 -18"><span class='ocrx_word' id='word_1_850' title='bbox 1886 5195 2206 5266; x_wconf 45' lang='lat' dir='ltr'><strong>scholastica,</strong></span> <span class='ocrx_word' id='word_1_851' title='bbox 2232 5197 2479 5257; x_wconf 81' lang='lat' dir='ltr'><strong>discipulo</strong></span> <span class='ocrx_word' id='word_1_852' title='bbox 2503 5214 2630 5255; x_wconf 74' lang='lat' dir='ltr'><strong>mei.</strong></span> <span class='ocrx_word' id='word_1_853' title='bbox 2662 5198 2833 5251; x_wconf 73' lang='lat' dir='ltr'><strong>&quot;Uitta:</strong></span> <span class='ocrx_word' id='word_1_854' title='bbox 2858 5198 2925 5251; x_wconf 79' lang='lat' dir='ltr'><strong>ad</strong></span> <span class='ocrx_word' id='word_1_855' title='bbox 2952 5210 3147 5256; x_wconf 75' lang='lat' dir='ltr'><strong>portant</strong></span> <span class='ocrx_word' id='word_1_856' title='bbox 3176 5198 3459 5266; x_wconf 61' lang='lat' dir='ltr'><strong>&quot;aperiunt.</strong></span> 
     </span>
    </p>
   </div>
   <div class='ocr_carea' id='block_1_121' title="bbox 1884 5262 3460 5321">
    <p class='ocr_par' dir='ltr' id='par_1_121' title="bbox 1884 5262 3460 5321">
     <span class='ocr_line' id='line_1_121' title="bbox 1884 5262 3460 5321; baseline 0.003 -7"><span class='ocrx_word' id='word_1_857' title='bbox 1884 5280 1987 5317; x_wconf 78' lang='lat' dir='ltr'><strong>cos.</strong></span> <span class='ocrx_word' id='word_1_858' title='bbox 2038 5262 2242 5319; x_wconf 56' lang='lat' dir='ltr'><strong>Paulini</strong></span> <span class='ocrx_word' id='word_1_859' title='bbox 2293 5281 2342 5317; x_wconf 84' lang='grc' dir='ltr'><strong>ν.</strong></span> <span class='ocrx_word' id='word_1_860' title='bbox 2386 5282 2434 5318; x_wconf 82' lang='lat' dir='ltr'><strong>c.</strong></span> <span class='ocrx_word' id='word_1_861' title='bbox 2476 5269 2565 5319; x_wconf 79' lang='lat' dir='ltr'><strong>sub</strong></span> <span class='ocrx_word' id='word_1_862' title='bbox 2620 5267 2683 5321; x_wconf 89' lang='lat' dir='ltr'><strong>D.</strong></span> <span class='ocrx_word' id='word_1_863' title='bbox 2736 5284 2855 5321; x_wconf 84' lang='lat' dir='ltr'><strong>non.</strong></span> <span class='ocrx_word' id='word_1_864' title='bbox 2905 5266 3206 5320; x_wconf 75' lang='lat' dir='ltr'><strong>Martiarum</strong></span> <span class='ocrx_word' id='word_1_865' title='bbox 3255 5262 3460 5319; x_wconf 66' lang='lat' dir='ltr'><strong>Christo</strong></span> 
     </span>
    </p>
   </div>
   <div class='ocr_carea' id='block_1_122' title="bbox 1882 5337 2176 5403">
    <p class='ocr_par' dir='ltr' id='par_1_122' title="bbox 1882 5337 2176 5403">
     <span class='ocr_line' id='line_1_122' title="bbox 1882 5337 2176 5403; baseline 0.007 -17"><span class='ocrx_word' id='word_1_866' title='bbox 1882 5337 1972 5403; x_wconf 71' lang='grc' dir='ltr'><strong>σά]</strong></span> <span class='ocrx_word' id='word_1_867' title='bbox 1982 5346 2176 5389; x_wconf 72' lang='lat' dir='ltr'><strong>ovante.</strong></span> 
     </span>
    </p>
   </div>
   <div class='ocr_carea' id='block_1_123' title="bbox 1876 5466 3459 5530">
    <p class='ocr_par' dir='ltr' id='par_1_123' title="bbox 1876 5466 3459 5530">
     <span class='ocr_line' id='line_1_123' title="bbox 1876 5466 3459 5530; baseline -0.001 -13"><span class='ocrx_word' id='word_1_868' title='bbox 1876 5470 2037 5519; x_wconf 69' lang='lat' dir='ltr'><strong>rhetor</strong></span> <span class='ocrx_word' id='word_1_869' title='bbox 2058 5468 2189 5520; x_wconf 83' lang='lat' dir='ltr'><strong>urbis</strong></span> <span class='ocrx_word' id='word_1_870' title='bbox 2213 5474 2449 5528; x_wconf 70' lang='lat' dir='ltr'><strong>Romam,</strong></span> <span class='ocrx_word' id='word_1_871' title='bbox 2480 5479 2597 5530; x_wconf 66' lang='grc' dir='ltr'><strong>ριν..</strong></span> <span class='ocrx_word' id='word_1_872' title='bbox 2622 5478 2787 5520; x_wconf 73' lang='lat' dir='ltr'><strong>corum</strong></span> <span class='ocrx_word' id='word_1_873' title='bbox 2809 5472 2988 5524; x_wconf 74' lang='lat' dir='ltr'><strong>lcqeiite</strong></span> <span class='ocrx_word' id='word_1_874' title='bbox 3027 5467 3276 5530; x_wconf 76' lang='lat' dir='ltr'><strong>Elentm&#39;o.</strong></span> <span class='ocrx_word' id='word_1_875' title='bbox 3306 5466 3459 5516; x_wconf 46' lang='lat' dir='ltr'><strong>limite</strong></span> 
     </span>
    </p>
   </div>
   <div class='ocr_carea' id='block_1_124' title="bbox 1878 5528 3447 5593">
    <p class='ocr_par' dir='ltr' id='par_1_124' title="bbox 1878 5528 3447 5593">
     <span class='ocr_line' id='line_1_124' title="bbox 1878 5528 3447 5593; baseline -0.001 -15"><span class='ocrx_word' id='word_1_876' title='bbox 1878 5534 2023 5578; x_wconf 89' lang='lat' dir='ltr'><strong>etiam</strong></span> <span class='ocrx_word' id='word_1_877' title='bbox 2051 5533 2275 5579; x_wconf 55' lang='lat' dir='ltr'><strong>eruditas</strong></span> <span class='ocrx_word' id='word_1_878' title='bbox 2297 5544 2404 5578; x_wconf 83' lang='lat' dir='ltr'><strong>inus</strong></span> <span class='ocrx_word' id='word_1_879' title='bbox 2423 5528 2669 5579; x_wconf 73' lang='lat' dir='ltr'><strong>Fontanini</strong></span> <span class='ocrx_word' id='word_1_880' title='bbox 2700 5534 2782 5579; x_wconf 85' lang='lat' dir='ltr'><strong>lib.</strong></span> <span class='ocrx_word' id='word_1_881' title='bbox 2813 5549 2822 5577; x_wconf 92' lang='lat' dir='ltr'><strong>I</strong></span> <span class='ocrx_word' id='word_1_882' title='bbox 2856 5534 2916 5580; x_wconf 70' lang='lat' dir='ltr'><strong>de</strong></span> <span class='ocrx_word' id='word_1_883' title='bbox 2942 5532 3096 5593; x_wconf 76' lang='lat' dir='ltr'><strong>.ttm&#39;q.</strong></span> <span class='ocrx_word' id='word_1_884' title='bbox 3126 5528 3169 5577; x_wconf 81' lang='grc' dir='ltr'><strong>ιι</strong></span> <span class='ocrx_word' id='word_1_885' title='bbox 3190 5535 3310 5593; x_wconf 57' lang='lat' dir='ltr'><strong>imre,</strong></span> <span class='ocrx_word' id='word_1_886' title='bbox 3339 5546 3447 5593; x_wconf 72' lang='grc' dir='ltr'><strong>νειμ.</strong></span> 
     </span>
    </p>
   </div>
   <div class='ocr_carea' id='block_1_125' title="bbox 1878 5590 3451 5654">
    <p class='ocr_par' dir='ltr' id='par_1_125' title="bbox 1878 5590 3451 5654">
     <span class='ocr_line' id='line_1_125' title="bbox 1878 5590 3451 5654; baseline 0 -15"><span class='ocrx_word' id='word_1_887' title='bbox 1878 5594 1911 5654; x_wconf 31' lang='grc' dir='ltr'><strong>ὅ,</strong></span> <span class='ocrx_word' id='word_1_888' title='bbox 1957 5606 2060 5652; x_wconf 81' lang='lat' dir='ltr'><strong>pag.</strong></span> <span class='ocrx_word' id='word_1_889' title='bbox 2085 5595 2193 5651; x_wconf 68' lang='grc'><strong>231,</strong></span> <span class='ocrx_word' id='word_1_890' title='bbox 2225 5595 2448 5654; x_wconf 76' lang='lat' dir='ltr'><strong>produxit</strong></span> <span class='ocrx_word' id='word_1_891' title='bbox 2472 5596 2597 5641; x_wconf 82' lang='lat' dir='ltr'><strong>hunc</strong></span> <span class='ocrx_word' id='word_1_892' title='bbox 2622 5596 2673 5640; x_wconf 86' lang='lat' dir='ltr'><strong>in</strong></span> <span class='ocrx_word' id='word_1_893' title='bbox 2695 5608 2773 5640; x_wconf 90' lang='lat' dir='ltr'><strong>mo</strong></span> <span class='ocrx_word' id='word_1_894' title='bbox 2789 5596 2907 5641; x_wconf 83' lang='lat' dir='ltr'><strong>tum:</strong></span> <span class='ocrx_word' id='word_1_895' title='bbox 2931 5590 3141 5654; x_wconf 77' lang='lat' dir='ltr'><strong>Securus</strong></span> <span class='ocrx_word' id='word_1_896' title='bbox 3164 5590 3333 5640; x_wconf 69' lang='lat' dir='ltr'><strong>Helior</strong></span> <span class='ocrx_word' id='word_1_897' title='bbox 3360 5590 3451 5639; x_wconf 73' lang='lat' dir='ltr'><strong>Fe-</strong></span> 
     </span>
    </p>
   </div>
   <div class='ocr_carea' id='block_1_126' title="bbox 1878 5652 3495 5718">
    <p class='ocr_par' dir='ltr' id='par_1_126' title="bbox 1878 5652 3495 5718">
     <span class='ocr_line' id='line_1_126' title="bbox 1878 5652 3495 5718; baseline -0.001 -18"><span class='ocrx_word' id='word_1_898' title='bbox 1878 5652 1951 5702; x_wconf 74' lang='lat' dir='ltr'><strong>li.t:</strong></span> <span class='ocrx_word' id='word_1_899' title='bbox 1974 5658 2070 5718; x_wconf 60' lang='grc' dir='ltr'><strong><em>Λευ</em></strong></span> <span class='ocrx_word' id='word_1_900' title='bbox 2100 5668 2146 5715; x_wconf 81' lang='lat' dir='ltr'><strong>r,</strong></span> <span class='ocrx_word' id='word_1_901' title='bbox 2174 5652 2293 5718; x_wconf 64' lang='lat' dir='ltr'><strong>etc.2</strong></span> <span class='ocrx_word' id='word_1_902' title='bbox 2319 5668 2426 5703; x_wconf 82' lang='lat' dir='ltr'><strong>nam</strong></span> <span class='ocrx_word' id='word_1_903' title='bbox 2454 5668 2707 5715; x_wconf 60' lang='lat' dir='ltr'><strong>perperam</strong></span> <span class='ocrx_word' id='word_1_904' title='bbox 2741 5653 3246 5718; x_wconf 46' lang='lat' dir='ltr'><strong>Sirmondnsexltihet</strong></span> <span class='ocrx_word' id='word_1_905' title='bbox 3268 5664 3281 5698; x_wconf 88' lang='lat'><strong>:</strong></span> <span class='ocrx_word' id='word_1_906' title='bbox 3304 5654 3458 5707; x_wconf 61' lang='lat' dir='ltr'><strong>Sesto-</strong></span> <span class='ocrx_word' id='word_1_907' title='bbox 3490 5686 3495 5698; x_wconf 86' lang='lat'><strong>.</strong></span> 
     </span>
    </p>
   </div>
   <div class='ocr_carea' id='block_1_127' title="bbox 1880 5708 3127 5777">
    <p class='ocr_par' dir='ltr' id='par_1_127' title="bbox 1880 5708 3127 5777">
     <span class='ocr_line' id='line_1_127' title="bbox 1880 5708 3127 5777; baseline 0.004 -18"><span class='ocrx_word' id='word_1_908' title='bbox 1880 5729 1959 5764; x_wconf 80' lang='lat' dir='ltr'><strong>ius</strong></span> <span class='ocrx_word' id='word_1_909' title='bbox 1988 5708 2166 5765; x_wconf 61' lang='lat' dir='ltr'><strong>M&#39;mor</strong></span> <span class='ocrx_word' id='word_1_910' title='bbox 2192 5708 2329 5765; x_wconf 62' lang='lat' dir='ltr'><strong>ﬁlix</strong></span> <span class='ocrx_word' id='word_1_911' title='bbox 2366 5718 2419 5764; x_wconf 75' lang='grc' dir='ltr'><strong>γ.</strong></span> <span class='ocrx_word' id='word_1_912' title='bbox 2446 5708 2695 5777; x_wconf 62' lang='lat' dir='ltr'><strong>Sp.&#39;quasi</strong></span> <span class='ocrx_word' id='word_1_913' title='bbox 2731 5715 2815 5762; x_wconf 76' lang='lat' dir='ltr'><strong>Vir</strong></span> <span class='ocrx_word' id='word_1_914' title='bbox 2835 5708 3127 5771; x_wconf 65' lang='lat' dir='ltr'><strong>sterlabilis.</strong></span> 
     </span>
    </p>
   </div>
  </div>
