3998 6362
447 294 509 387 3.
1565 327 1828 382 smozzu
1874 327 2171 382 EPISCUI'I
2211 326 2588 382 thtaexsts
3639 339 3723 395 δελ

452 446 659 497 dulcem
689 444 870 497 tribuit
898 444 1050 509 culpa
1080 444 1379 497 mercedem
1409 454 1497 498 :et
1525 446 1757 499 rmlnstis
1785 446 2021 498 mandati
2052 454 2103 507 Α
2131 460 2284 514 quem
2314 446 2364 499 iu
2400 447 2571 499 diutius
2600 447 2782 499 tulisse
2817 448 3102 514 probamus
3131 452 3386 505 auxilium
3412 472 3426 505 :
3450 470 3707 524 rogemus

452 538 768 590 s-u'eatiam
810 537 919 590 εεςίο
946 551 985 589 .s
1034 534 1369 605 prudensque
1412 536 1708 605 negligere,
1739 537 1784 590 si
1814 537 2027 590 deside-

454 628 545 680 riis
571 627 779 693 cOpiam
809 626 1124 681 vindicanda
1170 627 1485 681 conciliant!
1519 628 1762 681 Mihi-uni
1806 628 2028 695 contigit

451 716 519 771 de
544 716 852 771 offensionis
879 717 1069 771 merito
1097 718 1343 772 evenisse
1376 716 1802 786 quod‘gaudeam
1824 736 1839 769 :
1863 718 2025 773 didici

453 824 593 863 nunc
642 809 729 862 tali
781 809 1212 865 remuneratione
1254 820 1430 863 errata
1477 809 1690 865 Sectari.
1741 809 1854 863 Non
1901 819 2030 865 sunt

452 903 699 964 adversa,
722 900 910 955 doctor
956 901 1179 969 optime,
1209 902 1563 957 amicitiarum
1607 901 1879 969 religioni,
1910 918 2029 971 qua:

454 991 668 1057 profero
711 993 1000 1045 coactusiu
1032 993 1289 1045 medium.
1324 993 1432 1045 lino
1477 1002 1691 1059 prepter
1736 992 2030 1047 confessio-

453 1100 574 1138 nem
595 1085 807 1151 dignata
826 1085 1100 1154 proposito
1116 1085 1434 1139 valetudinis
1457 1093 1561 1139 tua:
1580 1083 1738 1138 dubia
1759 1100 2027 1153 nunquam

455 1177 594 1232 velut
640 1179 876 1247 ingratus
924 1177 1102 1246 optavi
1129 1195 1142 1230 :
1169 1180 1293 1244 quin
1337 1180 1802 1247 etiam,quautum
1852 1178 1904 1231 in
1944 1191 2032 1231 me

454 1270 572 1327 fuit.
622 1279 805 1322 contra
860 1269 1168 1335 ingruentes
1224 1268 1317 1321 tibi
1377 1269 1761 1337 inaequalitates
1811 1282 2028 1335 precum

455 1374 645 1414 manus
683 1360 929 1429 opposui.
963 1358 1069 1414 Sed
1108 1368 1236 1413 ecce
1284 1374 1442 1427 quam
1485 1360 1662 1413 alacer
1697 1372 1886 1413 sensus
1923 1367 2030 1420 est,

457 1469 562 1507 non
598 1454 647 1506 in
675 1467 930 1522 prospera
961 1452 1321 1506 membrorum
1349 1452 1521 1505 salute
1549 1451 1765 1505 fundata
1797 1451 2033 1506 ostendit

459 1543 671 1612 pagina,
706 1543 757 1596 in
802 1558 905 1611 qua
955 1553 1179 1609 utraque
1223 1542 1341 1595 luce
1391 1541 1605 1596 fulsisti.
1659 1540 1796 1605 Tua,
1823 1557 2030 1610 quaso,

454 1632 659 1687 lumina
708 1633 846 1687 nube
892 1632 1092 1686 doloris
1136 1626 1488 1693 ltebetau'tur,
1536 1632 1687 1696 cujus
1732 1640 1837 1683 tam
1886 1631 2028 1683 clara

454 1732 578 1776 sunt
607 1718 952 1775 cariniua‘iet
977 1723 1065 1790 qui
1099 1720 1269 1773 lucem
1299 1720 1554 1788 loqueris,
1577 1718 1644 1773 de
1675 1719 1878 1774 visione
1906 1734 2034 1773 cau-

2130 554 2274 599 eum,
2305 554 2393 607 qm
2448 540 2550 591 scit
2574 554 2765 603 nempe
2805 549 3020 596 serVare
3042 544 3187 611 quod
3218 547 3479 610 prastitit.
3509 558 3564 604 et
3601 552 3696 604 vir.

2132 639 2302 683 tutqu
2329 634 2543 682 suarum
2578 632 2692 683 viva
2726 633 3023 686 testimonia
3054 634 3106 687 in
3138 635 3352 701 longum
3384 642 3706 706 producere.

2133 721 2279 775 Talia
2306 718 2428 775 sunt
2470 738 2676 776 mecum
2705 724 2845 776 circa
2874 740 2967 777 vos
2999 730 3286 783 venerandi
3331 740 3450 785 vota
3494 736 3725 805 collegii

2133 822 2416 881 pertotam
2449 816 2717 882 Liguriam
2750 819 3155 874 consistentium
3197 837 3472 879 servorum
3499 837 3554 881 et
3576 832 3716 883 ami-

2133 918 2315 956 corum
2355 904 2466 957 Dei.
2494 904 2610 960 Tali
2642 907 2827 960 nititur
2852 907 3043 963 domus
3065 920 3247 965 sancta
3273 914 3527 983 suffragio
3550 932 3563 970 :
3588 934 3709 987 pre-

2133 1011 2223 1051 ces
2250 1012 2345 1064 pro
2372 998 2576 1050 serenis
2605 998 2914 1066 pignoribus
2938 1001 3055 1055 sine
3073 1003 3372 1059 cessatione
3391 1006 3707 1065 funduntttr.

2136 1087 2333 1142 Verum
2357 1104 2441 1142 me
2463 1088 2662 1151 dicere,
2696 1091 2845 1143 testis
2865 1101 2947 1144 e~t
2975 1092 3248 1159 divinitas,
3272 1111 3393 1163 qua:
3421 1100 3562 1167 quod
3596 1101 3711 1169 ipsa

2135 1188 2235 1243 est,
2265 1180 2542 1234 veritatem
2573 1181 2780 1249 diligit;
2811 1184 3060 1237 oumibus
3102 1188 3190 1254 qui
3229 1188 3295 1242 de
3335 1189 3457 1243 vita:
3490 1203 3714 1257 possunt

2138 1272 2439 1326 innocentia
2481 1284 2533 1327 et
2581 1273 2883 1342 integritate
2927 1278 3214 1343 confidere,
3268 1293 3498 1336 vestram
3553 1285 3717 1342 nimis

2136 1379 2369 1418 amaram
2397 1378 2519 1419 esse
2546 1366 2876 1421 mcestitiam.
2900 1368 3001 1423 Sed
3030 1383 3171 1423 nunc
3198 1372 3263 1425 ad
3289 1374 3529 1442 epistola:
3557 1392 3713 1433 usum

2138 1466 2398 1511 revertor.
2430 1456 2609 1521 Salve,
2645 1460 2715 1513 mi
2748 1458 2987 1523 domine,
3016 1470 3070 1515 et
3096 1465 3336 1531 gerulum
3368 1471 3714 1536 przeseotium

2138 1546 2359 1601 Bassum
2395 1548 2456 1603 γ.
2479 1548 2543 1604 C.
2567 1550 2655 1603 illa
2684 1566 2783 1620 qua
2810 1566 2962 1607 caros
2989 1568 3135 1609 meos
3163 1556 3368 1625 soletis,
3402 1561 3716 1629 dignatione

2137 1639 2391 1708 Suscipite
2419 1657 2430 1693 :
2458 1641 2580 1709 quia
2606 1642 2744 1696 inter
2772 1659 2959 1699 omnes
2980 1646 3169 1715 quibus
3191 1647 3410 1705 affectus
3433 1663 3514 1707 est
3537 1670 3713 1709 meam

2140 1741 2355 1798 prepter
2395 1746 2486 1785 vos
2523 1732 2814 1789 amicitiam
2862 1738 3152 1802 custodire,
3186 1742 3470 1809 quamdam
3514 1745 3715 1811 priedi-

455 1814 627 1868 saris?
653 1813 819 1878 Quam
855 1813 1037 1876 timeo,
1074 1827 1140 1866 ne
1168 1827 1356 1879 parcus
1397 1813 1449 1865 iu
1481 1810 1688 1865 meritis
1716 1811 1820 1865 tuis
1850 1811 2034 1865 lauda-
2064 1821 2110 1880 Β
2137 1829 2257 1874 ctus
2285 1837 2465 1876 arcem
2499 1826 2741 1892 puritatis
2770 1829 3029 1882 ascendit.
3059 1829 3248 1886 Juvate
3273 1848 3402 1902 ergo
3432 1810 3719 1902 petitiones

458 1914 540 1957 tor
593 1903 879 1956 inveniat-
923 1902 1039 1955 Tibi
1089 1913 1233 1956 recte
1287 1901 1600 1962 astriI-ilut‘,
1651 1902 1859 1955 cunctis
1904 1903 2032 1955 dare

453 1993 662 2056 oeulos,
718 2003 771 2045 et
823 1990 1049 2045 obscura
1106 1993 1360 2044 mentium
1418 2007 1451 2060 p
1487 1992 1696 2059 regriuo
1747 1992 2032 2059 splendore

452 2081 680 2136 radiare.
726 2082 862 2151 Ergo
904 2092 1058 2147 putas
1102 2082 1195 2135 tibi
1227 2081 1457 2135 validum
1490 2099 1592 2136 non
1624 2098 1744 2138 esse
1768 2084 1905 2152 quod
1940 2086 2030 2137 tri-

457 2171 611 2226 huis?
640 2171 803 2235 Pelle,
834 2185 1034 2241 quaeso,
1065 2172 1244 2225 animo
1272 2188 1428 2229 curas
1457 2175 1776 2240 superﬂuas,
1810 2174 2029 2229 forsitan

454 2262 817 2316 sollicitudine
846 2272 936 2315 aut
976 2262 1224 2317 cautiore
1261 2273 1568 2332 conceptas.
1606 2265 1759 2317 Dabit
1790 2266 1948 2329 Deus,
1976 2276 2028 2320 ut

454 2356 711 2423 quidquid
743 2357 1036 2424 corporalis
1063 2358 1288 2410 acceSsit
1319 2357 1663 2420 incommodi,
1696 2360 1811 2413 νὴεο
1840 2360 2031 2413 aninuc

455 2457 559 2502 tua:
589 2464 680 2517 per
708 2449 901 2503 εἰάιιιιι
932 2449 1165 2502 rutilanti
1201 2450 1375 2502 nitore
1407 2450 1710 2504 mutnletur.

1007 2539 1341 2593 EPISTULA
1374 2539 1499 2593 XX.

981 2646 1238 2684 ENNODIUS
1279 2647 1499 2685 FAIISTO.

531 2721 666 2776 Vere
710 2723 907 2791 gratias
950 2723 1215 2783 Trinitati,
1244 2738 1402 2792 quam
1453 2739 1771 2779 veneramur
1807 2736 1859 2779 et
1898 2726 2032 2779 culi-

457 2827 595 2876 mus,
625 2812 731 2866 Deo
763 2822 964 2875 nostro,
990 2829 1107 2881 qua:
1147 2814 1247 2867 sub
1295 2828 1641 2881 personarum
1688 2815 2032 2870 distinctione

456 2915 509 2958 et
541 2905 838 2972 equalitate
887 2906 1137 2971 mirabili,
1169 2922 1329 2960 unam
1374 2922 1471 2960 nos
1501 2910 1591 2976 pie
1624 2909 1783 2976 jussit
1830 2910 2030 2965 sentire

454 3008 509 3052 et
528 2998 753 3053 adorare
780 3000 1167 3064 substantiam;
1198 3015 1319 3067 qua:
1348 3001 1614 3067 planctum
1646 3015 1887 3056 nostrum
1912 3018 2032 3056 ver-

454 3094 514 3147 tit
543 3094 594 3147 in
617 3094 900 3163 gaudium;
935 3108 1053 3162 qua:
1096 3093 1342 3147 dolorum
1372 3095 1594 3148 comites
1618 3095 1684 3148 ad
1714 3096 2027 3162 obsequium

2133 1909 2271 1974 eius,
2299 1922 2352 1964 ut
2381 1913 2609 1968 fructum
2634 1915 2701 1970 de
2728 1916 2981 1973 inmensis
3008 1922 3227 1976 caoiens
3253 1923 3320 1977 ad
3349 1928 3550 1994 potiora
3579 1943 3715 1996 pne-

2134 2011 2369 2068 paretur.
3583 2040 3586 2044 λ

2663 2101 2989 2160 EPISTOLA
3040 2108 3181 2164 XXI.

2660 2209 2913 2250 ENNODIUS
2949 2214 3173 2255 FAUSTO.

2206 2277 2301 2332 Ditt
2349 2295 2513 2349 super
2558 2282 2789 2340 adventu
2844 2291 3211 2357 amplitudinis
3259 2306 3449 2350 vestra:
3494 2312 3713 2365 ancipiti

2133 2387 2284 2425 mens
2307 2390 2421 2429 mea
2446 2377 2694 2445 pependit
2727 2379 2943 2436 indicio.
2975 2384 3079 2439 Sed
3106 2397 3387 2455 postquam
3419 2408 3502 2445 nte
3531 2393 3710 2450 divina

2134 2464 2500 2521 misericordia
2532 2468 2600 2521 ab
2631 2469 2933 2536 huiusmodi
2967 2476 3238 2531 anxietate
3280 2462 3496 2546 laxavit,
3529 2485 3710 2537 statim

2130 2556 2196 2610 ad
2223 2570 2475 2613 consueta
2500 2561 2670 2614 ofticia
2700 2578 2785 2617 me
2806 2566 3005 2619 contuli
3036 2584 3046 2616 :
3072 2582 3371 2639 quanquam
3399 2575 3709 2642 paginarum

2132 2648 2384 2718 obsequia
2434 2667 2533 2705 nec
2572 2652 2814 2721 digresso
2852 2657 2917 2709 ad
2968 2657 3251 2729 longinqua
3297 2664 3708 2731 suppresserm.

2136 2739 2226 2792 llis
2254 2756 2381 2809 ergo
2412 2743 2770 2800 valetudinem
2822 2762 2995 2801 meam
3046 2750 3308 2816 indicans,
3342 2756 3710 2822 :egritudinent

2131 2830 2294 2884 animi
2319 2832 2511 2898 refero,
2536 2850 2692 2903 quam
2715 2836 2783 2890 de
2808 2852 3041 2894 mterore
3063 2843 3323 2896 cootraxi.
3352 2844 3426 2898 De
3452 2846 3709 2904 luminum

2132 2930 2434 2975 nostrorum
2458 2924 2635 2978 salute
2661 2925 2941 2995 sollicitor,
2977 2928 3028 2982 in
3055 2946 3120 2984 eo
3146 2930 3244 2985 loci
3276 2935 3616 2998 constitutus,
3641 2938 3709 2991 ad

2130 3026 2288 3078 quem
2334 3012 2555 3066 difficile
2601 3016 2818 3069 nuntius
2869 3030 3207 3087 exspectatus
3255 3020 3522 3084 allabitur.
3555 3026 3709 3093 Quod

2132 3100 2182 3155 in
2220 3102 2411 3156 solatio
2441 3114 2542 3169 est,
2574 3104 2738 3160 Deum
2791 3123 2996 3175 ιιι-θεον,
3033 3120 3089 3165 ιιι
3117 3113 3260 3168 nulla
3292 3129 3503 3169 servum
3550 3109 3716 3173 suum

455 3184 649 3237 laetitia:
681 3185 943 3253 lacrymas
969 3187 1315 3241 commutavit
1342 3195 1436 3239 :ut
1462 3201 1585 3239 vere
1614 3202 1731 3240 cum
1765 3186 2023 3256 Propheta
2052 3193 2100 3256 ο
2132 3194 2357 3261 patiatur
2410 3196 2639 3266 amplius
2690 3213 2815 3253 cura
2871 3203 3159 3269 macerari;
3213 3206 3306 3259 sed
3365 3207 3429 3260 de
3483 3208 3649 3263 rednc
3674 3202 3717 3261 τι

451 3274 622 3327 dicam
650 3292 663 3327 :
694 3274 820 3340 Quis
868 3276 1009 3328 dabit
1055 3277 1210 3346 capiti
1249 3294 1359 3332 meo
1390 3294 1597 3347 aquam,
1626 3288 1672 3331 et
1716 3282 1877 3333 oculis
1906 3280 2028 3333 meis

452 3368 640 3430 fontem
684 3368 895 3433 [fetuum
925 3365 1140 3434 (Jerem.
1173 3382 1245 3430 ιι,
1273 3366 1360 3437 l)?
1399 3377 1455 3422 ut
1498 3369 1874 3424 beneﬁciorum
1918 3385 2029 3426 ra:-

450 3453 660 3508 lestium
691 3457 1043 3524 magnitudini
1073 3459 1171 3513 sub
1200 3458 1298 3514 hac
1325 3458 1611 3514 devotione
1642 3460 2025 3529 responde-am:

450 3545 535 3598 cui
564 3546 786 3615 contigit
812 3557 935 3601 ante
980 3548 1224 3616 accipere
1268 3550 1509 3604 caelestia
1559 3550 1719 3617 dona,
1742 3568 1903 3621 quam
1937 3569 2030 3620 pos

449 3647 703 3703 scere,~et
727 3654 874 3703 prrus
903 3639 1029 3709 quid
1053 3640 1176 3694 boui
1198 3642 1469 3696 evenisset
1495 3642 1691 3711 legere,
1710 3658 1869 3711 quam
1900 3644 2027 3711 quid

450 3728 577 3781 tuali
609 3728 940 3784 minarentur
974 3741 1191 3798 peccata
1222 3734 1443 3788 sentire.
1474 3733 1644 3788 Tuum
1675 3745 1779 3799 est,
1812 3736 2028 3804 dispen-

446 3830 593 3874 sator
635 3822 1001 3889 omnipotens,
1048 3823 1189 3893 quod
1236 3821 1304 3878 de
1343 3825 1549 3879 serenis
1595 3825 1943 3894 pignoribus,
1973 3837 2028 3882 et

448 3911 638 3965 futura:
669 3910 987 3967 innocentia:
1016 3912 1356 3980 lnereditate,
1384 3915 1437 3969 in
1466 3915 1552 3969 illa
1592 3931 1713 3985 qua:
1756 3919 2029 3985 prtecessit

446 4003 714 4058 anxietate
740 4019 845 4057 non
877 4005 1027 4057 timui
1059 4008 1183 4074 :qui
1216 4008 1449 4062 reducta:
1493 4009 1654 4062 etiam
1701 4020 1899 4063 statum
1928 4026 2025 4062 va-

446 4094 698 4148 letudinis
743 4084 893 4163 quasi
941 4097 1272 4164 stupefactus
1319 4100 1536 4168 accepi,
1591 4100 1642 4152 in
1693 4100 2025 4156 coofusionis

446 4186 794 4241 similitudine
834 4188 1152 4257 collocatus,
1183 4200 1306 4260 qna:
1350 4205 1509 4260 supra
1548 4192 1797 4246 meritum
1845 4208 2022 4249 meum

445 4280 705 4333 collocata
747 4290 877 4333 sunt
922 4295 1177 4353 prospera
1222 4282 1467 4337 evenisse
1507 4282 1592 4337 vix
1634 4284 1855 4338 credidi.
1890 4284 2025 4340 Vere

445 4383 689 4436 superna:
711 4370 1158 4423 remuneratioois
1180 4369 1395 4424 divit‘as
1416 4371 1643 4424 humana
1672 4388 1823 4427 mens
1854 4389 1920 4428 ne
1950 4378 2023 4428 cit

445 4459 769 4525 expendere.
802 4459 889 4512 Sic
917 4459 1097 4514 animo
1126 4459 1339 4527 fragiles
1367 4469 1753 4529 temperantur,
1783 4473 1841 4517 ut
1868 4464 2015 4533 prius

2135 3301 2374 3340 meorum
2404 3286 2455 3341 in
2485 3288 2715 3345 solidum
2749 3287 3101 3361 prosperitati:
3129 3294 3349 3349 aestibus
3379 3298 3512 3351 meis
3542 3300 3707 3355 celeri

2134 3376 2339 3430 medela
2366 3379 2668 3434 subveniat.
2699 3381 2953 3437 Salutans
2981 3384 3158 3439 debita
3184 3388 3459 3453 servitute,
3493 3402 3705 3457 precor,

2134 3478 2190 3521 ut
2209 3468 2434 3536 cognitis
2461 3470 2544 3525 bis
2572 3471 2640 3526 de
2667 3474 2863 3542 quibus
2891 3476 3100 3530 animus
3127 3492 3278 3531 meus
3303 3480 3445 3532 varia
3474 3481 3705 3533 :estima-

2132 3560 2275 3614 tione
2297 3562 2549 3631 jactatur,
2581 3564 2771 3620 sedulo
2814 3566 2943 3620 n'tihl
2985 3567 3308 3623 hilaritatem
3352 3568 3707 3626 delerentium

2131 3654 2425 3710 litterarum
2452 3656 2714 3713 beneficio
2739 3661 3085 3715 suecurratis.

2651 3752 2978 3808 EPISTOLA
3021 3753 3182 3809 XXII.

2629 3859 2879 3898 l-LNNHDIUS
2911 3845 2926 3876 ¹
2955 3850 3202 3899 θιιιιςιοιιι.
3708 3895 3712 3899 1

2197 3931 2445 3997 Coeperat
2494 3934 2803 3999 parvitatem
2854 3951 3025 3989 meam
3069 3937 3377 4004 magnitudo
3406 3947 3578 3990 vestra
3607 3952 3705 4003 spe

2127 4036 2245 4090 qua:
2285 4031 2403 4076 vota
2446 4024 2719 4089 transiret,
2749 4024 3068 4094 dignationis
3096 4027 3365 4091 attollere,
3390 4036 3444 4081 et
3470 4028 3704 4082 ctelestis

2127 4115 2350 4168 instituti
2401 4130 2581 4181 more,
2612 4117 2839 4171 clariora
2888 4121 3062 4173 facere
3107 4120 3363 4175 beneficia
3413 4136 3540 4187 sua,
3574 4122 3703 4176 dum

2126 4223 2241 4262 mea
2269 4209 2457 4263 merita
2483 4210 2626 4263 nulla
2644 4209 2827 4278 judicii
2861 4211 3011 4265 lance
3040 4212 3323 4281 pensabat;
3356 4214 3435 4267 vel
3460 4228 3704 4269 censura:

2124 4297 2397 4368 negligi-ns
2432 4299 2563 4354 dare
2608 4302 2833 4368 pretium
2882 4303 3210 4369 muneribus,
3238 4312 3358 4373 qua:
3397 4320 3516 4359 esse
3550 4320 3703 4359 mon-

2122 4394 2323 4447 strahat
2355 4392 2584 4446 indebita
2613 4410 2625 4445 :
2650 4394 2899 4461 quoniam
2928 4394 3137 4449 affectio
3160 4410 3280 4465 qua:
3307 4396 3447 4450 circa
3470 4396 3702 4451 humiles

2122 4484 2423 4548 exhibetur,
2458 4497 2561 4537 non
2597 4484 2757 4537 habet
2786 4499 2973 4539 necess
2996 4495 3179 4550 tatem,
3207 4498 3260 4540 et
3289 4487 3518 4556 speciem
3546 4503 3699 4541 suam

444 4554 726 4608 stationem
759 4553 969 4607 videant
998 4570 1157 4623 quam
1206 4556 1564 4624 periculorum
1596 4556 1796 4610 incerta
1826 4560 2015 4625 depre-

2130 4590 2215 4641 per
2257 4574 2448 4627 sudum
2490 4574 2723 4627 rutilanti
2770 4575 3055 4643 splendore
3101 4577 3386 4644 significat.
3433 4577 3530 4630 Diti
3568 4592 3701 4645 ergo

446 4646 695 4699 hendant.
749 4647 887 4700 Deus
938 4648 1103 4701 boue!
1147 4648 1198 4701 in
1245 4665 1350 4717 quo
1393 4650 1619 4715 abrupto
1668 4651 2014 4717 pependimus

444 4746 586 4800 tunc.
619 4752 739 4790 cum
772 4737 1003 4806 po'entia
1032 4739 1287 4802 cmlestis,
1315 4750 1371 4793 tit
1415 4740 1625 4809 plenum
1656 4753 1798 4809 esset
1826 4757 2016 4810 parvu-

444 4830 611 4881 lorum
642 4829 692 4880 in
736 4828 952 4881 reducta
995 4831 1168 4883 salute
1214 4832 1599 4893 testimon‘um,
1632 4832 1752 4899 plus
1798 4844 1880 4885 est
1920 4850 2016 4886 tto-

440 4929 608 4970 struin
660 4918 967 4973 labefactata
1027 4934 1119 4987 per
1174 4922 1455 4974 meritum?
1505 4922 1633 4975 Dico
1680 4923 1918 4992 integre,
1961 4933 2017 4978 et

441 5027 626 5065 vocem
655 5028 811 5081 quam
856 5014 1128 5082 proposito
1168 5013 1358 5079 debeo,
1388 5015 1528 5067 nulla
1565 5014 1824 5069 mendacii
1875 5018 2014 5071 nube

439 5102 696 5156 concludo
720 5102 1008 5171 (confundo
1039 5104 1195 5157 verba
1236 5105 1584 5172 singult’bus,
1613 5115 1670 5158 ut
1708 5107 1808 5158 sub
1841 5106 2011 5160 solida

438 5198 817 5268 gratulatione,
860 5199 1193 5252 uberioribus
1224 5199 1275 5251 in
1309 5201 1486 5253 lli-tum
1533 5202 1725 5271 oculis)
1754 5218 1897 5270 srcpe
1927 5218 2011 5256 me

440 5290 709 5356 respicere
755 5289 895 5356 quod
941 5290 1107 5343 evasi.
1155 5289 1378 5343 Ubinam
1412 5293 1646 5359 gentium
1695 5291 1919 5367 luimus?
1944 5294 2031 5348 de

438 5397 536 5450 qua
566 5398 662 5435 nos
690 5382 752 5434 ad
785 5382 1066 5434 humanam
1097 5384 1560 5439 conversationem
1595 5386 1743 5439 ruina
1776 5388 2011 5441 clemen-

437 5472 505 5524 tia
546 5488 776 5539 superna
818 5473 1081 5526 restituit?
1127 5474 1435 5527 llefcramns
1481 5491 1607 5544 ergo
1649 5475 2005 5529 strictiorihus

436 5562 611 5614 verbis
641 5563 798 5631 hujus
842 5563 964 5617 boui
1015 5562 1249 5630 largitori
1287 5562 1512 5630 prolixis
1550 5563 1834 5629 gemitibus
1862 5565 2003 5633 quod

436 5653 687 5708 ιΙνΙιυιιιιιε
714 5673 724 5706 :
751 5656 1029 5731 invitemus
1051 5655 1114 5708 ad
1137 5653 1432 5713 custodiam
1457 5671 1733 5709 muucrmu
1761 5672 2000 5722 suorum,

508 5786 522 5816 ί
568 5785 645 5856 0p
670 5784 819 5857 lieni]
848 5785 959 5846 Lib.
997 5802 1025 5839 ν
1076 5785 1228 5854 epist.
1261 5782 1314 5839 3.

2118 4668 2207 4721 tali
2242 4668 2404 4721 fultus
2433 4676 2550 4735 post
2579 4667 2743 4721 Deum
2770 4668 3201 4735 prtesumptione,
3230 4684 3334 4722 non
3363 4669 3512 4722 timui
3543 4668 3697 4733 quid-

2116 4759 2241 4830 quid
2270 4760 2671 4829 obloqueutium
2721 4760 2891 4813 toxica
2939 4759 3338 4825 promittebant.
3372 4760 3467 4814 Ast
3494 4759 3580 4814 ubi
3611 4778 3697 4817 me

2116 4853 2180 4906 ad
2207 4852 2479 4921 antiquum
2510 4852 2781 4921 pulverem
2814 4849 2976 4905 vestri
3008 4851 3219 4905 reduxit
3246 4850 3444 4904 obliv'o
3471 4851 3611 4919 quod
3642 4853 3696 4905 in

2117 4947 2308 5001 solatio
2352 4945 2513 5000 debet
2554 4944 2764 4998 nudatis
2811 4942 3095 4998 defensore
3153 4942 3493 5010 contingere,
3526 4943 3695 5010 ἠυτιεί

2115 5037 2456 5106 querelarum
2482 5036 2790 5104 perlatrices
2817 5036 3020 5089 litteras
3046 5034 3354 5103 prorogavi,
3377 5034 3695 5102 promittens

2117 5128 2243 5182 milti
2284 5127 2353 5182 de
2398 5142 2580 5182 earum
2630 5126 3028 5196 importunitate
3073 5140 3410 5191 responsum.
3453 5124 3556 5180 Sed
3598 5139 3696 5191 per

2115 5221 2524 5290 occupationum
2550 5220 2770 5274 forsitan
2803 5218 3098 5287 amplitudo
3139 5228 3313 5271 vestra
3356 5218 3694 5285 pra‘pedii-u-

2117 5313 2244 5365 tium
2289 5312 2617 5365 incrementa
2659 5310 2919 5378 signiﬁcat
2959 5309 3024 5363 ad
3064 5311 3176 5363 ha:c
3222 5322 3315 5360 vos
3361 5307 3533 5361 ofﬁcia
3584 5323 3693 5362 n.n

2115 5403 2317 5456 venire.
2376 5392 2698 5468 Replicabo,
2728 5400 2865 5467 quia
2897 5399 3038 5453 idem
3092 5407 3261 5453 status
3302 5398 3400 5452 fuit
3444 5396 3711 5449 culminis

2111 5493 2271 5547 vestri
2311 5490 2507 5545 dudum
2539 5491 2757 5560 paginas
2786 5490 3121 5544 destinantis.
3157 5490 3236 5544 Ad
3268 5506 3469 5543 morcnt
3514 5500 3692 5543 tamrn

2110 5582 2414 5650 scriptionis
2444 5580 2763 5650 epistolaris:
2796 5596 2880 5634 me
2911 5580 3129 5645 reduco,
3162 5597 3230 5634 ne
3260 5580 3418 5633 addat
3471 5580 3693 5647 prolisi~

2110 5684 2188 5729 tas
2225 5673 2427 5732 incesta
2468 5672 2760 5738 fastidium,
2786 5682 2834 5727 et
2867 5672 3114 5742 denegari
3148 5672 3365 5743 paginas
3396 5673 3555 5747 fat-int
3583 5687 3691 5726 ma-
