3998 6362
168 342 228 397 53
1370 384 1373 387 -
1441 344 1795 403 ΕΡΙΞΤΟΙΑΙ

1895 345 1924 398 ιι
1970 344 2099 399 LIII.
2144 346 2180 401 I.
2351 350 2359 361 '
3364 349 3453 404 δι

171 458 239 526 gis
263 460 518 528 allegatus
558 476 683 530 qum
729 460 989 531 poposcit.
1024 462 1245 517 Domine
1283 468 1376 529 nti,
1410 464 1696 515 salutation
1722 475 1748 512 s
1777 462 1819 517 Α
1852 466 2028 511 tamen
2058 459 2197 526 quod
2236 458 2374 513 inter
2405 459 2503 512 loci
2549 460 2690 514 illius
2721 460 2921 516 frenata
2966 460 3161 528 glacie.
3192 460 3432 523 numina.

170 549 483 618 obsequium
513 554 696 617 solvo,
730 564 779 608 et
830 554 899 608 de
939 555 1244 609 valetudine
1286 565 1461 607 vestra
1492 565 1545 607 ιιι
1577 556 1756 608 animo

174 641 429 711 obligatus
458 643 761 714 interrogo.
784 646 1002 714 cupiens
1042 646 1317 699 relationis
1348 647 1543 701 indicio
1569 648 1634 699 ad
1667 664 1757 713 ge-

178 734 309 787 mina
336 736 609 789 desideria
641 738 941 804 pervenire.

688 830 1015 884 EPISTULA
1059 830 1247 884 XXIII.

683 933 938 971 essemus
968 920 983 949 ¹
1016 934 1259 974 semoto.

241 1004 425 1060 Perdit
452 1007 668 1061 ail‘ectio
699 1010 1053 1063 valetudinem
1084 1009 1283 1064 silentii
1324 1008 1601 1064 debilitata
1648 1020 1759 1063 tor-

180 1114 298 1163 pore
322 1116 337 1150 :
362 1114 465 1151 nec
489 1099 557 1151 ad
588 1114 741 1151 usum
771 1116 923 1154 suum
945 1099 1235 1168 diligentia:
1261 1116 1452 1154 cursus
1475 1101 1757 1167 exuberat,

178 1191 217 1241 si
247 1190 477 1244 nudetur
504 1192 885 1247 communione
915 1192 1189 1261 colloquii.
1229 1192 1369 1246 Muta
1402 1194 1598 1245 caritas
1627 1208 1763 1259 pene

179 1292 532 1345 reprametttat
556 1281 795 1349 speciem
839 1297 944 1337 non
973 1283 1226 1345 amantis.
1248 1294 1301 1338 et
1324 1283 1568 1338 odiorum
1599 1287 1766 1340 simu-

180 1372 379 1427 Iat'l’tltti
424 1385 513 1429 est
556 1391 662 1430 non
709 1379 919 1443 aperire
967 1378 1105 1447 quod
1149 1379 1339 1449 diligas
1375 1381 1766 1437 centestatione

179 1466 466 1518 sermonis.
520 1465 622 1519 Ista
671 1466 987 1522 sublimitati
1037 1477 1141 1523 tina:
1183 1486 1363 1523 coram
1414 1474 1769 1539 positusinti-

179 1556 344 1619 mavi,
370 1571 497 1610 cum
547 1556 616 1611 ad
659 1557 910 1613 solatium
949 1559 1207 1614 absentia:
1236 1577 1371 1615 mea:
1413 1554 1620 1617 litteras
1647 1578 1769 1632 pro-

182 1646 457 1701 mittebas.
493 1647 562 1702 At
588 1663 730 1705 nunc
759 1651 1141 1718 quae‘animum
1166 1662 1401 1707 vestrum
1445 1656 1546 1709 mei
1577 1656 1772 1710 invasit

180 1737 403 1805 oblivio,
431 1748 491 1793 ut
518 1740 690 1795 nullas
730 1755 827 1811 per
877 1751 1021 1796 tanta
1069 1753 1370 1811 temporum
1412 1747 1607 1814 spatia,
1651 1763 1771 1817 qum

1856 558 1911 602 et
1938 549 2055 601 sine
2097 549 2439 603 successione
2490 550 2672 619 frigus,
2707 552 2777 604 tui
2816 551 3015 620 iecoris
3057 552 3266 627 flamma
3314 554 3432 621 plus

1857 647 2081 703 metuat,
2132 654 2233 693 nec
2274 639 2509 709 aliquam
2551 643 2772 695 sortitur
2816 652 2999 711 pectus
3044 645 3121 698 de
3160 645 3439 699 mansione

1860 728 2377 796 temperiem.'1Etas
2418 730 2737 786 defervescit
2768 734 2818 786 in
2850 737 3059 795 senium
3095 753 3108 787 :
3142 736 3439 791 estdomus

1859 820 2248 890 quas-lymphas
2275 821 2327 874 in
2358 822 2568 875 metalla
2602 825 2887 888 convertit,
2908 836 2963 878 et
2986 834 3179 879 contra
3199 838 3442 881 naturam

1860 913 2155 980 gurgitibus
2201 927 2295 965 sua
2334 912 2451 980 lege
2494 912 2835 967 dominatur:
2864 924 2918 968 tu
2951 926 3129 971 tamen
3174 917 3314 972 inter
3343 920 3442 972 ista

1860 1006 1939 1055 sic
1978 1002 2160 1056 vivere
2205 1004 2421 1065 diceris,
2454 1004 2614 1073 ψει-ἰ
2648 1005 2784 1075 ignis
2834 1014 2954 1060 tuus
2994 1008 3191 1078 algoris
3238 1012 3447 1079 pabulis

1864 1094 2125 1150 irritatur.
2177 1095 2287 1164 Ego
2331 1104 2382 1150 te
2421 1112 2519 1149 oro
2566 1100 2802 1167 parentis
2831 1101 3069 1165 stimulo,
3101 1102 3223 1170 quia
3266 1104 3357 1157 tibi
3391 1116 3447 1158 et

1868 1190 2143 1256 proposito
2166 1204 2289 1241 meo
2312 1189 2484 1244 debeo
2509 1205 2693 1246 vocem
2712 1194 3055 1263 castigantis.
3092 1194 3339 1251 Vestrum
3365 1208 3446 1251 est

1868 1289 1989 1344 post
2014 1280 2147 1343 haec,
2170 1280 2214 1332 si
2247 1280 2443 1349 eligitis
2467 1281 2672 1337 litteras
2701 1298 2850 1340 meas
2878 1286 3142 1353 accipere,
3173 1286 3240 1342 de
3264 1288 3448 1344 admo-

1871 1371 2073 1425 nitione.
2116 1373 2393 1441 gratulari.
2446 1374 2556 1445 Ego
2601 1385 2780 1431 autem
2835 1389 3029 1445 praeter
3059 1380 3155 1432 ism
3203 1396 3323 1434 cum
3355 1382 3450 1434 lto—

1870 1478 2002 1520 nore
2032 1467 2274 1528 salutari,
2308 1483 2425 1534 qua)
2461 1468 2697 1522 scribere
2737 1469 2937 1538 possim
2967 1470 3053 1524 illa
3083 1473 3262 1526 carnis
3292 1488 3449 1540 quam

1874 1567 1928 1609 tu
1955 1556 2154 1626 diligis,
2188 1557 2383 1611 ellubie
2413 1558 2733 1625 viventibus,
2768 1576 2870 1613 non
2902 1560 3099 1614 inveni.

2400 1649 2729 1705 EPISTULA
2772 1650 2937 1706 XXV.

2185 1754 2443 1795 ENNODIL’S
2480 1756 2705 1795 ιιινιιιιιο
2744 1759 2810 1796 ET
2852 1758 3138 1797 EUGENETI.

182 1832 379 1888 bonam
426 1833 791 1890 valetudinem
840 1848 1075 1890 vestram
1125 1836 1525 1907 significarent,
1566 1840 1773 1894 litteras
1804 1817 1851 1879 Β
1950 1834 2225 1889 Desiderio
2274 1834 2584 1901 paginarum
2643 1843 2940 1888 vestrarum
2999 1835 3134 1889 facta
3192 1842 3275 1889 est
3323 1837 3452 1892 milii

183 1924 586 1991 suscepissem?
616 1938 686 1980 ne
728 1924 798 1980 de
833 1927 1058 1989 amoris,
1090 1928 1274 1994 credo,
1305 1929 1612 1982 testimonio
1657 1931 1773 1984 ani-

186 2030 396 2068 morum
445 2016 652 2072 indices
699 2018 956 2088 epistolas
999 2020 1367 2077 convenirem.
1417 2022 1772 2093 lrreligiosum

186 2121 312 2176 ergo
351 2109 498 2162 circa
546 2121 813 2164 amantem
861 2113 933 2165 tui
978 2112 1029 2166 in
1074 2113 1348 2169 meliorem
1393 2124 1597 2182 partem
1627 2126 1777 2171 verte

188 2200 544 2267 propositum.
569 2211 623 2255 et
662 2202 729 2255 ad
762 2205 1077 2260 memoriam
1108 2206 1385 2273 promissa:
1416 2207 1535 2262 iidei
1579 2210 1775 2278 scripta

190 2292 516 2345 transmitte.
557 2293 782 2348 Domine
809 2296 904 2361 mi,
935 2297 1273 2352 salutationis
1311 2298 1494 2354 debita
1534 2301 1774 2365 solvens,

191 2395 415 2447 precor,
452 2391 512 2436 ut
548 2383 594 2437 si
636 2400 729 2439 vos
768 2384 820 2439 itt
861 2387 1097 2455 antiquas
1137 2390 1280 2444 circa
1325 2406 1412 2445 me
1456 2390 1780 2461 dignationis

194 2484 328 2529 statu
374 2476 568 2544 pagina
617 2477 816 2533 directa
858 2482 1135 2548 repererit,
1171 2499 1427 2554 responsa
1470 2497 1775 2541 mereatur:

194 2569 310 2632 quia
358 2576 491 2637 puto
532 2568 671 2624 inter
719 2584 816 2622 nos
855 2572 1067 2640 gemina
1116 2574 1324 2629 vincula
1372 2576 1629 2647 disrumpi
1675 2593 1779 2632 non

194 2674 373 2728 posse,
404 2661 645 2717 raritatis
672 2673 727 2717 et
748 2664 1044 2731 sanguinis.

711 2754 1040 2812 EPISTULA
1082 2756 1270 2813 XXIV.

706 2851 963 2890 sauootus
993 2840 1011 2868 ’
1042 2852 1285 2893 ASTURID.

267 2922 416 2989 Quas,
443 2924 674 2981 malum!
709 2928 843 2981 ratio
871 2938 975 2996 e~t,
1005 2942 1062 2984 ut
1094 2933 1161 2984 ita
1188 2934 1263 2987 sis
1289 2946 1479 3001 parcus
1511 2933 1563 2988 in
1591 2935 1781 3004 gratia,

206 3015 457 3085 prodigus
507 3016 561 3072 in
608 3019 860 3087 querela,
891 3030 945 3074 et
980 3024 1162 3091 erigas
1194 3022 1547 3090 frequentiam
1587 3025 1785 3081 littera-

208 3119 315 3157 rum
359 3122 523 3175 quam
573 3108 685 3175 ipse
732 3124 837 3163 non
886 3111 1097 3176 tribuis,
1140 3114 1397 3181 viperinis
1444 3117 1614 3170 oculs
1659 3117 1783 3172 illud

1882 1927 2102 1994 prodiga
2137 1924 2283 1978 frons
2310 1923 2555 1992 pudoris;
2588 1932 2643 1977 et
2672 1923 2796 1977 dum
2831 1925 3005 1977 tabula
3048 1926 3307 1992 promittit
3333 1942 3454 1995 pro.

1884 2020 2112 2086 mulgata
2164 2032 2517 2085 responsum,
2564 2018 2702 2071 intra
2759 2016 3125 2072 verecundum
3185 2020 3456 2085 penetralia

1880 2124 2137 2163 annosam
2162 2109 2437 2162 continere
2458 2106 2623 2161 nescit
2646 2106 2943 2161 infantiam.
2966 2107 3221 2163 Deberem
3243 2109 3457 2178 quidem

1882 2199 2123 2267 sanguini
2152 2208 2207 2253 et
2236 2198 2505 2267 proposito
2531 2197 2730 2253 silentii
2776 2207 3134 2262 venustatem,
3176 2210 3453 2268 postquam

1882 2295 1993 2363 spei
2044 2307 2175 2347 mea:
2221 2291 2449 2345 fructum
2501 2290 2669 2359 prima
2720 2304 2981 2359 negarere
3024 2291 3311 2359 colloquia.
3354 2292 3458 2346 Sed

1885 2385 2067 2438 nescio
2097 2394 2273 2437 utrum
2320 2382 2457 2437 male
2488 2380 2727 2451 pertinax
2770 2381 3033 2449 iudicetur
3069 2381 3314 2448 intentio,
3343 2399 3461 2453 qua:

1885 2473 2000 2526 sine
2025 2473 2246 2525 alterius
2274 2470 2569 2540 dispendiis
2608 2471 2850 2525 sollicitat
2896 2487 2993 2541 per
3020 2486 3256 2527 amorem
3295 2489 3463 2540 expe-

1887 2565 2093 2619 rientiae
2125 2564 2359 2631 pericula
2390 2562 2726 2631 multiplicat.
2764 2563 2963 2630 Valete,
3000 2564 3021 2595 ⁸
3053 2565 3123 2619 mi
3164 2565 3388 2631 domini,
3411 2578 3464 2621 et

1887 2658 1952 2711 ad
1975 2658 2281 2725 scriptionis
2306 2672 2510 2711 mecum
2539 2666 2775 2711 remeate
2799 2658 3164 2719 concordiam.
3182 2675 3248 2713 ne
3277 2670 3462 2713 contra

1890 2747 2158 2816 Evangelii
2193 2747 2398 2801 faciatis
2435 2747 2658 2812 monita,
2689 2748 2733 2801 si
2782 2756 2837 2801 et
2886 2748 3273 2817 importunitali
3304 2749 3466 2803 dettc-

1887 2840 2041 2908 getis,
2070 2838 2211 2909 quod
2238 2838 2379 2907 juste
2408 2838 2627 2890 forsitan
2666 2838 3002 2913 impetrasset
3028 2837 3238 2894 atIectio

2396 2927 2726 2984 EPISTOLA
2772 2928 2960 2982 XXVI.

2423 3035 2676 3074 ιιειιιιοωυε
2712 3034 2934 3074 FAUSTO.

1966 3112 2115 3167 Votis
2161 3120 2218 3167 et
2263 3110 2546 3166 desideriis
2598 3110 2856 3166 satisfacit
2902 3112 3125 3183 pagina,
3166 3126 3285 3181 qum
3329 3114 3467 3182 apud

208 3198 340 3265 quod
369 3199 511 3253 alter
540 3200 762 3269 deliquit
786 3201 1097 3270 inspiciens,
1125 3215 1243 3257 tuas
1270 3207 1457 3276 culpas
1482 3210 1622 3262 nulla
1654 3208 1787 3263 falce
1815 3187 1860 3249 C
1893 3215 2161 3260 amantem
2197 3205 2364 3259 vestri
2405 3204 2812 3259 necessitatibus
2842 3204 3035 3259 alienis
3066 3216 3279 3274 praestat
3319 3208 3471 3261 obsc.

210 3290 544 3344 resecando?
569 3292 707 3345 Auni
758 3293 939 3360 plures
981 3305 1122 3359 sunt,
1155 3313 1219 3350 ex
1264 3313 1371 3367 quo
1413 3299 1636 3369 Alpibus
1663 3301 1785 3354 vici-

210 3397 324 3435 nam
384 3381 768 3437 habitationem
808 3384 1077 3455 delegisti,
1107 3398 1321 3441 St-nator
1359 3400 1412 3443 et
1450 3390 1656 3445 doctus.
1692 3391 1788 3447 Ubi

212 3476 324 3537 tibi,
351 3476 478 3529 dum
505 3476 753 3544 pruinosa
782 3479 1002 3547 respicis
1021 3480 1167 3548 juga.
1191 3483 1436 3550 apparuit
1464 3484 1790 3553 inauspicata

215 3565 297 3618 nix
345 3568 540 3636 captis
569 3582 581 3617 :
610 3567 698 3621 ubi
750 3566 910 3623 etiam
963 3569 1157 3638 glande
1215 3581 1267 3625 te
1314 3572 1453 3627 vesci
1501 3574 1793 3643 scriptione

215 3657 449 3727 signasti.
501 3656 668 3727 Cujus
712 3658 789 3712 rei
832 3659 989 3715 fidem
1023 3659 1319 3715 litterarum
1351 3671 1559 3718 tuarum
1598 3664 1793 3721 decora

219 3750 477 3812 fererunt.
508 3766 631 3805 cum
677 3751 775 3805 sibi
826 3751 982 3820 lmjus
1025 3753 1378 3821 signiﬁcantia
1418 3757 1469 3810 in
1502 3766 1653 3812 ructu
1686 3768 1796 3812 tur-

219 3843 319 3908 gdi
363 3843 632 3911 pectoris,
681 3850 736 3897 et
781 3842 963 3910 Alpini
1009 3847 1276 3899 sermonis
1320 3847 1586 3916 apparuit.
1635 3848 1797 3903 Miror

287 3977 304 4006 ¹
349 3974 591 4046 Sertorio]
623 3976 698 4029 De
724 3992 831 4039 quo
861 3977 954 4033 lib.
985 3993 1061 4043 111,
1094 3980 1251 4046 epist.
1283 3982 1369 4035 II.

287 4047 307 4077 ’
350 4046 587 4111 Asturio]
640 4046 890 4100 Diversus
945 4050 1158 4102 videtur
1198 4051 1267 4103 ab
1317 4051 1537 4106 Astu'io
1583 4056 1801 4111 consule

228 4118 417 4193 rolle‘gt
474 4117 899 4193 Prmsidii__anno
938 4120 1267 4193 A9t_,_cnjns
1318 4124 1548 4192 antiquae
1596 4126 1803 4193 pietatis

229 4190 495 4241 tnouintett
524 4204 612 4238 ttttt
643 4187 904 4254 hodieque
930 4191 1067 4255 apud
1092 4190 1348 4244 Lemlieos
1377 4187 1805 4250 st'rvari‘dicitttr

231 4257 280 4332 in
303 4259 547 4332 eburneo
572 4272 664 4311 sae
696 4258 711 4312 i
760 4258 1165 4332 Evangeliorutn
1213 4263 1331 4315 libri
1378 4266 1649 4332 operculo,
1682 4282 1802 4319 cum

233 4328 325 4379 bar.
354 4329 503 4381 inscr
527 4331 709 4393 ptione
743 4346 755 4380 :
793 4330 887 4382 Ρι..
934 4332 1200 4385 Asrutttus
1239 4349 1292 4385 ν.
1333 4349 1385 4387 c.
1418 4328 1491 4387 ἐτ
1533 4328 1643 4388 tut.
1680 4352 1803 4391 cont.

233 4413 295 4451 ετ
334 4414 463 4453 nc.
506 4414 747 4460 trntttso.
791 4400 916 4455 Μιι..
966 4416 1116 4456 coss.
1168 4419 1289 4455 uno.
1349 4405 1477 4457 Nam
1535 4405 1809 4461 Enuodius

233 4481 535 4523 senatorem
572 4470 712 4522 Itnnc
740 4481 941 4523 tantum
976 4481 1150 4534 vocat,
1179 4487 1281 4525 non
1312 4473 1673 4531 consularem.
1701 4476 1806 4531 Sed

234 4554 335 4591 non
374 4542 609 4611 minore,
636 4556 752 4593 mea
788 4541 1002 4609 quidem
1048 4545 1333 4605 sententia,
1362 4545 1413 4596 itt
1455 4560 1639 4599 errore.
1685 4562 1802 4601 ver-
1841 4552 1889 4611 Ι)

237 4620 438 4685 saritur,
456 4613 547 4678 qui
571 4608 824 4685 Tui-ciunt
860 4614 1064 4665 liulium
1095 4613 1360 4685 Asterium
1387 4613 1448 4669 V.
1472 4613 1528 4668 C.
1562 4624 1615 4668 et
1638 4615 1807 4685 ipsum

239 4682 510 4736 consulem
548 4681 875 4754 ordinarium
926 4690 1086 4752 atque
1130 4684 1446 4753 patricium,
1472 4686 1563 4754 qui
1607 4681 1809 4742 Sédulii

240 4765 409 4820 poetas
435 4767 625 4807 versus
662 4760 780 4817 post
818 4752 933 4820 ejus
974 4752 1199 4807 mortem
1228 4770 1291 4808 ex
1319 4755 1435 4822 eius
1462 4752 1674 4811 scriniis
1702 4759 1816 4813 col-

246 4827 406 4876 lectos
472 4821 810 4876 recensuisse
873 4823 1088 4884 dicitur.
1136 4840 1257 4879 cum
1328 4821 1544 4879 Asturio
1576 4828 1811 4882 Praesidii

244 4896 442 4955 collega
492 4891 856 4956 confundunt;
887 4908 1010 4947 cum
1063 4894 1127 4947 ad
1173 4896 1320 4948 illum
1374 4900 1641 4951 ASIeritnn
1703 4900 1818 4952 haec

249 4965 514 5036 pertinere
561 4963 866 5036 videantur,
896 4966 984 5036 qui
1016 4966 1201 5036 consul
1235 4966 1330 5018 fuit
1373 4982 1494 5019 cum
1524 4966 1818 5036 Protegene

250 5049 385 5089 anno
404 5034 659 5105 “9,7tum
683 5033 803 5101 quia
830 5032 943 5088 lucc
966 5034 1041 5087 illi
1066 5036 1279 5089 nomina
1299 5036 1474 5103 patius
1493 5032 1817 5105 c0ngru'unt.

252 5113 365 5177 tum
386 5107 509 5174 quia
535 5104 591 5177 id
621 5113 973 5177 tempuscum
996 5104 1196 5160 Sedulii
1219 5107 1365 5159 obittt
1387 5104 1643 5174 colu-ret,
1660 5125 1817 5177 quem

254 5191 312 5227 rx
358 5173 582 5244 integris
629 5173 889 5227 Gennadii
936 5177 1334 5243 exemplaribus
1384 5173 1690 5233 Theodosio
1730 5179 1823 5232 .In-

257 5247 419 5310 aiore,
471 5246 555 5298 cui
609 5258 746 5312 opus
797 5258 951 5297 suum
1001 5246 1297 5310 dedicavit,
1347 5258 1403 5301 et
1456 5248 1823 5302 Valentiniano

258 5317 593 5384 regnantibus
620 5318 727 5367 vita
754 5313 988 5368 functum
1014 5315 1319 5371 didicimus.
1345 5318 1581 5384 Denique
1607 5333 1822 5374 omnem

260 5387 636 5440 dubitationem
668 5384 855 5438 adimit
882 5384 1045 5453 ipsius
1074 5387 1270 5441 Asterii
1313 5388 1659 5457 epigramma,
1683 5391 1824 5456 quod

319 5480 336 5497 '
369 5475 573 5527 Veracia
596 5474 727 5527 dicti
750 5478 921 5537 poeth
948 5472 1021 5525 Ex
1056 5478 1235 5526 scbeda
1262 5479 1620 5539 vetustissima,
1646 5478 1833 5529 veracis

264 5540 386 5589 dicta
408 5546 575 5600 poclm.
604 5539 814 5600 Iliam.)
838 5542 1096 5600 Adrersar.
1124 5551 1236 5600 pag.
1260 5538 1370 5599 705.

324 5603 362 5621 θ’
388 5597 546 5661 Edita!
573 5598 758 5650 υῑιιςια.
785 5597 876 5656 1ο..
901 5599 1016 5661 ibid.

325 5666 383 5684 '”
403 5659 651 5713 Celebrent
673 5673 764 5722 per
785 5659 966 5709 swcula
990 5660 1157 5723 Fasti]
1180 5661 1349 5711 Fas-tus
1374 5675 1490 5709 vero
1508 5662 1830 5713 disertissime

269 5731 311 5775 in
327 5732 481 5773 nostra
503 5718 685 5773 scbeda
704 5723 891 5772 editum
911 5730 1005 5773 est.
1034 5718 1251 5773 Fastibus
1270 5737 1357 5784 pro
1378 5724 1513 5784 fastis
1534 5723 1717 5773 dixisse
1744 5718 1853 5771 no-'

269 5796 354 5844 tat,
380 5786 573 5836 nitallor
614 5786 898 5847 coryphmus
921 5788 1339 5846 grammaticorum
1362 5787 1648 5835 Priscianus.
1680 5785 1832 5833 Locus

1889 3295 2094 3365 quium.
2150 3294 2320 3362 Quam
2375 3295 2589 3359 vellem,
2626 3296 2669 3347 si
2704 3296 3033 3364 propositum
3085 3312 3189 3349 non
3245 3306 3471 3357 vetaret,

1892 3386 2178 3441 multorum
2210 3401 2351 3453 saepe
2373 3386 2549 3456 quieta
2579 3386 2829 3449 titubare,
2853 3395 2910 3439 ut
2936 3386 3061 3440 dum
3084 3386 3261 3441 dubiis
3289 3401 3473 3441 vocem

1895 3478 2092 3542 tribuo,
2119 3478 2355 3532 debitum
2386 3477 2603 3533 obnixa:
2641 3479 2882 3532 caritatis
2923 3478 3232 3532 exsolvam!
3266 3477 3473 3532 Domini

1895 3569 2030 3631 mei,
2069 3570 2231 3639 patris
2276 3572 2436 3625 vestri
2490 3569 2823 3638 jussionibus
2882 3570 3132 3639 impendo
3194 3573 3477 3638 prmsentis

1896 3660 2204 3729 scriptionis
2233 3660 2469 3715 officium
2496 3677 2509 3713 :
2532 3660 2684 3728 cujus
2710 3662 2923 3714 animus
2952 3660 3075 3715 dttnt
3118 3660 3357 3715 omnium
3386 3676 3475 3715 se-

1896 3752 2108 3806 curitati
2141 3752 2404 3821 providet,
2432 3765 2582 3805 suam
2623 3752 2855 3820 quietem
2899 3753 2999 3807 sub
3041 3753 3141 3806 Itac
3184 3755 3481 3807 intentione

1899 3826 2213 3899 coittemnlt.
2245 3842 2344 3909 Qui
2372 3842 2498 3896 dum
2532 3842 2666 3896 mala
2696 3842 2950 3912 Ligurum
2983 3844 3003 3874 ⁸
3035 3854 3153 3914 post
3192 3846 3481 3901 Mauricelii
3526 3900 3527 3905 η

1902 3969 1954 4023 in
1986 3966 2106 4021 cod.
2144 3965 2392 4020 Remensi
2426 3974 2544 4030 post
2584 3963 2867 4032 epistolam
2905 3965 3103 4021 Sedulii
3138 3966 3203 4020 ail
3232 3968 3479 4022 eumdem

1904 4037 2271 4092 Macedoniuut
2305 4036 2561 4100 scriptum
2596 4036 2819 4103 legimus
2850 4035 2931 4088 Itis
2962 4038 3138 4091 verbis
3165 4054 3178 4091 :

2028 4117 2195 4175 Sume,
2216 4129 2356 4165 sacer
2381 4116 2583 4173 ttteritis,
2607 4117 2624 4134 ‘
2651 4116 2838 4177 veracia
2862 4116 2987 4164 dicta
3014 4127 3192 4177 poeta,

2092 4181 2209 4236 Quae
2232 4179 2337 4227 sine
2365 4178 2580 4237 ligutent't
2599 4176 2785 4225 condita
2821 4183 2933 4225 sunt
2959 4176 3096 4227 tilio.

2033 4245 2140 4300 Quo
2161 4249 2297 4289 caret
2318 4238 2442 4287 alma
2467 4240 2604 4297 tides,
2630 4251 2728 4299 quo
2746 4238 2899 4286 sancti
2923 4241 3080 4300 gratia
3103 4239 3297 4299 Christi,

2099 4304 2193 4349 l’t-r
2216 4315 2357 4353 quam
2379 4310 2530 4354 iustus
2555 4310 2620 4348 att
2643 4302 2751 4349 talia
2784 4300 3024 4347 Sedulius.

1962 4368 1965 4369 ⁷
2036 4366 2319 4423 Αςιυτὶειιιιιρ
2342 4365 2411 4411 tui
2436 4373 2633 4420 smnper
2656 4362 3142 4421 meminissejubeto.

2096 4422 2349 4485 Cuitiso-pe
2373 4431 2422 4469 et
2446 4436 2559 4469 cura
2589 4424 2625 4439 “
2650 4423 2793 4485 edita
2809 4430 2921 4470 sunt
2955 4422 3159 4485 populis,

2042 4482 2429 4546 Quemquam-is
2453 4485 2622 4529 summi
2644 4482 2973 4532 '“celebrent
2991 4482 3081 4543 p'er
3100 4482 3273 4531 secula
3298 4484 3428 4544 fasti,

2101 4547 2212 4594 l'lus
2236 4556 2396 4594 tamen
2433 4553 2490 4593 ad
2517 4550 2740 4592 meritum
2767 4552 2861 4605 est,
2886 4546 2926 4592 si
2953 4548 3089 4605 viget
3119 4558 3207 4594 ore
3232 4555 3332 4595 tuo.

1916 4634 2290 4701 Epigratnntatt
2345 4645 2474 4682 vero
2516 4628 2855 4701 pra'tnittitur
2887 4629 2999 4681 Itan:
3038 4632 3350 4701 adnotatio:
3383 4629 3493 4682 "ac

1916 4698 2041 4769 opus
2075 4700 2237 4756 δι’άυί
2262 4719 2319 4753 ns
2341 4701 2467 4753 inter
2493 4698 2748 4751 chartulas
2777 4699 3063 4763 d.spermut
3094 4700 3314 4765 rebquit.
3348 4701 3495 4765 Quod

1917 4773 2050 4828 recol
2074 4784 2236 4825 crtum
2278 4773 2681 4839 udoruulutttquc
2729 4773 2795 4821 ad
2842 4786 3039 4822 antucm
3076 4772 3383 4839 releﬂuutiam
3416 4772 3492 4819 dt.

1920 4848 2177 4915 vulgatum
2219 4852 2291 4895 est
2332 4859 2362 4894 α
2408 4840 2592 4915 Turcis
2628 4838 2778 4908 Ila/io
2826 4842 3023 4893 Asteria
3069 4838 3132 4894 γ.
3186 4839 3245 4894 C.
3289 4841 3497 4893 Consule

1921 4910 2183 4968 ordinario
2207 4923 2359 4982 atque
2392 4910 2629 4978 patricio.

1971 4984 2014 5014 ’³
2056 4986 2108 5037 In
2141 4984 2270 5036 t-dtt.
2301 4982 2528 5043 Scltotti,
2561 4981 2675 5033 mei.

1997 5054 2019 5085 δ
2064 5052 2185 5106 Post
2232 5050 2520 5105 Mauricellt'
2568 5049 2788 5122 obitum]
2835 5051 2935 5115 Qui
2985 5051 3338 5122 ailvoczttione
3387 5051 3498 5103 ίὶςιί

1928 5126 2149 5192 fungens
2181 5122 2407 5183 Liguria:
2430 5122 2775 5192 provinciam
2824 5124 2933 5176 lisci
2976 5121 3259 5175 c‘lutnuiis
3286 5138 3500 5186 oppri-s-

1928 5191 2110 5250 serat:
2140 5204 2324 5247 contra
2354 5191 2513 5244 officii
2552 5191 2800 5246 videlicet
2831 5193 3248 5246 moderationem
3295 5193 3496 5257 legibus

1933 5266 2321 5335 praescriptam.
2342 5262 2461 5335 Qua
2493 5262 2560 5335 de
2605 5277 2660 5314 re
2686 5264 2985 5335 gratissima
3012 5273 3071 5335 et
3111 5262 3502 5335 elegantissima

1932 5329 2056 5390 sunt
2084 5333 2405 5388 Tlteotlnrici
2436 5332 2575 5398 regis
2622 5329 2882 5403 pra'cepta
2912 5334 2977 5385 ad
3008 5332 3309 5403 Marcellum
3330 5329 3504 5403 atlvo.

1934 5419 2109 5461 catum
2142 5405 2277 5465 lisci.
2306 5403 2442 5472 apttd
2471 5400 2846 5457 Cassiodoruin
2879 5404 2981 5472 lib.
3014 5417 3052 5465 t,
3085 5404 3240 5469 epist.
3270 5400 3361 5451 22.

1936 5506 2011 5547 est
2034 5499 2116 5547 lib.
2143 5513 2193 5555 κ,
2223 5497 2299 5545 ubi
2329 5497 2542 5557 loquitur
2563 5496 2744 5557 Catsar:
2912 5550 2913 5553 η

2062 5563 2105 5609 Ν
2111 5572 2162 5608 ec
2187 5573 2320 5608 utens
2349 5555 2767 5623 liu‘loat'rittcetttr
2791 5557 2987 5618 [tristibus
3010 5567 3161 5603 mutus
3321 5616 3351 5623 _
3440 5614 3449 5623 _

1936 5622 2087 5668 l‘orru
2108 5624 2347 5680 inscriptio
2364 5619 2548 5666 Sedulii
2578 5622 2647 5680 ita
2678 5626 2723 5666 in
2767 5616 2838 5669 nis
2860 5624 3114 5680 it‘ﬂllCt'll‘la
3139 5625 3216 5680 est
3254 5627 3266 5663 :
3316 5616 3510 5680 Domini

1936 5697 2040 5731 meo
2062 5675 2357 5743 sititetixsitito
2378 5692 2435 5727 ac
2460 5679 2724 5743 beatissimi
2745 5679 2874 5743 potri
2899 5675 3148 5725 Maredoni
3166 5695 3177 5721 ι
3196 5692 3253 5740 pr
3283 5678 3405 5743 thyi.
3430 5681 3509 5723 St"

1936 5744 2097 5793 t'ult'tts
2120 5748 2168 5794 iu
2194 5741 2382 5791 ('Itrt'sto
2405 5741 2621 5791 salutem.
2652 5743 2742 5797 10.,
2778 5741 2894 5787 Ibid.
