3998 6362
461 369 530 424 55
1571 347 1835 406 ENNODII
1878 340 2183 401 EPISCOPI
2215 336 2583 395 TICINENSIS
3657 330 3727 386 εδ

460 481 661 535 obitum
687 475 917 530 nondum
950 471 1080 527 vidit
1121 466 1403 529 occidisse,
1433 460 1793 517 confunditur.
1820 457 2033 512 Recidi-
2064 472 2109 529 Α
2137 452 2353 508 evenire
2380 464 2534 518 posse
2570 445 2709 512 quod
2758 443 2965 498 metuit.
3001 440 3148 497 Hanc
3174 457 3203 495 a
3236 442 3435 497 domno
3463 456 3585 499 meo
3610 450 3727 512 epi-

459 575 539 628 vis
568 574 709 626 enim
739 566 1003 637 provincia
1046 571 1224 622 nostra
1246 599 1261 622 ,
1286 557 1434 625 quasi
1468 554 1742 623 prmfatum
1787 551 2026 616 sepulcra

459 680 565 718 non
608 669 789 716 tenent
821 682 840 719 ,ι
884 658 1086 709 laborat
1147 648 1374 704 insidiis.
1443 644 1859 713 Advocatiouem
1914 637 2026 691 fisci

456 736 579 811 dum
620 752 779 820 aliqui
827 763 918 817 per
957 746 1165 813 iniquos
1205 740 1448 793 homines
1492 736 1733 789 nituntur
1759 730 2023 791 obtinere,

453 861 576 900 ante
603 853 843 897 votorum
871 839 1078 906 capiam
1122 833 1249 902 quid
1288 834 1340 884 in
1384 846 1443 884 ea
1486 828 1809 881 meditemur
1848 829 2028 891 osten-

452 937 605 989 dunt.
637 932 745 1000 Ego
786 930 1001 999 quidem
1046 921 1485 978 deliberationem
1519 913 1897 984 magnitudinis
1930 926 2024 964 ve-

450 1038 573 1080 stra:
603 1026 669 1078 de
697 1023 838 1076 bono
867 1018 1077 1086 publico
1107 1032 1212 1068 nott
1245 1012 1433 1073 celavi,
1466 1023 1712 1063 asserens
1756 1020 1854 1058 vos
1888 1019 2024 1070 prm-

450 1121 607 1175 iatam
668 1116 978 1185 dignitatem
1032 1110 1159 1164 ttulli
1216 1106 1489 1159 vobiscum
1548 1102 1656 1155 Deo
1715 1099 2023 1156 adnitente,

447 1208 807 1265 committere.
828 1202 935 1258 Sed
959 1201 1200 1253 anxietas
1228 1194 1629 1264 provincialimn
1660 1200 1825 1243 totum
1856 1186 2027 1240 credit

479 1320 2092 1365 _________________________

2130 558 2293 612 scopo
2323 538 2654 607 allegationis
2694 535 2904 603 suscepi
2938 533 3302 602 provinciam,
3339 544 3396 587 ut
3437 538 3725 588 conscien-

2130 637 2255 689 tiam
2288 644 2514 687 vestram
2539 630 2798 697 obsequio
2829 628 3033 696 pagina:
3063 628 3432 693 convenirem,
3459 642 3528 681 ne
3555 628 3715 693 cujm

2130 726 2407 793 subreptio
2450 723 2514 776 ad
2567 721 2723 787 hujus
2770 721 2845 774 rei
2897 718 3218 787 perducatur
3273 719 3543 772 effectura.
3614 720 3723 773 Vos

2132 817 2440 871 fidissimam
2473 811 2914 884 pollicitationem
2943 808 3154 863 solliciti
3186 809 3453 864 custodite
3496 812 3716 879 integri-

2128 914 2233 962 tate
2262 906 2539 975 propositi.
2571 906 2680 971 ligo
2702 900 3036 956 salutationis
3060 901 3235 954 officia
3259 902 3569 968 dependens
3594 918 3716 971 qua:

2131 1015 2469 1067 susceperam
2514 995 2814 1065 allegando,
2847 1001 3070 1047 testatus
3116 1009 3258 1046 sum.
3310 994 3483 1060 Spero
3537 1006 3717 1048 tamen

2134 1102 2211 1156 ut,
2238 1091 2361 1159 quid
2390 1091 2455 1143 de
2482 1105 2542 1143 ea
2573 1098 2722 1158 parte
2749 1085 3106 1140 deliberatum
3156 1085 3246 1145 sit,
3271 1084 3508 1139 instruar
3536 1084 3723 1140 Officio

2140 1182 2454 1236 litterarum.

2106 1308 3709 1332 Mm

1508 1397 1886 1502 LIBER
1942 1382 2607 1493 SECUNDUS

1688 1546 2399 1572 β

934 1640 1259 1709 EPISTULA
1304 1635 1533 1709 l'llltlA.

692 1767 706 1795 ί
758 1772 1011 1815 tzaaootus
1050 1766 1282 1809 Αιιιιιῖκιο
1319 1754 1770 1803 οοκςιιιιλτοιιιλιι.

518 1884 636 1949 Diu,
672 1880 834 1933 frater
872 1874 1185 1933 ciriss-ime,
1218 1867 1503 1921 festinante
1546 1868 1668 1910 voto
1716 1848 2023 1949 consolato:
2061 1832 2102 1889 Β

446 1978 578 2031 riam
610 1938 676 2026 ad
714 1980 765 2023 te
807 1965 1048 2036 paginam
1080 1962 1205 2014 dum
1237 1957 1389 2019 misi,
1426 1968 1490 2005 ne
1520 1958 1735 2019 putarer
1762 1943 1847 1996 vel
1896 1938 2024 1992 mihi

444 2068 744 2123 subducere
776 2061 952 2117 ﬂetus,
998 2071 1102 2108 non
1148 2051 1306 2104 verba
1338 2061 1621 2114 compono,
1654 2050 1707 2094 et
1735 2040 1785 2092 iu
1828 2037 2028 2089 lamen-

447 2161 663 2216 tationis
694 2152 991 2222 dispendiis
1025 2146 1199 2201 facere
1238 2144 1304 2197 de
1353 2138 1636 2210 gemitibus
1680 2134 1873 2187 decora
1914 2144 2030 2181 ser-

448 2263 697 2308 monum,
739 2245 974 2299 debitmn
1024 2240 1291 2308 planctum
1338 2247 1433 2302 per
1484 2228 1705 2297 loquela:
1754 2224 2025 2277 schemata

450 2343 711 2409 dissipare
755 2355 767 2389 :
811 2344 933 2389 cum
988 2337 1171 2384 contra
1221 2322 1566 2379 amicitiarum
1616 2316 1926 2384 religionem
1972 2318 2029 2364 ct

446 2405 923 2498 consanguinitatis
969 2420 1197 2491 vincula.
1230 2423 1495 2470 secretum
1544 2405 1889 2462 conscientiae
1936 2418 2028 2470 pi-

451 2528 621 2578 teSc:it
652 2497 878 2581 hesulis,
918 2516 960 2567 si
1006 2527 1125 2565 cum
1174 2508 1349 2578 possis
1374 2501 1671 2579 νάιιιιιίιίιθΐ
1718 2497 2025 2551 defunctum

446 2612 597 2676 ﬂere,
630 2627 735 2665 non
765 2610 926 2663 facias
952 2625 965 2659 :
993 2605 1043 2657 id
1074 2612 1178 2670 est,
1212 2602 1255 2654 si
1284 2597 1560 2653 oculorum
1594 2590 1891 2647 ministerio
1930 2602 2021 2639 ne-

446 2719 711 2777 quaquam
761 2701 953 2769 jungas
1004 2694 1117 2749 oris
1168 2692 1422 2746 officium.
1469 2686 1600 2745 Ubi.
1648 2685 1772 2738 dum
1827 2678 2024 2777 lumina

446 2769 679 2851 stimulis
712 2800 827 2845 acta
874 2786 1076 2840 doloris
1107 2784 1433 2853 illacrymant
1453 2819 1467 2842 ,
1499 2776 1680 2831 feriata
1711 2780 1834 2825 sunt
1864 2769 2024 2821 verba

451 2883 785 2958 plangentis?
826 2880 929 2935 Sed
978 2894 1107 2947 ego,
1158 2876 1430 2927 hominum
1496 2864 1884 2927 sincerissime,
1934 2862 2021 2958 qui

438 2948 675 3031 ‘iristi'tiae
719 2983 825 3025 tua:
873 2966 1184 3037 obsequium
1218 2965 1269 3016 in
1300 2960 1443 3014 omni
1479 2956 1650 3012 debeo
1699 2965 1845 3022 parte
1882 2948 2022 3021 quod

442 3067 619 3127 valeo,
644 3075 930 3117 mmrorem
961 3073 1141 3112 meum
1166 3054 1219 3108 in
1250 3070 1354 3122 quo
1384 3050 1476 3103 tibi
1503 3060 1684 3102 eomes
1712 3060 1851 3104 sum,
1879 3041 2021 3093 Volui

445 3140 737 3227 scriptione
766 3155 949 3209 testari
986 3170 999 3203 :
1032 3166 1099 3203 ne
1127 3148 1179 3202 in
1210 3162 1312 3198 una
1353 3155 1509 3196 nitate
1539 3140 1824 3193 cﬂ’uswum
1854 3136 2021 3187 inter-

443 3253 713 3319 ciperetur
760 3244 1016 3299 memoria
1068 3241 1441 3308 lacrymarmn,
1472 3233 1551 3285 vel
1600 3232 1887 3284 aestimaret
1932 3242 2024 3293 po-
2051 3213 2096 3273 C

438 3316 663 3397 meritas
686 3351 770 3389 me
796 3334 849 3388 in
872 3333 965 3386 lilii
993 3332 1065 3385 tui
1093 3338 1264 3383 morte
1294 3327 1397 3379 hoc
1419 3325 1587 3378 solum
1614 3321 1861 3375 debuisse
1883 3316 2021 3386 quod

446 3429 632 3487 solvi:
678 3427 881 3481 habens
923 3424 976 3477 in
1028 3422 1126 3475 hac
1167 3424 1249 3473 v‘a
1300 3415 1726 3471 vein-randarum
1783 3409 2025 3476 exempla

453 3520 787 3593 pontificum,
815 3532 1041 3585 quorum
1078 3513 1373 3566 imitatione
1403 3508 1778 3564 nobilitautur,
1810 3517 1943 3571 quos
1974 3501 2024 3553 iu

440 3613 696 3667 atttttbrant
754 3609 942 3663 inuria
1011 3606 1404 3660 concluserunt.
1473 3599 1792 3654 Ambrosius
1848 3609 2028 3648 noster

450 3708 471 3737 ¹
500 3703 847 3760 decedentem
875 3713 1184 3769 germanum
1219 3705 1351 3749 teste
1380 3692 1681 3746 afﬂictionis
1712 3704 1819 3743 sum
1851 3688 2028 3740 libello

457 3807 771 3869 prosecutus
812 3803 913 3848 est.
944 3791 1111 3859 Quem
1156 3801 1274 3842 cum
1320 3795 1565 3841 recen-et
1603 3793 1782 3836 secuta
1829 3781 2026 3850 proles,

452 3906 504 3950 et
529 3891 804 3961 scriptoris
843 3890 980 3943 bene
1024 3883 1287 3947 meminit,
1318 3891 1373 3937 et
1400 3882 1452 3934 in
1498 3881 1671 3950 Satyri
1706 3879 1884 3932 Latris
1915 3880 2029 3941 ejus

455 3984 601 4040 obitu
636 3983 866 4037 Inuenta
911 3977 1185 4047 conjungit
1213 3992 1225 4027 :
1255 3974 1374 4044 quia
1406 3975 1523 4040 ejus
1556 3969 1857 4040 provisione
1897 3984 2026 4022 cun-

456 4076 573 4146 tigit
611 4082 878 4128 recentem
925 4068 1165 4122 dolorem
1212 4073 1485 4136 ostentare
1526 4064 1651 4115 dum
1699 4060 1949 4129 loquitur,
1979 4067 2033 4111 et

457 4175 581 4221 ante
630 4154 915 4233 legentium
960 4158 1146 4214 oculos
1184 4172 1398 4227 semper
1441 4155 1743 4210 exhalantia
1786 4154 2029 4220 Spiritum

456 4259 564 4329 jam
602 4255 699 4310 diu
720 4254 959 4308 defuncti
1008 4248 1245 4305 membra
1298 4257 1623 4310 monstrare;
1659 4260 1756 4299 nec
1800 4260 2031 4314 unquam

460 4349 568 4419 pati
598 4356 935 4403 veterescere
965 4342 1240 4399 relationis
1272 4339 1375 4394 fide
1406 4338 1585 4399 funus,
1611 4338 1751 4407 quod
1782 4338 1908 4391 anni
1940 4352 2033 4405 po-

458 4453 673 4499 tueruut
718 4442 944 4509 sepelire
989 4435 1258 4492 transacti.
1321 4434 1415 4507 llis
1466 4433 1535 4486 ita
1583 4448 1642 4487 se
1690 4432 2029 4493 habentibus,

459 4534 736 4590 oculorum
767 4532 980 4585 ﬂumina
1010 4528 1249 4595 refrena,
1280 4536 1337 4581 et
1363 4525 1620 4589 animum,
1662 4523 1706 4577 si
1739 4524 1931 4592 placet,
1965 4521 2029 4574 ad

533 4668 548 4697 ‘
592 4666 856 4718 Ennodiuv
891 4663 1128 4716 Armenio
1158 4656 1575 4730 consolatoriam]
1609 4660 1680 4712 lla
1713 4659 1763 4711 in
1803 4659 2035 4725 antiquis

459 4738 757 4803 concipitur
778 4736 862 4788 hic
885 4734 1091 4794 titulus,
1116 4733 1278 4803 verbo
1299 4729 1606 4803 suppresso.
1623 4729 1726 4803 Qui
1750 4744 1866 4803 mos
1889 4730 2033 4803 illum

463 4824 565 4859 non
616 4799 923 4873 infrequens
978 4805 1028 4855 iu
1078 4802 1423 4873 epistularum
1475 4799 1938 4873 inscriptionibus,
1984 4802 2033 4853 iu

460 4877 653 4941 quibus
699 4872 857 4927 etiam
906 4873 1078 4942 ip-um
1131 4872 1429 4941 argumenti
1482 4886 1651 4937 genus
1708 4872 2034 4942 iudicabant.

459 4946 606 5000 Talis
632 4954 715 4998 Gal
758 4946 1035 5012 inscriptio
1059 4944 1311 4995 carminis
1344 4942 1617 4997 Sidoniani
1665 4943 1730 4996 ad
1769 4941 2029 5006 Thaliam,

461 5016 601 5087 quod
633 5015 890 5068 insertum
922 5024 1005 5067 est
1026 5013 1268 5080 epistola:
1297 5015 1357 5066 ll
1391 5012 1483 5066 lib.
1520 5026 1611 5066 vui
1634 5031 1646 5042 '

714 5105 917 5154 Dilectae
941 5103 1081 5152 nimis
1105 5112 1151 5153 et
1187 5104 1418 5165 peculiari

711 5167 922 5215 l‘hwhus
946 5166 1359 5214 commonitorium
1387 5165 1568 5214 Thaliae

469 5249 665 5301 Verum
699 5264 747 5299 ιιι
778 5246 982 5301 Sidonii
1013 5247 1239 5315 vulgatis
1268 5248 1589 5302 editionibus
1624 5247 1673 5300 hi
1703 5264 1889 5302 versus
1920 5262 2038 5302 cum

466 5322 537 5372 rel
565 5320 683 5385 quis
711 5318 889 5388 ini-pte
917 5318 1212 5380 coluerent,
1241 5333 1359 5371 cum
1401 5319 1604 5387 sejuogi
1635 5320 1881 5383 debeant,
1912 5321 2035 5388 quia

468 5387 675 5442 titulum
724 5387 943 5451 faciunt,
985 5388 1212 5459 similem
1244 5390 1383 5441 illius
1424 5392 1561 5459 apud
1594 5391 1910 5459 Gregorium
1936 5387 2039 5443 'lib.

467 5472 523 5510 tu
570 5460 791 5528 lbalog.,
835 5474 955 5526 cap.
1008 5460 1076 5512 10
1118 5475 1129 5509 τ
1177 5458 1393 5511 Sabinus
1438 5458 1642 5511 Domini
1684 5463 1811 5513 Jesu
1852 5461 2041 5513 Cltrtsti

468 5543 638 5599 {arvus
664 5527 1100 5582 colnmonitorium
1152 5527 1323 5591 Pado;
1354 5540 1408 5581 et
1437 5530 1590 5594 hujus
1620 5530 1815 5584 Zosimi
1850 5546 1999 5599 papa:
2026 5550 2036 5583 :

469 5596 701 5672 Zosimus
738 5604 1001 5672 episcopus
1044 5600 1484 5652 commonitorium
1527 5600 1831 5669 presbyteris
1852 5596 2047 5657 'ct'dia-

469 5668 677 5738 canibus
697 5672 785 5738 qui
816 5668 1068 5723 Rauennae
1094 5679 1229 5722 sunt.

549 5738 570 5807 ξ
611 5737 723 5807 Iob.
750 5739 816 5793 de
847 5741 990 5793 obitu
1022 5741 1197 5807 Satyri
1232 5740 1425 5795 fratris.
1666 5790 1667 5793 η

548 5804 567 5835 ³
608 5805 861 5862 Abraham
918 5804 1154 5882 unicum]
1211 5811 1397 5866 Iisdem
1454 5811 1679 5869 Abralm
1724 5822 1776 5869 et
1836 5812 2048 5870 Davidis

2064 4590 2117 4650 D

2137 1616 2253 1681 ejus
2298 1614 2456 1667 verba
2488 1623 2771 1680 converte,
2800 1617 2887 1683 qui
2918 1615 3009 1669 tibi
3039 1615 3169 1669 ﬂens
3197 1617 3501 1671 consolator
3528 1633 3723 1672 occur-

2134 1708 2220 1760 rit.
2256 1706 2513 1760 Amisisse
2546 1717 2595 1771 te
2637 1706 2802 1759 filium
2849 1722 2983 1775 pene
3025 1708 3235 1761 unicum
3289 1719 3341 1763 et
3371 1710 3523 1763 home
3566 1711 3723 1763 intin-

2131 1797 2214 1856 lis,
2244 1797 2384 1865 quod
2408 1798 2572 1866 patria
2598 1813 2703 1851 non
2728 1798 2901 1852 minus
2924 1800 3145 1867 requirit
3175 1800 3406 1868 aﬂ‘ectio,
3429 1802 3722 1869 provincia:

2131 1887 2362 1959 ululatus
2389 1887 2648 1951 ostendit,
2673 1903 2793 1941 cum
2818 1889 2881 1940 ad
2906 1889 3154 1942 solatium
3186 1891 3474 1959 gemitonm
3506 1903 3721 1946 tuorum

2130 1992 2258 2033 suos
2281 1977 2532 2047 jungens,
2562 1978 2685 2045 quid
2717 1978 2782 2032 de
2811 1995 2875 2031 eo
2898 1995 3166 2046 censeret,
3200 1990 3425 2035 testatur
3454 1984 3723 2036 universi-

2135 2080 2236 2123 tas.
2269 2069 2345 2123 Tu
2380 2079 2555 2124 tamen
2585 2069 2723 2125 inter
2750 2069 2848 2124 ista
2880 2072 3029 2140 quasi
3058 2072 3304 2141 specialis
3344 2072 3467 2140 mali
3500 2088 3720 2141 pressos

2128 2177 2262 2215 nece
2302 2161 2661 2225 concluderis,
2690 2163 2935 2217 nesciens
2982 2164 3385 2231 temperandum
3436 2164 3572 2232 quod
3624 2178 3722 2232 per

2113 2251 2418 2305 vntultorum
2469 2252 2772 2319 dispersum
2824 2252 2987 2306 corda
3043 2240 3335 2306 conttnnne‘
3377 2262 3479 2307 est.
3540 2254 3719 2320 Qu.th

2127 2359 2255 2414 ergo
2286 2344 2554 2411 propriam
2585 2343 2821 2398 mstimes
2864 2345 3212 2408 anxietatem,
3246 2360 3403 2413 quam
3438 2361 3587 2397 suam
3623 2362 3717 2413 per

2130 2432 2377 2489 affectum
2431 2444 2576 2487 tomn
2620 2433 2794 2488 fecere
2835 2434 3247 2504 quampluritni?
3293 2434 3513 2498 Tecum,
3542 2446 3598 2488 ut
3646 2440 3717 2486 de

2128 2538 2349 2593 cognata
2376 2536 2531 2593 gente
2559 2535 2785 2589 taceam,
2806 2524 3010 2578 Gothus
3034 2526 3317 2595 afﬂigitur;
3350 2536 3404 2581 et
3437 2538 3488 2579 tu
3516 2529 3714 2589 adhuc,

2128 2616 2277 2685 quasi
2324 2619 2470 2670 solus
2523 2617 2751 2686 propriis
2801 2617 3022 2671 mslibus
3077 2618 3361 2688 subjacens
3406 2620 3718 2693 inclinat-is?

2128 2707 2398 2761 instruant
2428 2720 2499 2770 te,
2524 2722 2729 2775 quaeso,
2770 2716 3009 2761 veterum
3055 2720 3365 2763 ornamenta
3414 2712 3712 2777 majorum:

2128 2811 2182 2854 et
2203 2817 2231 2853 a
2262 2801 2508 2853 mmrmis
2534 2799 2599 2862 ad
2630 2800 2823 2854 bonam
2855 2801 3211 2856 valetudinem
3241 2801 3532 2855 intentione
3553 2804 3712 2855 resu-

2129 2899 2299 2943 tuant.
2334 2890 2353 2920 ³
2386 2890 2654 2943 Abraham
2704 2891 2915 2944 unicum
2968 2892 3134 2945 filium
3187 2892 3345 2945 morti
3394 2893 3547 2960 quasi
3593 2896 3714 2961 pius

2130 2992 2301 3051 pater,
2333 2982 2473 3051 quod
2520 2981 2691 3050 majus
2730 2991 2832 3049 est,
2864 2984 3013 3036 Ianus
3056 2983 3318 3045 exhibuit,
3347 2995 3399 3036 et
3427 2986 3489 3034 ad
3522 2999 3710 3038 necem

2130 3075 2221 3128 filii
2272 3089 2585 3128 mucronem
2636 3075 2845 3143 genitor
2896 3077 3201 3131 misericors
3252 3077 3587 3145 pra-paravit.
3631 3077 3713 3130 'l‘u

2128 3169 2444 3222 translatum
2485 3167 2687 3221 cmlesti
2727 3168 2948 3236 judicio,
2981 3169 3130 3237 qua~i
3178 3173 3417 3238 orbatus,
3449 3171 3667 3238 inquiris
3698 3189 3710 3221 :

2128 3267 2182 3313 et
2211 3273 2365 3325 quem
2397 3272 2501 3309 non
2530 3257 2789 3311 obtulisse
2818 3258 3154 3327 sat-rilegium
3201 3258 3322 3327 fuit,
3353 3262 3489 3314 hunc
3518 3276 3716 3315 oneras

2132 3349 2345 3403 ﬂetibus
2390 3358 2690 3402 evocatum.
2733 3350 2786 3400 In
2826 3365 2927 3418 qua
2968 3366 3124 3403 causa
3160 3351 3465 3403 Davidicutn
3506 3351 3597 3403 tibi
3623 3367 3714 3404 oc-

2129 3452 2301 3495 currat
2334 3444 2656 3509 exemplum,
2693 3441 2781 3510 qui
2829 3441 3078 3496 feretrum
3129 3444 3217 3497 lilii
3267 3458 3467 3504 ovans.
3504 3454 3557 3498 et
3601 3443 3716 3507 Deo

2133 3533 2371 3588 referens
2421 3535 2617 3600 gratias
2663 3536 2980 3599 antecessit,
3011 3536 3150 3604 quod
3197 3536 3434 3604 dignatio
3479 3551 3714 3603 superna

2135 3625 2201 3678 de
2226 3625 2515 3678 venerandi
2552 3624 2824 3693 propheta:
2853 3625 3078 3691 semine,
3110 3640 3265 3697 quem
3302 3625 3436 3679 forte
3467 3643 3714 3679 nionem-

2132 3727 2300 3781 retur,
2329 3716 2612 3770 acciverat.
2644 3716 2722 3770 Tu
2755 3716 2797 3769 si
2828 3716 2942 3784 ejus
2965 3717 3242 3768 :nmulatoi-
3269 3732 3373 3770 non
3409 3719 3716 3786 prorumpis

2132 3808 2184 3862 in
2215 3806 2483 3877 gaudium,
2518 3816 2665 3861 certe
2712 3816 2952 3872 tempera
2983 3808 3082 3864 sub
3110 3809 3286 3877 aliqua
3327 3809 3567 3877 prtedicti
3599 3810 3723 3863 inii-

2133 3898 2334 3950 tatione
2364 3897 2696 3950 maestitiam.
2730 3894 3033 3965 Replicabis
3057 3897 3298 3959 forsitan,
3325 3902 3405 3952 vix
3440 3901 3536 3953 is'a
3561 3902 3722 3967 aegris

2132 3986 2312 4040 animo
2357 4002 2515 4054 posse
2547 3987 2784 4051 suaderi,
2816 4001 2867 4042 et
2902 3990 2949 4043 in
2982 3990 3127 4057 gravi
3172 3989 3515 4044 tribulatione
3544 3990 3723 4044 lucum

2135 4092 2238 4130 non
2265 4078 2461 4130 habere
2482 4077 2708 4130 consilia
2736 4092 2751 4130 :
2777 4078 3017 4132 orbatum
3045 4096 3147 4133 non
3172 4080 3439 4149 respicere
3464 4080 3724 4149 quidquid

2135 4167 2383 4222 hortatur
2411 4168 2475 4222 ad
2510 4170 2670 4222 vitam
2697 4187 2709 4221 :
2735 4169 2947 4224 unicum
2978 4171 3249 4226 desolatos
3279 4172 3474 4227 habere
3511 4174 3562 4226 in
3592 4189 3726 4225 evo-

2134 4258 2302 4313 canda
2331 4267 2501 4312 morte
2530 4258 2848 4312 subsidium.
2882 4259 2973 4313 "is
3002 4260 3185 4325 addas,
3218 4262 3356 4330 quod
3392 4262 3525 4332 frugi
3557 4263 3725 4315 sobo-

2136 4349 2260 4415 lem,
2302 4358 2487 4419 etquo
2531 4359 2769 4403 teneram
2819 4360 3028 4405 relatem
3079 4352 3340 4419 vinceret,
3370 4369 3575 4407 morum
3608 4370 3731 4408 mo-

2136 4443 2304 4498 destia
2336 4442 2613 4511 perdidisti
2642 4442 2916 4509 :allegans
2942 4444 3196 4511 juvenem
3228 4456 3371 4499 tuum
3403 4446 3725 4500 immaturos

2138 4520 2329 4597 annos,
2355 4533 2442 4600 qui
2488 4534 2716 4590 peccatis
2747 4533 2899 4587 amici
2946 4545 3091 4600 sunt,
3120 4534 3141 4566 ⁸
3170 4537 3402 4605 glorioso
3436 4540 3539 4590 line
3566 4538 3718 4591 clau-

2139 4666 2398 4737 exemp‘is
2452 4667 2613 4737 utitor
2646 4666 2714 4737 AC
2755 4668 3090 4722 nnnodianus
3145 4672 3394 4735 antiquus
3446 4671 3722 4737 scriptor,

2138 4736 2290 4805 cujus
2337 4752 2385 4787 ιιι
2416 4736 2579 4789 ’minit
2625 4735 2951 4808 Gennadius,
2983 4738 3075 4790 lib.
3120 4755 3149 4789 Il
3203 4735 3636 4808 lnstructionuin,
3671 4746 3725 4797 ιιι

2141 4821 2201 4861 ea
2233 4822 2349 4873 qua:
2382 4807 2686 4860 inscribitur
2714 4806 2874 4861 Filios
2902 4825 3005 4860 non
3033 4809 3310 4877 lugendos.

2234 4896 2339 4959 lion
2365 4897 2520 4957 pudet
2546 4896 2783 4945 infrenem
2808 4897 3069 4959 gentiliter
3091 4898 3325 4959 plangere
3351 4902 3521 4951 natos?

2236 4944 2303 5007 Gs
2328 4944 2534 5019 laceras,
2554 4944 2709 5005 tandis
2732 4944 2927 5018 pocius,
2940 4944 3232 5009 vestimenta
3248 4944 3473 5010 deducis.

2236 5020 2339 5068 Nec
2361 5022 2542 5067 metuis
2567 5020 2842 5080 Dominum,
2869 5022 3007 5081 cujus
3031 5029 3170 5083 Optas
3194 5035 3399 5085 regnum
3424 5025 3582 5073 videri
3606 5024 3631 5071 Υ

2149 5099 2213 5153 Et
2244 5111 2364 5168 post
2390 5100 2491 5152 alia
2518 5117 2531 5152 :

2235 5188 2341 5238 Nec
2373 5190 2541 5238 dolore
2558 5190 2697 5238 duxit
2722 5197 2860 5251 pater
2879 5189 3025 5239 filium
3061 5194 3363 5243 mactandum
3388 5197 3444 5244 ad
3471 5209 3587 5244 aran

2236 5252 2415 5302 Dolore
2441 5265 2533 5301 uec
2560 5260 2695 5300 vates
2717 5252 2866 5300 tilium
2893 5254 3017 5302 luxit
3037 5253 3336 5304 defunctum.
3582 5272 3588 5278 -

2216 5334 2234 5363 ⁸
2276 5332 2513 5411 Glorioso
2562 5333 2682 5411 ﬁne]
2734 5336 2815 5411 9b
2862 5348 3035 5411 actam
3090 5339 3479 5406 pteniteutiam,
3512 5340 3581 5395 de
3626 5360 3732 5411 qua

2147 5416 2376 5479 mox,_et_
2407 5406 2456 5458 itt
2487 5407 2724 5458 carmine
2749 5406 2837 5479 5i,
2875 5406 2959 5459 ubi
2988 5411 3163 5461 tabula
3205 5411 3528 5464 describitur
3552 5413 3603 5465 in
3628 5406 3734 5479 qua

2144 5474 2323 5549 angeli
2366 5476 2506 5549 hunmc
2558 5478 2821 5549 Armenii_
2854 5478 3016 5529 lilium
3063 5483 3150 5548 qui
3201 5480 3573 5548 ptenitcntiatn
3621 5474 3737 5549 egit

2145 5546 2357 5619 tJhrisn)
2406 5546 2721 5619 offerebant.
2770 5545 2889 5600 Nec
2930 5545 3090 5601 enim
3123 5545 3439 5605 dubitabant
3482 5554 3609 5619 quin
3657 5545 3727 5607 ilio

2147 5615 2354 5687 beatam
2380 5618 2844 5687 vitanti-volarent
2864 5618 2951 5686 qtti
2976 5621 3305 5686 paenitentia:
3334 5615 3727 5687 sacrisexpiati

2148 5686 2494 5762 excederent.
2535 5683 2684 5762 Linde
2713 5683 3279 5762 _sicut'de'ne0phytis
3321 5707 3508 5746 ricens
3552 5683 3735 5762 bapti-

2150 5757 2307 5819 satis,
2339 5758 2408 5808 ita
2448 5756 2513 5808 de
2543 5754 2606 5807 iis
2635 5755 2727 5823 qui
2771 5766 2889 5823 post
2939 5754 3216 5825 pmoiteuii
3258 5777 3306 5814 tn
3357 5764 3595 5824 obibant,
3622 5754 3734 5817 hoc

2151 5840 2294 5893 saepe
2324 5841 2419 5878 usu
2457 5825 2670 5894 pibaut,
2705 5834 2759 5879 ut
2789 5828 2853 5879 iis
2885 5843 2914 5881 e
2942 5842 3028 5882 aut
3057 5831 3316 5899 migra~se
3344 5832 3409 5885 ad
3440 5831 3729 5888 Dominum

3594 5214 3623 5261 ἰ
