3998 6362
188 363 269 419 δτ
1463 344 1760 407 [ΡΙΒὟΟῘΛ

1860 350 1932 407 Jll
1974 346 2097 407 ΗΒ.
2140 350 2200 407 ll.
2376 350 2382 361 ”
3383 360 3453 415 58

191 481 341 539 sisse,
368 482 424 527 et
448 472 502 526 in
533 470 712 527 aetatis
752 466 1023 537 naufragio
1062 466 1128 518 ab
1164 479 1230 519 eo
1266 465 1334 518 de
1356 472 1529 530 portu
1572 468 1765 516 animae
1792 478 1838 527 Α
1871 465 2013 533 plum
2039 474 2237 517 sanctae
2266 465 2689 520 converSationis
2722 468 2774 521 in
2807 462 3020 529 Ioo.um
3055 462 3375 539 producere,
3397 486 3453 530 ct

193 571 347 624 fuisse
372 573 689 619 tractaturo.
713 561 914 628 Quibus
935 574 1033 627 ego
1059 557 1301 611 dolorum
1329 564 1535 607 tuorum
1568 554 1772 608 fomen-

131 709 139 719 .
194 674 276 726 t.s,
318 658 441 715 licet
490 668 740 719 moestus,
786 667 1068 722 opponam.
1114 651 1287 704 Minus
1333 649 1587 717 peccavit,
1629 646 1771 714 quod

195 758 506 809 immaturus
537 750 800 815 abruptus
829 754 930 797 est.
961 742 1146 797 Jttnxit
1174 741 1238 793 ad
1270 741 1429 793 vitam
1459 748 1770 808 perpetuam

196 844 428 900 melioris
468 840 651 896 θεουιὶ
702 837 840 906 quod
881 835 935 888 in
982 835 1081 887 ista
1124 830 1363 885 servavit
1403 847 1415 881 :
1459 829 1768 898 poenitentia

194 952 343 1007 quam
375 950 501 990 eum
537 934 713 1002 egi-se
751 928 1003 998 loqueris,
1039 927 1195 978 etiam
1231 925 1273 976 si
1312 924 1361 975 in
1402 922 1517 989 ipso
1549 936 1652 972 non
1686 921 1768 972 iu-

198 1028 426 1085 venisset
449 1025 591 1093 quod
622 1022 870 1081 dilueret,
901 1020 1177 1072 invenerat
1205 1013 1345 1083 quod
1375 1021 1626 1065 ornaret:
1651 1026 1770 1079 quas

193 1124 400 1193 quoties
432 1115 808 1173 innocentibus
835 1112 1009 1169 datur.
1041 1122 1291 1161 coronam
1322 1121 1418 1173 pro
1459 1104 1769 1157 humilitatis

194 1215 475 1269 allectione
520 1208 795 1263 conciliat.
846 1204 923 1258 Ad
973 1204 1086 1256 lucc
1135 1198 1639 1268 respondeastQtto
1684 1212 1768 1250 me

158 1312 165 1319 ‘
195 1316 419 1365 vertam,
449 1302 635 1362 frater,
660 1298 747 1367 qui
790 1305 981 1363 prmter
1010 1296 1268 1362 lacrytnas
1298 1292 1351 1343 in
1373 1290 1618 1355 praesenti
1652 1290 1767 1342 luce

194 1398 318 1451 nihil
364 1392 575 1448 habeo?
622 1389 904 1459 Adjiciam,
940 1387 1029 1440 Dei
1081 1383 1474 1454 proximitatem
1525 1382 1768 1435 invenire

194 1504 349 1556 posse
382 1484 679 1547 hominem,
710 1481 797 1550 qui
826 1481 893 1533 de
921 1477 1134 1531 homine
1174 1490 1279 1528 non
1312 1476 1538 1527 lmtatur.
1567 1474 1619 1526 In
1651 1475 1767 1526 loco

194 1581 285 1635 lilii
325 1576 619 1633 succedere
647 1588 805 1643 posse
831 1570 1233 1633 conscientiam,
1263 1583 1381 1638 quae
1410 1579 1623 1621 sanctos
1651 1567 1767 1634 ejus

192 1672 438 1727 haeredes
484 1668 738 1723 inveniat.
772 1666 884 1718 Non
934 1678 1092 1718 unam
1134 1678 1259 1730 ergo
1307 1663 1469 1722 viam,
1497 1661 1539 1712 si
1582 1661 1769 1713 audire

189 1764 451 1833 digneris,
474 1762 598 1814 vita}
624 1758 862 1812 melioris
888 1756 1162 1809 ostendam
1191 1771 1204 1808 :
1232 1755 1351 1806 licet
1379 1760 1465 1805 tua
1490 1767 1591 1803 non
1615 1761 1766 1818 egeat

188 1855 467 1910 monitore
495 1850 779 1921 perfectio;
814 1863 911 1901 nec
958 1851 1213 1913 magistro
1259 1860 1395 1911 opus
1424 1845 1491 1895 sit
1525 1843 1573 1895 ei
1604 1857 1761 1910 quem
1796 1839 1842 1898 Β

189 1947 431 2001 fecerunt
476 1952 686 1995 actuum
733 1954 947 1991 suorum
992 1936 1392 1989 eniendatioues
1432 1944 1485 1987 et
1518 1936 1765 1986 honesta-

187 2046 362 2091 mcuta
421 2033 818 2099 conspicuum:
861 2028 957 2082 nisi
1011 2038 1211 2081 tantum
1273 2037 1329 2081 ut
1377 2027 1763 2080 adhortationis

184 2142 340 2197 quam
374 2124 603 2179 consilio
630 2134 722 2177 tuo
747 2132 799 2176 et
827 2122 1119 2188 prudentia:
1146 2120 1325 2181 debes,
1355 2120 1510 2172 lidi-m
1539 2120 1570 2172 d
1597 2121 1763 2185 ligen-

186 2230 263 2273 ter
289 2216 601 2283 expendas;
623 2225 673 2267 et
703 2214 766 2267 ad
799 2214 1097 2267 caelestium
1125 2219 1403 2264 munerum
1434 2211 1678 2264 allectum
1712 2222 1761 2264 te

184 2323 429 2373 revoces,
456 2308 597 2359 unde
617 2305 805 2358 vitales
836 2318 991 2356 auras
1018 2315 1070 2355 et
1096 2302 1386 2370 accipimus
1411 2311 1463 2354 et
1490 2317 1758 2364 amamus;

183 2410 235 2455 et
276 2408 493 2469 gratum
544 2398 697 2449 nobis
741 2396 811 2447 sit
850 2393 1196 2455 benelicium,
1242 2392 1395 2460 cujus
1436 2392 1661 2446 colimus
1707 2400 1762 2446 et

184 2505 508 2545 veneramur
553 2498 850 2541 auctorem.
893 2485 992 2538 Ista
1024 2493 1165 2543 sunt.
1191 2499 1309 2553 quae
1338 2485 1487 2539 brevi
1514 2501 1761 2541 sermone

184 2585 367 2638 dolens
417 2597 608 2650 magna
648 2580 927 2639 contexui;
960 2589 1167 2645 ruptam
1208 2577 1529 2642 singultibus
1570 2587 1758 2632 conte-

184 2675 465 2727 stationem
520 2685 616 2738 pro
654 2671 772 2740 styli
806 2670 1047 2723 ubertate
1074 2668 1329 2737 dirigens,
1356 2669 1480 2722 dum
1508 2680 1654 2722 muto
1686 2672 1761 2724 la-

185 2775 356 2818 menta
388 2763 697 2830 colloquiis.

760 2855 1081 2910 EPISTULA
1127 2854 1187 2909 II.

677 2962 927 3002 ENNODIUS
957 2948 972 2978 ²
1004 2960 1279 3000 ςνεοιοςε.

247 3039 532 3093 Silentium
574 3054 750 3092 meum
779 3039 932 3093 dolor
959 3040 1139 3105 exigit,
1166 3040 1251 3106 qui
1298 3055 1482 3106 passus
1520 3048 1604 3093 est
1640 3054 1758 3094 cre-

187 3146 350 3195 scere,
379 3130 510 3185 dum
548 3131 616 3184 de
656 3130 889 3185 vindicta
934 3133 1154 3199 cogitat,
1187 3132 1460 3196 dispendia
1499 3134 1755 3187 ciritatis.

186 3223 311 3290 Quid
343 3225 490 3277 enim
526 3223 639 3277 fieri
677 3224 866 3292 potuit,
898 3223 996 3278 nisi
1042 3235 1099 3276 ttt
1139 3225 1360 3279 tacendo
1397 3227 1564 3279 vicem
1608 3226 1758 3281 resti-
1788 3206 1834 3269 Ο

189 3324 385 3368 tuerem
418 3314 628 3368 litteras
672 3313 989 3383 deneganti;
1022 3324 1075 3367 ut
1114 3323 1450 3382 contemptus
1478 3318 1619 3369 circa
1651 3332 1757 3377 me.

189 3406 270 3475 qui
302 3421 403 3475 per
446 3405 825 3459 abstinentiam
867 3406 1157 3459 venerandi
1201 3406 1465 3459 sermonis
1509 3407 1756 3472 innotuit,

187 3498 304 3552 dum
325 3498 570 3552 subduco
586 3498 872 3567 colloquia,
889 3498 1000 3566 pari
1025 3513 1278 3552 mucrone
1305 3499 1587 3553 feriretur?
1609 3498 1758 3553 Dicas

186 3582 425 3657 forsitan,
472 3591 762 3644 vindictam
811 3590 1080 3645 inimicam
1136 3606 1256 3645 esse
1313 3594 1603 3659 proposito.
1650 3592 1755 3645 Sed

185 3685 353 3735 omnia
386 3692 563 3736 errata
595 3684 663 3735 ita
698 3694 969 3748 computo,
1000 3683 1149 3752 quasi
1183 3683 1315 3751 legis
1343 3682 1676 3753 obsequium,
1703 3685 1754 3738 in

183 3773 369 3840 quibus
430 3788 524 3827 vos
578 3788 698 3826 ess-2
753 3774 1010 3843 contingit
1069 3783 1334 3828 auctores.
1396 3777 1756 3843 Quisquamne

184 3864 389 3932 culpam
448 3874 596 3931 putet
647 3864 821 3917 facere
873 3863 1009 3933 quod
1062 3865 1263 3928 fecisti,
1312 3875 1362 3919 et
1413 3866 1751 3935 plectendum

181 3956 371 4023 judicio
424 3954 609 4008 divino
649 3963 886 4018 censeat,
933 3955 1072 4022 quod
1122 3969 1151 4008 a
1202 3965 1253 4010 te
1301 3957 1624 4024 processisse
1658 3973 1750 4011 co-

182 4057 395 4113 gnoscat
413 4047 438 4099 ?
458 4045 636 4114 Equo
656 4060 783 4114 ergo
806 4046 982 4099 animo
997 4048 1198 4101 sustine
1222 4048 1360 4116 quod
1379 4049 1574 4118 deliqui
1594 4068 1605 4102 :
1624 4051 1749 4104 dum

182 4150 233 4189 ea
262 4138 313 4189 in
347 4151 407 4189 re
444 4134 726 4203 prmcedis,
760 4134 848 4188 lux
894 4135 1181 4199 Ecclesitn,
1215 4137 1325 4205 ipsa
1371 4138 1602 4191 voluisti.
1640 4139 1750 4210 Ego

180 4242 323 4281 servo
368 4228 644 4290 animum,
672 4242 829 4292 quem
879 4228 1097 4296 promisi
1123 4269 1138 4291 ,
1174 4239 1230 4282 ut
1275 4230 1327 4282 in
1374 4231 1669 4295 universis,
1702 4234 1745 4285 si

179 4335 403 4384 mereor,
444 4319 722 4372 :cmulator
773 4320 1015 4373 existam.
1062 4319 1225 4386 Cujus
1272 4321 1347 4373 rei
1395 4322 1585 4384 fidem,
1619 4323 1744 4376 dum

179 4413 467 4465 tacentibus
495 4409 645 4463 vobis
674 4422 842 4473 taceo,
866 4418 920 4463 et
942 4409 1079 4475 quod
1112 4422 1165 4464 ct
1194 4412 1528 4479 loquentibus
1554 4412 1746 4479 loquor

179 4498 422 4557 ostendit.
458 4502 537 4556 Ad
569 4503 869 4570 scriptionis
912 4518 1039 4570 ergo
1069 4502 1323 4566 oflii-inm,
1352 4512 1626 4572 postquam
1666 4506 1743 4558 vi-

178 4607 257 4643 sus
284 4608 428 4655 surn,
460 4607 548 4644 me
579 4591 798 4653 reduxi;
830 4592 916 4661 qui
948 4592 1201 4646 hactenus
1224 4593 1357 4647 intra
1386 4599 1740 4650 verecundum
1775 4592 1822 4649 Ι)

180 4680 465 4744 penetrale,
494 4684 609 4748 quae
654 4696 758 4732 non
801 4680 1131 4746 amabantur,
1161 4683 1319 4735 verba
1370 4686 1639 4749 continui;
1673 4688 1746 4739 si-

179 4770 276 4821 mili
305 4769 357 4821 in
388 4769 597 4837 paginis
617 4769 879 4834 pariturus
905 4772 1374 4840 obseqitio.(Salve,
1406 4775 1475 4826 nii
1506 4778 1743 4840 domina,

178 4856 320 4911 bona:
364 4859 624 4926 splendor
652 4860 768 4912 sine
800 4861 936 4913 nube
963 4863 1324 4925 coosoicntias,
1361 4874 1415 4917 et
1452 4865 1517 4918 ad
1561 4882 1745 4921 exem-

178 4992 427 5047 dicerent.
458 4993 513 5045 In
544 5008 665 5045 arra
697 4992 979 5059 Sepulcrali
1007 4994 1208 5057 Romm,
1237 4996 1357 5059 Jun.
1397 5004 1592 5055 Iussus
1617 5022 1667 5058 v.
1691 5024 1741 5062 ε.

179 5079 255 5122 ρει
302 5078 446 5117 VIXIT
488 5078 640 5116 Afile
680 5079 761 5115 XLI
789 5103 801 5115 .
846 5079 1000 5117 IENS.
1046 5080 1102 5118 ll.
1145 5081 1191 5117 ΙΝ
1235 5083 1341 5121 lPa‘A
1385 5087 1741 5132 PﬂiﬁFiCTllllA

177 5147 286 5185 eam
325 5148 583 5186 NEuFITUB
623 5146 690 5185 ιιτ
728 5149 795 5199 tu
831 5133 980 5187 [)wu
1022 5150 1110 5188 vm
1151 5151 1270 5189 KAL.
1314 5154 1599 5195 seorsum.
1644 5147 1756 5201 Eu-.

177 5203 692 5277 SEBIQ_F.T_i_lY_PATIO
730 5217 871 5257 coss.
916 5204 979 5277 [fit
1028 5208 1193 5261 altera
1246 5208 1522 5277 inscriptio
1583 5218 1744 5276 Aquis

174 5274 404 5325 bestiis:
436 5272 563 5349 Ileic
606 5272 660 5349 in
699 5289 824 5349 pace
861 5275 1076 5349 quiescit
1109 5278 1351 5349 iidjutor,
1374 5272 1459 5348 qui
1503 5295 1613 5349 post
1648 5272 1740 5339 oc-

176 5355 358 5409 captam
385 5344 732 5412 penitentiam
756 5344 987 5412 migravit
1010 5346 1076 5396 ad
1095 5343 1370 5402 Dominum
1385 5343 1409 5402 ’;
1433 5343 1554 5404 vixit
1579 5371 1757 5409 «turos.

178 5425 289 5482 mir.
329 5428 484 5465 less.
529 5428 623 5465 vn.
664 5426 779 5481 otes
820 5427 910 5470 xv.
960 5413 1231 5482 Depositus
1278 5432 1324 5472 s.
1370 5437 1419 5475 ιι.
1463 5438 1571 5475 vui.
1616 5442 1735 5480 nr.

175 5480 390 5535 JANCAR.
432 5484 713 5553 Anastasio,
742 5481 807 5536 γ.
850 5484 906 5535 C.
955 5480 1199 5539 consule.»
1226 5488 1485 5544 Caeterum
1537 5493 1595 5546 υ.
1631 5501 1756 5553 Λιμ.

175 5552 361 5625 guslint
385 5561 652 5625 sententia
680 5552 817 5625 fuit,
840 5561 897 5625 ut
925 5553 1194 5625 Possidius
1220 5560 1286 5610 in
1315 5562 1432 5625 ejus
1465 5561 1580 5615 Vi:a
1605 5552 1735 5619 scri-

176 5619 267 5703 bit,
295 5621 451 5675 etiam
486 5621 1093 5703 l:iuilatos_Cbristianos
1118 5619 1506 5703 etsacerdotcs
1534 5635 1737 5703 absque

175 5690 318 5770 digna
344 5702 396 5746 et
420 5697 746 5762 competenti
784 5694 1089 5760 pt'euiteutia
1110 5696 1257 5750 exire
1285 5700 1351 5753 de
1372 5715 1598 5770 corpore
1627 5690 1730 5761 non

174 5760 374 5814 debere.
548 5760 560 5762 _
1184 5804 1189 5810 ο

244 5832 257 5858 ¹
294 5831 563 5904 Speriour]
605 5832 887 5901 Religiosae
918 5832 1131 5888 femina:
1175 5835 1463 5905 Ticinettsi,
1497 5855 1551 5899 ut
1578 5846 1726 5901 docet

1876 554 2001 621 mei,
2034 554 2078 607 si
2109 570 2347 617 mereor,
2381 557 2687 612 meminisse
2734 558 2957 628 dignare
2983 578 2994 613 :
3019 563 3289 628 epistolari
3319 566 3452 619 dant!

1875 644 2081 695 veniam
2108 642 2375 707 brevitati,
2400 659 2559 714 quam
2592 647 2644 699 in
2672 658 2951 718 angustum
2982 652 3424 736 arctavit_festina

1874 734 1949 787 tio
1979 737 2193 803 portitoi
2210 735 2277 788 is.

2438 806 2765 862 EPISTULA
2808 810 2891 863 Ill.

2374 911 2630 951 EVNODIUS
2667 914 2949 955 ενεειοέι.

1946 987 2155 1051 Quanto
2190 988 2558 1056 deprimuntur
2592 1003 2899 1056 peccatores
2929 1008 3149 1049 sitorum
3194 998 3336 1052 t'asco
3368 1000 3445 1052 fa-

1871 1088 2100 1141 ctoriutn,
2125 1082 2318 1147 quibus
2360 1081 2429 1134 ab
2466 1082 2639 1135 oculis
2686 1085 2891 1138 tollitur
2921 1088 3174 1156 quidquid
3204 1092 3445 1156 oll‘ertttr,

1870 1181 1921 1223 et
1946 1188 2011 1225 ne
2036 1172 2085 1225 in
2110 1172 2433 1226 oblivionem
2466 1174 2730 1229 desideria
2775 1178 3073 1244 mittantur,
3103 1180 3334 1233 vicinum
3367 1186 3442 1247 lit,

1870 1277 1968 1315 nec
1996 1264 2227 1331 contingi
2262 1266 2407 1328 licet,
2439 1281 2597 1323 omne
2622 1268 2760 1334 quod
2792 1270 3042 1336 cupiunt!
3084 1271 3163 1326 Ad
3193 1273 3448 1328 Ticinen-

1867 1366 1979 1406 sem
2028 1354 2213 1408 urbem
2269 1359 2498 1408 votivam
2547 1372 2885 1426 susceperam
2940 1360 3348 1426 necessitatem,
3392 1375 3448 1417 et

1869 1446 2077 1499 molesti
2124 1447 2328 1501 itineris
2358 1449 2601 1505 universa
2653 1450 3006 1510 transieram:
3039 1456 3311 1507 aestimans
3345 1456 3446 1511 hoc

1866 1537 2197 1589 sacerdotem
2219 1538 2441 1595 credere
2468 1541 2579 1593 suis
2604 1540 2843 1608 imperiis
2866 1543 3120 1608 impendi,
3151 1547 3291 1613 quod
3325 1563 3445 1601 meo

1868 1625 2124 1680 militabat
2154 1628 2364 1682 all'ectui
2392 1647 2403 1681 :
2429 1645 2551 1684 cum
2582 1631 2761 1684 subito
2786 1644 2974 1686 contra
3004 1644 3174 1688 metas
3197 1645 3442 1691 votorum

1866 1728 2077 1769 summo
2125 1718 2306 1772 labore
2355 1720 2551 1787 petitus
2590 1721 2701 1789 jam
2733 1722 2801 1775 de
2831 1738 2954 1777 area
2996 1724 3195 1779 fructus
3239 1728 3440 1797 ell‘ngit.

1871 1807 2008 1862 Proh
2040 1809 2227 1864 dolor!
2256 1811 2345 1879 qui
2397 1828 2484 1867 me
2530 1812 2598 1868 de
2645 1813 2917 1881 epistolari
2963 1817 3201 1887 alloquio
3232 1822 3295 1873 ad
3330 1830 3439 1873 tia-

1866 1899 2095 1967 goediam
2146 1903 2337 1955 vocas!
2389 1904 2567 1957 Muros
2616 1906 2968 1971 venerandtc,
3004 1922 3123 1975 pom
3172 1911 3444 1979 religionis

1865 1990 2000 2054 loca,
2034 2002 2249 2059 propter
2294 2002 2345 2047 te
2386 1994 2617 2048 civitatis
2658 2010 2971 2063 aspexeram
3000 1999 3144 2067 :jam
3173 2004 3307 2069 grati
3348 2019 3442 2069 pa-

1866 2081 2047 2135 rabam
2079 2086 2243 2137 verba
2273 2084 2547 2153 colloquii,
2586 2092 2775 2141 vere‘or
2809 2088 3024 2153 dicere,
3052 2095 3191 2159 quod
3226 2109 3439 2151 rteman-

1864 2170 1965 2231 sit;
2000 2187 2066 2225 ne
2116 2173 2382 2241 loquendo
2425 2189 2587 2244 cogar
2628 2178 2805 2233 denuo
2844 2183 3110 2236 sustinere
3153 2193 3437 2239 transacta.

1864 2261 1884 2291 ’
1922 2262 2185 2317 Illustrem
2229 2266 2402 2319 virum
2450 2267 2675 2331 Erduic,
2727 2286 2883 2338 quem
2935 2288 3020 2325 me
3064 2282 3140 2336 tu,
3189 2276 3443 2333 Ecclesia!

1861 2350 2047 2414 decus,
2079 2352 2387 2410 desiderare
2436 2355 2659 2425 feceras,
2696 2360 3019 2427 improvisus
3064 2366 3236 2420 oculis
3282 2383 3472 2423 casus.

1862 2439 2209 2510 ingessitzibi
2243 2447 2466 2501 comites
2507 2449 2609 2503 mei
2657 2450 2859 2515 videre,
2892 2454 3018 2521 quid
3066 2466 3325 2524 peterem,
3366 2461 3439 2523 ibi

1861 2535 2023 2588 animi
2066 2538 2170 2589 mei
2218 2548 2380 2592 a'stus
2425 2540 2674 2606 innotuit,
2701 2558 2857 2609 quem
2896 2553 3020 2601 ante
3049 2548 3147 2603 sub
3176 2552 3439 2618 praedicta:

1860 2627 2168 2684 claudebam
2207 2634 2393 2686 umbra
2447 2650 2712 2701 personrn.
2769 2638 3299 2701 Nescivioccultare
3344 2663 3439 2716 per

1860 2718 2096 2773 caritatis
2146 2733 2407 2775 tormenta
2457 2725 2599 2793 quod
2648 2726 2813 2793 volui,
2849 2744 2949 2784 nec
2992 2730 3126 2788 fucis
3172 2736 3439 2800 aliquibus

1860 2809 2101 2865 colorare
2144 2815 2553 2871 conscientiam.
2608 2818 2920 2875 Maerentem
2974 2839 3059 2878 me
3094 2825 3172 2879 ad
3221 2827 3437 2887 domum

1861 2898 2092 2961 reduxit,
2116 2904 2202 2969 qui
2247 2906 2549 2971 prolixioris
2594 2908 2801 2964 itineris
2831 2926 3019 2966 causas
3049 2915 3253 2970 incidit.
3291 2918 3437 2973 Fati-

1861 2990 1966 3056 gati
1991 2993 2089 3043 nnis
2136 3008 2298 3058 mem,
2328 2996 2526 3061 fateor,
2559 3000 2871 3066 compendia
2913 3018 3016 3055 non
3066 3009 3262 3061 amavi.
3297 3011 3436 3064 Ecce

1861 3084 2307 3140 contestationem
2354 3087 2644 3155 diligentia:
2693 3107 2825 3147 mea:
2872 3104 2926 3147 et
2971 3097 3163 3153 mentis
3211 3106 3436 3159 asserui.

1865 3171 2113 3226 Vesrrom
2166 3186 2271 3240 est,
2311 3178 2353 3229 si
2409 3194 2531 3232 vera
2587 3180 2835 3248 dixerim,
2869 3200 2965 3251 vos
3012 3187 3362 3259 interroga'e,
3387 3203 3436 3247 et

1864 3263 2098 3316 animum
2125 3281 2297 3318 meum
2322 3268 2620 3323 all'eetiouis
2648 3284 2841 3343 vestr."
2869 3277 3224 3335 :cstimatione
3244 3298 3438 3351 cogno-

1863 3370 2034 3409 scere.
2083 3358 2302 3412 Domioa
2350 3362 2501 3426 m;hi,
2530 3363 2704 3418 saluto
2754 3376 2807 3421 et
2847 3368 3135 3435 deprecor,
3166 3384 3221 3427 ut
3270 3375 3437 3430 libens

1862 3462 1955 3515 per
1987 3452 2329 3517 priest-otium
2360 3454 2671 3521 portitorem
2703 3461 3029 3526 suggerenda
3053 3478 3363 3533 cognoscas.

2451 3544 2779 3605 EPISTOLA
2821 3550 2906 3605 IV.

2400 3654 2654 3695 ENNODIUS
2680 3658 2925 3699 OLYBRIO.

1929 3720 2064 3775 Nul'i
2092 3723 2309 3778 dubium
2340 3738 2423 3781 est
2456 3731 2592 3784 inter
2622 3733 2907 3801 prudentes
2934 3750 3100 3791 sacrm
3129 3738 3284 3794 fidem
3314 3758 3435 3809 pro-

1859 3811 2128 3866 missionis
2178 3815 2425 3883 impleri,
2473 3830 2528 3873 et
2556 3822 2839 3876 amicitiam
2891 3839 3005 3891 quae
3044 3829 3314 3883 tortilibus
3358 3845 3437 3887 est

1858 3904 2100 3958 maritata
2127 3905 2416 3969 fomitibus,
2445 3909 2710 3965 fructuum
2756 3914 3029 3970 nobilitate
3050 3919 3300 3983 gaudere.
3330 3924 3436 3989 Fgo

1854 3994 2237 4049 conscientiam
2291 4010 2522 4053 vestram
2568 4003 2778 4069 appello
2804 4004 2912 4072 jam
2954 4009 3165 4061 statutis
3195 4012 3435 4066 lidi-lihus

1853 4083 2157 4151 obligatam.
2201 4087 2311 4155 Ego
2340 4100 2586 4157 tanquam
2620 4092 2687 4145 de
2717 4093 2869 4147 boum
2900 4097 3108 4151 arboris
3138 4102 3331 4165 reditu,
3366 4105 3434 4158 ita

1852 4170 1918 4225 de
1947 4175 2171 4228 caritate
2215 4186 2395 4232 mutua
2443 4180 2663 4235 idoneus
2704 4198 2865 4252 carpo
2911 4202 3063 4255 poma
3118 4205 3432 4256 possessor:

1853 4262 1994 4314 nulla
2041 4266 2267 4330 partium
2308 4268 2356 4319 iu
2390 4273 2617 4337 aucupio
2650 4272 2996 4331 discesstoois
3024 4280 3165 4344 quod
3201 4283 3311 4335 fieri
3346 4300 3435 4337 vo-

1853 4354 1948 4413 luit
1972 4366 2128 4425 neget
2153 4356 2455 4425 impletum.
2483 4363 2633 4429 Apud
2658 4363 2821 4418 Deum
2849 4368 2982 4419 votis
3005 4379 3093 4421 aut
3115 4374 3432 4441 supplicium

1849 4442 2095 4507 debetur,
2132 4459 2222 4499 aut
2254 4450 2553 4514 prmmiuut.
2586 4453 2693 4520 Ego
2724 4455 2774 4508 in
2805 4469 2889 4509 me
2920 4458 3167 4527 religiosi,
3210 4463 3258 4519 in
3281 4466 3432 4520 vobis

1850 4535 2161 4589 nobilissimi
2186 4540 2616 4595 consideratione
2635 4544 2915 4612 propositi,
2933 4548 2999 4601 ad
3021 4550 3264 4606 ell‘ectuin
3291 4557 3429 4613 inter

1848 4640 1944 4677 nos
1955 4626 2253 4680 concordia:
2276 4629 2484 4683 aestimo
2508 4634 2813 4699 pervenisse
2828 4651 2945 4705 qua:
2966 4652 3135 4707 coepta
3159 4656 3279 4697 sunt
3298 4662 3311 4698 :
3332 4662 3431 4703 nec

1851 4715 2285 4772 adolescentibus
2335 4722 2517 4783 gratia:
2545 4732 2598 4775 et
2628 4723 2679 4777 in
2711 4740 2899 4780 novam
2940 4729 3109 4785 lucem
3140 4748 3429 4811 erumpen-

1852 4806 1992 4857 tibus
2020 4805 2256 4874 frugibus
2283 4810 2566 4864 verborum
2600 4817 2985 4894 potuitnegare
3010 4805 3387 4881 commercium
3411 4846 3428 4894 ;

1849 4909 1968 4947 cmn
1998 4898 2146 4961 culpa
2174 4898 2361 4966 dignus
2385 4899 2471 4963 sit,
2502 4902 2589 4970 qui
2622 4902 2674 4957 in
2720 4892 2990 4963 vicinitate
3020 4914 3221 4979 pOsilttS
3254 4892 3425 4972 noluit

1852 5026 2096 5112 mixtura.
2119 5028 2340 5112 epistola
2369 5048 2381 5082 :
2406 5030 2558 5112 cujus
2600 5047 2672 5112 _ac
2702 5047 2965 5112 sororum
3006 5043 3216 5096 ‘meutio
3261 5049 3420 5112 epist.

1860 5094 1924 5146 12
1950 5112 1960 5145 :
1992 5096 2096 5147 Sed
2119 5114 2234 5178 qua:
2256 5094 2551 5184 iujunxis‘tis
2577 5104 2639 5156 de
2664 5105 2913 5184 religiosis
2948 5094 3424 5184 feminis

1853 5175 1899 5216 et
1930 5182 1960 5232 g
1990 5170 2184 5247 rmauis
2232 5184 2364 5238 ejus,
2390 5173 2524 5224 male
2562 5184 2632 5225 est
2675 5170 2845 5229 artiora
2890 5170 3000 5232 meo
3039 5185 3177 5251 quod
3220 5170 3425 5254 imp/cie

1854 5248 1954 5285 non
1984 5246 2142 5295 potui.

1878 5332 1881 5337 ι
1922 5304 1943 5334 ²
1970 5304 2224 5378 Illttstt'cm
2250 5308 2410 5360 virum
2442 5309 2647 5378 Erdm‘c]
2678 5312 2879 5370 Nomen
2928 5320 3129 5375 restitui
3177 5339 3238 5376 ex
3277 5324 3418 5378 Vati-

1850 5387 2003 5447 cano,
2038 5376 2135 5428 nisi
2175 5379 2323 5441 quod
2358 5381 2406 5430 in
2439 5395 2505 5433 eo
2532 5376 2698 5435 Erdui
2743 5394 2942 5439 tantum
2974 5389 3207 5445 detracta
3245 5376 3414 5447 littera

1850 5442 2149 5519 legebatur.
2170 5448 2275 5519 Sed
2307 5449 2498 5502 Erduic
2528 5455 2851 5519 appellatur,
2870 5468 3029 5519 atque
3056 5442 3418 5515 intentior—bo.

1845 5527 1961 5564 rum
1993 5516 2349 5595 nobilis-imos
2374 5516 2686 5595 numeratur
2711 5526 2759 5595 in
2804 5516 3137 5595 panegyrici).
3177 5530 3417 5589 Ticinum

1844 5594 1972 5659 ergo
1998 5589 2064 5659 ah
2094 5587 2342 5652 episcopo
2374 5589 2485 5641 Med
2510 5592 2745 5645 olanensi
2793 5587 2856 5645 ad
2908 5587 3187 5651 Ι·Ϊι·ἶ1ιιὶουιιι
3223 5587 3416 5659 missus

1847 5652 2138 5729 Ennianus,
2154 5660 2411 5729 gaudebat
2432 5661 2531 5712 Sibi
2563 5662 2791 5715 oblatam
2820 5679 2867 5713 oi
2887 5652 3417 5729 casionem'viseiidzc

1841 5721 2113 5800 sla-eiusa-
2138 5721 2288 5800 {sed
2321 5741 2503 5781 contra
2541 5734 2720 5800 totum,
2766 5732 2985 5800 accidit,
3021 5746 3073 5788 ut
3131 5721 3413 5797 l'Irtluicuin

1844 5790 1895 5842 in
1921 5794 1998 5877 vlia
2023 5794 2321 5860 offenderit,
2355 5800 2660 5877 priusquam
2684 5799 2923 5853 Ticinum
2942 5790 3007 5877 es
3037 5818 3085 5860 et

1843 5877 1901 5914 ac
1928 5862 2139 5917 domum
2174 5882 2290 5917 cum
2323 5862 2386 5917 to
2421 5883 2514 5934 spe
2544 5868 2820 5943 frustratus
2860 5874 2951 5926 red
2978 5892 3033 5929 re
3072 5862 3405 5937 coactus-sit:
