3998 6362
497 331 569 385 39
1589 330 1857 390 ENNODII
1902 329 2202 387 EPISCOPI
2242 328 2617 386 'I‘ICINENSIS

3610 322 3619 329 λ’
3691 324 3771 384 ιο

499 446 1293 517 primusincipere.Inltacergo
1315 446 1694 515 mrtepudoiis
1712 447 1892 501 volens
1909 445 2075 500 vitare
2106 448 2149 503 Α
2182 454 2329 497 tuum
2358 447 2640 499 saturitate
2690 443 3082 511 pingo-sceret.
3124 438 3298 499 Taceo
3347 456 3613 501 summam
3646 459 3768 501 ,εω-

496 539 857 609 dispendium,
884 542 1008 593 nolo
1026 538 1253 592 evadere
1272 538 1578 605 opinionem
1610 537 1899 602 temerarii,
1922 535 2077 591 dom-

499 631 663 685 modo
690 631 755 683 ad
776 629 1023 691 eﬂ'ertum
1051 644 1135 683 me
1177 631 1455 682 ostendam
1489 628 1798 697 pervenisse
1830 625 2073 696 perfecti.

499 716 1017 792 Opportunissimnm
1073 723 1382 787 partito-em
1434 722 1639 774 sarcina
1691 720 1919 789 imperiti
1963 733 2080 773 ser-

500 817 677 868 monis
719 812 977 872 oneravi,
1024 809 1214 864 affectu
1267 809 1614 879 delinquens,
1661 825 1755 877 per
1784 824 1942 877 quem
1986 808 2075 877 qui

499 902 818 972 peccaverit,
842 910 897 955 et
918 901 1125 954 veniam
1158 911 1393 955 meretur
1424 911 1476 953 et
1500 899 1743 969 gratiam.
1773 898 1922 968 Rogo
1948 912 2078 967 ergo

498 994 837 1049 salutationis
864 994 1199 1048 effusissitnae
1236 992 1471 1048 debitum
1519 992 1756 1053 solvens,
1805 1000 1860 1043 ut
1902 989 1948 1044 si
1992 1004 2078 1044 uie

497 1085 643 1139 cordi
678 1085 904 1147 habeti~,
937 1084 1003 1136 de
1035 1082 1281 1138 uberrimi
1313 1082 1609 1138 ostendatis
1641 1082 1937 1136 dirertione
1966 1080 2081 1135 col-

499 1178 666 1247 loquii
700 1196 713 1232 :
748 1179 870 1248 quia
900 1178 1035 1232 sicut.
1055 1178 1251 1230 amoris
1278 1179 1517 1229 elocutor
1545 1187 1597 1230 et
1625 1173 1872 1243 copiosus
1900 1186 2078 1226 asser-

499 1279 586 1324 tor
609 1285 691 1335 es,
733 1270 804 1323 ita
835 1268 1008 1323 nescis
1050 1266 1209 1322 alicui
1242 1266 1429 1320 blanda
1457 1279 1761 1321 sermonum
1810 1262 2076 1317 fucatione

500 1362 778 1419 deludere.

1083 1449 1409 1507 EPISTOLA
1443 1449 1509 1504 V.

1002 1557 1255 1597 ENNODIUS
1280 1543 1296 1573 ⁸
1319 1555 1557 1595 Lacoato.

575 1634 851 1702 Nunquam
900 1632 1040 1687 inter
1079 1643 1319 1687 amantes
1369 1632 1585 1687 ειΙειιιίιι
1628 1630 1765 1685 bene
1822 1628 2079 1683 multatur

502 1726 731 1781 offensu.
753 1725 977 1781 Gravius
1024 1725 1356 1779 inventorem
1404 1723 1631 1792 pt-rculit
1658 1720 2075 1776 vindicuenovi-

505 1830 608 1882 tas,
636 1834 797 1884 quam
826 1826 1116 1872 errantem.
1148 1816 1304 1870 Nefas
1344 1826 1426 1870 est
1449 1829 1543 1882 pro
1571 1814 1943 1869 emendatione
1972 1813 2087 1868 col-
2123 1816 2166 1875 Β

484 1908 690 1978 ’ναιουιιι
719 1910 904 1975 culpas
940 1908 1212 1972 adhiberi;
1245 1910 1370 1960 dum
1419 1904 1596 1960 studio
1634 1904 1947 1969 curationis,
1990 1904 2078 1969 qtti

504 1999 749 2054 medetur
774 2000 1039 2068 aegrescit.
1088 1998 1246 2051 Volui
1292 1996 1705 2051 taciturnitatem
1736 2010 1895 2063 quam
1939 1992 2079 2047 circa

504 2110 591 2149 me
613 2094 890 2159 hactenus,
922 2093 1023 2145 mei
1056 2081 1398 2144 immemores
1429 2089 1703 2152 servastis,
1727 2087 1943 2142 imitari.
1975 2084 2081 2141 Sed

506 2187 670 2240 homo
692 2186 821 2238 levis
844 2199 1140 2237 annuorum
1166 2183 1378 2236 fortium
1411 2197 1515 2235 non
1548 2180 1691 2249 potui
1717 2194 1932 2248 aequare
1953 2193 2078 2232 con-

504 2284 788 2343 templum.
842 2275 1021 2329 Viclus
1070 2291 1187 2328 sum
1225 2285 1425 2327 natura:
1458 2272 1759 2342 fragilitate,
1786 2272 2080 2333 confiteor;

504 2378 558 2421 et
577 2368 717 2436 quod
743 2381 837 2419 vos
860 2366 1021 2420 credo
1038 2377 1350 2434 computare
1393 2366 1531 2418 inter
1552 2364 1675 2417 vitii
1708 2363 1828 2432 plus
1855 2361 2083 2416 amando

507 2459 633 2517 stin
658 2457 1037 2512 abstinentiam
1059 2457 1223 2511 ell‘asa
1255 2456 1573 2526 loquacitate
1598 2453 1835 2523 pensavi,
1868 2460 1921 2506 et
1943 2451 2083 2520 longi

518 2552 762 2607 dolorem
802 2551 998 2605 silentii
1048 2551 1313 2605 sermonis
1358 2550 1599 2603 ubertate
1643 2545 1939 2614 composui.
1977 2544 2084 2597 Ex-

508 2653 762 2711 spectaus
791 2640 1004 2709 quidem
1026 2654 1054 2693 a
1080 2638 1228 2695 vobis
1251 2639 1508 2708 prmvinm
1540 2653 1729 2691 ntunus
1761 2637 1814 2690 in
1846 2634 2035 2690 litteris
2071 2651 2081 2685 :

509 2731 603 2786 sed
637 2730 779 2784 nolui
812 2729 942 2783 mihi
974 2731 1246 2799 ipse,dutn
1292 2729 1381 2782 diu
1425 2738 1595 2793 taceo,
1622 2740 1815 2796 negare
1857 2741 2084 2794 respon-

510 2837 666 2885 sum;
698 2820 989 2885 aestimans,
1016 2819 1157 2890 quod
1190 2820 1476 2889 loquendo,
1509 2820 1731 2873 formam
1780 2819 1931 2881 dare,
1983 2817 2085 2870 nisi

511 2912 806 2983 loquendo,
843 2930 947 2967 non
987 2928 1197 2982 possem
1232 2931 1242 2965 :
1274 2912 1496 2981 proinde
1518 2952 1532 2975 ,
1563 2910 1777 2965 domine
1810 2911 1917 2974 mi,
1948 2909 2088 2962 salu-

511 3007 730 3061 tatiouis
780 3006 1040 3060 debendaa
1086 3005 1399 3074 obsequium
1454 3005 1705 3066 solvens,
1767 3001 2086 3068 perlatorem

513 3098 855 3170 praesentiunt
896 3096 963 3151 ad
991 3112 1084 3150 vos
1110 3096 1414 3163 specialiter
1439 3095 1766 3148 destinatum
1808 3090 1962 3144 solita
2006 3089 2089 3142 di-

2181 533 2326 588 lestis
2351 535 2601 589 collatam
2634 533 2979 597 betteiicii,et
3007 533 3219 589 dotibus
3254 534 3371 588 sine
3417 535 3652 590 humano
3670 537 3771 591 ad-

2174 625 2374 695 jutorio
2394 627 2649 693 supernis
2678 626 3018 679 instructum.
3050 624 3214 681 Recte
3244 627 3387 681 enim
3408 627 3509 681 hoc
3537 629 3772 682 malima-

2178 727 2264 773 tur
2281 718 2460 773 venire
2473 718 2540 772 de
2571 717 2777 784 superis
2791 718 2931 785 quod
2948 718 3091 771 in'er
3115 717 3359 773 liotnines
3380 719 3529 779 nullo
3553 698 3771 775 constat

2178 809 2443 879 exemplo.
2492 807 2596 863 Sed
2625 809 2767 862 lucc.
2805 807 3001 863 melius
3061 810 3345 873 secuturis,
3390 812 3494 864 vita
3550 812 3770 874 comite,

2176 915 2373 957 censeo
2412 899 2733 956 reservanda
2788 898 3120 966 temporibus
3149 916 3164 953 :
3192 900 3257 953 ad
3306 900 3433 953 illud
3490 901 3673 964 venio,
3707 902 3758 953 in

2178 1009 2285 1062 quo
2313 1007 2398 1047 me
2435 991 2864 1059 sejunctissimus
2909 991 3229 1044 instruxisti.
3284 991 3553 1055 Quantum
3606 991 3768 1046 habui

2180 1091 2518 1157 praesentium
2548 1086 2822 1156 portitoris
2850 1086 3020 1141 sancti
3047 1086 3237 1142 Felicis
3275 1089 3523 1153 assertio,
3558 1088 3613 1142 in
3639 1090 3762 1156 epi-

2178 1180 2331 1235 stolis
2360 1180 2494 1234 meis
2523 1179 2642 1233 sine
2674 1192 2802 1233 cura
2824 1177 3038 1232 dictatis
3068 1177 3362 1232 Romanam
3386 1179 3770 1248 :equalitatem,

2180 1281 2234 1327 et
2260 1271 2488 1326 Latiaris
2516 1270 2673 1325 unda:
2715 1285 2902 1325 venam
2932 1271 3181 1325 alumnus
3228 1270 3470 1325 Rhodani
3494 1274 3771 1342 perquire-

2184 1366 2297 1419 bas.
2355 1362 2648 1427 Sollicitus,
2696 1362 2880 1423 credo,
2928 1370 3192 1416 scrutator
3241 1372 3296 1417 et
3345 1362 3592 1431 diligens,
3642 1364 3770 1431 qui-l

2191 1459 2317 1512 lima
2357 1456 2569 1523 poliret,
2596 1456 2817 1519 invenit,
2856 1453 2982 1509 dum
3018 1469 3113 1522 per
3142 1454 3453 1509 infabricata
3475 1471 3507 1507 v
3544 1456 3637 1509 rba
3662 1458 3770 1511 die.

2182 1560 2443 1605 curreret.
2471 1549 2747 1604 Nescimus
2762 1550 2883 1616 quia
2906 1548 3031 1618 quid
3054 1563 3155 1617 qua
3180 1558 3356 1601 mente
3376 1548 3536 1601 homo
3563 1549 3772 1616 legerit.

2182 1638 2326 1706 quod
2353 1640 2451 1692 bac
2489 1638 2691 1707 profert
2725 1638 3110 1695 deliberatione
3150 1637 3515 1693 sententiam?
3543 1639 3775 1692 maxime

2184 1743 2309 1783 cum
2339 1729 2598 1797 scriptum
2625 1729 2697 1782 sit
2727 1745 2740 1781 :

2319 1842 2431 1905 ipse
2457 1854 2631 1902 parens
2654 1853 2831 1896 vatum,
2858 1844 3083 1902 princeps
3108 1839 3354 1888 Heliconis
3378 1839 3636 1890 Homerus.

2367 1913 2550 1963 iudicis
2568 1914 2766 1972 excepit
2783 1912 2881 1961 tela
2902 1924 3077 1961 severa
3103 1917 3227 1960 uota:
3244 1911 3285 1957 ’³.

2187 2012 2338 2084 Rogo
2366 2023 2419 2068 et
2469 2014 2515 2068 si
2568 2014 2860 2082 indigenas,
2888 2021 2942 2067 et
2968 2014 3011 2066 si
3056 2013 3196 2067 inter
3223 2013 3777 2069 stodiorumsuorum

2185 2106 2431 2175 palaestra
2480 2117 2720 2159 versatos
2769 2104 2936 2172 fulget
2986 2103 3265 2167 Latinitas,
3312 2104 3509 2157 mirum
3535 2102 3777 2167 dictu,ai

2185 2204 2330 2249 amat
2374 2202 2682 2250 extraneos.
2734 2193 3032 2249 Periculum
3091 2195 3264 2247 facere
3316 2192 3386 2247 de
3453 2193 3781 2260 eloquentiae

2186 2300 2377 2354 pompa
2403 2299 2506 2338 non
2531 2283 2723 2347 debeo,
2747 2298 2844 2340 nec
2871 2297 3154 2351 praesumo,
3182 2281 3407 2351 qualiter
3432 2284 3549 2350 quis
3576 2285 3756 2336 valeat

2185 2378 2445 2445 experiri;
2476 2391 2596 2430 cum
2631 2375 3015 2443 professionem
3057 2389 3229 2428 tneam
3252 2375 3481 2443 simplici
3522 2376 3758 2429 sufficiet

2185 2470 2402 2525 studere
2430 2469 2707 2524 doctr.n:e.
2739 2469 2793 2524 Si
2824 2482 2911 2522 me
2939 2478 3114 2522 tamen
3157 2467 3424 2535 quondam
3469 2468 3771 2523 studiorum

2188 2560 2487 2615 liberalium
2539 2559 2714 2613 adhuc
2762 2558 3039 2614 nobilitate
3082 2557 3403 2627 gaudentem
3454 2556 3651 2626 aliquis
3680 2559 3778 2610 tali

2187 2654 2349 2709 dente
2379 2653 2659 2723 tetig‘sset,
2695 2666 2961 2719 parassem
2985 2650 3067 2704 vel
3097 2648 3237 2718 quod
3272 2650 3337 2702 ad
3364 2650 3771 2704 excusationem

2190 2754 2334 2799 esset
2354 2743 2628 2807 idoneum,
2651 2743 2733 2798 vel
2765 2741 2909 2810 quod
2932 2757 3037 2795 non
3060 2742 3284 2811 puderet
3302 2742 3593 2809 obiectum.
3620 2741 3780 2795 Nunc

2190 2834 2334 2901 Vale,
2370 2836 2439 2887 mi
2487 2834 2730 2899 domine,
2759 2841 2816 2889 et
2855 2832 2997 2887 circa
3046 2848 3132 2888 me
3180 2831 3556 2887 ecclesiastica:
3601 2832 3779 2900 magis

2190 2924 2486 2992 disciplinae
2549 2939 2743 2979 exerce
2804 2922 3085 2977 fautorem.
3151 2922 3337 2977 Scribe
3408 2923 3489 2977 vel
3542 2923 3783 2986 manda,

2192 3016 2574 3071 Melchisedech
2615 3025 2858 3082 parentes
2882 3027 3018 3084 quos
3048 3014 3313 3081 habuerit,
3347 3014 3781 3082 explanationem

2202 3123 2364 3174 arcae,
2406 3106 2829 3162 eireumeisionis
2884 3115 3173 3170 secretum,
3202 3115 3259 3160 et
3295 3120 3414 3174 qua:
3460 3104 3789 3174 propheticis

514 3190 764 3260 gitatioue
805 3189 1085 3257 suscipite,
1142 3197 1197 3241 et
1245 3187 1509 3242 sublatum
1576 3185 1644 3239 de
1709 3181 2093 3237 consuetudine

2204 3201 2474 3273 mysteriis
2536 3199 2899 3255 includuntur.
2954 3197 3055 3251 Ista
3102 3214 3223 3267 qute
3278 3206 3402 3251 sunt
3450 3196 3790 3251 swcularium

519 3283 780 3339 soribendi
814 3297 966 3336 usum
996 3289 1260 3351 reparate,
1287 3295 1355 3334 ne
1378 3280 1431 3333 in
1476 3277 1727 3333 damnum
1768 3276 1954 3345 gratia:
1978 3289 2097 3343 par-

521 3378 650 3430 citas
673 3374 944 3443 contingat
968 3371 1067 3425 ista
1099 3372 1406 3425 verborum.

1078 3460 1404 3515 EPISTULA
1454 3461 1516 3515 \‘l

1023 3567 1274 3608 essemus
1296 3554 1316 3583 ¹
1345 3566 1596 3607 Ροιιιῖιιιο.

589 3649 875 3717 Quousque
898 3657 1103 3702 tantum
1129 3646 1310 3700 licebit
1338 3643 1637 3700 absentiae?
1658 3657 1935 3713 quousque
1959 3642 2097 3696 fama

524 3742 715 3796 nobilis
734 3740 1110 3809 epistolaribus
1131 3741 1382 3795 destituta
1404 3737 1741 3792 commerciis
1767 3735 2103 3790 veterascet?

523 3833 656 3889 Nolo
708 3834 937 3887 evadere
992 3833 1298 3902 Opinionem
1350 3830 1657 3895 temerarii,
1691 3827 1983 3882 dummodo
2033 3826 2100 3879 ad

525 3926 767 3981 notitiam
815 3924 1013 3993 possim
1062 3924 1341 3993 pervenire
1363 3920 1602 3993 perfecti.
1638 3918 1773 3973 Volo
1799 3933 1918 3973 esse
1959 3918 2106 3987 pagi-

523 4031 711 4071 narum
757 4017 984 4084 praevius
1042 4015 1370 4078 destinator,
1433 4021 1490 4066 ut
1533 4011 1820 4067 Galliarum
1868 4010 2003 4065 bona
2038 4008 2105 4061 ad

530 4106 731 4158 Italiam
768 4103 1015 4172 migrent,
1046 4104 1162 4157 sine
1194 4104 1301 4158 ullo
1341 4106 1524 4157 forma:
1565 4118 1675 4156 sua:
1696 4100 1950 4156 translata
1996 4099 2107 4153 dis-

536 4194 754 4265 penilio.
805 4197 885 4249 Au
943 4194 1162 4249 forsitan
1218 4194 1441 4263 putabas
1487 4204 1538 4249 te
1579 4196 1630 4247 in
1660 4207 1976 4262 quocunque
2005 4191 2105 4244 loci

528 4286 874 4350 delitescere,
926 4301 1083 4356 quem
1131 4284 1372 4339 scientiae
1449 4286 1535 4339 lux
1590 4285 1744 4354 longe
1813 4285 2104 4352 positorum

530 4375 859 4431 monstrabat
901 4377 1181 4445 aspectui?
1213 4377 1278 4430 Et
1311 4375 1411 4429 nisi
1442 4391 1529 4431 me
1581 4376 1632 4428 in
1680 4374 1926 4428 laudibus
1980 4374 2103 4437 tuis,

529 4467 822 4522 domestica
844 4467 969 4536 quid
999 4467 1212 4525 relatio.
1242 4466 1335 4521 sed
1376 4482 1470 4536 per
1496 4465 1819 4534 imperitiam
1865 4465 1945 4518 sui
1982 4478 2111 4532 pan-

2198 3294 2497 3356 schemata,
2527 3301 2873 3359 respuantur,
2916 3289 3129 3345 caducis
3183 3289 3383 3343 intenta
3423 3287 3791 3358 persuasioni-

2201 3384 2319 3449 bus,
2350 3383 2471 3439 tela:
2510 3384 2704 3438 similia
2737 3373 2898 3436 Penei
2922 3397 3041 3448 ινδιξ.

2772 3494 3104 3549 EPISTOLA
3137 3494 3247 3549 V’ll.

2705 3622 2960 3663 INNODIUS
2992 3607 3010 3637 ³
3041 3620 3279 3663 rinatso.

2276 3718 2461 3789 Exigat
2492 3721 2616 3774 licet
2661 3735 2833 3782 amor,
2864 3720 3003 3789 quod
3037 3735 3140 3773 non
3198 3728 3375 3789 ιιιιιμει
3404 3719 3625 3787 implere
3663 3734 3791 3787 pcr—

2205 3812 2384 3878 fectin,
2416 3822 2470 3866 et
2507 3812 2753 3879 impetret
2788 3814 3003 3879 caritas,
3034 3823 3090 3865 ut
3134 3798 3226 3880 per
3255 3812 3480 3880 loquela!
3509 3811 3794 3866 audaciam

2206 3917 2328 3970 qua:
2351 3917 2548 3957 ornare
2600 3912 2832 3972 poterat,
2866 3911 3050 3969 pereat
3097 3917 3220 3971 spes
3274 3902 3480 3956 tacendi
3516 3919 3531 3956 :
3561 3902 3803 3958 maxime

2205 4009 2326 4048 cum
2348 3994 2415 4047 sit
2439 3993 2670 4058 dicendi,
2707 4003 2763 4047 ut
2805 3988 3013 4047 Tullios
3045 3995 3206 4049 refert
3231 3995 3274 4059 ⁵,
3306 3994 3405 4048 nisi
3436 4008 3556 4048 cum
3604 4009 3799 4049 neces-

2206 4087 2370 4149 saria,
2402 4083 2558 4138 nimis
2585 4082 2760 4153 inepta
2811 4085 3067 4140 conditio.
3099 4085 3203 4140 Sed
3234 4087 3374 4140 iute‘r
3421 4085 3797 4141 narrationum

2208 4177 2321 4229 vias
2342 4185 2395 4229 et
2445 4176 2633 4230 itinera
2676 4175 2964 4244 aperienda
2998 4172 3135 4231 falce
3172 4177 3459 4242 doctrinae,
3491 4177 3663 4231 teneri
3705 4192 3802 4231 ne-

2210 4268 2352 4324 scius
2378 4268 2568 4322 virium
2602 4268 3036 4323 censideretione
3074 4280 3260 4338 regnat
3289 4264 3529 4323 affectus.
3562 4270 3802 4337 Impera‘

2212 4371 2344 4416 toris
2404 4361 2523 4416 loco
2577 4361 2884 4415 dominatur
2929 4362 3095 4417 semel
3152 4361 3564 4431 penetrabilibus
3611 4361 3805 4415 cordis

2213 4452 2372 4506 infixa
2402 4451 2650 4518 dilectio;
2682 4451 2908 4507 credens
2936 4452 3075 4519 quod
3124 4468 3229 4507 non
3256 4453 3322 4507 de
3351 4452 3634 4507 verborum
3664 4468 3807 4525 pons

528 4568 623 4629 p‘er
642 4568 907 4628 angustet,
937 4567 991 4611 et
1019 4558 1343 4625 amplissima
1374 4558 1684 4611 meritorum
1711 4567 1922 4609 tuorum
1962 4569 2102 4623 prte-
2140 4536 2186 4595 ί)
2213 4543 2340 4597 dere
2380 4544 2459 4597 Vel
2505 4558 2695 4612 νοιιιρει
2726 4544 2988 4612 capimur.
3020 4545 3110 4613 ηιιί
3142 4545 3208 4599 de
3238 4543 3473 4597 ειδεεηιίδ
3502 4544 3798 4613 Propinqui

530 4651 684 4705 conia
714 4646 994 4720 perlatoris
1018 4657 1190 4703 arctet
1210 4650 1448 4710 exilitas;
1472 4649 1745 4716 utriusque
1770 4645 2103 4700 bibliotheca:

535 4742 695 4797 libnla
726 4740 1067 4810 pet-fectionTs
1095 4758 1159 4795 ex
1184 4742 1397 4813 gemino
1438 4743 1603 4796 latere
1625 4739 1889 4794 venientis
1929 4747 2106 4806 partes

540 4834 801 4887 maximas
842 4833 1200 4899 momordisti,
1246 4835 1578 4904 procurando
1620 4842 1677 4887 ut
1706 4832 1793 4886 tali
1837 4830 2105 4901 ingenium

607 4924 622 4954 ¹
658 4922 904 4995 Laconia]
935 4924 1052 4979 Lib.
1084 4940 1162 4987 ιιι.
1193 4935 1361 4995 epist.
1386 4926 1474 4980 16.

604 4990 913 5066 ὐΡοιιιειρίυ]
962 4990 1279 5066 Αεθιειιθιιέἰ.
1327 4994 1625 5066 Cyprianus
1655 4995 1707 5047 in
1739 4993 1857 5047 Vita
1888 4990 2107 5066 S.__C:n~

533 5064 656 5133 sarii
687 5060 920 5133 episcopi
952 5082 965 5115 :
1003 5060 1127 5117 Erat
1156 5076 1325 5117 auten
1372 5060 1476 5119 illis
1522 5067 1796 5118 admodum
1838 5063 2107 5133 fautiliaris

534 5131 803 5187 Pomerius
847 5131 1051 5203 quidam
1114 5135 1425 5202 professione
1467 5137 1668 5202 rhetor,
1713 5131 1846 5204 Afer
1893 5149 2105 5200 genere;

533 5218 683 5273 quem
711 5203 832 5272 ipsis
885 5205 1210 5274 singulariter
1237 5222 1408 5259 carum
1456 5205 1796 5274 grammatica:
1838 5205 1961 5256 artis
2013 5205 2107 5256 do-

535 5272 700 5344 rtriuq
730 5272 985 5326 reddebat.
1021 5272 1073 5327 In
1103 5278 1343 5344 catalogo
1368 5272 1469 5331 seu
1488 5274 1781 5344 appendice
1820 5274 2103 5336 Gennadii,

536 5344 627 5399 ubi
678 5343 905 5398 Pomerii
937 5348 1190 5411 opuscula
1243 5343 1607 5409 recettSt-nlur,
1634 5346 1846 5399 natione
1897 5345 2107 5398 Maurus

536 5414 729 5484 dicitur
768 5431 831 5484 ac
872 5415 1147 5484 presbyter
1185 5417 1235 5470 in
1280 5415 1451 5471 Gallia
1505 5417 1800 5470 ordinatus.
1834 5415 2108 5469 Ennodius

537 5483 724 5552 Gra‘ce
771 5483 1061 5552 Latineque
1103 5486 1340 5551 doctum,
1375 5501 1474 5542 nec
1511 5485 1855 5540 smcolaribus
1900 5496 2106 5537 tantum

539 5551 731 5608 litteris
757 5551 1042 5619 eruditum,
1067 5556 1158 5619 sed
1192 5570 1460 5611 sacrarum
1492 5557 1650 5611 etiam
1682 5556 1906 5623 peritum
1948 5555 2109 5608 fuisse

539 5623 821 5696 significat,
845 5624 1190 5696 Rhodanique
1225 5631 1494 5680 alumnum
1535 5637 1705 5689 vocat,
1743 5628 1865 5693 quia
1896 5626 2111 5679 Arelate

543 5694 874 5767 versabatur.
908 5694 1116 5767 Ruricii'
1134 5712 1347 5767 quoque
1386 5704 1603 5751 exstant
1630 5696 2015 5767 epistolutdute
2042 5696 2107 5767 ad

545 5760 848 5817 Pomerium
876 5774 927 5820 et
955 5766 1125 5834 ipsum
1152 5760 1519 5824 'Arelaleosem
1556 5782 1570 5819 :
1595 5760 2019 5838 quandoquidem
2044 5766 2110 5817 ab

2211 4643 2295 4690 Bal
2322 4635 2493 4689 salute
2518 4636 2776 4689 sollicitus
2808 4654 2820 4689 :
2848 4651 2946 4692 nec
2973 4636 3244 4691 existimat
3270 4636 3410 4706 quod
3447 4635 3593 4690 nasci
3627 4639 3810 4703 possit

2212 4726 2415 4781 offensa
2446 4728 2513 4782 de
2537 4732 2703 4797 gratia
2735 4745 2748 4782 :
2779 4729 2882 4783 hoc
2922 4728 2987 4783 ad
3021 4729 3259 4783 laetitiam
3287 4727 3417 4783 satis
3457 4743 3580 4783 esse
3623 4729 3808 4803 conji-

2214 4817 2385 4883 ciens,
2428 4820 2471 4872 si
2502 4830 2737 4888 Optatam
2785 4824 2995 4876 nuntiet
3045 4821 3270 4891 epistola
3319 4819 3659 4888 sospitatem.
3695 4823 3811 4879 Sed

2218 4932 2417 5004 Aionio
2443 4933 2831 5004 Arelatensium
2863 4935 3113 5004 episcopo
3143 4936 3269 5003 petit
3302 4934 3373 5004 uti
3402 4932 3709 4986 Pomerium
3743 4936 3812 4989 ad

2217 5017 2276 5056 se
2297 5001 2476 5056 venire
2493 5002 2695 5073 jttbeat,
2723 5005 2811 5056 lib.
2834 5001 3123 5073 tt.’epist'8.
3146 5001 3253 5059 Sed
3277 5001 3521 5073 abbatem
3541 5004 3813 5070 appellat.

2215 5082 2272 5124 ut
2318 5073 2483 5139 qumri
2525 5072 2631 5138 jam
2663 5075 2829 5140 possit
2860 5071 3038 5143 plures
3084 5091 3149 5129 ne
3177 5075 3276 5128 hoc
3304 5071 3520 5127 nomine
3567 5076 3800 5142 fuerint,

2214 5156 2281 5197 an
2306 5156 2441 5195 unus
2465 5143 2603 5195 idem
2622 5184 2638 5208 ,
2664 5143 2802 5209 quod
2834 5144 2959 5197 milti
2989 5144 3141 5197 facile
3165 5144 3545 5209 persuaserim.

2285 5212 2649 5283 ξιίξειιιόὶειιιιις,
2674 5214 2814 5283 epig.
2844 5215 2908 5267 ad
2934 5214 3220 5268 Alethium.

2287 5281 2308 5314 ⁸
2342 5278 2595 5352 Firmino]
2627 5278 2983 5353 Propinquum
3008 5299 3159 5337 smtm
3192 5293 3339 5336 vocat
3375 5281 3656 5337 Ennoditts
3708 5285 3815 5336 Ita-

2214 5368 2319 5423 que
2345 5353 2709 5407 Arelatensem
2735 5357 2877 5407 illunt
2910 5364 3035 5422 puto
3065 5369 3169 5422 que
3193 5375 3221 5404 ιι
3277 5354 3455 5406 laudat
3499 5354 3817 5423 Cyprianus

2215 5422 2355 5477 idem
2387 5425 2436 5474 in
2463 5423 2717 5477 Caesario.
2752 5425 2873 5476 Erat
2904 5421 3027 5483 tum.
3062 5421 3249 5493 inquit,
3275 5425 3325 5475 in
3354 5440 3414 5477 ea
3434 5421 3558 5476 urbe
3604 5421 3817 5493 Firmi—

2213 5510 2335 5564 uas,
2384 5494 2457 5546 ttir
2485 5493 2701 5564 illustris
2743 5504 2790 5545 et
2818 5495 2994 5548 timens
3028 5492 3205 5559 Deum,
3256 5498 3461 5562 eiusque
3514 5492 3819 5564 propinqua

2214 5562 2461 5632 Gregorio
2511 5562 2796 5615 clarissima
2854 5566 3238 5633 moterfomilas
3282 5580 3300 5615 :
3346 5562 3562 5629 quorum
3605 5566 3815 5627 studio,

2216 5649 2338 5685 cura
2364 5642 2409 5685 et
2438 5633 2741 5699 benignitate
2766 5647 2885 5703 ergo
2915 5635 3100 5687 clerum
3128 5646 3173 5687 et
3202 5634 3502 5699 monachos,
3528 5632 3649 5703 ergo
3673 5638 3819 5689 Cives

2216 5711 2264 5755 et
2286 5719 2527 5770 pauperes
2553 5692 2674 5753 urbs
2703 5703 2792 5755 illa
2810 5692 3055 5756 illustrior
3082 5705 3407 5758 reddebatur.

2292 5774 2311 5801 ⁵
2345 5773 2495 5826 Lib.t
2529 5772 2596 5827 de
2622 5774 2794 5826 Orat:
