3998 6362
227 362 282 418 ιι
1497 350 1975 411 EPISTOLARUM
2019 350 2140 406 LIB.
2187 350 2245 406 ll.
3444 357 3515 413 η

225 491 332 542 vos,
358 473 656 547 quoslibra
681 474 887 544 peritia:
916 474 969 529 in
996 471 1192 544 eloquii
1223 472 1371 525 lance
1407 471 1671 541 pensabit,
1695 472 1813 541 qui-
1839 472 1892 533 Α
1917 468 2230 523 Ostenditur
2258 467 2384 522 mihi
2415 467 2635 537 liquido,
2658 484 2818 541 quam
2848 471 2915 527 sit
2946 486 3124 528 rerum
3158 475 3335 529 nescia
3362 490 3517 530 mens

227 574 321 625 bus
343 569 563 623 ubertas
587 567 810 636 linguae,
839 568 1128 635 castigatus
1151 579 1351 628 sermo,
1378 562 1602 617 Latiaris
1630 563 1828 617 ductus

225 660 483 730 quadrata
517 668 735 714 constat
767 659 1035 722 elocutio;
1062 655 1304 726 qumritis
1334 654 1584 708 nimirum
1616 654 1674 708 in
1706 655 1826 710 aliis

224 740 360 825 quod
394 750 686 817 exercetis,
711 750 951 822 qureritis
991 749 1133 820 quod
1163 748 1355 802 amatis
1377 764 1397 800 :
1427 761 1525 801 nos
1568 748 1635 801 ab
1668 748 1829 801 scho-

227 860 396 911 tarum
448 842 747 914 gymnasiis
792 841 1131 913 sequeStrati,
1168 838 1370 894 arentis
1420 836 1621 903 ingenii
1664 836 1831 907 guttis

222 933 468 1006 quadam
496 933 687 988 oceani
718 933 914 987 fluenta
960 945 1332 1001 provocamus,
1371 930 1523 998 quasi
1559 930 1573 959 ¹
1607 928 1823 998 lychnis

224 1033 408 1081 contra
453 1022 585 1079 solis
616 1023 797 1078 radios
845 1020 1146 1092 pugnaturi.
1203 1020 1303 1075 Mei
1332 1019 1535 1074 macies
1583 1019 1738 1087 longe
1767 1033 1827 1075 se

224 1125 486 1179 monstrat
516 1099 709 1179 studii;
740 1122 795 1169 et
820 1115 921 1169 nisi
948 1122 1237 1169 excusetur
1270 1114 1472 1181 pietate
1512 1112 1823 1181 garrulitas,

225 1204 565 1277 dispendium
624 1208 825 1279 proprii
867 1206 1091 1277 pudoris
1146 1220 1228 1261 est
1279 1206 1423 1275 quod
1454 1209 1649 1260 amavi.
1678 1206 1825 1263 Vena

224 1297 443 1369 quidem
476 1298 676 1368 lingua
723 1313 753 1352 a
782 1297 989 1366 generis
1017 1295 1163 1351 fonte
1214 1294 1479 1359 trahitur;
1512 1306 1566 1349 et
1615 1294 1827 1351 fervore

224 1390 461 1459 genuino
502 1389 639 1444 solet
677 1386 852 1443 fetura
880 1386 1076 1441 nobilis
1114 1386 1349 1441 incitari.
1398 1385 1510 1455 Ego
1556 1400 1673 1440 mea
1705 1399 1824 1440 sum

225 1479 401 1549 impar
429 1479 678 1550 prosapia
704 1496 717 1531 :
745 1493 831 1533 me
852 1478 1066 1532 dotibus
1089 1476 1280 1532 vestris
1302 1476 1452 1546 quasi
1483 1478 1823 1546 peregrinum

223 1570 472 1641 scientia:
522 1569 805 1641 plenitudo
844 1584 951 1623 non
980 1570 1153 1637 tetigit
1187 1585 1201 1620 :
1231 1583 1330 1637 ego
1358 1582 1452 1622 vos
1482 1576 1688 1622 tantum
1708 1568 1826 1621 lau-

223 1652 352 1721 dare
375 1665 549 1734 magis
576 1651 736 1733 quam
783 1662 975 1717 imitari
1004 1662 1175 1716 valeo.
1198 1662 1269 1715 Et
1300 1660 1543 1728 quamvis
1587 1660 1824 1714 nondum

224 1757 280 1813 in
310 1772 400 1812 me
430 1756 496 1811 ad
527 1755 715 1811 florem
746 1755 953 1809 venerit
980 1762 1185 1807 matura
1212 1751 1486 1818 facundia,
1518 1760 1573 1806 et
1605 1765 1823 1822 pressus

1934 559 2186 624 humana,
2216 574 2357 627 quae,
2392 558 2515 612 dum
2560 560 2789 628 pretium
2843 563 3072 633 proprias
3096 564 3405 620 ambitionis
3437 568 3518 619 in-

1926 649 2432 719 telligit,assuescit
2464 649 2580 718 plus
2608 666 2789 707 amare
2816 652 2881 707 ad
2909 654 3050 723 quod
3074 654 3221 709 tarde
3247 659 3515 725 pervenit;

1930 748 1986 795 et
2028 742 2152 795 dum
2198 741 2434 795 abundat
2465 742 2515 795 in
2551 744 2831 810 praesentia
2862 760 2967 815 quo
2997 746 3314 814 delectetur,
3349 748 3518 816 magis

1928 841 2176 900 superest
2227 832 2366 900 quod
2418 833 2677 902 requirat.
2730 834 2881 890 Nunc
2930 838 3209 905 confiteor,
3238 839 3293 893 in
3330 840 3520 894 litteris

1933 925 2129 979 vestris
2157 925 2592 993 superforaneam
2636 929 2939 983 cautionem
2968 930 3071 985 mei
3096 932 3391 985 resumatur
3418 948 3519 986 ex—

1932 1018 2051 1085 pavi
2094 1035 2105 1069 :
2145 1018 2231 1072 ubi
2260 1017 2387 1072 dum
2437 1020 2687 1074 secundis
2735 1022 2788 1075 in
2837 1022 3004 1077 aitum
3051 1024 3280 1093 loquelae
3327 1038 3521 1090 vestras

1933 1116 2274 1176 portarentur
2304 1110 2417 1165 vela
2452 1111 2821 1179 proventibus,
2852 1126 2907 1168 et
2944 1113 3001 1168 in
3041 1113 3301 1184 obsequio
3327 1117 3523 1170 milita«

1931 1206 2011 1251 ret
2037 1198 2295 1268 quidquid
2338 1200 2536 1269 spirat;
2569 1201 2847 1270 remigium
2897 1204 3093 1258 vestris
3124 1203 3299 1259 dicitis
3332 1206 3523 1261 deesse

1928 1288 2228 1357 colloquiis.
2257 1290 2371 1343 Non
2421 1302 2503 1344 est
2531 1291 2695 1356 licita,
2725 1293 2838 1347 veri
2870 1293 3149 1363 diligentia
3181 1310 3240 1349 se
3260 1308 3521 1361 tuestrata

1931 1394 2088 1449 quam
2122 1381 2342 1450 pingunt
2372 1382 2555 1450 verba,
2578 1381 2813 1439 formido
2844 1402 2861 1439 :
2894 1386 3058 1441 remis
3082 1400 3219 1455 opus
3248 1400 3352 1453 est,
3385 1403 3522 1460 quo-

1930 1473 2068 1527 tiens
2092 1473 2243 1529 nullo
2274 1474 2551 1529 flaminum
2607 1491 2812 1546 puppes
2838 1476 3093 1547 iuvantur
3120 1480 3354 1549 impulsu
3389 1497 3403 1533 :
3435 1481 3523 1535 his

1932 1577 2038 1617 non
2075 1572 2224 1633 eget,
2252 1563 2338 1619 cui
2367 1565 2658 1621 secundam
2706 1568 3101 1635 navigationem
3135 1568 3260 1625 fecit
3309 1573 3524 1640 conspi-

1930 1655 2065 1709 ιιι.ἰο
2113 1655 2304 1710 devota
2369 1667 2670 1715 ventorum.
2714 1658 2809 1713 Sol
2860 1658 3063 1714 facibus
3116 1674 3221 1714 non
3272 1660 3521 1729 juvatur;

1930 1761 2030 1802 nec
2074 1748 2275 1804 lunaris
2323 1750 2465 1819 globi
2516 1752 2889 1807 claritudinem
2954 1753 3219 1807 minorum
3280 1752 3522 1808 siderum

223 1864 397 1905 onere
439 1849 623 1919 gratiae
666 1846 911 1903 solvendi
969 1844 1187 1901 deserar
1229 1844 1517 1908 facultate;
1546 1842 1821 1898 committo
1851 1844 1898 1905 B
1927 1840 2211 1909 aliquando
2256 1841 2594 1898 iliustravere
2639 1844 2884 1915 colleg'a.
2941 1845 3183 1911 Domine,
3227 1853 3284 1900 ut
3332 1859 3519 1916 supra,

225 1950 409 1997 tanien
441 1940 686 2010 cymbam
719 1949 930 1993 tenuem
964 1937 1172 2007 placido
1196 1937 1363 2001 mari;
1393 1936 1515 2005 quia
1542 1951 1730 2005 parum
1764 1935 1832 1990 ab

227 2032 610 2102 ingratitudine
651 2029 830 2085 differt
859 2037 1007 2083 muta
1052 2028 1361 2099 gratulatio.
1414 2026 1563 2082 Unde
1594 2030 1831 2082 nascitur

226 2135 285 2181 ut
322 2139 584 2195 proSpera
629 2138 749 2193 quae
791 2122 857 2177 de
886 2122 1043 2176 vobis
1098 2121 1379 2191 perlatoris
1411 2122 1673 2176 relatione
1701 2136 1831 2189 cog-

228 2218 380 2283 novi,
423 2216 566 2270 inter
604 2214 846 2270 coelestia
877 2214 1003 2267 mihi
1036 2213 1300 2268 benellcia
1331 2222 1729 2282 computentur.
1766 2214 1833 2267 Et

231 2308 474 2377 quamvis
516 2305 771 2361 deberem
815 2304 1041 2360 reddere
1094 2305 1357 2367 sermonis
1407 2305 1640 2359 ultieium
1684 2304 1827 2359 :sed

232 2401 350 2469 quia
385 2398 707 2471 portitorum
755 2396 1069 2467 negligentia
1114 2394 1240 2451 fecit
1284 2406 1341 2451 ut
1368 2395 1588 2450 directae
1618 2412 1647 2450 a
1679 2395 1830 2450 vobis

235 2498 320 2545 aut
350 2491 721 2545 retinerentur
747 2498 839 2541 aut
885 2486 1236 2557 perderentur
1286 2487 1529 2557 epistola:
1568 2504 1581 2542 :
1614 2501 1712 2557 ego
1740 2495 1825 2541 ta-

235 2602 355 2641 men
386 2583 776 2640 verecundiam
808 2598 977 2637 meam
1012 2583 1065 2636 in
1092 2583 1322 2638 statione
1352 2583 1631 2652 degentem
1661 2583 1727 2636 ad
1750 2583 1830 2637 in-

233 2691 376 2735 certa
414 2676 639 2742 deduxi,
664 2686 721 2731 et
764 2682 931 2729 totum
974 2690 1059 2728 me
1108 2675 1389 2745 legendum
1424 2674 1603 2743 sapmi
1650 2682 1828 2729 vestro

234 2770 532 2826 committo.
588 2769 777 2834 Salve,
836 2768 906 2822 mi
952 2767 1203 2827 domine,
1245 2777 1298 2821 et
1342 2778 1609 2821 amantem
1664 2766 1830 2821 vestri

235 2862 607 2931 frequentibus
670 2861 829 2915 colite
897 2860 1090 2913 muniis
1137 2859 1456 2912 litterarum.
1512 2858 1663 2912 Circa
1712 2874 1830 2926 qua:

237 2954 409 3008 studia
470 2954 679 3025 pigrum
732 2967 852 3009 esse
902 2968 999 3006 nec
1050 2951 1358 3022 diligentem
1416 2952 1687 3015 convenit,
1733 2965 1832 3006 nec

239 3034 554 3098 ςπυιιάυω.

779 3110 1109 3168 ΕΡΙΞΤΟΙΑ
1153 3111 1285 3167 Vill.

725 3218 981 3259 ENNODIUS
1032 3220 1366 3260 APOLLINARI.

308 3298 413 3351 ιντο
451 3307 581 3353 voto
620 3298 854 3353 ‘militant
895 3298 1183 3354 desideriis
1226 3299 1454 3369 prepriis
1486 3301 1830 3357 necessitates

242 3391 451 3458 alienae,
479 3390 606 3446 dum
636 3390 687 3444 in
716 3389 967 3459 gaudium
992 3399 1232 3445 nostrum
1257 3391 1555 3461 aliquorum
1584 3392 1831 3461 precibus

242 3484 562 3538 exhibemus
614 3480 955 3550 obsequium.
1000 3482 1130 3547 Quis
1180 3497 1283 3536 non
1315 3484 1485 3552 pretio
1533 3493 1749 3553 propter
1773 3499 1832 3540 se

243 3583 509 3646 quareret
549 3575 689 3643 quod
716 3574 870 3629 alteri
911 3574 1010 3629 sub
1039 3573 1140 3629 hac
1192 3576 1475 3630 occasione
1509 3578 1832 3644 prmstatur?

245 3668 453 3723 Debent
478 3664 612 3720 mihi
639 3680 777 3720 nunc
797 3665 1091 3735 perlatores
1121 3665 1463 3734 praesentium
1486 3666 1665 3721 debita
1690 3682 1830 3735 mea,

246 3771 295 3815 et
322 3738 431 3815 non
464 3759 638 3815 solum
670 3774 756 3815 me
783 3757 848 3812 ad
875 3756 1192 3813 solutionem
1221 3773 1325 3812 non
1357 3756 1693 3828 pertrahunt,
1730 3760 1827 3815 sed

247 3869 303 3909 se
347 3853 584 3907 fatentur
620 3850 902 3907 obnoxios.
943 3852 1057 3907 Non
1088 3862 1170 3907 est
1207 3853 1445 3918 incurias,
1478 3852 1619 3922 quod
1650 3867 1771 3908 raro
1804 3866 1831 3908 ι

250 3957 331 3997 me
384 3941 586 4015 scripta
615 3950 968 4011 prorogantur
999 3959 1012 3993 :
1043 3942 1237 3996 similia
1262 3941 1586 4013 frequenter,
1615 3952 1671 3996 ut
1695 3956 1834 3997 nunc

252 4034 443 4103 reperi,
478 4032 621 4087 bona
642 4031 981 4087 subtrahunt.
1012 4032 1283 4088 Inveniaut
1324 4049 1452 4105 ergo
1479 4034 1636 4104 hujus
1667 4035 1832 4089 bene-

252 4122 348 4178 ﬁcii
374 4123 632 4186 fructum.
650 4123 693 4177 si
717 4138 803 4178 me
821 4123 1060 4193 diligitis,
1085 4125 1392 4193 portitores.
1416 4126 1517 4193 Qui
1540 4128 1677 4181 sicut
1698 4141 1728 4180 a
1747 4142 1834 4183 me

254 4228 307 4268 ea
325 4230 444 4284 quae
463 4223 623 4269 erant
649 4212 944 4279 oﬂ'erenda,
976 4226 1299 4285 exegerunt;
1328 4218 1394 4271 ita
1419 4218 1485 4272 ad
1508 4234 1623 4281 vos,
1645 4228 1700 4272 ut
1720 4219 1834 4288 opi-

255 4320 366 4372 nor,
384 4305 697 4376 scriptionis
716 4307 1039 4361 commercio
1059 4315 1235 4375 Optata
1267 4308 1579 4377 perducunt.
1608 4309 1835 4365 Domine

256 4397 343 4466 tui,
373 4397 713 4452 salutationis
742 4396 996 4467 obsequia
1028 4400 1335 4463 restituens,
1365 4400 1527 4455 Deum
1559 4416 1747 4469 precor
1775 4407 1835 4456 ut

256 4490 365 4543 hac
382 4489 535 4543 vobis
560 4489 611 4541 in
632 4489 767 4543 bona
791 4488 1099 4544 valetudine
1123 4493 1481 4561 porrigantur,
1505 4503 1559 4547 et
1584 4494 1834 4548 reddatur

1935 1929 2194 1985 honorem
2224 1932 2437 1987 salutati
2477 1934 2759 2001 exhibens,
2793 1944 3001 2006 precor,
3051 1948 3109 1991 ut
3138 1934 3276 2005 apud
3320 1937 3524 2006 magni-

1935 2023 2169 2079 tudinem
2204 2035 2432 2081 vestram
2462 2028 2760 2083 studiorum
2808 2045 3047 2084 meorum
3096 2030 3264 2084 fructu
3297 2044 3403 2083 non
3429 2043 3519 2084 ca-

1933 2129 2076 2169 ream
2108 2131 2122 2169 :
2149 2124 2426 2186 postquam
2458 2119 2608 2173 vobis
2634 2119 2759 2190 quid
2791 2136 3042 2190 cuperem
3092 2135 3197 2175 non
3229 2119 3419 2185 celavi,
3465 2129 3526 2173 ut

1932 2210 2238 2278 scriptionis
2274 2226 2491 2280 Operam
2542 2229 2699 2282 quam
2725 2215 2987 2270 hactenus
3034 2213 3351 2286 protulistis,
3398 2212 3526 2284 styli

1931 2302 2228 2372 frequentia
2268 2303 2352 2359 vel
2390 2304 2632 2359 ubertate
2664 2316 2919 2371 pensetts.

2518 2395 2850 2452 EPISTULA
2881 2397 2947 2451 Χ.

2474 2500 2730 2540 ENNDDIUS
2773 2503 2989 2542 FAUSTO.

2006 2575 2250 2631 Meritum
2298 2590 2475 2630 meum
2527 2587 2776 2645 regnator
2816 2579 3053 2634 etnlestis
3098 2580 3145 2635 si
3197 2585 3524 2656 attenderet,

1932 2675 2023 2717 aut
2067 2666 2255 2734 exigua
2288 2665 2425 2719 bona
2476 2665 2827 2734 adipiscerer,
2859 2680 2950 2723 aut
2982 2687 3169 2740 magna
3216 2678 3478 2747 supplicia
3509 2698 3524 2746 ;

1934 2766 1988 2809 et
2046 2759 2150 2811 mei
2196 2756 2417 2811 idoneus
2474 2760 2788 2827 aestimator,
2822 2778 2929 2831 quo
2986 2766 3189 2821 meritis
3244 2772 3528 2837 pervenire

1936 2864 2040 2902 non
2074 2859 2335 2917 poteram,
2388 2860 2511 2904 voto
2554 2867 2659 2905 non
2709 2854 3006 2909 tenderent.
3041 2858 3145 2913 Sed
3178 2864 3374 2929 g‘ratias
3424 2866 3524 2929 illi,

1936 2941 2027 3009 qui
2051 2941 2245 2995 delicta
2281 2951 2464 2995 nostra
2495 2946 2569 2997 sic
2593 2958 2659 2999 ne
2683 2946 3003 3003 extollamur
3034 2963 3258 3023 reseeat,
3294 2964 3349 3009 ut
3374 2971 3526 3025 Spem

1940 3035 2005 3088 ad
2042 3036 2228 3090 latiora
2260 3037 2533 3105 perducat.
2570 3038 2776 3093 Domini
2802 3042 2993 3097 Avieni
3022 3043 3347 3103 dictionibus
3375 3066 3404 3104 a
3438 3066 3528 3107 me

1936 3126 2199 3185 debentur
2231 3128 2330 3182 ista
2373 3130 2663 3200 prmloquia
2698 3134 2825 3203 :qui
2860 3135 3083 3191 necdum
3113 3139 3177 3193 ad
3210 3140 3401 3196 bonam
3432 3160 3529 3200 va-

1864 3210 2229 3274 Cletudinem
2286 3222 2555 3290 reductus,
2610 3225 2846 3281 animum
2912 3244 3089 3284 meum
3148 3234 3528 3293 sollicitudinis

1935 3319 2123 3364 catena
2155 3312 2443 3377 laxaverat,
2475 3314 2602 3369 dum
2632 3316 2805 3372 adhuc
2859 3319 2997 3375 inter
3042 3336 3191 3392 spem
3225 3335 3277 3380 et
3326 3339 3529 3384 metum

1934 3402 2078 3455 anxii
2140 3413 2257 3456 vota
2291 3404 2607 3474 penderent,
2651 3418 2893 3463 naturam
2932 3402 3528 3483 rcSpiciens'inditavit

1934 3508 2040 3560 quo
2065 3496 2523 3565 tonareteloquio.
2547 3497 2758 3553 Judicio
2784 3502 2996 3572 quidem
3022 3506 3117 3559 ista
3138 3522 3524 3580 prmceperam,

1936 3597 1990 3639 et
2014 3586 2256 3641 altricem
2303 3589 2497 3643 nobilis
2538 3593 2739 3648 metalli
2767 3610 2955 3651 venam
2995 3597 3045 3651 in
3098 3601 3363 3657 thesauris
3391 3621 3527 3675 quos

1938 3690 2214 3747 pepererat
2257 3683 2644 3750 agnoscebam.
2676 3687 2778 3742 Sed
2810 3690 2970 3743 etiam
3020 3692 3071 3745 in
3123 3693 3225 3749 hoc
3280 3707 3527 3764 peccator

1934 3775 2151 3831 evenire
2183 3776 2265 3831 vix
2285 3778 2511 3843 credidi,
2544 3783 2684 3850 quod
2733 3788 2947 3857 assequi
2982 3802 3086 3842 non
3124 3792 3387 3848 merebar.
3424 3795 3526 3852 Ve-

1936 3884 2053 3921 rum
2091 3868 2236 3936 dico',
2266 3879 2405 3926 teste
2456 3872 2634 3929 divina
2687 3876 2993 3944 clementia,
3027 3882 3070 3934 si
3097 3892 3222 3936 sunt
3251 3885 3414 3954 aliqui
3470 3889 3527 3945 ln

1938 3958 2168 4029 Liguria,
2204 3962 2293 4031 qui
2323 3962 2390 4018 de
2428 3964 2725 4021 litterarum
2773 3980 2997 4035 possunt
3042 3972 3200 4041 genio
3247 3983 3301 4029 et
3344 3978 3527 4047 splen-

1934 4051 2066 4108 dore
2090 4054 2330 4121 iudicare
2360 4072 2375 4112 :
2409 4071 2503 4112 vos
2527 4059 2872 4116 crediderunt
2904 4064 2955 4116 in
2986 4063 3075 4119 illa
3107 4065 3340 4123 dictione
3370 4070 3528 4127 labo-

1939 4160 2285 4217 rasse,quam
2327 4150 2471 4204 a2tati
2503 4151 2856 4220 praeiudiCans
2886 4169 3052 4211 can-ts
3099 4156 3209 4228 jam
3264 4163 3314 4215 in
3360 4178 3528 4232 puero

1937 4250 2124 4291 sensus
2163 4239 2422 4294 excoluit.
2473 4239 2579 4296 Sed
2612 4243 2713 4297 ista
2746 4245 2910 4315 magis
2938 4248 3043 4302 illis
3070 4263 3191 4305 cum
3226 4252 3529 4326 lactymoso

1937 4328 2129 4393 gaudio
2168 4328 2298 4395 dixi,
2334 4345 2470 4399 quos
2502 4342 2590 4386 aut
2618 4333 2820 4388 effusus
2847 4339 3064 4406 sanguis
3086 4342 3207 4395 albo
3227 4345 3391 4398 curiae
3412 4359 3525 4403 cm-

1939 4416 2087 4471 lestis
2129 4420 2395 4489 ascripsit,
2453 4432 2545 4476 aut
2606 4425 2749 4479 clara
2802 4428 3524 4501 conlessio:qui.secund‘s

1937 4508 2256 4564 conﬂi-ment
2296 4510 2584 4580 primordia
2618 4524 2798 4569 nostra
2820 4520 3178 4575 successibus.
3209 4523 3313 4577 Vos
3340 4524 3527 4587 famuli

259 4580 393 4687 illico
445 4583 657 4652 pagina.
689 4597 809 4653 quae
855 4598 1025 4637 meam
1075 4595 1300 4655 quaerat.
1355 4594 1585 4641 Vestram
1636 4588 1841 4645 ηυηιὶει
1867 4599 1918 4658 D
1947 4598 2244 4657 humilitate
2270 4611 2326 4657 et
2362 4603 2618 4675 obsEqui)
2660 4606 2920 4674 salutans,
2969 4618 3097 4680 opto
3127 4614 3265 4668 inter
3294 4580 3523 4688 qumvis,

262 4685 589 4744 “mmmam.
831 4744 1159 4801 EPISTULA
1216 4746 1302 4800 tx.

820 4850 1075 4890 εκλοωυε
1102 4850 1345 4892 οιγῐιιιιο.

328 4926 423 4982 Vis
472 4928 761 4999 aliquando
790 4928 919 4983 mihi
961 4944 1023 4983 ea
1071 4946 1190 4999 qua!
1236 4930 1327 4985 diu
1371 4932 1547 4999 cupita
1602 4941 1727 4988 sunt
1771 4949 1838 4991 ex

264 5021 517 5076 sententia
547 5030 946 5089 successerunt,
980 5032 1036 5077 ut
1078 5025 1221 5078 sitim
1248 5039 1408 5094 quam
1435 5041 1500 5080 ex
1539 5026 1837 5085 litterarum

270 5121 560 5169 vestrarum
612 5112 810 5171 ardore
852 5129 1237 5184 conceperam,
1278 5117 1605 5187 eloquentia:
1655 5121 1839 5177 divitis

265 5204 398 5260 unda
425 5207 669 5272 satiaret,
697 5214 751 5261 et
780 5216 943 5261 aestus
974 5222 1106 5276 quos
1131 5212 1456 5277 exspectatio
1485 5211 1643 5282 longa
1667 5215 1841 5282 gemi-

268 5307 501 5361 naverat,
533 5297 823 5352 arridentia
860 5299 1016 5355 labiis
1060 5300 1253 5355 fluenta
1300 5304 1707 5374 restinguerent.
1735 5305 1842 5361 Sed

268 5401 355 5440 cur
393 5387 566 5442 mead
602 5398 849 5443 votorum
878 5403 1115 5445 asseram
1139 5408 1400 5447 summam
1444 5394 1607 5451 fuisse
1646 5398 1840 5465 perdu-

272 5487 424 5543 ttum,
448 5481 536 5533 cui
561 5479 737 5546 majus
762 5481 998 5535 nascitur
1013 5482 1078 5536 de
1102 5482 1475 5553 impetratione
1496 5486 1843 5556 desiderium,

268 5568 387 5620 dum
406 5566 471 5623 de
490 5582 801 5623 sermonum
820 5577 1118 5626 vestrorum
1144 5575 1359 5629 flumine
1380 5588 1560 5643 pectus
1581 5580 1852 5634 ardescit?

338 5682 351 5710 ¹
379 5680 599 5756 Lychnis
622 5691 804 5756 contra
826 5682 947 5734 solis
978 5684 1166 5756 radios]
1200 5686 1388 5740 Facilis
1418 5687 1514 5741 fuit
1544 5691 1848 5745 «emendatio

272 5753 553 5825 prolignis
602 5752 744 5825 quod
798 5754 847 5825 in
897 5752 1165 5807 omnibus
1209 5760 1599 5825 exetnplurilnts
1659 5761 1847 5816 vitiose

270 5820 559 5890 legebatur.
585 5822 845 5889 Apologia
872 5838 965 5890 pro
992 5826 1223 5891 synodo:
1254 5820 1470 5884 Natam
1496 5831 1666 5883 stolidi
1692 5834 1846 5886 solem

540 5915 817 5976 Parnon.
866 5917 1090 5981 LXIII.

1946 4691 2070 4745 dum
2123 4695 2238 4748 istis
2276 4696 2509 4750 animum
2568 4699 2838 4767 relaxatis,
2891 4702 3321 4762 adversariorum
3385 4712 3523 4769 mala

1945 4782 2197 4850 gaudere.
2232 4784 2367 4839 Nihil
2390 4796 2472 4840 est
2497 4789 2641 4841 enim
2675 4789 2725 4843 in
2758 4805 2862 4859 quo
2889 4796 3153 4863 possimus
3184 4797 3524 4862 inimicorum

1947 4876 2137 4928 damna
2172 4882 2393 4933 sentire.
2430 4878 2535 4932 lloc
2570 4880 2723 4934 nobis
2753 4881 2893 4937 Deus
2939 4886 3183 4955 contulit,
3215 4890 3357 4958 quod
3397 4893 3530 4948 invi-

1946 4969 2030 5021 dia
2061 4979 2272 5024 terrena
2303 4986 2405 5025 non
2438 4971 2736 5027 subtrahat.
3274 4972 3279 4977 ⁷

2510 5061 2836 5117 EPISTOLA
2881 5064 2969 5122 XI.

2476 5147 2734 5187 sanemus
2775 5150 2992 5203 nune.

2015 5219 2152 5286 Quid
2183 5220 2367 5274 faciam
2388 5262 2403 5285 ,
2430 5222 2645 5289 quando
2674 5226 3014 5281 rescrihenda
3047 5242 3141 5285 vos
3180 5232 3432 5295 scribitis,
3473 5243 3528 5285 et

1949 5326 2043 5379 pro
2085 5312 2224 5366 bono
2264 5314 2613 5380 prascientire
2656 5316 2794 5370 coelo
2825 5317 2975 5373 vobis
3020 5320 3346 5390 obsequente
3391 5336 3524 5375 con-

1949 5421 2137 5471 ccssm,
2168 5406 2423 5475 quidquid
2463 5407 2696 5462 alienum
2743 5419 2926 5480 pectus
2971 5414 3135 5479 potuit
3180 5412 3524 5481 investigare,

1954 5498 2215 5551 narratis?
2244 5498 2434 5569 Liquet
2490 5515 2647 5569 supra
2701 5503 2970 5558 hominem
3011 5519 3151 5567 esse,
3182 5502 3411 5558 duorum
3449 5508 3527 5561 sic

1954 5588 2176 5657 implere
2206 5604 2482 5659 personas.
2512 5591 2615 5646 Sed
2659 5593 2724 5647 ad
2755 5594 2904 5647 illum
2943 5594 3244 5669 referantur
3273 5595 3367 5649 ista
3391 5638 3405 5662 ,
3437 5597 3529 5666 qui

1957 5702 2153 5771 facibus
2199 5715 2299 5771 non
2339 5704 2540 5772 juvari,
2573 5721 2662 5758 nec
2692 5705 2759 5757 ad
2804 5704 3097 5769 pt'a’st'dium
3144 5706 3348 5761 dr'urmc
3400 5708 3683 5766 [πάρ’

1954 5772 2164 5841 lgrhuos
2197 5774 2402 5827 arcendi
2412 5815 2423 5829 .

3014 5932 3057 5997 2
