3998 6362
452 304 519 359 43
1591 304 1794 359 ΕἉῚΟῘ
1818 304 1858 358 ll
1900 304 2196 361 EPISCOPI
2237 307 2606 365 TlClNENSlS
3645 308 3715 367 Η

454 420 712 487 praestitit.
747 418 855 486 Ego
887 426 1061 471 tamen
1111 416 1380 470 remittere
1425 430 1509 467 me
1555 406 1848 468 oritionem
1870 456 1883 471 .
1928 431 2019 482 per
2048 421 2100 479 Α
2126 426 2300 470 menta
2325 430 2446 472 sunt
2474 424 2745 473 macu'ate
2771 420 3190 475 conversationis
3217 435 3319 473 non
3349 418 3449 474 sibi
3477 423 3708 474 credere

454 523 608 577 quam
633 508 685 562 in
715 509 955 563 umbram
985 507 1231 575 antiquus
1254 506 1455 560 Tullius
1488 507 1749 570 trudetur,
1776 524 1878 560 non
1907 521 2028 575 pro-

454 602 592 659 .uisi.
620 602 824 670 Quippe
844 601 931 669 qui
953 609 1226 668 acceptum
1251 603 1656 668 quaternionem
1682 599 1779 652 sub
1811 598 2025 666 majori,

450 707 606 761 quam
638 692 847 759 ingenio
880 706 997 744 meo
1040 691 1439 753 commodabat,
1479 692 1751 745 celeritate
1780 689 2028 744 reddide-

451 800 605 839 ram:
639 786 763 839 dum
811 783 933 838 ﬁdei
975 781 1233 847 serviens,
1262 798 1378 852 qua:
1422 782 1485 835 ad
1534 781 1825 851 profectum
1878 790 2026 849 pote-

447 886 568 932 rant
596 876 1188 946 pertinerecontempsi.
1213 875 1353 929 Nihil
1370 875 1508 945 apud
1532 891 1616 930 me
1635 879 1701 929 de
1721 874 2021 928 veneranda

447 978 571 1024 tunc
611 970 846 1023 dictiOne
888 976 1259 1033 remanserat,
1312 969 1412 1023 nisi
1457 968 1596 1037 quod
1642 968 1706 1021 ad
1756 968 2019 1032 fructum,

443 1068 696 1129 quantum
728 1058 960 1124 resumo,
993 1057 1145 1111 bona:
1174 1057 1439 1125 opinionis
1480 1059 1780 1125 reposcenti
1814 1073 2021 1112 memo-

446 1151 522 1204 ria
573 1150 783 1204 furante
812 1150 1195 1203 subduxeram.
1237 1148 1371 1203 Nolo
1412 1148 1619 1213 dicere,
1666 1149 1823 1214 quale
1864 1147 2024 1203 fuerit

444 1240 585 1309 quod
618 1239 812 1294 invitus
860 1237 1099 1302 restitui,
1128 1238 1287 1306 quale
1319 1238 1477 1291 etiam
1524 1236 1663 1305 quod
1708 1238 1877 1289 amavi
1908 1254 1919 1289 :
1956 1252 2022 1291 ne

446 1330 729 1384 manifesto
759 1329 988 1384 credatis
1024 1343 1119 1381 vos
1150 1328 1422 1396 alleganda
1455 1327 1569 1381 sine
1613 1329 1691 1380 sui
1736 1326 2021 1394 disnendio

442 1422 779 1492 prmdixisse.
810 1421 965 1475 Curis
1004 1422 1137 1474 meis
1173 1431 1347 1473 tamen
1394 1434 1554 1486 super
1587 1418 1684 1471 hac
1724 1430 1901 1487 parte,
1932 1433 2019 1472 se-

444 1530 589 1569 rena:
639 1515 772 1568 lucis
812 1528 942 1567 meae
971 1513 1149 1566 domni
1176 1512 1365 1565 Avieni
1400 1509 1692 1579 miseratio,
1726 1510 1848 1564 licet
1887 1510 2020 1564 inei-

434 1605 660 1673 .pientis,
703 1615 878 1658 tamen
935 1603 1042 1671 jam
1102 1602 1323 1671 probata
1378 1602 1676 1666 succurrit,
1731 1601 2015 1670 quamdam

425 1697 748 1753 ~schedulam
789 1711 906 1765 quae
951 1695 1051 1765 ipsi
1094 1708 1371 1749 remanere
1403 1695 1602 1762 potuit,
1634 1703 1837 1747 ostrum
1884 1694 2012 1747 mihi

2135 522 2255 562 esse
2285 510 2589 577 participes.
2625 512 2743 563 lla-c
2792 510 2875 563 illa
2918 521 3098 565 mente
3138 510 3429 578 descripsi,
3467 525 3568 579 qua
3600 526 3713 563 mc—

2133 616 2249 652 mor
2290 601 2547 668 propositi
2578 601 2754 653 odium
2798 603 3091 668 compellor
3128 600 3328 655 debere
3371 601 3711 655 criminibus.

2128 690 2339 745 Nullum
2371 692 2501 745 deus
2542 706 2712 751 meus,
2744 691 2845 745 nisi
2889 692 2954 745 de
2997 706 3056 745 se
3100 692 3269 760 tetigit
3315 692 3656 745 conﬁtentem
3691 708 3704 745 :

2129 784 2253 836 dum
2284 785 2405 837 vitia
2440 785 2774 849 incessimus,
2810 798 2957 838 reum
2986 784 3061 838 ira
3096 782 3424 838 manifestat.
3456 784 3588 838 Nam
3619 784 3705 838 in-

2122 874 2461 940 jurius-sim,
2495 874 2539 928 si
2567 876 2689 944 styli
2722 876 2839 928 loco
2869 889 3138 928 vomerem
3165 877 3391 929 sentiam
3414 914 3428 939 ,
3456 884 3547 928 aut
3580 874 3711 927 mihi

2126 964 2321 1031 scripta
2364 972 2697 1033 compotem,
2728 980 2846 1033 quae
2886 964 3129 1033 relegens
3174 980 3275 1018 non
3308 978 3562 1033 agnosco.
3597 964 3711 1020 Scit

2116 1054 2265 1107 enim
2315 1053 2588 1117 Dominus,
2618 1053 2740 1122 quia
2783 1054 2825 1106 si
2877 1068 2981 1106 non
3026 1062 3214 1107 nostro
3261 1054 3480 1107 nomine
3523 1060 3709 1108 notata

2124 1142 2312 1198 fuisset
2353 1128 2609 1213 epistola,
2642 1146 2704 1197 ad
2739 1161 2892 1213 quem
2939 1145 3124 1199 fuisset
3172 1145 3371 1200 directa
3422 1146 3705 1200 nescirem.

2123 1230 2242 1287 Tibi
2274 1234 2409 1289 habe
2441 1234 2654 1288 facetias
2704 1248 2857 1288 tuas:
2892 1249 2981 1289 aut
3024 1237 3133 1289 illis
3166 1251 3284 1291 rese
3315 1252 3397 1291 va.
3432 1253 3553 1290 cum
3593 1238 3711 1306 qui-

2125 1326 2222 1381 bus
2253 1326 2402 1380 vobis
2430 1328 2554 1382 siue
2591 1328 2703 1381 oris
2729 1328 2924 1393 ofﬁcio,
2963 1344 3057 1396 per
3089 1328 3434 1384 clandestinze
3477 1329 3706 1384 familia-

2123 1420 2293 1474 ritatis
2325 1422 2757 1475 communionem
2787 1423 2991 1476 clamor
3017 1431 3100 1476 est
3128 1432 3365 1477 actuum.
3396 1422 3535 1476 Ecce
3564 1422 3707 1477 salu-

2123 1511 2338 1565 tationis
2384 1510 2845 1566 honoriﬁcentiam
2878 1515 3089 1566 solvens
3119 1513 3402 1582 deprecor,
3434 1524 3490 1567 ut
3520 1514 3571 1567 in
3616 1513 3703 1566 di-

2122 1601 2356 1671 rigendis
2386 1603 2625 1671 epistolis
2657 1604 2766 1656 loca
2786 1642 2800 1666 ,
2824 1612 3098 1672 tempora,
3131 1618 3387 1672 personas
3418 1604 3661 1659 attendas
3688 1620 3701 1657 :

2120 1707 2188 1747 ne
2217 1692 2359 1762 quod
2382 1688 2488 1763 ego
2529 1694 2594 1747 ad
2626 1709 2711 1749 me
2739 1695 2995 1765 scripturn
3026 1711 3130 1750 non
3162 1705 3437 1766 computo.
3471 1696 3701 1750 alterum

442 1788 733 1844 nobilitatis
762 1788 981 1857 ingessit
1009 1805 1020 1838 :
1056 1787 1191 1840 hanc
1220 1785 1477 1838 hactenus
1510 1782 1707 1841 habui:
1742 1784 1862 1838 inde
1893 1799 2009 1838 sum
2044 1784 2088 1842 Β
2118 1785 2339 1840 forsitan
2371 1786 2547 1840 lzrdat.
2591 1786 2725 1852 Quia
2756 1788 2965 1840 aestimo
2988 1794 3049 1841 te
3096 1785 3251 1855 hujus
3297 1786 3540 1856 epistolae
3579 1785 3696 1839 for-

440 1892 493 1937 et
523 1882 759 1941 locutus.
796 1891 848 1935 et
870 1878 1057 1948 sapui.
1098 1877 1201 1932 Sed
1235 1886 1515 1946 postquam
1557 1886 1613 1929 et
1649 1875 1817 1930 aliena
1851 1877 2016 1931 liene-

442 1973 556 2029 ﬁcia
594 1973 776 2043 jussus
816 1985 932 2024 sum
985 1968 1248 2038 pendere,
1293 1968 1562 2037 perlatore
1603 1981 1720 2019 eam
1762 1975 2019 2035 sequente

441 2066 757 2121 destinatio:
789 2079 892 2118 non
921 2077 1035 2116 eam
1070 2061 1120 2115 in
1155 2076 1238 2114 me
1269 2074 1362 2128 pro
1391 2057 1623 2127 peccatis
1656 2058 1787 2112 meis
1818 2058 2019 2113 intelli-

438 2170 571 2225 gens
612 2153 1070 2216 benevolentiam,
1115 2158 1171 2204 ut
1214 2148 1351 2219 quod
1393 2157 1737 2203 etternorum
1788 2150 2018 2201 munitet

440 2248 647 2314 ingenia
667 2286 685 2313 ,
713 2246 848 2300 bene
875 2243 1121 2299 credulus
1150 2256 1254 2295 non
1288 2255 1569 2310 negarem;
1604 2238 1781 2293 sciens
1806 2252 1890 2291 me
1922 2237 2018 2289 lm-

440 2339 691 2403 minibus,
721 2336 861 2407 quod
900 2337 1168 2404 impugnat
1218 2331 1580 2402 propositum,
1623 2330 1875 2384 cautione
1914 2329 2016 2383 mi-

437 2430 602 2487 sceri.
629 2427 1113 2490 Verum~dico,»illo
1146 2435 1279 2479 teste
1308 2424 1393 2478 cui
1423 2431 1545 2477 nota
1577 2432 1701 2476 sunt
1742 2422 1952 2488 omnia,
1986 2437 2016 2476 a

418 2541 529 2580 reme
566 2523 693 2578 illas
740 2520 923 2575 mundi
974 2532 1068 2573 ore
1117 2516 1416 2571 celebratas
1464 2513 1725 2568 dictiones
1775 2521 2015 2577 vestras,

442 2615 585 2688 quod
608 2613 770 2670 credo
798 2609 1009 2669 inscitia
1039 2624 1154 2664 mea
1184 2607 1295 2662 ﬁeri
1314 2647 1329 2672 ,
1361 2606 1607 2674 cuiquam
1634 2604 1748 2657 dari
1779 2618 1877 2658 nee
1910 2616 2018 2657 tor-

437 2714 617 2761 menta
659 2696 1006 2772 compellunt.
1037 2696 1261 2752 Domine
1302 2694 1403 2760 mi,
1445 2693 1817 2747 salutationem
1865 2707 2017 2746 reve-

440 2798 626 2854 rentia:
654 2804 858 2850 vestra:
893 2791 1180 2856 exhibens,
1211 2795 1485 2843 contestor
1525 2786 1649 2855 quia
1695 2786 2017 2858 negligentia

438 2889 691 2961 judicium
713 2899 932 2950 meum,
965 2896 1064 2936 nec
1091 2878 1323 2934 adulatio
1354 2879 1628 2950 impugnat
1658 2878 1930 2934 affectum.

967 2970 1292 3029 EPISTULA
1330 2970 1447 3024 XII.

952 3076 1209 3118 ENNODIUS
1240 3074 1482 3115 ASTYRIO.

2121 1879 2319 1932 mulam
2366 1878 2430 1931 ad
2480 1878 2739 1947 plurimos
2788 1878 3118 1947 destinasse,
3163 1887 3217 1932 et
3264 1878 3375 1931 sola
3424 1868 3701 1933 nominum

2119 1970 2558 2035 commutatione,
2582 1986 2699 2025 eam
2726 1988 2819 2041 per
2839 1972 3079 2042 singulos
3101 1972 3217 2026 sine
3240 1971 3549 2026 meritorum
3572 1986 3701 2028 con-

2120 2061 2443 2117 sideratione
2469 2064 2849 2116 transmittere.

2658 2151 2988 2208 EPISTOLA
3029 2152 3166 2207 XIII.

2648 2259 2906 2298 ENNUDIUS
2937 2260 3177 2301 οωιιιιιο.

2193 2335 2211 2364 ¹
2237 2331 2303 2387 Ut
2342 2332 2506 2387 tradit
2548 2334 2791 2403 quaedam
2821 2334 3139 2403 eloquentia:
3168 2348 3394 2405 persona
3426 2334 3696 2399 sublimis,

2122 2427 2205 2480 lex
2236 2433 2318 2479 est
2361 2425 2416 2478 in
2460 2426 2702 2493 epistolis
2752 2426 3104 2495 negligentia,
3144 2437 3199 2480 et
3240 2436 3509 2481 auctorem
3553 2429 3699 2497 genii

2120 2514 2309 2570 :raifex
2340 2530 2396 2569 .~e
2425 2517 2628 2584 praebet
2656 2517 2880 2570 incuria.
2910 2517 2963 2569 lu
2994 2531 3097 2585 quo
3137 2531 3299 2586 opere
3334 2518 3460 2571 illud
3493 2517 3698 2571 subdu-

2118 2608 2189 2661 cit
2219 2607 2426 2676 gratiat,
2458 2608 2598 2675 quod
2640 2610 2784 2662 cruci
2825 2617 2968 2661 tuum
3005 2608 3153 2662 testis
3197 2609 3360 2664 sudor
3408 2608 3694 2664 invenerit.

2119 2698 2354 2753 Camiu's
2384 2710 2603 2754 excocta
2634 2700 2915 2755 fabrilibus
2945 2702 3103 2755 verba
3136 2716 3238 2754 non
3272 2700 3471 2770 ﬂagitat
3507 2701 3696 2756 salutis

2118 2804 2229 2845 sua:
2272 2790 2519 2857 nuntius,
2566 2799 2619 2845 et
2662 2792 2920 2861 quazsitor
2953 2791 3167 2845 alienae.
3210 2790 3398 2845 Melius
3438 2795 3480 2845 si
3519 2792 3571 2844 in
3618 2790 3699 2843 his

2117 2884 2458 2938 commerciis
2499 2900 2627 2953 pura
2669 2884 3027 2938 elocutionum
3070 2883 3245 2938 fronte
3276 2883 3695 2954 congredimur:

2119 2975 2420 3030 diademata
2449 2973 2675 3044 simplex
2707 2975 2957 3044 colloquii
2995 2975 3172 3029 cultus
3211 2974 3459 3044 abjurat:
3491 2977 3693 3044 episto-

2122 3066 2250 3120 laris
2277 3066 2608 3131 communio,
2631 3067 2675 3120 si
2705 3066 2915 3135 quando
2936 3066 3239 3121 affectatum
3265 3066 3511 3121 decmem
3545 3067 3698 3137 fugit,

509 3160 842 3233 Propheticis
880 3157 1113 3213 oraculis
1142 3156 1443 3210 sublimitas
1483 3163 1569 3206 tua
1610 3160 1828 3222 praestat
1855 3150 2013 3205 obse-
2046 3158 2093 3220 ρ
2126 3157 2374 3212 obtinuit.
2420 3157 2526 3212 sed
2574 3157 2951 3227 magnitudinis
2993 3166 3185 3213 vestr-3
3226 3158 3376 3225 divgs
3416 3168 3469 3211 ei
3512 3158 3700 3210 elucu-

435 3256 651 3327 quium,
679 3260 733 3307 et
758 3250 824 3305 ad
857 3249 1013 3304 ﬁdem
1041 3255 1281 3302 veterum
1326 3246 1660 3299 sanctionum
1694 3242 1885 3297 militat
1914 3254 2010 3295 no-

428 3344 587 3401 xellis
633 3340 966 3398 excessibus.
1018 3336 1303 3393 Providisti
1351 3351 1418 3391 ne
1461 3334 1676 3405 segnior
1714 3332 2008 3388 admonitio

416 3445 741 3495 "remaneret
767 3432 1067 3489 valetudine
1095 3433 1365 3488 subtracta
1411 3430 1692 3500 neglectui.
1735 3428 2006 3495 Scriptum

436 3530 576 3586 enim
598 3537 679 3584 est
709 3542 804 3597 per
830 3524 928 3581 Dei
957 3523 1209 3587 cultores,
1237 3536 1462 3592 quorum
1485 3536 1642 3575 aures
1672 3519 2007 3589 prudentium

435 3618 624 3675 debeat
649 3616 890 3673 doctrina
918 3616 1164 3680 transire,
1195 3627 1327 3683 quos
1368 3611 1484 3665 I‘alsi
1516 3611 1784 3665 sermonis
1816 3625 2009 3680 sapore

434 3709 774 3781 pertrahere;
801 3708 1038 3777 allegans
1066 3705 1239 3776 perire
1266 3702 1462 3756 monita
1483 3741 1497 3765 ,
1526 3716 1644 3769 qua:
1675 3701 1725 3754 in
1750 3700 1849 3754 alia
1882 3715 2009 3755 con-

433 3803 632 3859 stitutis
675 3799 1059 3856 deliberatione
1108 3803 1445 3867 praestantur.
1500 3794 1609 3863 Ego
1665 3802 1841 3847 tamen
1890 3793 2008 3847 loco

433 3895 666 3963 humilis,
700 3894 877 3964 lingua
904 3888 1200 3954 mendicus,
1231 3888 1359 3943 solis
1393 3894 1553 3941 antea
1597 3885 2006 3941 necessitudinis

433 3986 660 4043 stimulis
682 3983 839 4038 verba
863 3980 1124 4036 concessi.
1147 3988 1198 4033 et
1218 3978 1283 4033 ad
1309 3978 1758 4033 contestationem
1780 3976 2008 4057 diligen-

434 4080 544 4145 tiae,
570 4074 837 4145 prioribus
878 4070 1069 4125 litteris
1099 4070 1314 4125 exhibui
1342 4073 1358 4103 ¹
1386 4072 1484 4125 sub
1526 4056 1800 4139 sanguinis
1841 4056 2042 4123 liber-4

434 4178 540 4225 tate
576 4178 912 4235 responsum.
942 4162 1092 4218 Nunc
1122 4163 1260 4217 male
1280 4170 1363 4217 est
1392 4162 1590 4226 animo,
1621 4161 1759 4231 quod
1791 4161 2008 4227 injuria-

430 4274 547 4313 rum
575 4256 746 4311 fruetu
777 4269 990 4320 carens,
1027 4251 1299 4322 sumpsisti
1342 4249 1561 4304 forsitan
1609 4251 1828 4305 mentita
1867 4241 2028 4320 apud“

418 4359 487 4405 «ιθ
526 4348 827 4405 urbanitate
870 4346 1217 4417 iactantiam:
1253 4344 1495 4398 nesciens
1539 4343 1681 4412 quod
1730 4352 2003 4400 auctorem

416 4451 680 4513 .repetunt
706 4441 839 4505 tela,
866 4455 983 4510 qua:
1005 4439 1247 4493 indocilis
1271 4438 1525 4492 adversus
1554 4438 1781 4493 alterum
1816 4453 2004 4493 manus

2124 3249 2270 3304 brata
2302 3249 2537 3303 narratio
2564 3249 2824 3303 mendicis
2852 3248 3108 3303 limitibus
3136 3248 3306 3303 nescit
3336 3247 3570 3311 includi;
3599 3260 3698 3301 nec

2120 3341 2229 3396 oris
2260 3341 2568 3395 thesaurum
2600 3340 2999 3410 quibuscunque
3027 3348 3234 3394 arctare
3263 3339 3508 3393 conﬁniis
3539 3356 3551 3390 :
3585 3353 3699 3392 nta-

2119 3448 2346 3504 gnorum
2400 3448 2551 3487 more
2592 3434 2867 3488 ﬂuminum
2915 3433 3149 3501 riparum
3199 3432 3342 3487 frena
3384 3431 3697 3486 contemnit.

2112 3528 2227 3581 Non
2253 3527 2379 3581 dum
2406 3527 2763 3596 compositum
2786 3525 3039 3580 velamen
3062 3526 3429 3595 occupationis
3454 3524 3699 3591 locuples

2111 3618 2287 3688 lingua
2321 3618 2735 3688 transgreditur,
2766 3618 2849 3673 his
2896 3626 3099 3672 tantum
3136 3632 3196 3671 se
3228 3616 3420 3671 studiis
3467 3617 3697 3669 militare

2110 3710 2404 3781 signiﬁcat,
2432 3709 2495 3762 ad
2524 3725 2642 3780 qua:
2666 3710 2749 3764 vel
2778 3710 3060 3765 occasione
3086 3708 3341 3778 perducta
3371 3718 3472 3762 est.
3505 3707 3571 3761 Et
3594 3707 3697 3761 nisi

2114 3802 2284 3867 vobis,
2318 3801 2514 3870 quietis
2544 3810 2744 3856 nostra;
2777 3801 3107 3868 testimonia,
3150 3799 3461 3870 reipublicae
3502 3801 3696 3869 guber-

2116 3894 2301 3948 uacula
2333 3894 2657 3948 sentiremus
2704 3892 2865 3947 fuisse
2913 3894 3228 3958 commissa,
3271 3898 3325 3946 et
3354 3906 3463 3945 rem
3491 3890 3697 3945 laboris

2110 3984 2271 4039 vestri
2316 3998 2465 4049 esse,
2509 3982 2763 4053 quidquid
2805 3982 2999 4052 ubique
3042 3982 3361 4052 disponitur,
3403 3980 3486 4035 vel
3528 3980 3695 4034 Italia:

2109 4092 2290 4130 curam
2335 4075 2708 4130 didicissemus
2753 4090 2913 4128 unum
2959 4084 3139 4141 pectus
3184 4074 3694 4143 ingressamzpene

2110 4184 2203 4221 vos
2230 4169 2344 4222 sola
2376 4179 2679 4236 putaremus
2706 4164 2965 4234 paginalis
2996 4165 3125 4236 styli
3151 4172 3349 4219 curaet
3377 4163 3695 4217 a;sidnitate

2094 4261 2390 4316 macerari.
2425 4260 2534 4313 Deo
2556 4259 2820 4313 debentur
2848 4259 2959 4312 hmo
2991 4271 3247 4322 munera,
3278 4255 3366 4324 qni
3397 4264 3451 4308 et
3484 4263 3693 4308 amato-

2112 4367 2225 4404 rem
2270 4350 2506 4404 scientia:
2536 4363 2750 4403 sensum
2804 4349 3056 4413 contulit,
3086 4359 3139 4403 et
3171 4347 3351 4402 limam
3393 4346 3692 4400 studiorum

2108 4443 2175 4498 ad
2205 4444 2315 4499 oris
2341 4444 2593 4496 fabricam
2627 4457 2731 4495 non
2762 4442 2992 4512 negavit.
3023 4441 3136 4495 Non
3163 4440 3239 4495 sic
3268 4439 3453 4510 pernix
3476 4437 3496 4468 ³
3520 4438 3694 4493 mthcr

418 4535 693 4591 emiserit-
720 4532 849 4600 Qllis
889 4539 1039 4602 Ρυιϐι
1077 4531 1488 4593 contumeliam.
1528 4546 1647 4601 quae
1678 4532 1847 4585 SOlam
1879 4546 2005 4594 con.-
2033 4526 2082 4586 D
2110 4545 2228 4591 acta
2273 4534 2451 4589 nervis
2498 4532 2702 4588 arundo
2756 4532 3085 4600 proscindit:
3122 4532 3564 4601 quemadmodum
3606 4533 3692 4584 in-

434 4627 711 4684 scientiam
759 4623 1073 4679 destinantis
1117 4622 1342 4693 afﬂigit?
1390 4623 1759 4693 Improborum
1814 4634 2000 4680 natura

434 4729 548 4785 est,
577 4717 679 4772 hoe
718 4719 917 4771 sentire
955 4714 1022 4771 de
1065 4715 1311 4769 omnibus
1342 4714 1480 4783 quod
1530 4724 1824 4779 merentur,
1866 4724 1918 4770 et
1953 4716 2005 4772 in

434 4809 588 4866 malis
632 4808 878 4863 solatium
928 4821 1186 4876 nusquam
1229 4805 1413 4860 videre
1457 4805 1833 4861 innocentiam.
1876 4806 2006 4861 Tor-

504 4924 521 4954 ¹
554 4921 661 4976 Sub
705 4918 964 4989 sanguinis
1008 4915 1259 4986 libertate]
1302 4917 1433 4982 Quia
1483 4916 1760 4989 Ennodius
1803 4918 2001 4989 Astyrii

432 4987 859 5061 consanguineus
894 4996 1038 5061 erat,
1072 4988 1185 5043 sive
1226 5003 1439 5061 parcns,
1470 4997 1541 5061 ut
1569 4988 1785 5054 scripsit
1829 4987 1998 5061 Iib._r,

431 5067 595 5133 epist.
611 5056 681 5114 2⁷4
701 5101 713 5121 ,
738 5058 890 5133 cujus
917 5059 1161 5114 libertate
1184 5056 1443 5111 offensum
1470 5057 1611 5110 illius
1632 5064 1864 5112 animum
1891 5059 2003 5127 pla-

431 5129 555 5187 care
585 5130 683 5185 hac
702 5129 928 5197 epistola
954 5142 1195 5183 conatur.

500 5204 519 5235 ’
551 5199 619 5256 Ut
646 5202 717 5252 ait
746 5200 979 5262 quaedam
1021 5197 1315 5266 eloquentiw

431 5275 533 5327 tior
562 5273 704 5327 enim
733 5268 822 5323 Fr.
850 5268 1055 5329 Jurcto,
1083 5268 1170 5337 qui
1200 5268 1361 5337 alludi
1391 5274 1577 5337 censet
1605 5268 1669 5321 ad
1699 5269 1812 5336 ejus
1842 5269 1999 5335 epist.

430 5344 483 5407 9,
520 5343 611 5396 lib.
634 5356 734 5403 vn,
764 5340 814 5393 in
842 5353 943 5409 qua
985 5336 1185 5391 ﬁlio’de
1213 5336 1453 5409 epistola:
1482 5336 1620 5406 stylo
1648 5339 1884 5406 praecipit
1920 5339 2001 5391 his

432 5406 649 5465 verbis:
683 5409 822 5465 Nam
856 5406 907 5462 ut
938 5409 989 5460 in
1031 5409 1209 5461 vestitu
1240 5406 1533 5473 hominum,
1568 5420 1843 5475 cwtcroque
1882 5410 1995 5461 vilw

432 5482 603 5546 cultu,
632 5482 743 5534 loco
771 5497 830 5534 ac
860 5479 1072 5548 tempori
1098 5488 1220 5546 apta
1246 5486 1512 5548 sumuntur
1534 5493 1551 5528 :
1582 5478 1650 5529 ita
1678 5477 1889 5545 ingenio.
1909 5493 1996 5530 um

433 5551 645 5603 varietas
671 5552 723 5603 in
751 5547 1087 5618 familiaribus
1112 5548 1310 5614 scriptis
1338 5547 1691 5617 negligentiam
1718 5548 1992 5614 quamdam

432 5620 573 5672 debet
602 5617 819 5683 imitari;
848 5621 900 5672 in
932 5617 1217 5685 forensibus
1255 5633 1369 5670 vero
1397 5626 1600 5684 quatere
1637 5632 1779 5667 arma
1812 5618 1991 5685 facun-

435 5691 551 5743 dia.
586 5688 780 5743 Eadem
805 5697 886 5743 est
912 5686 1185 5743 Ciceronis
1214 5689 1471 5742 sententia
1505 5686 1595 5738 lib.
1620 5701 1698 5749 ix,
1733 5688 1888 5750 epiSt.
1920 5687 1983 5738 ‘ZI

435 5760 497 5815 ad
528 5760 757 5824 Paetum,
783 5757 871 5813 ubi
895 5757 1215 5827 quotidianis
1244 5773 1272 5813 a
1302 5772 1362 5815 se
1390 5754 1567 5811 verbis
1593 5756 1843 5825 epistolas
1875 5758 1983 5811 texi

1388 5195 1759 5267 Symmachua
1804 5198 2003 5253 Assen-

2115 4635 2271 4682 venta
2294 4626 2489 4695 ingenii
2524 4625 2685 4679 vestri
2719 4640 2894 4679 sermo
2917 4626 3191 4680 describit.
3217 4624 3369 4678 Nulla
3394 4625 3694 4693 languescit

2112 4719 2285 4780 obice,
2316 4718 2475 4772 nullis
2508 4717 2745 4770 tardatur
2772 4716 3101 4771 obstaculis:
3135 4716 3191 4769 ﬁt
3224 4717 3405 4785 pervia
3434 4730 3692 4785 quaecun-

2114 4824 2219 4878 que
2257 4822 2316 4864 se
2344 4808 2419 4862 illi
2449 4807 2735 4861 difﬁcultas
2763 4806 3053 4861 obtulerit:
3086 4814 3141 4860 et
3165 4805 3357 4859 mirum
3385 4804 3437 4859 in
3470 4806 3692 4861 modum

2115 4920 2288 4974 solere
2314 4920 2498 4973 scribit
2525 4937 2537 4971 :
2571 4918 2711 4987 quol
2741 4917 2808 4972 de
2835 4919 2946 4970 suis
2975 4932 3187 4987 quoque
3214 4916 3447 4969 affirmat
3478 4914 3690 4969 Seneca

2114 4991 2271 5059 epist.
2301 4990 2404 5045 75:
2437 4990 2634 5055 Qualis,
2678 4989 2882 5058 inquit,
2921 5005 3084 5059 sermo
3123 5004 3265 5040 meus
3310 4988 3543 5059 extrusi
3585 5002 3693 5059 una

2107 5056 2390 5113 sederemus
2417 5071 2503 5112 aut
2528 5056 2921 5122 ambularemus,
2950 5057 3245 5110 itlaboratus
3275 5066 3321 5110 et
3351 5056 3536 5125 (acilia,
3560 5058 3690 5109 tales

2100 5147 2214 5183 esse
2242 5131 2480 5194 epistulas
2507 5148 2639 5183 meas
2661 5130 2793 5191 volo,
2822 5145 2936 5198 quae
2966 5129 3093 5181 nihil
3124 5126 3683 5198 habeantaccersitum,

2109 5200 2235 5253 n'ltil
2281 5202 2473 5268 ﬁctum.
2510 5194 2895 5254 Artemo‘sane
2935 5200 3072 5267 apud
3122 5197 3445 5268 Demetrium
3492 5194 3691 5268 Phalef

2110 5285 2259 5324 reum
2281 5266 2486 5324 eodem
2529 5271 2687 5323 modo
2723 5266 3034 5337 epistolam,
3068 5284 3172 5337 quo
3203 5266 3469 5335 dialogum
3514 5266 3682 5337 scribi

2110 5351 2357 5407 oportere
2385 5341 2494 5395 ait:
2528 5347 2581 5393 at
2611 5336 2914 5394 Demetrius
2942 5336 3097 5408 paulo
3127 5338 3295 5407 magis
3323 5350 3482 5405 quam
3513 5336 3686 5389 dialo-

2106 5425 2227 5478 gum
2255 5410 2629 5463 clabOrandam
2653 5411 2825 5464 docet.

2178 5479 2198 5508 ³
2230 5479 2415 5531 Λίιιιριν
2448 5482 2644 5532 arundo
2682 5479 2919 5546 proscind
2943 5479 2990 5549 ι]
3030 5479 3139 5532 Non
3172 5478 3379 5531 aethera.
3415 5474 3503 5549 Si};
3537 5475 3684 5529 enim

2102 5549 2238 5602 solet
2268 5551 2533 5603 interdum
2581 5550 2874 5615 Ennodius,
2901 5560 2957 5602 ut
2980 5546 3156 5602 'a’thcr
3197 5562 3405 5600 vacuum
3448 5546 3541 5600 lib.
3570 5562 3640 5597 vtt
3666 5589 3681 5611 ,

2102 5620 2259 5686 cpi-t.
2285 5619 2374 5683 58,
2406 5630 2456 5671 et
2490 5634 2582 5685 pro
2610 5620 2835 5688 synodo,
2884 5620 3125 5673 Videbunt
3168 5619 3328 5671 (other
3369 5626 3566 5669 tantum
3601 5618 3686 5669 di-

2100 5706 2151 5743 re
2172 5690 2247 5742 'tis
2273 5705 2303 5740 a
2331 5706 2381 5742 se
2402 5690 2587 5757 jacutis
2620 5690 2890 5742 verberari.
