3998 6362
266 397 339 451 45
1549 391 1864 446 EI‘ISTOLA

1980 389 2017 443 ‘tl
2062 390 2185 443 LIB.
2231 389 2291 443 ΙΙ.
3440 386 3505 438 οίϐ

269 523 364 575 per
406 504 691 574 allegaulis
732 503 974 573 peritiam
1022 512 1251 557 mutatur
1298 514 1478 557 natura
1522 521 1840 559 causarum:
1877 510 1920 567 Α
1953 504 2179 558 Ρτοιὴὶε
2218 519 2321 556 non
2362 513 2445 557 est
2484 519 2615 572 opus
2658 504 2917 558 fervorem
2964 504 3013 557 in
3056 505 3205 559 vobis
3244 506 3514 562 crclestcm

270 602 370 652 hoc
398 598 525 651 iacis
548 598 600 649 in
636 597 824 649 merito
853 596 1119 665 negotium
1149 596 1417 658 habuisse,
1448 599 1587 665 quod
1617 599 1840 663 cupias:

266 690 465 745 veritas
495 698 610 751 est,
640 688 994 757 quodcunque
1026 703 1121 755 pro
1157 688 1379 742 voritale
1423 691 1669 742 narratis.
1713 688 1846 742 lliuc

268 782 439 837 cautis
475 780 743 848 judicibns
785 794 889 832 nun
940 778 1065 833 licet
1114 794 1457 847 repugnare:
1501 780 1844 833 minutissimi

268 872 602 926 discussorcs
650 869 915 938 opinionis
965 866 1168 922 lucrum
1206 869 1501 935 a35timant,
1536 870 1579 924 si
1620 883 1849 937 sequan-

272 976 356 1018 tur
378 978 485 1033 quo
507 960 771 1032 pertrahit
787 961 961 1014 oratio
982 960 1263 1029 imperiosa
1286 961 1545 1029 captivos.
1570 961 1702 1014 lluic
1720 974 1850 1028 ergo

272 1056 499 1121 lingute,
546 1052 628 1105 his
668 1051 859 1120 Opibus
906 1051 1294 1114 reverentiam,
1342 1051 1529 1113 fateor,
1580 1050 1644 1103 ad
1690 1064 1851 1118 quam

274 1147 476 1213 primus
501 1144 745 1208 cucurri,
773 1142 943 1197 debeo
971 1143 1313 1210 singularem.
1334 1144 1410 1197 Et
1433 1152 1559 1211 opto
1590 1156 1709 1197 esse
1737 1142 1853 1211 plu-

274 1237 435 1299 rima,
477 1249 596 1301 quae
638 1231 768 1285 mihi
814 1234 879 1285 ad
920 1232 1156 1285 caritatis
1195 1231 1407 1285 ﬁbulam
1452 1232 1653 1299 agenda
1698 1247 1852 1285 man-

274 1328 485 1381 dentur.
530 1324 634 1380 Sed
678 1340 797 1394 qute
845 1325 1147 1393 injnnxistis
1188 1324 1255 1379 de
1299 1324 1563 1393 religiosis
1609 1324 1841 1390 feminis,

275 1418 529 1487 Speciosa
556 1424 611 1471 et
636 1415 907 1484 germanis
938 1414 1077 1483 ejus,
1107 1414 1245 1469 male
1270 1422 1355 1468 est
1378 1413 1557 1468 animo
1586 1414 1726 1483 quod
1756 1413 1858 1466 im-

276 1512 424 1579 plere
456 1523 560 1561 non
604 1508 768 1576 potui.
798 1507 939 1560 Nihil
972 1508 1112 1561 enim
1156 1522 1296 1561 nunc
1326 1506 1456 1560 mihi
1484 1521 1603 1560 cum
1638 1507 1744 1560 illis
1774 1522 1858 1561 re-

274 1602 480 1654 siduum
515 1607 595 1652 est
625 1596 1003 1651 familiaritatis
1034 1606 1123 1650 aut
1155 1597 1419 1665 pignoris;
1455 1598 1689 1651 maxime
1730 1597 1855 1665 quia

276 1692 324 1747 in
354 1692 629 1761 disjnnctis
657 1690 957 1747 civitatbus
986 1690 1204 1755 degunt.
1236 1689 1313 1742 Ad
1344 1704 1475 1758 quas
1508 1699 1685 1743 tamen
1720 1688 1855 1742 mis-

278 1800 364 1839 sas
388 1784 452 1837 ad
482 1798 565 1837 me
591 1783 794 1837 litteras
821 1796 941 1835 mox
965 1782 1171 1844 direxi;
1201 1796 1318 1850 qua!
1343 1796 1658 1849 responsum
1687 1796 1859 1849 usque

1946 597 2183 650 animare
2210 596 2504 664 enllnqniis.
2538 596 2705 649 Habet
2732 598 3053 651 incrementa
3083 614 3176 650 sua
3205 599 3395 652 divina:
3416 602 3521 653 vir-

1949 689 2076 741 tutis
2101 686 2422 740 incendium.
2449 686 2553 739 Nec
2576 702 2708 753 Opus
2732 698 2810 741 est
2829 703 2920 742 eos
2942 690 2989 740 in
3015 698 3216 757 tmpznn
3239 690 3345 757 jam
3379 694 3520 758 posi-

1952 790 2032 832 tos
2049 780 2216 833 attolli
2246 779 2509 842 laudibus,
2528 780 2615 847 qui
2639 780 2751 832 sine
2772 780 3031 835 monitore
3052 783 3307 836 vicerunt.
3325 780 3518 836 Gravat

1950 869 2331 923 conscientiam
2377 867 2667 922 ChriStiani
2721 870 2972 938 quidquid
3028 871 3256 927 afferunt
3310 873 3519 927 blandi-

1952 968 2133 1012 menta
2165 958 2437 1027 prtrconii.
2470 958 2572 1012 ltes
2595 959 2804 1027 quidem
2844 960 3049 1013 virtutis
3072 974 3180 1026 est,
3214 978 3369 1031 quam
3397 964 3523 1017 fer-i-

1952 1050 2049 1102 stis
2073 1066 2086 1102 :
2112 1050 2203 1102 sed
2229 1049 2421 1101 summi
2449 1049 2647 1116 prtemii
2675 1049 3005 1104 restitutione
3030 1053 3345 1119 superanda.
3372 1054 3523 1119 Quod

1955 1148 2129 1193 tamen
2175 1140 2390 1193 directis
2420 1141 2483 1192 ad
2518 1142 2682 1193 lilium
2716 1150 2953 1194 nostrum
2977 1144 2996 1172 ³
3027 1142 3088 1195 ll.
3121 1144 3401 1198 diaconum
3440 1146 3524 1198 lit-

1956 1229 2083 1283 teris
2114 1230 2387 1298 sperastis,
2418 1229 2691 1283 beatorum
2739 1242 3031 1300 martyrum
3076 1230 3280 1286 Nazarii
3318 1244 3369 1288 et
3416 1234 3524 1287 ltu-

1958 1320 2097 1372 mani
2120 1318 2537 1373 benedictionem
2559 1329 2857 1387 poscentes,
2876 1321 3120 1375 fidelibus
3134 1337 3234 1375 non
3254 1338 3523 1391 negamus.

1957 1408 2193 1478 Accipite
2237 1410 2537 1464 veneranda
2572 1413 2866 1479 patrocinia
2897 1413 3213 1466 invictoutm
3247 1416 3475 1468 militum
3512 1433 3522 1466 :

1957 1508 2013 1553 et
2036 1501 2156 1568 quia
2186 1509 2416 1553 vestram
2440 1502 2547 1569 jam
2580 1502 2734 1554 fidem
2760 1503 2809 1555 in
2842 1503 3032 1570 pra-liis
3058 1505 3343 1573 imperator
3367 1520 3531 1574 agno.

1960 1592 2066 1654 vit,
2098 1590 2323 1645 feliciter
2345 1593 2701 1647 confessionis
2727 1610 2946 1647 munera
2970 1609 3350 1651 consummate.
3380 1597 3530 1653 Dabit

1960 1681 2121 1747 Deus,
2145 1698 2265 1736 cum
2298 1683 2398 1751 ipsi
2424 1682 2696 1751 placuerit,
2724 1685 2972 1740 reducem
3004 1686 3253 1741 Ecclesiis
3275 1690 3525 1757 quietem:

1960 1783 2019 1828 ut
2048 1788 2330 1830 mcerorem
2351 1790 2507 1844 quem
2536 1776 2726 1831 indixit
2746 1778 3060 1845 adversitas,
3085 1781 3227 1849 pacis
3251 1782 3530 1837 dulcedine

282 1877 347 1928 ad
375 1876 461 1928 illa
484 1875 670 1941 quibus
692 1888 751 1928 se
773 1875 1033 1932 viderent.
1061 1884 1297 1943 tempora
1332 1874 1689 1941 protulerunt.
1718 1873 1848 1944 Ego,
1885 1868 1930 1929 Β
1956 1865 2284 1921 conﬂictur-

280 1983 348 2022 ne
364 1965 774 2035 magnitudinem
800 1976 1027 2019 vestram
1046 1980 1357 2034 sitspensam
1379 1975 1636 2028 tenerem,
1654 1964 1850 2034 scrip'a

278 2056 593 2123 prorogari:
639 2070 759 2108 mox
793 2055 857 2108 ad
898 2070 992 2108 vos
1034 2058 1338 2122 perveniet,
1371 2055 1416 2109 si
1464 2055 1589 2125 quid
1634 2056 1854 2109 manda-

282 2150 485 2214 verint,
526 2149 665 2216 quod
707 2148 865 2201 libeat
905 2148 1146 2201 inilicari.
1205 2148 1354 2202 Nunc
1393 2147 1854 2203 honorificentiam

278 2240 613 2293 salutationis
642 2240 973 2308 impertiens,
1001 2254 1148 2309 rugo,
1176 2249 1231 2294 ut
1261 2240 1389 2294 mihi
1420 2242 1588 2310 magis
1609 2256 1730 2295 cum
1757 2242 1855 2295 Ec—

277 2331 439 2385 clesia
470 2330 771 2385 sublimitas
801 2339 972 2383 vestra
1001 2331 1043 2384 si
1070 2346 1187 2399 qua:
1209 2342 1331 2385 sunt
1354 2333 1574 2400 agenda,
1607 2332 1854 2386 commit-

281 2432 391 2477 tat:
423 2423 544 2493 quia
577 2432 701 2489 puto
727 2438 811 2476 me
846 2424 895 2476 in
936 2424 1174 2478 affinium
1208 2434 1501 2478 vestrarum
1543 2440 1734 2490 causa,
1768 2425 1853 2479 vel

280 2524 568 2577 matronzc,
612 2514 768 2568 amici
805 2514 946 2567 circa
988 2529 1081 2567 vos
1108 2514 1434 2585 dil'gentiam
1476 2518 1705 2585 pectoris
1744 2532 1853 2572 non

282 2605 506 2659 celasse.

816 2695 1147 2752 EPISTULA
1190 2695 1326 2753 XIV.

967 2789 981 2818 ⁸
1014 2803 1186 2844 arms.

356 2880 585 2933 Lucrum
620 2878 837 2933 forsitan
866 2887 1072 2948 putaret
1099 2880 1367 2945 inimicus,
1391 2882 1434 2934 si
1464 2882 1602 2937 inter
1624 2881 1857 2951 pericula

286 2987 401 3038 qua:
428 2971 749 3026 Christianis
776 2971 991 3034 indixit,
1018 2973 1346 3027 credentium
1376 2974 1583 3028 animos
1613 2974 1858 3045 subegise

287 3074 359 3115 sel
381 3103 399 3126 ,
421 3072 477 3116 et
514 3078 611 3130 per
638 3062 848 3116 diversa
879 3062 1086 3117 Domini
1130 3078 1289 3133 grege
1319 3064 1585 3133 disperso,
1619 3081 1723 3120 non
1766 3080 1860 3121 su-

288 3165 528 3222 peresset
560 3154 641 3207 vel
670 3154 808 3208 inter
836 3170 1052 3223 paucos,
1077 3168 1103 3208 a
1133 3157 1325 3225 quibus
1354 3158 1521 3225 possit
1549 3158 1649 3213 fide
1681 3173 1859 3228 perse-

2509 1957 2832 2013 EPISTULA
2879 1960 2990 2014 XV.

2428 2065 2682 2106 essemus
2714 2052 2733 2083 ³
2762 2068 3053 2107 secusne.

2033 2140 2280 2197 leestis
2333 2142 2734 2211 dispensatione
2791 2147 3075 2216 mysterii,
3135 2163 3238 2202 uno
3296 2159 3535 2219 tempore

1956 2231 2088 2285 mihi
2132 2233 2337 2287 sorOris
2383 2233 2645 2304 Lupicino
2675 2236 2884 2291 refusus
2910 2248 2992 2293 est
3036 2241 3224 2294 matris
3271 2241 3533 2308 affectus,

1955 2334 2011 2377 et
2036 2326 2264 2394 geminae
2300 2328 2489 2395 copula
2539 2329 2951 2383 necessitudinis
2981 2328 3411 2401 peregrinantem
3442 2350 3531 2389 re-

1956 2419 2134 2487 cipere
2159 2421 2357 2473 meruit
2380 2433 2496 2489 post
2519 2422 2793 2475 intervalla
2818 2423 3090 2491 pietatem.
3117 2423 3372 2480 ltevixiéti
3397 2432 3537 2496 apud

1959 2524 2056 2563 nos
2094 2519 2211 2577 post
2236 2510 2536 2566 dilectionis
2570 2529 2727 2582 quem
2759 2530 3153 2583 procuraveras
3184 2519 3409 2586 obitum,
3445 2521 3538 2575 be-

1959 2602 2152 2657 neiicio
2195 2603 2530 2659 litterarum:
2566 2606 2794 2661 vidimus
2838 2622 3076 2664 amorem
3123 2612 3271 2681 quasi
3312 2613 3379 2666 de
3411 2629 3537 2682 qua-

1962 2693 2087 2746 dam
2117 2697 2388 2763 sepultura
2435 2709 2765 2766 surgentem.
2816 2699 3153 2769 lnanspicato
3196 2703 3348 2758 nobis
3396 2705 3539 2758 inco-

1960 2784 2215 2838 lumitatis
2244 2797 2433 2841 vestra.-
2465 2791 2685 2843 nuntius
2724 2791 2945 2845 accessit
2983 2794 3194 2859 auditu,
3229 2809 3383 2863 quam
3414 2811 3537 2849 cre-

1960 2875 2215 2930 debamus
2262 2892 2357 2945 per
2386 2890 2748 2949 contemptum
2800 2894 3037 2936 nostrum
3069 2884 3333 2937 viventem
3384 2884 3537 2938 busta

1961 2970 2283 3032 complesse.
2322 2968 2602 3024 Credimus
2630 2980 2679 3024 te
2706 2971 2836 3026 dura
2867 2989 3170 3043 perpessam
3198 2994 3209 3027 :
3243 2977 3331 3029 sed
3365 2978 3535 3030 confi-

1964 3065 2137 3111 teninr
2169 3058 2434 3128 irrogisse
2464 3060 2772 3115 duriSsima.
2817 3064 2967 3128 Quod
3012 3067 3363 3133 sustinuistis,
3393 3081 3539 3121 com-

1965 3166 2122 3203 mune
2165 3165 2284 3205 cum
2321 3152 2473 3207 bons
2502 3164 2619 3207 est:
2652 3170 2771 3209 cum
2802 3154 3130 3223 cru'delibus,
3164 3161 3302 3228 quod
3349 3160 3540 3214 fecisti.

290 3256 504 3300 verante
533 3246 751 3300 calcari.
780 3246 981 3317 Regnat
1002 3247 1175 3303 adhuc
1205 3249 1291 3303 ille
1324 3248 1376 3302 in
1414 3264 1635 3303 numero
1662 3261 1860 3315 vestro,
1890 3235 1935 3295 C
1971 3241 2193 3296 Ubinam
2224 3246 2458 3312 gentium
2484 3256 2721 3301 materna
2754 3248 3007 3304 hactenus
3038 3254 3167 3305 cura
3190 3252 3427 3306 delituit?
3456 3255 3541 3307 ubi

291 3338 374 3404 qui
406 3338 506 3390 sibi
541 3352 645 3391 non
678 3346 783 3390 tam
822 3338 872 3390 in
902 3337 1258 3404 multitudine,
1293 3354 1449 3408 quam
1481 3340 1532 3392 in
1574 3339 1865 3396 devotione

296 3428 639 3497 complacuit.
662 3427 933 3497 Scriptum
960 3429 1101 3482 enim
1129 3438 1239 3493 est,
1265 3431 1441 3483 datam
1476 3431 1685 3487 Satanae
1717 3441 1869 3501 pute-

294 3530 520 3587 sluleln,
548 3528 604 3572 ut
632 3533 819 3573 servos
846 3519 1045 3573 Christi
1084 3521 1381 3575 cribrarct:
1416 3532 1469 3575 ut
1504 3523 1642 3591 quod
1675 3525 1741 3577 de
1775 3526 1867 3577 tri-

297 3615 397 3666 lico
444 3612 670 3666 inveniri
721 3622 933 3679 posset,
981 3612 1188 3666 horreis
1225 3613 1571 3681 jungeretur;
1616 3616 1754 3683 quod
1804 3615 1869 3669 de

296 3706 483 3773 paleis,
506 3703 575 3757 ad
599 3702 797 3773 ignium
820 3702 1067 3757 alimenta
1098 3703 1366 3758 transiret.
1396 3706 1473 3757 Ad
1505 3719 1598 3757 vos
1626 3705 1871 3774 special:-

297 3809 374 3851 ter
403 3798 603 3851 dictum
627 3805 709 3849 est
733 3814 744 3847 :
782 3793 957 3849 Nolite
984 3796 1179 3860 timere,
1211 3796 1429 3863 pusillus
1457 3806 1619 3865 grex:
1646 3798 1872 3865 complu-

299 3889 395 3941 cuit
427 3886 581 3940 Patri
599 3896 759 3940 vestro
788 3888 911 3939 dare
930 3887 1063 3940 vobis
1092 3902 1301 3957 regnum
1328 3886 1477 3956 (Luc.
1506 3904 1602 3953 an,
1634 3887 1747 3955 δί).
1777 3887 1874 3939 Ve-

300 3984 371 4035 nit
398 3981 540 4033 inter
571 3992 664 4032 vos
690 3978 808 4048 glad
834 3994 894 4032 us
926 3978 1279 4045 perfidorum,
1310 3978 1397 4046 qui
1428 3980 1659 4033 marcida
1691 3980 1873 4033 Eccle-

301 4073 384 4127 size
420 4071 662 4126 membra
693 4079 990 4134 reservaret,
1023 4079 1073 4123 et
1102 4070 1168 4123 ad
1198 4071 1471 4125 caelestem
1496 4070 1715 4140 gloriam
1746 4084 1873 4123 sana

304 4166 637 4234 perduceret.
667 4163 809 4229 Quot
851 4161 1041 4216 habeat
1081 4161 1324 4215 Christus
1354 4162 1572 4228 milites,
1602 4172 1874 4217 certamen

305 4256 572 4310 ostendit:
607 4256 695 4322 qui
742 4253 1067 4322 triumphum
1099 4264 1427 4319 mereantur,
1461 4270 1556 4323 per
1600 4255 1736 4309 bella
1782 4269 1873 4309 co-

306 4347 597 4413 gnoscitur.
630 4344 803 4398 Nolite
843 4354 1103 4410 metuere,
1134 4344 1274 4413 quod
1320 4345 1635 4413 pontificalis
1662 4361 1691 4397 a
1726 4345 1877 4399 vobis

311 4436 473 4503 apicis
526 4434 720 4489 infulas
758 4435 1113 4489 abstulerunt.
1163 4436 1449 4490 Vobiscum
1499 4446 1582 4491 est
1625 4437 1877 4492 sacerdos

316 4527 411 4589 ale,
451 4527 536 4581 vel
584 4526 790 4591 hostia,
844 4526 932 4593 qui
972 4541 1075 4580 non
1123 4535 1226 4579 tam
1268 4525 1557 4582 honoribus
1602 4530 1878 4582 consuevit

1968 3334 2108 3401 quod
2148 3336 2299 3389 fratri
2339 3336 2661 3405 debebatur,
2690 3340 2919 3394 erravit?
2948 3342 3013 3394 ad
3065 3343 3299 3411 longiora
3332 3345 3544 3399 animus

1969 3434 2090 3480 tuus
2118 3442 2274 3496 quam
2309 3443 2501 3497 corpus
2532 3430 2886 3487 abscessera'.
2910 3429 2962 3487 Si
2993 3446 3043 3487 te
3070 3436 3131 3487 ad
3166 3435 3345 3489 ultima
3380 3446 3545 3490 terra-

1970 3534 2085 3573 rttm
2116 3521 2347 3574 conlinia
2392 3524 2802 3591 peregrinationi
2832 3527 2974 3580 socia
3016 3527 3322 3594 dispulisset
3353 3528 3541 3583 adier-

1970 3612 2119 3674 sitas,
2163 3610 2287 3664 illuc
2330 3610 2479 3679 sequi
2522 3612 2707 3665 debuit
2748 3630 3015 3682 germana:
3059 3617 3218 3679 fides,
3250 3627 3303 3672 et
3349 3618 3545 3672 sollici-

1973 3700 2097 3753 tudo
2116 3700 2408 3769 genitricis.
2432 3701 2534 3756 Sed
2559 3702 2608 3755 in
2632 3718 2726 3756 occ
2744 3718 2823 3757 lSll
2848 3706 2978 3758 solis
3004 3707 3086 3759 cui
3116 3710 3352 3775 proxima
3378 3709 3541 3764 fuisse

1974 3791 2234 3854 narraris,
2269 3790 2514 3859 frigidum
2557 3792 2628 3861 pii
2672 3796 2869 3847 amoris
2918 3808 3102 3863 peetu~
3138 3796 3389 3851 habuiSti.
3423 3798 3545 3852 lmi-

1974 3889 2081 3934 tata
2123 3880 2315 3935 fuisses
2353 3881 2573 3937 aetherei
2612 3882 2803 3937 sideris
2850 3886 2989 3937 circa
3036 3886 3266 3939 debitam
3319 3880 3545 3956 diligen-

1975 3972 2101 4026 tiam
2147 3972 2414 4027 defectum
2459 3974 2687 4029 feliciter
2726 3983 3125 4039 renascentem,
3155 3987 3208 4032 et
3240 3977 3483 4032 feriatum
3518 3999 3545 4031 τι

1975 4065 2144 4131 gratia
2190 4080 2294 4118 non
2348 4076 2607 4135 perpetuo
2646 4068 2878 4121 animout
2925 4069 3202 4137 gessisses.
3254 4071 3547 4140 Suscepisti

1976 4166 2207 4211 mentem
2253 4158 2649 4226 provincialium
2672 4201 2684 4223 ,
2715 4174 2849 4228 quos
2890 4151 3082 4213 adisti:
3117 4153 3330 4216 mut'asti
3370 4166 3543 4232 regio-

1978 4265 2121 4314 nem,
2154 4260 2206 4304 et
2236 4253 2565 4320 propositum
2599 4246 2807 4320 pietatis
2833 4252 3109 4306 ab'dicasti.
3138 4253 3267 4307 Nam
3300 4250 3550 4323 abjurans

1979 4340 2141 4405 Italia:
2170 4344 2599 4397 communionem
2620 4386 2635 4407 ,
2677 4360 2782 4397 non
2824 4346 2995 4399 solum
3026 4346 3167 4398 circa
3198 4349 3417 4411 amicos,
3452 4352 3546 4403 sed

1977 4432 2137 4486 etiam
2169 4435 2310 4486 circa
2342 4431 2546 4485 interna
2580 4434 2796 4503 pignora
2831 4435 3090 4503 repulisti.
3126 4436 3403 4491 Postremo
3433 4441 3547 4491 ani-

1981 4538 2081 4577 ma:
2130 4522 2224 4577 tibi
2282 4522 2506 4577 mutatio
2564 4525 2789 4578 accessit
2844 4527 3257 4581 commutatione
3314 4528 3543 4585 telluris.

310 4619 572 4683 gaudere,
628 4631 786 4685 quam
840 4616 1123 4671 mentibus.
1177 4617 1373 4686 Majora
1420 4624 1544 4670 sunt
1589 4618 1877 4672 confessio-
1909 4595 1955 4653 θ
1982 4616 2148 4681 Quam
2181 4616 2339 4669 timeo
2368 4620 2507 4685 quod
2537 4614 2707 4685 longis
2740 4618 2997 4671 incuriam
3028 4628 3170 4672 tuam
3205 4621 3411 4675 incesso
3438 4626 3550 4675 col-

310 4714 387 4767 nis
446 4715 699 4783 praemia,
749 4728 907 4781 quam
964 4712 1250 4766 nominatae
1308 4727 1526 4766 munera
1586 4713 1875 4781 dignitatis.

314 4804 385 4857 Ad
438 4803 531 4857 illa
583 4803 893 4871 plerutnquc
932 4802 1090 4855 etiam
1127 4800 1349 4854 minoris
1400 4803 1573 4855 meriti
1624 4815 1880 4870 personas

315 4894 457 4947 lavor
491 4894 759 4947 humanus
783 4892 1034 4945 adducit:
1067 4895 1162 4945 ista
1190 4894 1289 4946 nisi
1321 4894 1485 4960 gratia
1513 4908 1743 4961 superna
1775 4910 1879 4947 non

315 4987 511 5040 tribuit.
538 4986 657 5055 Ipse
678 4987 819 5039 enim
850 4987 901 5037 in
930 4985 1082 5039 vobis
1107 4994 1161 5038 et
1192 4987 1440 5053 pugnavit
1460 4996 1514 5039 et
1540 4986 1695 5049 vicit,
1723 5001 1880 5052 quem

318 5077 441 5132 ﬁdes
482 5085 719 5131 meretur
746 5086 800 5130 et
846 5076 987 5131 inter
1034 5075 1305 5130 hominum
1350 5087 1612 5131 tormenta
1660 5078 1875 5131 sociari.

384 5208 399 5237 ¹
432 5204 594 5276 Afris]
634 5204 922 5259 Exsulibus
960 5205 1225 5273 episcopis
1271 5205 1482 5269 Africa',
1526 5220 1659 5275 quos
1687 5205 1881 5259 Trasa-

318 5278 539 5330 mundus
579 5292 671 5329 rex
718 5276 1073 5329 Vandalorum
1122 5276 1239 5328 lidei
1283 5292 1439 5329 causa
1483 5277 1533 5329 in
1582 5276 1881 5329 Sardiniam

320 5349 572 5415 relegarat
592 5388 607 5405 ,
638 5362 860 5399 numero
887 5346 1013 5399 2'30.
1042 5345 1133 5397 llis
1173 5346 1475 5413 quotidiana
1508 5346 1748 5399 subsidia
1779 5349 1880 5397 mi-

321 5416 540 5471 nistrare
568 5416 783 5469 solitum
806 5416 1181 5484 Symmachum
1213 5430 1397 5482 papam
1423 5426 1609 5469 auctor
1630 5426 1711 5469 est
1746 5416 1880 5468 Pau-

323 5485 395 5538 lus
411 5486 670 5539 diaconus
693 5486 936 5538 Historite
960 5486 1203 5537 Miscell'n
1226 5486 1318 5538 lib.
1345 5501 1430 5539 xv.
1456 5486 1605 5538 Nunc
1631 5486 1749 5538 illos
1781 5489 1879 5539 hac

323 5556 535 5618 epistola
586 5556 914 5615 consolatur,
961 5566 1013 5608 et
1060 5569 1236 5606 sacras
1286 5568 1575 5624 martyrum
1626 5556 1877 5621 reliquias

326 5627 503 5691 mittit,
535 5641 669 5693 quas
701 5626 1049 5693 postularant.
1081 5623 1290 5692 Scripta
1318 5623 1457 5678 enim
1491 5636 1570 5678 est
1600 5626 1666 5677 ab
1699 5626 1875 5677 Enim

328 5694 407 5745 dio
441 5698 684 5763 quidem,
717 5696 809 5749 sed
854 5710 948 5761 pro
989 5695 1347 5760 Symmacho:
1388 5697 1539 5763 cujus
1581 5696 1741 5748 etiam
1786 5709 1879 5746 no-

331 5765 461 5882 :nine
490 5770 626 5882 initer
648 5766 781 5819 alias
806 5767 920 5833 ejus
945 5766 1197 5831 epistolas
1225 5765 1409 5834 legitur
1436 5769 1485 5819 in
1512 5766 1741 5834 antiquis
1767 5765 1879 5819 col-

351 5846 528 5882 CCIIOIII
571 5849 650 5882 IIS.

351 5836 650 5889 ectionibus.

1985 4705 2207 4774 loquiisl
2241 4707 2362 4774 quid
2402 4705 2601 4760 ol'f-hsa
2643 4706 2822 4771 faciet,
2848 4724 2965 4777 qutc
2998 4710 3161 4762 illaesa
3189 4715 3550 4779 coiitemps‘t‘!

1988 4797 2183 4851 Dedisti
2212 4798 2411 4865 justum
2442 4798 2679 4851 dolorem
2725 4798 2918 4853 studiis
2962 4815 3063 4853 non
3115 4804 3381 4854 amantis:
3427 4818 3555 4870 qua:

1987 4902 2037 4940 te
2078 4888 2412 4941 innocentem
2454 4886 2680 4954 faciant,
2711 4904 2897 4943 causas
2942 4890 3159 4958 ingessi.
3202 4891 3307 4944 Sed
3352 4907 3548 4960 expro-

1988 4978 2160 5035 bratio
2187 4981 2281 5034 ista
2301 5022 2317 5043 ,
2348 4981 2393 5035 si
2428 4995 2523 5051 per
2548 4996 2606 5036 se
2631 4982 2935 5049 reSpicilur,
2962 4996 3149 5051 aSpera
3181 4984 3291 5047 est;
3325 4985 3367 5038 si
3401 4986 3550 5052 origo

1984 5072 2102 5140 ejus
2130 5073 2434 5141 inquiritur,
2466 5074 2609 5128 omni
2640 5074 2935 5128 dulcedinis
2966 5076 3123 5129 mel'e
3153 5077 3385 5130 condita.
3418 5076 3549 5130 Gra-

2056 5209 2077 5239 ’
2114 5207 2182 5261 Η.
2211 5205 2506 5277 diaconum]
2536 5207 2899 5273 Hormisdam,
2930 5208 3140 5273 opinor,
3178 5209 3262 5275 qui
3296 5209 3551 5261 diaconus

1986 5290 2099 5331 erat
2133 5279 2383 5331 Ecclesiae
2428 5278 2715 5331 Romamn:
2751 5281 2837 5347 qui
2888 5278 2955 5331 de
3008 5281 3244 5331 Eunodio
3293 5280 3555 5347 interpre-

1987 5358 2187 5413 tantur,
2221 5358 2276 5401 ut
2305 5356 2497 5400 cratera
2543 5346 2819 5416 omittam,
2852 5363 2879 5401 a
2928 5366 2977 5402 ιιι
3002 5364 3329 5417 mogrammo
3378 5346 3553 5398 disce-

1988 5417 2141 5471 dunt.

2059 5486 2079 5517 ³
2110 5486 2399 5556 Euprepiw]
2427 5487 2609 5540 Sorori
2638 5502 2769 5552 sum,
2803 5489 2958 5540 matri
2990 5486 3223 5556 Lupicini
3252 5503 3262 5535 :
3293 5500 3411 5551 qua:
3444 5496 3556 5539 tum

1991 5557 2041 5609 in
2076 5555 2342 5623 proi‘ittcia
2382 5555 2709 5610 Nauboneusi
2730 5599 2743 5618 ,
2776 5560 2968 5623 patrita)
3000 5555 3247 5617 nimirum
3277 5572 3301 5607 s
3326 5556 3413 5619 ιιι),
3460 5574 3554 5621 pe-

1990 5626 2384 5693 regrinabatur,
2414 5627 2463 5679 id
2492 5638 2572 5679 est
2604 5628 2828 5687 Arelate,
2866 5638 2920 5678 ut
2950 5624 3160 5677 docebit
3190 5627 3347 5693 epist.
3378 5628 3430 5692 7,
3463 5627 3552 5681 lib.

1990 5712 2083 5748 \‘ll.
2115 5700 2191 5749 Ad
2225 5697 2539 5764 Euprepiam
2572 5705 2694 5749 sunt
2719 5695 2956 5757 epistola:
2985 5696 3286 5762 complures
3315 5716 3325 5747 :
3358 5695 3425 5749 de
3456 5696 3557 5749 Ln-

1993 5766 2167 5829 picino
2194 5777 2368 5817 autem
2400 5777 2517 5831 aget
2547 5776 2654 5817 tum
2687 5765 2802 5816 alis
2825 5780 2965 5833 saepe
2996 5766 3146 5835 locis,
3182 5773 3292 5819 tttm
3330 5769 3557 5821 maxime

1998 5836 2234 5888 Dictinne
2255 5837 2289 5886 ‘2
2317 5836 2667 5889 Scholastica.
