3998 6362
385 368 449 422 47
1492 369 1760 428 ENNUDII
1804 368 2104 428 EPISCOPI
2146 372 2520 431 TICINENSIS
3565 374 3635 433 ιε

382 484 519 539 viter
550 482 649 542 ﬁert
677 482 817 539 circa
845 484 1119 539 caritatem
1158 481 1565 553 negligentiam,
1596 488 1684 555 qui
1718 487 1950 555 parentis
1976 487 2027 548 Α
2056 500 2226 543 meam
2278 490 2517 544 litterarii
2566 487 2830 542 sermonis
2878 486 3102 541 visitatis
3150 486 3309 541 affatu
3338 506 3347 539 :
3391 496 3447 542 et
3502 489 3642 547 inter

382 576 653 632 silentium
686 576 822 631 l.bcr
863 584 1097 632 accusat.
1140 575 1346 631 Poteris
1375 586 1547 631 errata
1593 580 1883 648 corrigere,
1914 578 1959 633 si

383 667 668 738 praesentia
714 681 817 721 non
860 667 1034 731 vales,
1078 666 1373 736 scriptione
1421 667 1717 736 multiplici.
1761 668 1960 723 Salutis

382 775 511 830 ergo
538 762 761 831 gratiam
793 771 1141 828 praesentans,
1172 775 1376 829 quaeso,
1408 769 1463 814 ut
1494 760 1597 814 mei
1629 760 1957 826 memineris,

382 852 471 923 qui
527 866 711 921 preces
764 860 881 905 tuas
932 853 1072 905 circa
1123 866 1462 906 communem
1514 852 1681 905 filium
1728 860 1781 905 et
1838 861 1960 906 vota

385 944 655 1013 prmcessi.
700 944 834 997 Ante
874 943 1016 996 enim
1063 942 1189 1013 quid
1244 942 1545 997 debuissem
1588 941 1958 1005 consideravi,

380 1051 538 1106 quam
585 1032 711 1103 quid
754 1034 918 1089 velles
958 1048 1323 1104 agnoscerem.
1355 1035 1435 1089 Tu
1483 1034 1650 1090 Deum
1700 1034 1962 1104 religione

380 1126 549 1195 placa.
582 1136 635 1182 et
668 1140 885 1197 precum
916 1124 1056 1181 circa
1101 1139 1199 1179 nos
1219 1125 1530 1181 assiduitate
1552 1140 1813 1194 compone
1834 1143 1847 1179 :
1867 1124 1959 1195 qui

384 1216 740 1273 intentionem
789 1230 963 1272 meam
997 1215 1049 1270 in
1088 1215 1204 1285 ejus
1248 1216 1542 1285 profectum
1569 1223 1624 1270 et
1660 1215 1839 1271 cordis
1876 1229 1963 1270 se-

379 1318 527 1364 creta
571 1309 849 1381 respiciat,
897 1318 953 1364 ut
992 1309 1133 1380 quod
1181 1324 1280 1379 ego
1321 1308 1503 1366 labore
1551 1309 1829 1379 polliceor,
1873 1309 1961 1363 ille

382 1412 600 1471 praestet
625 1402 845 1460 auxilio.

920 1492 1251 1549 EPISTULA
1293 1491 1430 1547 XVI.

908 1600 1173 1640 ,ENNUDIUS
1204 1599 1423 1645 FAUSTO.

452 1676 558 1730 Par
598 1675 813 1749 quidem
836 1674 1019 1731 fuerat
1049 1677 1263 1730 sublimn
1307 1677 1423 1729 viro
1466 1672 1774 1728 Patnfronio
1812 1687 1963 1727 com-

383 1778 593 1823 meante
635 1768 988 1823 ministerium
1021 1768 1224 1837 paginze
1260 1766 1326 1821 ad
1358 1766 1463 1819 vivi
1494 1764 1761 1819 sermonis
1790 1763 1965 1818 officia

2062 583 2444 650 occupationes
2471 591 2525 635 et
2554 580 2803 635 excubias
2840 581 3035 649 quibus
3065 580 3347 634 universos
3389 580 3641 637 Ravenna

2063 673 2363 744 distringit,
2393 674 2493 727 mei
2536 688 2660 727 cura
2704 687 2810 726 non
2857 671 3093 741 ponitur.
3132 671 3315 726 Reddo
3338 687 3467 742 ergo
3506 672 3645 728 effu-

2064 765 2291 820 sissima:
2363 764 2696 819 salutationis
2752 764 2959 831 officia,
3014 779 3238 834 sperans
3292 775 3347 818 ut
3402 780 3646 835 praesen-

2063 856 2187 908 tiam
2229 870 2399 909 meam
2430 854 2568 923 apud
2602 854 2847 909 dominos
2881 869 3028 908 meos
3058 855 3287 909 amantis
3316 855 3477 909 vestri
3496 844 3643 924 ,'pro

2064 947 2370 1017 dignatione
2427 962 2529 1018 qua
2588 946 2895 1003 credentem
2951 945 3175 1012 fovetis,
3234 946 3437 1003 faciatis
3493 959 3645 1017 opta-

2065 1037 2249 1092 bilem.

2576 1126 2906 1183 EPISTOLA
2946 1126 3137 1182 XVIII.

2623 1234 2874 1275 ENSODIUS
2911 1235 3113 1274 JUANNI.

2139 1311 2452 1366 Prohabiles
2496 1326 2686 1366 causas
2737 1311 2939 1372 habeo,
2994 1310 3185 1379 quibus
3237 1311 3644 1368 tmanimitatem
3688 1358 3691 1363 .

2069 1413 2298 1458 vestram
2332 1403 2458 1474 styli
2489 1403 2590 1457 mei
2624 1417 2801 1456 morsu
2821 1442 2837 1464 ,
2867 1403 3108 1469 quamvis
3148 1402 3392 1472 rubigine
3423 1402 3647 1457 sorden-

2070 1495 2160 1559 tis,
2194 1495 2458 1549 incessam
2484 1510 2497 1547 :
2529 1510 2681 1562 quas,
2713 1509 2831 1548 cum
2860 1494 2933 1547 sis
2955 1493 3232 1546 abundans
3268 1503 3471 1547 natura:
3495 1493 3649 1548 bonis

2067 1599 2119 1642 et
2153 1588 2345 1658 ingenii
2388 1584 2728 1641 facultatibus
2757 1587 3016 1653 locuples,
3048 1599 3273 1654 purgare
3304 1602 3407 1638 non
3449 1585 3645 1653 possis.

2072 1680 2181 1748 Ego
2224 1693 2452 1749 unquam
2492 1677 2694 1732 credidi
2725 1676 2789 1730 ad
2838 1677 3001 1729 alium
3052 1675 3253 1743 reditus
3285 1677 3443 1729 vestri
3490 1676 3650 1730 citius

2073 1769 2266 1823 indicia
2304 1783 2457 1836 posse
2488 1766 2749 1837 perferri?
2776 1766 2889 1835 Ego
2918 1780 3099 1819 curam
3134 1766 3235 1819 mei
3268 1766 3405 1819 inter
3435 1766 3651 1834 quasvis

386 1860 661 1915 ῑτδηδίειτί
690 1877 701 1913 ε
735 1874 833 1915 nec
868 1858 1013 1913 illum
1054 1858 1323 1928 θΡί⁸Ὸ¹³τῙ
1364 1858 1506 1912 Ῑίιεοθ
1534 1857 1775 1925 onerari.
1807 1870 1963 1926 «ιυεηι
1998 1860 2043 1919 Β
2072 1862 2472 1930 occupationes,
2507 1860 2635 1914 illud
2666 1859 2848 1913 amicis
2893 1858 3075 1913 σθηθυί
3120 1865 3493 1911 consecratum
3528 1872 3650 1926 pec-

385 1968 490 2007 non
524 1962 627 2007 tam
662 1952 820 2007 verba
850 1965 966 2007 mea
993 1950 1216 2021 contigit
1244 1964 1423 2014 nosse,
1448 1964 1606 2019 quam
1635 1948 1830 2004 studia.
1857 1949 1966 2005 Sed

384 2045 498 2114 ejus
530 2044 582 2098 itt
629 2043 711 2098 bis
738 2041 932 2098 officiis
972 2057 1162 2096 manus
1205 2041 1400 2096 dantur
1446 2040 1693 2110 imperio.
1720 2030 1967 2094 Postulat

385 2138 694 2207 adjutricem
728 2136 971 2206 paginam
1004 2134 1285 2189 latentium
1317 2143 1584 2188 scrutator
1615 2133 1923 2186 animorum
1950 2147 1964 2183 :

386 2239 439 2285 et
471 2228 591 2284 ideo
619 2242 686 2283 ne
723 2226 850 2297 quid
893 2226 1033 2297 apud
1074 2240 1197 2281 eum
1246 2225 1411 2280 nostri
1460 2223 1649 2279 deesse
1695 2223 1968 2290 contingat

388 2322 661 2393 obsequii,
694 2321 889 2391 scripta
921 2318 1193 2383 concessi,
1225 2327 1277 2373 et
1306 2318 1350 2372 si
1381 2316 1829 2373 commendationi
1863 2329 1967 2370 non

388 2411 685 2468 necessaria
704 2451 718 2475 ,
748 2410 1026 2481 prazceptis
1053 2409 1171 2479 ejus
1195 2407 1561 2464 accommoda.
1589 2408 1791 2475 Quibus
1822 2410 1967 2461 enim

389 2505 727 2561 sermonibus
760 2501 1161 2573 prosequendus
1191 2511 1302 2567 est,
1334 2500 1419 2555 cui
1452 2510 1619 2555 totum
1653 2498 1973 2569 magnitudi-

391 2598 477 2651 nis
504 2603 694 2650 vestrte
743 2594 865 2648 licet
907 2608 1123 2662 sperare
1152 2591 1221 2647 de
1267 2591 1473 2660 gratia?
1524 2591 1597 2645 lla
1645 2593 1883 2653 eveniet,
1917 2599 1974 2644 ut

391 2687 699 2757 angustiora
714 2685 831 2739 sint
859 2682 1213 2754 supplicantis
1239 2683 1423 2749 verba,
1451 2698 1609 2751 quam
1639 2686 1827 2737 merita
1855 2696 1971 2750 per-

392 2778 599 2833 latoris.
628 2775 765 2842 Quid
808 2774 948 2829 enim
983 2784 1206 2844 prmstes
1240 2773 1531 2843 juvaminis
1576 2772 1684 2839 illi,
1728 2786 1825 2841 pro
1866 2785 1973 2840 quo

392 2870 903 2942 quantumvispopo
935 2867 1094 2932 ceris,
1128 2866 1248 2936 plus
1292 2866 1561 2921 meretur!
1594 2864 1732 2935 Ergo
1757 2863 1821 2918 ad
1848 2846 1972 2933 styli

392 2964 713 3022 exercitium
737 2960 1037 3031 junguntur
1067 2960 1202 3025 haec,
1234 2972 1337 3014 nan
1367 2958 1434 3013 ad
1474 2957 1788 3014 beneficium
1827 2971 1977 3011 com-

394 3056 644 3112 meantis.
680 3054 835 3110 Juvat
864 3052 1099 3106 animum
1144 3051 1243 3105 sub
1273 3050 1463 3119 quavis
1493 3049 1776 3103 occasione
1814 3045 1975 3101 vestri

395 3146 732 3207 meminisse,
750 3144 878 3198 licet
907 3142 1182 3195 nominato
1213 3140 1508 3209 scriptione
1551 3139 1684 3193 nihil
1718 3138 1970 3193 tribuam.

2072 1965 2157 2009 tus
2185 1952 2482 2008 excedere?
2515 1952 2649 2005 Ecce
2680 1961 2802 2004 ante
2825 1949 3010 2003 oculos
3037 1962 3185 2002 meos
3212 1947 3507 2001 redduntur
3534 1948 3650 2001 aliis

2071 2046 2296 2117 paginae,
2323 2054 2379 2100 et
2421 2047 2587 2098 amica
2619 2044 2949 2111 exspectato
2991 2040 3091 2095 sub
3133 2040 3274 2093 omni
3321 2039 3651 2095 credulitatis

2072 2154 2204 2193 mea:
2232 2137 2577 2206 despectione
2604 2134 2909 2190 frustratur.
2942 2132 3071 2186 Nolo
3095 2132 3302 2186 litteras
3337 2132 3524 2201 majori
3556 2132 3651 2186 ob-

2065 2230 2388 2300 jwrgationis
2440 2228 2561 2282 felle
2598 2226 2890 2294 complere.
2936 2222 3145 2279 Sufficit
3187 2223 3423 2277 tristibus
3466 2223 3652 2277 stricta

2077 2321 2334 2376 narratio.
2365 2320 2420 2373 ln
2452 2333 2518 2374 eo
2545 2318 2719 2372 adhuc
2749 2317 2958 2371 animus
2989 2329 3158 2379 meus,
3192 2330 3296 2384 quo
3326 2314 3652 2385 magnitudi-

2074 2428 2193 2467 nem
2249 2422 2390 2465 tuam
2457 2409 2821 2463 discedentem
2880 2406 3118 2473 monuit,
3178 2405 3419 2476 persistit
3465 2416 3648 2461 statu:

2072 2514 2309 2559 vestrum
2360 2513 2479 2565 est,
2510 2503 2552 2554 si
2599 2511 2898 2569 temporum
2944 2500 3079 2551 mala
3124 2498 3487 2563 contemnitis,
3534 2512 3653 2567 pro-

2075 2596 2291 2649 missam
2338 2606 2556 2647 servare
2603 2591 2968 2645 concordiam.
3014 2589 3194 2656 Salve,
3228 2589 3299 2643 mi
3336 2589 3571 2655 domine,
3602 2597 3654 2644 et

2073 2695 2339 2739 amantem
2370 2683 2442 2736 tui
2475 2682 2651 2737 releva
2683 2680 3062 2735 communione
3102 2679 3391 2745 sermonis,
3425 2686 3483 2733 ut
3517 2679 3653 2733 scri-

2073 2777 2248 2832 bendo
2275 2775 2458 2831 deleas
2494 2774 2765 2842 doloiem,
2799 2788 2956 2842 quem
2990 2773 3138 2829 vides
3168 2774 3341 2830 amico
3387 2787 3482 2844 per
3521 2772 3653 2827 scri-

2075 2869 2273 2939 ptionis
2298 2866 2673 2923 abstinentiam
2700 2866 3011 2934 contigisse.

2615 2956 2935 3012 EPISTULA
2983 2954 3120 3009 XIX.

2551 3063 2803 3102 ENNODIUS
2833 3060 3177 3102 CUNSTANTIO.

2148 3139 2377 3194 Abuntlo
2400 3138 2623 3209 gaudio.
2658 3153 2756 3193 nec
2782 3137 2969 3192 clauda
3003 3138 3199 3190 laetitia:
3227 3150 3358 3189 mea:
3388 3133 3516 3189 fides
3542 3142 3652 3201 est,

394 3240 536 3295 Ecce
558 3248 739 3292 tamen
784 3234 907 3301 quia
933 3234 1114 3302 jussus
1156 3247 1305 3298 sum,
1351 3232 1437 3285 illa
1486 3246 1605 3300 quae
1653 3238 1972 3300 prmstantur
2001 3223 2047 3286 C
2082 3232 2202 3286 Tdeo
2232 3232 2408 3301 aliqua
2444 3247 2536 3299 per
2566 3232 2879 3286 ditbolicam
2924 3229 3328 3297 inspirationem
3363 3229 3505 3282 nasci
3536 3242 3656 3281 cer-

396 3330 686 3391 extraneis,
723 3325 1093 3382 insinuationis
1131 3323 1272 3378 dicta
1317 3324 1599 3393 subjungo.
1647 3322 1840 3378 Juvate
1881 3335 1975 3376 vos

399 3426 745 3500 peculiariter
791 3432 1169 3494 expetetttsm,
1207 3420 1456 3475 fiduciam
1503 3419 1620 3489 ejus
1668 3418 1975 3489 dignatione

396 3521 747 3577 roborantes:
780 3515 1032 3588 quidquid
1063 3530 1158 3585 spe
1199 3513 1467 3584 praecipit,
1523 3511 1797 3570 inveniat;
1832 3521 1885 3566 ut
1928 3512 1973 3565 si

398 3614 709 3671 meritorum
757 3626 977 3667 suorum
1023 3618 1279 3679 angustus
1319 3607 1620 3662 aestimator
1648 3614 1758 3669 est,
1792 3604 1857 3659 ad
1890 3620 1975 3659 tne

397 3704 595 3760 referat
621 3701 875 3773 quidquid
909 3700 1067 3755 fuerit
1093 3708 1433 3755 consecutus.
1463 3696 1789 3767 Obsequium
1824 3696 1968 3749 salu-

399 3796 612 3850 tationis
642 3792 952 3863 impendens
982 3791 1259 3860 supplico,
1289 3788 1575 3844 utcrebr-is
1605 3802 1690 3843 me
1719 3786 1987 3842 relevan-‘

394 3889 523 3945 dum
562 3886 766 3942 ducatis
811 3882 1085 3948 affatibus;
1126 3882 1208 3938 cui
1263 3882 1401 3936 inter
1444 3878 1692 3935 mceroris
1734 3879 1976 3934 sarcinas

398 3980 634 4047 nullum,
665 3986 858 4050 praeter
898 3975 1010 4033 oris
1032 3974 1195 4030 vestri
1236 3973 1449 4039 solatia,
1484 3980 1661 4041 potest
1700 3983 1819 4026 esse
1842 3971 1976 4025 sub.

397 4071 613 4128 sidium.

924 4153 1248 4209 EPISTULA
1293 4152 1375 4206 X\
1393 4151 1454 4206 Il.

849 4260 1103 4302 ESNODIUS
1130 4246 1143 4275 ¹
1173 4258 1523 4299 CONS‘I‘ANTIO.

466 4340 639 4398 Nemo
688 4338 929 4411 peritiam
973 4350 1224 4406 pomposa
1270 4335 1573 4389 elocutione
1616 4332 1972 4397 condemnat;

403 4447 503 4492 nec
523 4431 883 4501 spernendum
911 4444 1032 4483 cum
1061 4427 1262 4497 pudore
1304 4425 1432 4481 dicit
1460 4439 1578 4479 esse
1621 4424 1763 4495 quod
1794 4424 1975 4494 sequi-

402 4536 512 4580 tur.
542 4523 633 4581 Sui
681 4522 1019 4592 impugnator
1061 4529 1172 4584 est,
1206 4519 1446 4590 quisquis
1484 4517 1810 4572 elucubratis
1856 4532 1972 4572 ser-

2082 3324 2301 3390 tamina,
2337 3332 2391 3377 ut
2422 3334 2501 3387 tu,
2535 3323 2622 3392 qui
2674 3331 2724 3376 te
2770 3322 2906 3375 ultra
2942 3320 3374 3376 emendationem
3416 3319 3659 3374 omnium

2080 3418 2379 3488 protulisti,
2413 3415 2666 3485 triumphi
2712 3414 2914 3468 honore
2958 3412 3265 3482 gratuleris.
3297 3411 3411 3466 Non
3451 3419 3566 3475 cst,
3598 3418 3657 3463 ut

2080 3511 2265 3575 video,
2301 3510 2455 3564 effeta
2500 3508 2754 3578 Liguria:
2788 3506 3123 3561 nobilitatem
3171 3504 3413 3575 pariendi
3460 3518 3559 3557 nec
3604 3504 3658 3557 in

2082 3613 2379 3670 temporum
2438 3598 2777 3654 extremitate
2836 3596 3103 3665 deposuit.
3165 3593 3442 3649 Inimicum
3505 3593 3654 3648 vitiis

2084 3693 2259 3747 adhuc
2288 3702 2340 3746 et
2374 3693 2425 3745 in
2454 3690 2723 3745 cineribus
2750 3690 2919 3743 nutrit
2949 3686 3249 3756 incendium
3274 3702 3289 3739 :
3322 3685 3373 3740 in
3402 3686 3553 3753 cujus
3584 3683 3659 3737 fa-

2080 3785 2220 3839 villis
2244 3783 2397 3837 ultrix
2423 3778 2705 3837 ειὶηιίηιηη
2728 3779 2939 3834 flamma
2964 3795 3069 3833 non
3094 3779 3341 3842 moritur,
3364 3792 3464 3831 nec
3486 3777 3658 3831 hostis

2077 3891 2318 3932 errorum
2351 3874 2487 3944 ignis
2516 3875 2777 3943 operitur.
2803 3872 2970 3940 Quam
3002 3871 3151 3926 t'mui
3184 3885 3250 3925 ne
3280 3870 3428 3924 velut
3452 3867 3661 3924 exbau‘

2078 3978 2159 4024 sta
2200 3976 2467 4035 cessaret,
2496 3969 2621 4022 dum
2671 3966 2913 4035 epistolte
2952 3974 3145 4021 vestrae
3194 3962 3425 4017 frontem
3470 3959 3663 4015 alienis

2081 4064 2339 4118 fuscatam
2382 4061 2662 4131 prmstigiis
2691 4059 2950 4114 sollicitus
2999 4056 3287 4112 trulinator
3328 4053 3659 4125 aspicerem!

2080 4169 2230 4209 more
2276 4152 2511 4223 parentis
2555 4150 2795 4213 attoniti,
2838 4150 2924 4219 qui
2971 4163 3092 4203 cum
3135 4161 3316 4202 carum
3364 4146 3552 4214 pignus
3596 4142 3664 4196 ad

2080 4247 2218 4302 bella
2260 4245 2602 4309 transmittit,
2636 4258 2734 4298 nec
2761 4243 2827 4297 de
2854 4242 3127 4307 explorata
3171 4255 3289 4295 esse
3331 4240 3527 4307 patitur
3558 4236 3666 4291 vir-

2079 4348 2193 4395 tute
2231 4353 2472 4394 securus.
2506 4336 2585 4391 Ad
2637 4337 2965 4391 incrementa
3008 4332 3428 4388 sollicitudinum
3474 4329 3667 4382 trium-

2081 4434 2213 4505 phos
2242 4432 2333 4485 lilii
2362 4437 2629 4491 numerat,
2666 4443 2771 4482 non
2794 4426 2988 4497 quietis
3016 4443 3027 4477 :
3059 4425 3177 4494 plus
3199 4431 3434 4493 experta:
3464 4419 3659 4477 metuit

2082 4525 2350 4591 felicitati,
2396 4523 2482 4579 cui
2528 4521 2868 4577 formidinem
2919 4519 3185 4575 ministrat
3235 4517 3494 4571 affectio:
3537 4515 3665 4585 quia

400 4617 645 4674 mnibus
669 4614 861 4685 ιίηειιω
881 4611 1360 4681 cultumarmdicat
1383 4608 1637 4677 abllll'al'i-
1664 4608 1774 4677 E80
1798 4618 1974 4663 lamen
2009 4601 2058 4661 D
2086 4622 2265 4689 ignara
2307 4614 2569 4670 cautionis
2601 4622 2683 4668 est
2725 4627 2877 4667 mens
2923 4609 3163 4664 instituta
3204 4608 3440 4662 victoriis
3469 4623 3482 4659 :
3517 4616 3570 4661 et
3610 4606 3666 4662 in

402 4712 455 4765 in
481 4706 723 4778 epistolis
751 4701 1130 4773 magnitudinis
1157 4712 1349 4757 vestras
1383 4700 1713 4770 diligentiam
1740 4712 1974 4767 semper,

403 4815 510 4855 non
544 4796 703 4854 verba
748 4796 961 4864 pensavi
992 4812 1003 4847 :
1036 4808 1133 4847 nec
1178 4793 1493 4862 adjutricem
1540 4791 1751 4845 malitia:
1800 4790 1981 4844 facun-

401 4893 543 4947 diam
597 4889 766 4959 majus
795 4888 1023 4957 pretium
1063 4884 1263 4939 habere
1305 4885 1485 4940 censui
1523 4899 1681 4953 quam
1723 4881 1978 4950 simplici-

403 4994 586 5048 tatem,
614 4994 730 5052 qttte
754 4979 985 5033 infucata
1013 4976 1190 5031 fronte
1210 4986 1475 5031 secretum
1502 4977 1691 5031 mentis
1716 4976 1976 5031 enuntiat.

400 5078 518 5133 lloc
548 5076 601 5131 in
631 5072 828 5129 sanctis
858 5070 1163 5126 hominibus
1193 5080 1248 5126 et
1272 5070 1443 5145 amavi
1481 5084 1698 5139 semper
1734 5079 1788 5125 et
1814 5068 1975 5123 colui.

405 5174 519 5241 Ago
566 5181 707 5223 nunc
750 5174 911 5235 atque
961 5163 1132 5218 habeo
1182 5164 1411 5235 gratias,
1462 5162 1602 5232 quod
1658 5163 1975 5231 parvitatem

487 5325 501 5355 ¹
547 5317 879 5389 Constantio]
924 5317 1105 5389 Virttm
1158 5318 1418 5373 illustrem
1467 5318 1696 5384 appellat
1744 5319 1837 5372 lib.
1888 5334 1975 5386 tv,

404 5396 559 5461 epist.
586 5394 673 5447 15.
706 5393 771 5446 Et
800 5388 966 5461 patria
1008 5388 1391 5461 Mediolanum,
1415 5398 1477 5461 et
1492 5389 1822 5461 eloquentia:
1866 5390 1979 5461 pie-

407 5459 633 5533 tatisquc
659 5464 772 5515 laus
792 5475 909 5529 quze
929 5459 1689 5533 constantiahuictribuitur,
1712 5459 1967 5533 epitaphii

406 5528 692 5587 admonent
714 5528 1011 5587 Constantii
1039 5531 1197 5597 togati
1230 5529 1658 5593 Mediolanensis,
1691 5530 1830 5597 qttud
1864 5545 1967 5583 non

407 5605 657 5657 abhorret
681 5604 747 5655 ab
772 5615 905 5664 aevo,
937 5615 1034 5654 nec
1064 5614 1094 5652 a
1125 5599 1264 5668 stylo
1298 5599 1624 5653 Ennodiano.
1660 5599 1837 5663 Quare
1868 5600 1968 5653 hoc

411 5676 527 5727 loco
566 5670 875 5738 subjiciam,
904 5678 960 5721 ut
992 5670 1182 5740 legitur
1224 5670 1273 5722 in
1308 5670 1646 5722 monimentis
1677 5670 1845 5724 sacris
1877 5685 1969 5723 vc-

412 5751 580 5796 terum
615 5741 1036 5807 inscriptionum.

533 5833 723 5896 Ingenii
752 5832 1013 5893 legumque
1039 5838 1210 5893 potens
1228 5832 1529 5883 (Itnttantius
1549 5836 1648 5881 atra

2087 4712 2200 4765 acie
2225 4722 2375 4761 amor
2407 4705 2575 4760 laudis
2603 4705 2792 4759 salutis
2819 4703 3047 4765 oblivio;
3085 4699 3272 4771 tropaei
3299 4711 3484 4770 gusms
3511 4696 3666 4752 abdi-

2087 4802 2197 4856 cari
2227 4802 2451 4869 imperat
2482 4797 2614 4852 lucis
2647 4795 2914 4850 affectum.
2949 4792 3121 4860 Sapor
3147 4792 3271 4845 vita:
3303 4791 3424 4845 illos
3457 4797 3665 4843 tantum

2087 4893 2355 4962 poss'dct,
2385 4891 2471 4959 qui
2520 4889 2585 4943 de
2629 4887 2964 4942 conflictibus
3012 4884 3280 4939 venientia
3335 4884 3471 4937 boita
3519 4880 3669 4935 nulla

2088 4983 2429 5038 didicerunt:
2464 4994 2675 5048 semper
2721 4977 2786 5032 ad
2836 4976 3061 5046 gloriam
3108 4975 3370 5044 jungitur,
3411 4971 3549 5038 quod
3598 4971 3673 5025 de

2093 5073 2471 5130 incolumitatis
2517 5070 2743 5141 propriae
2785 5083 2910 5124 cura
2940 5066 3253 5122 decesserit.
3296 5064 3398 5119 Sed
3438 5063 3568 5117 mihi
3613 5063 3672 5118 in

2092 5164 2490 5233 praesentiarum
2530 5158 2984 5229 supersedendum
3036 5170 3120 5213 εει
3166 5153 3473 5225 hujttsmodi
3528 5154 3671 5209 scri-

2338 5316 2501 5365 Mortis
2522 5321 2654 5363 sorte
2672 5315 2840 5375 jacens
2862 5314 3083 5362 conditur
3109 5311 3184 5358 bis
3208 5308 3419 5375 tumulis.

2214 5380 2335 5428 Hinc
2357 5383 2520 5433 tremat
2545 5368 2923 5433 bunc'probitas,
2944 5376 3093 5423 tristis
3114 5373 3329 5431 suspiret
3348 5371 3601 5427 honestas,
3632 5368 3645 5429 j

2350 5439 2407 5487 Et
2432 5440 2620 5486 comitis
2641 5437 2782 5485 funus
2806 5436 3003 5497 plangat
3027 5437 3174 5482 amica
3198 5433 3333 5480 tides.

2206 5504 2324 5560 Quis
2346 5513 2435 5560 per
2462 5499 2589 5547 bella
2614 5500 2697 5545 fori
2726 5495 2906 5545 totiens
2929 5497 2991 5543 de
3019 5497 3124 5551 iure
3148 5495 3445 5589 triumphum

2330 5561 2524 5589 llnttnln‘t
2579 5569 2622 5589 nl
2653 5572 2802 5589 cum-nc
2827 5558 3027 5589 nornIIIIl
3057 5570 3144 5589 nrn
3165 5569 3279 5589 rane

2330 5558 2547 5617 Rettulit,
2578 5569 2628 5607 et
2653 5572 2805 5607 saevos
2827 5558 3033 5618 percttlit
3057 5570 3145 5603 ore
3165 5558 3313 5604 reos?

2208 5624 2407 5673 Ornavit
2435 5623 2627 5681 preprio
2650 5633 2848 5681 semper
2871 5619 3059 5677 fulgore
3088 5624 3281 5679 togatus

2328 5684 2531 5743 Eloquio
2554 5694 2732 5737 mores,
2763 5682 2974 5729 moribus
2996 5682 3260 5743 eloquium.

2204 5745 2307 5797 Non
2334 5737 2533 5791 multum
2559 5756 2687 5789 tnors
2708 5744 2809 5790 dira
2837 5756 2983 5791 noces
3007 5742 3051 5789 in
3078 5737 3413 5797 funerejusti:

2328 5805 2401 5854 Nil
2430 5812 2510 5853 tua
2536 5804 2631 5852 tela
2656 5812 2887 5869 gravant:
2913 5804 3125 5865 possidet
3149 5809 3275 5849 astra
3298 5801 3421 5857 pius.
