3998 6362
322 378 388 437 69
1566 370 2041 427 ΕΡὶδΤυΙΑΙὶυΜ
2081 369 2207 426 LIB.
2248 369 2308 425 II.
3509 367 3609 423 ὅθ’

323 494 524 563 ptione.
548 487 666 545 Neu
687 497 809 545 sunt
827 488 1019 543 militis
1040 462 1205 542 nostri
1232 486 1348 554 plus
1368 484 1901 554 prrcdicanda,quam
1933 496 1978 547 Α
2008 486 2158 540 Ιώοι·
2186 493 2397 555 pra:th
2422 483 2764 553 obsequium,
2794 481 2857 536 ad
2888 480 3177 551 periculum
3204 489 3259 536 et
3282 478 3579 548 gehennam

324 580 611 638 asserenda
658 578 972 634 certamina.
1026 577 1125 633 Ubi
1170 577 1360 646 iaculis
1403 590 1537 644 opus
1589 587 1701 641 est,
1744 576 1904 630 verba

325 673 399 727 nil
429 671 735 726 conferunt.
769 669 915 723 Licet
960 667 1323 736 promulgasse
1372 680 1542 720 meam
1586 666 1905 720 sententiam

325 762 516 827 fuerit,
546 759 671 813 dt‘nn
699 767 932 813 vestram
965 755 1219 826 praedico,
1250 764 1306 808 et
1332 754 1433 808 hoc
1460 754 1531 807 sit
1560 740 1905 822 respondere,

326 849 468 921 quod
513 863 772 917 responsa
805 847 1057 900 laudare:
1092 845 1185 900 Dei
1214 854 1391 899 tamen
1431 858 1587 913 opem
1637 854 1909 913 precatus,

328 942 645 996 obsecutum
674 938 794 993 ﬁdei
823 937 986 992 verba
1008 936 1301 1004 subjungo;
1327 934 1393 989 ad
1423 936 1569 988 illum
1595 944 1914 989 convertens

330 1036 451 1105 styli
484 1033 589 1086 mei
620 1030 849 1097 cultum,
881 1028 971 1098 qui
1000 1028 1245 1097 quotiens
1285 1026 1565 1080 scribenda
1609 1034 1691 1081 est
1730 1025 1913 1081 infelix

331 1124 685 1179 curvis-terra
713 1120 1040 1183 vomeribus,
1069 1134 1127 1173 se
1154 1117 1363 1172 famulis
1390 1118 1501 1171 suis
1530 1118 1768 1186 germina
1801 1118 1915 1173 col-

330 1214 562 1267 laturum
608 1211 870 1282 promittit
912 1224 1050 1273 esse,
1093 1224 1212 1278 qua:
1253 1208 1486 1278 jaciant,
1527 1208 1797 1263 dicendo:
1836 1208 1916 1261 Ne

331 1305 587 1372 cogitetis,
620 1302 746 1372 quid
792 1301 1111 1371 loquamini:
1139 1298 1293 1352 Pater
1328 1300 1462 1352 enim
1500 1308 1658 1353 vester
1696 1310 1797 1363 est,
1832 1301 1918 1368 qui

334 1395 555 1463 loquitur
578 1395 633 1445 in
660 1392 799 1446 vobis
840 1390 1055 1464 (ﬂatile.
1080 1407 1109 1445 x
1127 1435 1141 1459 ,
1168 1390 1286 1459 ‘20).
1322 1391 1440 1459 Ipse
1468 1406 1596 1460 ergo
1622 1391 1687 1445 ad
1717 1392 1917 1447 facien-

336 1485 459 1539 dam
490 1484 737 1554 promissi
766 1483 1044 1536 veritatem
1072 1481 1249 1535 veniat
1276 1498 1289 1535 :
1324 1481 1437 1549 ipse
1461 1481 1571 1536 oris
1598 1482 1702 1554 mei
1734 1482 1919 1537 laban-

337 1583 446 1629 tem
493 1552 780 1629 conﬁrmet
829 1573 1134 1640 infantiam,
1184 1580 1243 1626 ut
1284 1552 1676 1627 allucinationis
1724 1582 1922 1629 nostra:

338 1664 677 1721 concinnatio
714 1663 1005 1718 inhumana
1038 1662 1302 1717 videatur.
1342 1662 1448 1717 Sed
1477 1662 1601 1731 quid
1631 1663 1721 1717 diu
1753 1664 1927 1732 repli-

340 1755 509 1810 calida
531 1754 963 1821 circumloquor?
986 1768 1148 1807 unum
1178 1768 1331 1823 rogo,
1360 1762 1417 1807 ut
1446 1768 1542 1822 pro
1563 1753 1776 1809 modulo
1802 1769 1931 1810 meo

2012 593 2117 631 non
2156 576 2380 644 imperio
2409 574 2606 641 aliquo,
2639 573 2732 628 sed
2777 585 2967 642 Sponte
3004 570 3358 626 devolvimur.
3403 571 3584 640 Itaque

2011 678 2103 722 aut
2133 666 2409 737 prmmium
2440 664 2675 729 devotio,
2713 673 2803 717 aut
2846 677 3057 733 pinnam
3089 670 3425 733 contemptus
3459 676 3588 731 0pc-

2013 770 2178 815 ratur.
2211 757 2460 827 A‘ioquin
2507 770 2614 811 non
2654 756 2756 811 erit
2791 755 2935 823 justa
2981 753 3453 823 retributio,.qn:e
3495 762 3590 806 aut

2017 868 2111 921 per
2148 851 2407 922 supplicia
2452 849 2683 905 refertur
2730 847 3051 903 necessitate
3096 847 3462 917 peccantibus,
3499 855 3593 898 aut

2014 944 2209 1000 bonam
2256 940 2558 997 mercedem
2595 939 2753 994 olTert
2796 938 2976 1007 operi,
3008 937 3073 991 ad
3123 937 3264 1007 quod
3312 936 3595 990 trahuntur

2018 1035 2187 1089 inviti.
2224 1034 2361 1103 Ergo
2405 1032 2664 1087 debemus
2706 1030 2890 1099 gratia:
2921 1028 3061 1097 quod
3109 1042 3396 1082 vocamur:
3429 1024 3594 1080 debe-

2018 1142 2137 1181 mus
2177 1127 2392 1196 gratiae,
2422 1123 2563 1193 quod
2595 1120 2818 1177 occultis
2868 1120 3179 1188 itineribus,
3223 1118 3327 1173 nisi
3374 1115 3593 1172 resista.

2020 1236 2160 1283 mus,
2194 1234 2355 1288 sapor
2395 1217 2546 1272 nobis
2586 1216 2760 1270 vitalis
2808 1214 3141 1269 infunditur:
3172 1221 3367 1267 nostra:
3416 1220 3593 1265 tamen

2019 1313 2295 1372 electionis
2320 1321 2431 1378 est,
2461 1310 2600 1381 quod
2635 1308 2888 1364 beneﬁcia
2914 1309 3220 1362 demonstra
3248 1319 3277 1359 a
3303 1314 3592 1359 sectamur.

2026 1406 2117 1459 Via
2148 1406 2289 1458 enim
2333 1403 2597 1458 scelerum
2634 1416 2739 1454 non
2786 1399 3098 1469 imperatrix
3137 1407 3317 1451 nostra
3358 1408 3476 1449 esse
3522 1393 3598 1447 le-

2021 1496 2163 1567 gitur
2196 1494 2290 1550 sed
2335 1493 2561 1558 famula,
2598 1506 2719 1546 cum
2762 1490 2832 1545 de
2872 1489 3106 1559 peccatis
3146 1488 3376 1542 dicitur:
3407 1484 3515 1539 Sub
3554 1492 3621 1544 te,

2022 1587 2115 1641 erit
2142 1586 2394 1655 appetitus
2420 1598 2597 1648 eorum
2626 1582 2784 1650 (Gen.
2807 1596 2885 1646 tv,
2906 1581 2986 1647 7).
3016 1578 3163 1645 Quid
3182 1578 3326 1633 enim
3359 1572 3462 1629 sibi
3490 1573 3601 1627 vult

2024 1678 2270 1733 universa
2311 1675 2606 1745 prOphette,
2640 1674 2789 1744 quasi
2834 1671 2994 1727 sertis
3035 1670 3278 1725 redimita
3320 1663 3551 1723 elocutio
3586 1681 3598 1715 :

2030 1767 2154 1822 Noli
2178 1768 2407 1821 a'mulari
2431 1765 2561 1819 inter
2587 1763 2924 1835 malignantes
2951 1762 3121 1827 (Psal.
3144 1775 3341 1824 xxxvr,
3373 1755 3461 1828 1);
3493 1755 3603 1809 No-

350 1847 606 1917 rescripta
653 1855 941 1902 taxentur:
976 1861 1075 1903 nec
1105 1856 1318 1916 putetur
1356 1857 1444 1901 aut
1478 1846 1575 1917 legi
1607 1857 1699 1901 aut
1740 1846 1925 1902 det‘cn-

2034 1861 2117 1916 lite
2161 1859 2413 1929 conﬁdere
2459 1858 2510 1911 in
2558 1854 2872 1926 principibus
2914 1851 3381 1922 (Psal.cxt.v,5);
3427 1845 3604 1903 Nolite

340 1938 477 1991 sisui
506 1938 718 2002 deesse,
762 1937 901 2005 quod
932 1937 1136 1992 nescio.
1166 1936 1324 2007 Ergo,
1359 1947 1417 1990 ut
1447 1936 1735 2005 scriptione
1766 1946 1931 1991 testa-

345 2027 507 2093 mioi,
545 2028 794 2081 inventus
818 2037 900 2082 est
934 2028 1115 2091 homo,
1150 2028 1239 2097 qui
1271 2042 1454 2082 servos
1484 2028 1713 2093 Christi,
1742 2044 1931 2097 quem-

345 2118 637 2175 admodum
686 2119 803 2188 ipse
860 2120 1100 2187 proutisit
1144 2135 1264 2175 esse
1312 2120 1643 2187 faciendum,
1682 2122 1782 2176 sub
1832 2123 1930 2177 hac

338 2211 627 2264 occasione
673 2212 966 2276 cribraret,
1019 2210 1249 2266 all'erens
1290 2212 1358 2267 de
1390 2213 1634 2268 ‘arbitrii
1683 2214 1930 2271 libertate

340 2298 549 2353 homini
581 2299 636 2355 in
670 2316 776 2353 una
817 2310 1023 2355 tantum
1064 2310 1214 2370 parte
1255 2318 1371 2371 qua:
1416 2302 1651 2358 deterior
1694 2314 1805 2370 est,
1835 2306 1931 2361 eli-

335 2389 498 2457 gendi
543 2389 724 2444 datam
772 2406 893 2445 esse
939 2391 1245 2446 licentiam?
1279 2393 1323 2448 Ο
1353 2393 1747 2449 schismaticam
1798 2412 1929 2464 pro-

338 2480 692 2547 positionem,
720 2496 841 2550 qua:
866 2483 1021 2550 juxta
1044 2483 1409 2554 Apocalypsin
1431 2486 1657 2555 scriptas
1688 2486 1846 2543 habet
1875 2487 1928 2542 in

340 2572 521 2625 fronte
543 2570 910 2640 blaspliemias
941 2573 1126 2643 (Apoc.
1152 2590 1257 2629 xvu
1277 2616 1290 2640 ,
1316 2577 1402 2644 5)!
1434 2578 1561 2643 Qum
1587 2577 1687 2632 ista
1716 2579 1932 2635 libertas

335 2670 456 2726 est,
483 2661 530 2715 si
562 2661 735 2730 valet,
780 2662 1069 2732 edisserat,
1102 2664 1191 2719 ubi
1234 2666 1268 2719 h
1307 2682 1335 2717 c
1368 2666 1531 2723 datur.
1561 2669 1732 2723 solum
1762 2671 1925 2738 velle,

338 2750 486 2820 quod
538 2752 749 2820 puniat;
799 2762 893 2807 aut
939 2768 1103 2822 quare
1151 2756 1472 2811 electionem
1524 2760 1793 2823 nominet,
1838 2761 1927 2817 ubi

341 2857 504 2896 unam
540 2852 747 2897 tantum
778 2854 979 2912 partem
1003 2845 1199 2900 asserit
1221 2845 1389 2902 luisse
1409 2852 1755 2903 concessam?
1778 2852 1932 2917 Quod

338 2933 387 2986 si
419 2931 647 2988 veritate
685 2934 1030 2999 subsisteret,
1060 2934 1231 2990 locum
1262 2936 1439 2991 divina
1465 2938 1663 3007 judicia
1696 2956 1801 2996 non
1838 2946 1935 2997 lia-

341 3022 557 3078 berent.
599 3022 736 3089 Quid
765 3024 909 3078 enim
956 3024 1081 3078 boni
1123 3040 1153 3079 a
1193 3026 1348 3082 nobis
1391 3028 1528 3082 Deus
1574 3040 1756 3085 noster
1786 3041 1932 3089 recte

338 3122 613 3181 quzereret
632 3156 645 3180 ,
678 3114 770 3183 qui
795 3116 1155 3183 appetentiam
1180 3116 1296 3186 eius
1325 3118 1391 3174 de
1422 3119 1695 3177 voluntate
1724 3124 1931 3177 subtra-

2031 1955 2141 2023 ﬁeri
2188 1955 2319 2008 sicut
2368 1967 2526 2020 equus
2578 1960 2623 2002 et
2668 1947 2839 2001 mulus
2880 1944 3050 2012 (Psal.
3078 1958 3233 2008 xxxt,
3259 1943 3348 2011 9);
3377 1949 3433 1995 et
3461 1940 3603 2023 Δρο-

2029 2046 2234 2099 stolus:
2273 2041 2446 2095 Nolite
2483 2039 2596 2107 ﬁeri
2635 2038 2766 2091 serui
2809 2035 3073 2089 hominum
3120 2031 3168 2104 (ι
3196 2030 3317 2086 Cor.
3342 2045 3446 2093 vn,
3472 2022 3603 2095 ‘25)!

2029 2135 2211 2189 Toties
2260 2132 2383 2185 Noli
2414 2130 2465 2184 in
2516 2141 2744 2194 snperna
2787 2124 3167 2186 atlmonitiOue,
3196 2134 3303 2191 quo
3353 2114 3605 2185 respicit,

2029 2226 2073 2280 si
2105 2223 2243 2278 aliud
2278 2222 2413 2277 velle
2445 2234 2549 2273 non
2580 2216 2759 2279 Iicu‘t‘!
2794 2215 2995 2270 Deinde
3026 2212 3268 2283 quamvis
3296 2208 3348 2264 in
3381 2220 3605 2279 persomt

2031 2317 2261 2379 Christi,
2296 2324 2472 2368 tamen
2509 2326 2603 2376 pro
2633 2309 2838 2365 arbitrii
2868 2306 3182 2375 astipulatur
3212 2301 3453 2372 ejusdem
3487 2313 3606 2369 pro-

2031 2408 2203 2477 pheta:
2247 2406 2398 2460 nobis
2440 2405 2681 2457 libertate
2728 2397 3131 2453 testimonium:
3171 2392 3240 2448 Ut
3272 2390 3490 2461 [acerem
3521 2404 3608 2441 vo-

2032 2499 2273 2552 luntatem
2312 2505 2481 2559 tuam,
2530 2492 2667 2546 Deus
2713 2506 2873 2556 meus,
2918 2487 3054 2541 volui
3101 2482 3273 2552 (Psal.
3300 2496 3496 2545 xxxtx,
3528 2478 3608 2545 9).

2004 2591 2102 2671 .Et
2140 2589 2303 2643 alibi:
2340 2585 2636 2641 Voluntaria
2682 2580 2979 2651 sacriﬁcabo
3021 2578 3129 2632 tibi.
3180 2576 3285 2629 Et:
3325 2573 3458 2626 Vota
3499 2586 3609 2671 mea

2037 2681 2251 2735 Domino
2287 2678 2515 2731 reddam.
2554 2676 2627 2730 Et
2661 2674 2889 2729 iterum;
2928 2670 3113 2724 Vovele
3154 2676 3200 2722 ct
3228 2666 3444 2721 reddite.
3479 2661 3609 2716 Illud

2033 2783 2210 2826 autem
2259 2770 2397 2823 beati
2428 2767 2667 2837 Apostoli
2712 2780 2819 2835 quo
2858 2778 2918 2818 se
2955 2759 3153 2816 muniri
3192 2757 3395 2821 credit,
3424 2768 3611 2809 exem-

2036 2862 2212 2931 plum,
2244 2860 2520 2915 nobiscum
2554 2859 2711 2924 facit,
2749 2857 2807 2911 si
2839 2870 2971 2922 qua:
3005 2860 3301 2922 sequuntur
3330 2849 3610 2912 advertat,

2033 2968 2154 3009 cum
2204 2951 2463 3006 inimicus
2503 2949 2822 3019 arrogantia:
2868 2947 3049 3001 dixit:
3091 2944 3272 2999 Gratia
3328 2942 3423 2997 Dei
3468 2958 3609 3003 sum,

2032 3044 2168 3115 quod
2199 3059 2310 3097 sum
2348 3040 2542 3111 (I’Cor.
2569 3056 2663 3105 xv,
2697 3039 2807 3108 l0).
2841 3037 2963 3093 Mox
3002 3036 3178 3100 enim,
3225 3048 3293 3089 ne
3338 3033 3415 3087 sic
3453 3031 3611 3100 fugax

2033 3134 2216 3202 gloria:
2246 3131 2577 3194 crederetur,
2610 3137 2668 3183 ut
2697 3128 2855 3197 longo
2886 3124 3168 3181 intervallo
3194 3139 3224 3177 a
3255 3122 3483 3177 veritate
3512 3121 3611 3176 de-

343 3204 669 3308 ιξπξῑῖξίξεί
695 3205 851 3308 In}?
877 3207 1215 3308 Αροθιοιιξηιν
1248 3208 1496 3280 Nunquid
1520 3212 1728 3282 iniquus
1762 3213 1928 3269 Dius?
1954 3246 2000 3308 ρ
2036 3223 2317 3289 scisceret,
2351 3220 2561 3287 sapiens
2586 3217 2909 3273 architectus
2937 3214 3180 3281 adiunxit
3212 3231 3223 3264 :
3259 3210 3614 3266 Abundantius

340 3294 475 3349 absit
515 3294 657 3365 (Gal.
684 3311 752 3363 ιι,
782 3298 896 3365 17).
934 3299 1075 3352 Inter
1118 3299 1363 3356 homines
1409 3318 1435 3354 a
1479 3304 1608 3358 recti
1658 3304 1928 3361 discordat

345 3386 574 3453 aﬁ‘ectu,
604 3388 694 3456 qui
724 3403 751 3440 a
784 3388 1042 3457 subjectis
1067 3390 1259 3459 exigit,
1285 3392 1426 3461 quod
1456 3395 1507 3446 in
1538 3405 1799 3462 potestate
1830 3410 1937 3449 non

350 3478 575 3533 tribuit:
612 3479 712 3534 hoc
752 3479 821 3534 de
871 3479 978 3534 Dco
1017 3496 1117 3551 qua
1158 3484 1482 3537 conscientia
1525 3486 1806 3551 sentiatur,
1839 3485 1937 3541 ad.

350 3568 566 3623 vertite.
605 3568 701 3624 Ubi
746 3578 829 3623 est
859 3570 988 3625 illud
1033 3574 1273 3642 Apostoli
1306 3574 1612 3640 clamantis,
1640 3585 1693 3630 et
1724 3592 1821 3646 pro
1850 3592 1936 3631 ar-

342 3659 489 3714 bitrii
520 3659 770 3715 libertate
798 3662 1068 3730 testantis,
1112 3662 1251 3718 Velle
1274 3664 1475 3733 adjacet
1510 3666 1664 3731 mihi,
1692 3667 1940 3737 perﬁcere

344 3761 517 3806 autem
540 3768 641 3805 non
668 3752 867 3806 invenio
895 3753 1068 3822 (Rom.
1095 3770 1191 3819 vtt,
1222 3756 1347 3822 i8)?
1367 3756 1491 3826 quid
1526 3767 1606 3811 est
1629 3757 1771 3811 aliud
1790 3801 1803 3825 ,
1837 3758 1937 3813 nisi

346 3840 548 3908 dicere,
590 3840 722 3895 Novi
770 3843 1018 3897 dextrum
1070 3844 1169 3899 iter
1200 3846 1428 3916 eligere;
1471 3847 1564 3903 sed
1613 3848 1713 3903 nisi
1759 3849 1940 3917 ingre~

353 3930 597 3985 dientem
625 3931 825 4001 juverit
854 3932 1020 4002 gratia
1051 3948 1284 4004 suprrna
1303 3978 1316 4003 ,
1345 3936 1616 3991 lassabor?
1648 3937 1817 3993 Nemo
1845 3938 1942 3993 du-

347 4021 515 4085 bitat,
548 4016 718 4108 nemo.
738 4024 1084 4090 condemnat,
1124 4026 1266 4095 quod
1313 4039 1530 4083 auctore
1570 4031 1755 4099 gratia:
1802 4046 1947 4101 pra:-

346 4122 527 4167 stante
569 4123 625 4169 et
655 4114 771 4183 ipse
816 4116 1082 4184 aequ‘tatis
1133 4116 1434 4173 hominibus
1479 4119 1632 4174 callis
1672 4124 1943 4190 aperitur.

349 4203 466 4257 Dux
502 4204 644 4259 enim
679 4205 939 4260 bonorum
971 4213 1026 4260 et
1055 4206 1350 4276 pl'tecessor
1383 4219 1464 4263 est
1496 4212 1697 4280 gratia,
1725 4214 1938 4282 quando

348 4295 561 4350 cmlitus
606 4296 884 4364 multiplici
930 4296 996 4350 ad
1043 4300 1281 4367 requiem
1333 4301 1619 4356 invitamur
1667 4304 1885 4359 hortatu
1928 4325 1938 4360 :

350 4386 565 4456 quando
595 4387 749 4442 nobis
777 4387 1008 4442 dicitur:
1048 4388 1245 4457 Venite,
1276 4390 1403 4459 ﬁlii,
1440 4393 1613 4447 audite
1642 4411 1719 4448 me
1752 4396 1923 4466 (l’sal.

353 4493 542 4544 xxxtn,
570 4479 658 4547 Il)
688 4493 708 4544 ;
741 4478 939 4545 Venite,
964 4478 1207 4533 benedicti
1232 4479 1404 4536 Patris
1433 4487 1551 4546 mel,
1579 4486 1829 4550 possidete
1857 4504 1941 4557 pa.

2039 3313 2267 3366 omnibus
2297 3309 2552 3373 laboravi,
2583 3317 2632 3361 et
2660 3308 2826 3378 gratia
2859 3306 2954 3359 Dei
2992 3304 3045 3358 in
3074 3320 3153 3358 me
3192 3319 3349 3374 egena
3384 3318 3484 3355 non
3517 3301 3613 3371 fuit

2040 3402 2229 3473 (Ibid)
2260 3443 2274 3466 ,
2305 3401 2444 3471 quod
2494 3400 2696 3455 dixisse
2743 3407 2865 3453 est:
2898 3387 3142 3453 Chrititus
3189 3396 3242 3451 in
3293 3410 3408 3462 me,
3451 3409 3611 3462 quem

2039 3493 2197 3563 digne
2246 3502 2337 3546 aut
2390 3491 2727 3545 abundanter
2774 3497 3171 3554 muneraretur,
3220 3485 3443 3541 invenit.
3496 3482 3611 3538 Non

2043 3583 2185 3637 enim
2218 3596 2418 3651 pauper
2463 3588 2546 3635 est
2573 3580 2749 3634 divina
2778 3579 2947 3649 gratia
2976 3596 2989 3633 :
3020 3577 3114 3633 sed
3164 3576 3472 3633 meritorum
3519 3590 3614 3629 no-

2041 3686 2272 3729 strorum
2304 3679 2517 3742 putatur
2540 3672 2766 3743 quadam
2799 3672 2968 3726 macie
2996 3679 3087 3725 aut
3116 3670 3612 3725 cxilitatetenuari.

2042 3764 2172 3830 Qua:
2191 3773 2317 3818 ιιιηο
2340 3779 2441 3817 non
2464 3764 2573 3816 suis
2591 3763 2887 3817 mstimatur
2909 3763 3170 3816 meatibus
3198 3760 3386 3827 ﬂuere,
3405 3757 3615 3828 quando

2043 3854 2110 3909 de
2135 3854 2252 3923 ejus
2279 3852 2521 3909 cursibus
2549 3851 2813 3906 ariditatis
2844 3862 3041 3905 nostrae
3070 3865 3203 3906 vena
3237 3849 3310 3903 nil
3343 3849 3551 3917 recipit.
3574 3847 3617 3903 Ο

2042 3947 2089 4002 si
2118 3947 2419 4018 epistolaris
2461 3952 2737 4016 pateretur
2775 3944 3019 4015 angustia
3061 3959 3340 3999 sacrorum
3387 3942 3617 3997 volumi-

2048 4057 2172 4095 num
2200 4054 2393 4096 srcana
2420 4035 2818 4094 reseraril'Se'd
2870 4037 3032 4092 timeo
3061 4051 3127 4091 ne
3162 4034 3252 4106 qui
3294 4033 3493 4088 nullam
3526 4047 3617 4103 po~

2045 4132 2200 4197 terit,
2235 4132 2343 4187 Deo
2373 4131 2692 4202 inspirante,
2727 4131 2781 4185 in
2810 4129 2913 4185 [ide
2941 4139 3123 4186 nostra
3152 4129 3395 4184 invenire
3423 4126 3619 4181 calum-

2046 4225 2223 4290 niam,
2266 4222 2335 4279 de
2378 4225 2582 4295 pagina:
2628 4224 2933 4294 prolixitate
2971 4234 3239 4278 causetur.
3284 4220 3420 4289 Quid
3457 4220 3616 4285 illud,

2044 4334 2148 4389 qua
2181 4326 2359 4372 mente
2388 4318 2609 4386 suscipit
2634 4334 2648 4372 :
2683 4316 2814 4371 Ecce
2843 4333 3028 4386 aquam
3054 4325 3101 4369 et
3130 4317 3329 4387 ignem,
3360 4315 3427 4369 ad
3457 4316 3620 4385 quod-

2043 4413 2117 4462 vis
2149 4408 2352 4477 porrige
2379 4423 2586 4459 nimum
2617 4406 2805 4475 (Eccli.
2832 4422 2921 4471 xv,
2947 4405 3073 4476 l7)?
3100 4405 3224 4474 quid
3254 4406 3355 4460 alia
3385 4420 3505 4476 qua:
3534 4420 3621 4459 co.

2048 4498 2228 4568 pibsus
2257 4505 2495 4551 assertor
2539 4496 2653 4565 ipse
2682 4495 2983 4564 replicasti?
3026 4494 3204 4550 Credo
3234 4510 3382 4549 more
3425 4495 3622 4564 aspidis

353 4581 522 4625 ratum
549 4572 689 4625 vobis
730 4588 941 4642 regnum
970 4571 1178 4645 (Matth.
1206 4589 1337 4639 xxv,
1367 4576 1491 4643 31);
1530 4575 1629 4629 Ubi
1669 4594 1759 4648 ego
1795 4596 1931 4645 sum,

2047 4589 2225 4645 clausa
2244 4633 2257 4655 ,
2289 4598 2346 4642 ut
2375 4588 2548 4651 aiunt,
2576 4601 2704 4640 aure
2735 4585 2999 4639 transivit.
3030 4584 3197 4639 Video
3225 4600 3332 4655 quo
3362 4598 3421 4639 se
3451 4585 3621 4638 toxica

355 4663 425 4716 ibi
452 4666 547 4718 erit
586 4674 635 4719 et
679 4667 910 4720 minister
936 4670 1097 4719 'meus
1148 4666 1337 4735 (Joan.
1366 4684 1476 4732 xtl,
1506 4668 1630 4738 9.6).
1681 4671 1787 4727 Sed
1836 4674 1936 4728 nisi

356 4754 882 4828 talibusmoniti,,et
907 4756 1151 4810 voluntas
1185 4766 1365 4812 nostra
1393 4774 1512 4828 qua:
1544 4760 1708 4816 libera
1737 4772 1854 4832 est,
1885 4774 1950 4819 et

432 4878 447 4908 ’
482 4873 559 4927 De
583 4872 784 4946 arbitrii
813 4871 1061 4946 libertate]
1084 4872 1269 4946 Tacito
1298 4875 1515 4946 nomine
1545 4876 1824 4946 quemdam
1856 4894 1941 4932 re-

364 4946 535 5011 tellit,
575 4942 665 5011 qui
713 4942 941 5014 liberum
984 4943 1291 5014 arbitrium,
1329 4945 1470 5014 quod
1491 4942 1670 5000 ut'tib.
1703 4948 1770 5001 de
1800 4948 1933 5001 Cor-

362 5014 604 5085 reptione
626 5022 679 5066 et
701 5012 881 5085 Gratia
907 5012 1064 5085 docet
1093 5013 1153 5068 D.
1178 5012 1523 5084 Augustinus,
1556 5026 1610 5070 et
1639 5018 1703 5071 ad
1738 5019 1935 5071 malum

365 5081 505 5139 et'ad
534 5082 731 5137 bonum
765 5081 1061 5137 faciendum
1090 5081 1448 5140 conﬁtendum
1479 5097 1562 5141 est
1593 5104 1688 5141 nos
1716 5088 1933 5149 habere,
1964 5094 1967 5095 ⁷

364 5154 685 5210 deteriorem
704 5161 902 5205 tantum
929 5153 979 5207 in
1007 5166 1207 5220 partem
1227 5155 1405 5208 datum
1428 5156 1599 5209 allirm
1621 5157 1745 5211 ibat.
1766 5158 1933 5222 Quam

364 5224 592 5279 lttcrcsin
620 5238 739 5276 cum
766 5225 1037 5295 aptissime
1059 5224 1341 5295 redarguat
1367 5225 1663 5295 Ennodius,
1698 5230 1935 5282 revinca-

370 5305 556 5365 turque
595 5295 664 5345 ab
707 5292 951 5365 universa
990 5294 1170 5347 schola
1214 5295 1613 5365 theologorum.
1650 5292 1757 5351 tum
1796 5308 1936 5354 vete-

368 5363 511 5429 rum,
542 5373 653 5416 tum
693 5379 764 5416 ret
783 5363 1045 5416 entiornm
1064 5406 1079 5428 ,
1104 5364 1190 5433 qui
1224 5365 1291 5419 de
1319 5363 1485 5419 libero
1512 5368 1733 5421 arbitrio
1770 5368 1935 5422 dissc-
1960 5384 1963 5387 '

366 5433 684 5498 runt,-ntihi
730 5438 859 5485 satis
896 5442 977 5486 est
1015 5433 1198 5489 Grzcca
1243 5435 1423 5488 Irena:i
1468 5438 1629 5491 verba
1672 5455 1701 5493 e
1743 5439 1831 5492 lib.
1860 5454 1932 5501 tv,

365 5521 481 5577 cap.
504 5505 572 5557 72
590 5545 607 5569 ,
632 5519 751 5572 qua:
782 5504 1102 5577 Ennodianis
1124 5506 1453 5573 argumentis
1478 5508 1683 5570 lavent,
1708 5518 1761 5561 et
1782 5509 1938 5577 vulgo

366 5574 515 5650 obvia
541 5590 645 5650 non
670 5581 821 5650 sunt,
854 5573 904 5650 in
930 5574 1164 5650 medium
1192 5590 1506 5650 proponere.
1534 5580 1592 5630 Ei
1612 5581 1760 5650 φύσει
1784 5581 1825 5632 oi
1850 5573 1939 5650 uis

368 5648 653 5730 permensi,
687 5642 739 5698 δὲ
766 5646 941 5714 ἁγαθοὶ
978 5641 1233 5730 γέγόνασὶ,
1264 5641 1362 5698 οὗθ’
1384 5644 1522 5701 οὗτοι
1545 5641 1827 5713 Enetus-toi,
1850 5641 1934 5703 ἓν·
1965 5641 1968 5667 ἶ

368 5715 445 5775 τις
474 5715 933 5786 ἀγαθοῦ-τοιοῦτοι
960 5717 1057 5786 γάρ
1104 5718 1579 5786 κατεσκευάσθησαν
1602 5736 1612 5748 ⁸
1644 5720 1748 5773 οὔτ’
1770 5721 1935 5773 ἐκεῖνοι

369 5784 607 5853 μεμπτοὶ,
650 5784 812 5843 οὕτως
852 5784 1126 5854 peposci-nc.
1164 5785 1284 5839 ἈΠ’
1326 5785 1499 5844 ἐπειδὴ
1548 5790 1591 5839 oi
1631 5789 1815 5848 πάντες
1846 5800 1933 5848 τῆς

371 5858 521 5917 «ira;
548 5860 649 5911 εἱσι
678 5856 896 5925 φύσεως,
926 5854 1241 5923 δυνάμενοί-τε
1266 5867 1543 5924 κατασχεῖν
1568 5863 1648 5914 καὶ
1669 5862 1851 5922 πρᾶξαι
1878 5863 1935 5909 -ὸ

2049 4681 2259 4752 Libyca:
2290 4680 2452 4748 pestis
2477 4679 2767 4734 extendant
2794 4695 2806 4731 :
2838 4692 3094 4733 arenosus
3123 4678 3344 4733 coluber
3373 4694 3476 4733 non
3506 4679 3620 4732 baro

2043 4771 2155 4827 sola
2202 4771 2361 4825 habet
2410 4767 2741 4839 perniciosa,
2781 4784 2902 4839 qua:
2949 4778 3188 4825 reserat:
3217 4769 3284 4824 ad
3315 4772 3621 4825 aestimatio-

2044 4884 2244 4954 ἀγαθὸν.
2292 4886 2377 4958 uati
2420 4880 2689 4958 B‘UVéytle
2732 4882 2879 4958 πάλῳ
2922 4884 3193 4958 ᾁποϐαλεῐν
3238 4886 3385 4946 αὐτὸ.
3440 4890 3521 4940 καὶ
3556 4894 3621 4958 μή

2044 4952 2289 5028 Romam.
2323 4952 2655 5028 diuatimguai
2690 4953 2813 5028 παρ’
2853 4954 3135 5028 ἀνθρώποις
3171 4962 3279 5016 τοῖς
3328 4952 3623 5027 εὐνομουᾴέ-

2044 5045 2165 5087 νοις,
2194 5026 2293 5097 καὶ
2333 5024 2459 5077 πολὺ
2490 5024 2747 5097 πρότερον
2769 5024 3065 5097 ἺπαρὰΘεῷ
3089 5024 3135 5077 οἱ
3164 5028 3250 5095 μὲν
3279 5024 3620 5087 ἑπαινὸῦνται,

2046 5098 2128 5184 ita}
2158 5096 2297 5157 ἀξίας
2328 5096 2655 5183 τζνγχάνόυσι
2690 5099 2974 5184 μρτὲρίας
2998 5103 3087 5156 τῆς
3114 5102 3205 5150 τοῦ
3233 5096 3383 5151 καλοῦ
3420 5096 3624 5149 καθόλου

2044 5166 2247 5235 ἐκλογῆς
2297 5166 2379 5217 καὶ
2420 5166 2655 5233 initiavit;
2678 5205 2693 5227 ,
2727 5164 2770 5218 oi
2810 5164 2868 5219 δέ
2900 5174 3308 5235 καταιτιῶνται,
3348 5168 3453 5218 κπίι
3483 5167 3621 5228 ἀξίας

2045 5234 2360 5306 τυγχάνουσι
2388 5237 2569 5306 ζημίας
2598 5242 2689 5291 τῆς
2718 5242 2806 5290 τοῦ
2836 5234 2984 5289 καλοῦ
3016 5239 3098 5289 καὶ
3127 5237 3318 5306 ἀγαθοῦ
3346 5237 3410 5287 ἁτν
3422 5235 3601 5306 οϐολῆς

2046 5304 2145 5379 Κοζὶ
2172 5304 2254 5359 διὰ
2282 5312 2431 5359 τοῦτο
2455 5305 2501 5379 oi
2523 5313 2784 5379 «popina:
2811 5310 3064 5379 πᾳρήνονν
3091 5314 3202 5365 τοῖς
3235 5305 3515 5379 super?“
3551 5304 3622 5362 δι·

2046 5325 2145 5357 nati
2172 5325 2254 5359 οια
2282 5326 2431 5359 τουτο
2455 5326 2499 5357 οι
2523 5326 2775 5378 προφηται
2811 5328 2883 5360 πα
2921 5327 3064 5364 ηνουν
3091 5327 3202 5365 τοις
3235 5325 3515 5379 ανσρωποις
3551 5325 3622 5362 0t-

2044 5377 2385 5448 ζαὶοπραγεῖν.
2424 5377 2505 5448 uni
2543 5378 2599 5428 τὸ
2639 5377 2821 5448 ἀγαθὸν
2863 5325 3231 5448 ἔξεργᾴζεσθοςι,
3258 5376 3344 5448 ’,ὡς
3388 5375 3462 5447 ὶφ’
3504 5378 3625 5448 ἡμῖν

2044 5399 2385 5459 ξαιοπραγειν.
2424 5399 2505 5427 κκι
2543 5399 2599 5428 το
2639 5399 2821 5445 αγαυον
2863 5399 3231 5447 εςερσγαῳσσαι,
3278 5399 3344 5432 ως
3388 5399 3446 5447 ιφ
3504 5399 3533 5433 η
3578 5400 3624 5430 ιν

2044 5466 2185 5505 ουτος
2215 5452 2304 5500 τοῦ
2334 5446 2565 5500 τοιούτου
2603 5450 2685 5500 καὶ
2731 5445 2814 5505 διὰ
2844 5454 2936 5503 τήν
2954 5446 3141 5505 ,πολλὴν
3170 5444 3401 5513 ἀμέλειαν
3428 5448 3499 5506 εἰς
3536 5399 3624 5505 ςή-

2048 5516 2134 5571 θην
2178 5515 2591 5577 ἐκπεπτωκότων,
2632 5519 2710 5570 καὶ
2750 5521 2951 5587 γνώμης
2992 5514 3232 5587 δεομένων
3258 5516 3469 5586 ἀγαθῆς,
3510 5518 3624 5575 iuri

2045 5588 2230 5657 ἀγάθὸς
2247 5587 2366 5645 Θεὸς
2388 5583 2907 5659 παρέσχεᾼγινῶᾳκέεν
2926 5583 3011 5659 ’διὰ
3033 5590 3128 5636 τῶν
3148 5583 3431 5657 προφήτῶν.
3457 5594 3623 5641 Ταῦτα

2044 5654 2139 5730 γὰρ
2165 5658 2333 5730 πάντᾳ
2356 5656 2409 5709 τὸ
2434 5654 2751 5719 «Deﬁcit-nov
2780 5654 3077 5730 ἐπιδείκνυᾳι
3110 5654 3202 5708 τοῦ
3233 5654 3516 5730 ἀνθρώπου,
3543 5661 3623 5709 καὶ

2046 5724 2542 5796 τὸ’συμϐου),ευτικὸν
2566 5731 2653 5797 tot";
2682 5730 2830 5797 Θεοῦ)
2855 5724 3229 5797 ἀποτρέποντος
3250 5724 3339 5797 μέν)
3362 5734 3452 5782 τοῦ
3480 5730 3623 5781 ἀπει-

2043 5799 2143 5853 θεῖν
2171 5795 2329 5867 αὐτῷ,
2358 5798 2478 5849 ἀλλά
2509 5801 2575 5863 μὴ
2608 5795 2902 5862 ﬁnget/sum
