3998 6362
395 314 454 364 5|
1490 328 1753 386 ENNODII
1799 333 2093 391 EPISCOPI
2133 338 2509 400 TICSNENSIS

3575 340 3671 416 se~

394 442 512 479 netu
536 428 863 482 occultorum
888 431 1178 488 facinorum
1204 436 1417 491 ferenda
1447 451 1709 514 suntquae
1736 444 1952 502 fatetur.
1996 453 2039 508 Α
2072 460 2122 503 et
2143 456 2384 520 quamvis
2415 457 2634 513 utilitati
2660 461 2776 530 ejus
2814 463 2943 516 nihil
2977 465 3246 536 adjiciam,
3281 482 3520 525 amorem
3563 482 3643 527 ta-

394 515 514 536 .,__..
726 535 734 536 κ
770 518 781 536 .
931 522 945 536 .
1101 524 1132 536 -.
1372 527 1413 536 -.
1510 531 1520 536 -

391 515 515 569 Vult
545 519 684 571 enim
718 518 783 572 ad
816 520 947 575 illud
1000 524 1322 594 pertingere.
1370 527 1649 587 Neminem
1686 548 1785 588 suo
1834 536 1965 591 vitio

389 618 482 663 aut
512 612 832 682 negligentia
865 615 1057 683 perire,
1089 618 1131 671 si
1166 618 1329 675 homo
1356 623 1635 693 utriusque
1662 627 1736 680 rei
1765 627 1889 681 boni
1913 638 1969 683 et

387 700 512 754 mali
570 716 664 770 pcr
716 714 1033 773 poreslatem
1082 722 1331 763 concessa
1383 714 1653 770 electione
1702 717 1961 783 privatur.

388 793 495 845 llos
528 802 729 848 tintum
756 796 923 865 jactat
963 802 1198 869 potuisse
1226 804 1423 858 salvari
1451 808 1567 862 sine
1608 808 1792 864 labore
1830 814 1960 876 ullo,

388 883 503 938 sine
554 887 923 943 mandaturum
972 893 1236 958 amicitia,
1288 913 1421 965 quos
1471 903 1872 971 peregrinantes
1928 920 1957 957 a

389 976 570 1030 merito
600 976 753 1033 favor
781 991 982 1036 tantum
1011 984 1243 1040 caelestis
1271 989 1483 1057 eripuit.
1529 992 1780 1064 Proinde,
1813 996 1953 1064 quod

382 1065 432 1119 in
483 1067 656 1137 ipsum
713 1071 1003 1137 referatur,
1051 1075 1169 1129 illos
1221 1078 1443 1144 periisse
1492 1080 1777 1152 intelligit,
1820 1101 1954 1153 quos

376 1158 539 1222 gratia
574 1160 744 1214 noluit
780 1161 957 1216 divina
1002 1164 1250 1220 liberare.
1289 1166 1365 1220 Tu
1408 1170 1480 1223 mi
1528 1173 1761 1236 domine,
1804 1175 1953 1231 Salve

375 1245 537 1311 dicto,
571 1248 651 1302 fac
696 1251 834 1319 apud
874 1262 925 1307 te
954 1263 1007 1307 ut
1037 1255 1142 1308 sies
1172 1272 1184 1308 :
1218 1266 1271 1310 et
1312 1258 1356 1311 si
1399 1262 1578 1316 sanari
1626 1264 1952 1333 mancipium

375 1339 562 1389 mortis
590 1354 693 1393 non
726 1350 933 1410 potest,
963 1358 990 1395 a
1022 1346 1362 1402 contentione
1392 1349 1590 1405 desiste
1618 1369 1629 1404 :
1660 1367 1726 1407 ne
1753 1368 1871 1408 cum
1898 1366 1950 1413 te

375 1425 499 1479 lidei
543 1431 721 1484 radice
766 1430 929 1485 fultus
957 1434 1131 1487 valida
1160 1436 1368 1504 niteris,
1399 1439 1491 1495 ille
1537 1441 1639 1497 sub
1664 1445 1947 1502 occasione

374 1516 531 1585 hujus
560 1525 955 1589 controversir,
988 1536 1111 1580 ante
1135 1527 1383 1583 editionis
1416 1540 1642 1599 tempus,
1669 1533 1831 1591 divini
1862 1551 1946 1591 se-

370 1609 529 1662 minis
555 1612 623 1664 ab
650 1614 943 1682 aliquorum
974 1624 1128 1670 utero
1156 1627 1336 1682 partus
1364 1622 1619 1677 excutiat.

916 1704 1241 1760 EPISTULA
1276 1707 1392 1762 ΧΧ.

830 1813 1084 1851 ΙπΝΧΟΒΙΐΞ
1133 1788 1476 1855 conﬂant».

438 1881 595 1937 Dabis
619 1887 824 1940 veniam
853 1889 995 1957 quod
1028 1892 1175 1945 celer
1201 1893 1472 1961 rescripsi,
1503 1894 1624 1964 quia
1669 1897 1809 1951 relati
1838 1899 1932 1952 ad-

364 1973 467 2028 huc
491 1974 661 2030 debeo
684 1976 967 2035 indocilem
1003 1981 1415 2040 festinationem.
1443 1987 1548 2041 Vos
1579 1996 1854 2045 maturitas
1882 2004 1936 2047 et

361 2068 569 2135 pondus
596 2068 766 2124 decet.
805 2073 1036 2128 Proinde
1090 2077 1392 2130 credentem
1428 2078 1631 2142 fovi-te,
1684 2093 1737 2135 et
1772 2099 1935 2154 nugas

362 2174 507 2215 meas
534 2178 563 2215 a
593 2163 807 2232 publico
835 2166 1011 2236 rigore
1043 2168 1350 2223 Subducite:
1380 2172 1498 2239 quia
1530 2173 1571 2225 si
1606 2174 1792 2242 pagina
1838 2192 1933 2229 no-

358 2264 466 2306 stra
497 2254 511 2283 ¹
538 2268 623 2307 res
646 2271 865 2324 crepera
897 2268 1056 2327 atque
1082 2276 1279 2329 anceps
1318 2271 1421 2325 est,
1449 2264 1707 2331 jussionis
1736 2280 1931 2323 vesme

355 2357 415 2396 se
442 2353 617 2398 tuetur
660 2348 975 2414 patrocinio,
1034 2350 1100 2404 ab
1130 2351 1235 2407 hoc
1284 2356 1422 2423 quod
1474 2372 1631 2411 nemo
1671 2359 1927 2428 imperata

354 2435 574 2490 fastidit.
603 2438 731 2493 Vale
764 2455 893 2511 ergo
926 2441 1132 2507 dicens,
1177 2445 1399 2512 legenda
1446 2449 1804 2504 commendo:
1838 2452 1928 2507 fiet

354 2529 551 2583 etenim
601 2540 658 2584 ut
684 2532 906 2600 posthac
928 2534 1060 2589 bene
1091 2538 1295 2607 accepti
1333 2538 1401 2593 ad
1448 2541 1742 2610 parendum
1772 2543 1924 2601 dele-

352 2620 522 2675 nificac
544 2621 861 2678 obedientim
881 2627 1108 2682 Stimulis
1128 2629 1428 2687 incitemur.

882 2716 1214 2775 EPISTULA
1243 2722 1384 2778 XXI.

845 2824 1101 2864 ENNODIL'S
1142 2813 1160 2841 ’
1216 2828 1423 2869 ALBINO.

416 2894 613 2959 Quater
628 2897 691 2950 ad
712 2900 1125 2967 magnitudinem
1146 2912 1377 2957 vestram
1400 2906 1595 2975 scripta
1616 2911 1916 2978 prorogari,

345 2994 400 3038 et
442 2985 613 3042 adhuc
651 2997 897 3058 tanquam
948 2991 1103 3046 deses
1162 3007 1389 3048 accusor
1442 2998 1665 3066 :lingua
1722 2999 1919 3053 milita-

344 3075 418 3127 vit
470 3074 679 3130 affectni
716 3119 728 3139 ,
777 3080 1059 3135 assiduitas
1112 3081 1442 3151 diligentiam
1507 3101 1609 3139 non
1658 3099 1912 3142 meretur.

1968 1817 2016 1878 Β

2072 557 2190 595 men
2222 560 2450 611 mereor,
2475 550 2614 618 quod
2646 553 2886 619 praedicti
2913 556 3065 623 jussa
3092 556 3372 626 complevi.
3404 560 3637 617 Venera-

2070 630 2158 684 bili
2186 648 2317 703 ergo
2343 637 2559 691 domino
2581 641 2915 699 salutationis
2947 647 3264 715 obsequium
3299 648 3635 717 impertiens,

2068 736 2278 793 precor,
2302 734 2360 780 ut
2380 727 2521 782 circa
2549 731 2875 800 diligentiam
2908 749 3056 789 suam
3103 738 3387 806 praedictus
3413 741 3493 793 vir
3518 756 3633 794 ma-

2062 812 2286 878 gnificus
2317 818 2560 885 recipiat,
2609 823 2752 897 quod
2786 825 2941 890 mihi,
2972 827 3097 879 dum
3149 842 3242 881 vos
3290 830 3440 895 colit,
3485 830 3634 885 exhi-
3716 864 3719 867 ‹

2063 903 2194 959 buit.
2225 906 2353 961 Novi
2384 911 2526 964 enim
2554 913 2663 966 cito
2687 916 3078 983 amplissimum
3127 919 3300 973 virum
3345 922 3409 974 ad
3454 922 3633 977 cordis

2062 996 2219 1049 vestri
2244 1013 2363 1053 esse
2392 1004 2687 1069 penetralia
2716 1006 3138 1073 perducendum,
3179 1025 3337 1079 quem
3372 1013 3632 1068 innocens

2060 1089 2385 1158 prepositum
2414 1091 2529 1146 suis
2558 1094 2661 1147 erit
2688 1096 2825 1164 apud
2862 1111 2961 1151 vos
2992 1097 3209 1155 dotibus
3229 1101 3555 1171 adjuturum.

2569 1205 2895 1263 EPISTOLA
2925 1209 3113 1266 XXIII.

2266 1308 2439 1349 DONNO
2476 1309 2572 1351 SUO
2609 1313 2810 1353 PAUSTO
2850 1317 3102 1358 ENNODIUS
3139 1320 3409 1365 ιιιοιεοιιυει

2124 1402 2252 1459 Sine
2278 1404 2563 1474 dispendio
2590 1410 2766 1465 tutela:
2793 1412 3073 1479 orbantur,
3107 1433 3241 1485 quos
3280 1422 3345 1474 ad
3376 1437 3473 1479 vos
3503 1440 3623 1494 per-

2052 1494 2220 1551 tinere
2246 1498 2569 1567 contigerit:
2604 1515 2709 1554 non
2739 1501 2932 1557 desunt
2966 1505 3070 1559 illis
3112 1518 3328 1575 paterna
3357 1515 3621 1585 subsidia,

2048 1600 2184 1655 quos
2237 1587 2448 1643 fovetis.
2496 1590 2809 1659 Lupicinum
2844 1594 2863 1625 ³
2892 1596 3169 1665 Euprepia:
3215 1611 3410 1657 nostra:
3454 1606 3618 1662 filium

2046 1678 2264 1747 loquor:
2293 1680 2359 1734 ad
2389 1682 2559 1749 ipsum
2592 1683 2820 1751 pertinet
2866 1688 3022 1754 przela
3051 1703 3080 1741 a
3136 1694 3451 1755 generalitas
3494 1714 3506 1749 :
3550 1699 3625 1754 de

2045 1769 2196 1834 cujus
2224 1770 2523 1826 substantia
2551 1774 2795 1828 sublimis
2826 1778 2927 1840 vir,
2966 1792 3247 1835 venerator
3277 1796 3452 1840 vester
3479 1787 3502 1819 "
3528 1805 3617 1845 co-

2044 1872 2156 1913 mes
2183 1859 2397 1913 'l‘ancila
2419 1862 2551 1917 dixit
2581 1864 2730 1928 mihi,
2763 1879 2794 1917 a
2822 1867 2841 1896 ³
2870 1866 3069 1922 domno
3095 1880 3279 1925 nostro
3304 1890 3446 1944 rege,
3473 1880 3614 1946 quod

2039 1949 2223 2004 referri
2251 1965 2412 2020 grave
2433 1952 2523 2019 sit,
2555 1953 2914 2023 impetratum.
2945 1956 3074 2011 Nam
3107 1961 3380 2016 universas
3430 1968 3624 2022 matris

2036 2044 2152 2111 ejus
2174 2043 2506 2098 tacultatulas
2534 2060 2562 2099 a
2581 2045 2789 2113 Torisa,
2812 2048 2893 2102 vel
2919 2049 3036 2103 aliis
3058 2052 3248 2105 asserit
3271 2054 3434 2111 fuisse
3464 2073 3613 2113 com-

2036 2136 2250 2203 petitas.
2305 2135 2467 2192 Aliud
2516 2138 2655 2206 quod
2716 2138 3009 2195 infelicitati
3069 2146 3251 2212 pupilli
3312 2151 3611 2215 potuissem

2036 2238 2311 2297 praestare,
2346 2243 2455 2283 non
2484 2229 2667 2297 habui,
2700 2230 2800 2284 nisi
2858 2240 2917 2285 ut
2969 2240 3470 2308 vestramnOtitiam
3512 2242 3608 2296 in-

2030 2330 2317 2387 struerem,
2356 2330 2409 2377 et
2438 2324 2546 2376 veri
2580 2322 2827 2392 fungerer
2855 2326 3099 2382 relatoris
3129 2329 3323 2386 ofﬁcio.
3360 2333 3612 2392 Vestrum

2030 2425 2133 2483 est,
2168 2416 2462 2486 inspirante
2506 2421 2635 2488 Deo,
2666 2424 2805 2478 circa
2855 2426 3110 2481 miserum
3148 2431 3428 2496 providere
3466 2436 3615 2501 quod

2029 2505 2277 2574 adjuvet:
2308 2510 2375 2563 ad
2407 2527 2490 2566 me
2512 2514 2769 2583 respexit,
2797 2532 2914 2584 quae
2962 2518 3089 2571 mihi
3142 2521 3410 2590 resignata
3457 2535 3611 2590 sunt,

1964 2670 1969 2675 ἢ
2028 2594 2286 2654 indicare.
2320 2600 2527 2657 Domini
2558 2620 2679 2661 vere
2702 2609 2803 2660 mei
2832 2609 3169 2665 salutationis
3196 2613 3449 2683 obsequia
3465 2631 3604 2684 prae-

2026 2700 2266 2756 seutans,
2294 2693 2362 2748 de
2382 2695 2662 2752 clementia
2693 2700 2867 2755 divina
2895 2703 3124 2771 postulo,
3158 2716 3215 2759 ut
3243 2706 3483 2762 laborem
3505 2724 3601 2764 ve-

2024 2792 2191 2838 strum
2208 2784 2461 2854 juvamen
2488 2790 2708 2846 cceleste
2736 2795 3042 2849 comitetur.

2531 2902 2859 2960 EPISTOLA
2909 2904 3096 2963 XXIV.

2269 3008 2442 3049 DOIXO
2479 3008 2577 3050 SUO
2607 3013 2807 3052 ΡΑυὸΤο
2838 3015 3090 3055 ENNODIUS
3118 3018 3391 3059 DIACONUS.

2095 3082 2437 3152 Dispendium
2483 3087 2647 3141 credo
2701 3104 2821 3144 esse
2874 3091 3183 3161 diligentiae,
3231 3095 3402 3149 nullas
3453 3111 3602 3151 rom-

342 3168 514 3222 ςτθαο
566 3170 835 3236 punireris
901 3182 991 3224 aut
1056 3175 1369 3243 negligentia
1427 3186 1519 3229 aut
1567 3179 1761 3232 invidia
1784 3222 1798 3245 ν
1845 3182 1908 3235 ad
1939 3180 1983 3242 C
2019 3175 2307 3228 meantium
2338 3191 2527 3232 manus
2566 3177 2863 3234 litterarum
2889 3182 3013 3237 dote
3040 3186 3327 3250 munerari,
3357 3202 3476 3256 qua:
3508 3202 3596 3243 so-

343 3260 480 3315 hanc
530 3276 616 3316 me
645 3262 898 3317 offensam
939 3262 1104 3319 fuisse
1156 3267 1495 3335 perductum.
1550 3268 1687 3326 Ecce
1735 3280 1910 3328 tamen

339 3351 535 3419 scripta
568 3353 882 3422 multip'ieo,
916 3363 969 3409 et
999 3371 1093 3422 pro
1142 3366 1263 3411 \oto
1318 3367 1497 3413 vestro
1547 3363 1913 3430 prosperitatis

340 3442 681 3497 meaeindicia
714 3443 935 3502 faciens.
980 3444 1046 3499 de
1075 3458 1253 3501 vestra
1286 3450 1445 3517 cupio
1491 3450 1743 3507 felicitate
1786 3470 1913 3523 gau-

336 3536 484 3589 dere.
515 3536 697 3604 Salve,
718 3538 787 3590 mi
813 3536 1049 3604 domine,
1080 3548 1132 3593 et
1156 3552 1424 3596 amantem
1460 3544 1619 3599 vestri
1651 3545 1748 3601 sub
1769 3547 1912 3602 omni

336 3626 642 3695 dignatione
681 3632 944 3685 relevate:
975 3631 1093 3699 quia
1123 3630 1231 3687 Deo
1279 3635 1577 3702 proximam
1624 3653 1736 3692 rem
1778 3640 1907 3694 faci-

335 3721 423 3784 tis,
458 3720 747 3788 patrocinio
779 3732 956 3777 vestro
999 3724 1305 3779 credentem
1336 3725 1490 3795 plena
1515 3726 1618 3784 fide
1663 3740 1718 3785 et
1755 3745 1906 3785 com-

334 3810 871 3867 munione-relevare.
1298 3820 1301 3823 ⁷

854 3904 1181 3961 EPISTOLA
1224 3905 1390 3961 XXII.

858 4013 1115 4052 ENNODIUS
1154 4014 1382 4054 FAUS'I'O.

399 4086 757 4155 Supervaeuis
786 4088 849 4139 ad
901 4089 1155 4143 beneficia
1207 4092 1415 4147 laborat
1460 4094 1762 4163 impendiis,
1811 4101 1900 4168 qui

328 4176 495 4230 solem
518 4185 689 4231 certat
720 4176 920 4231 facibus
949 4179 1201 4245 adjuvare
1242 4199 1253 4235 :
1287 4185 1469 4252 gratim
1501 4186 1775 4254 plenitudo
1801 4191 1893 4245 ad-

325 4268 557 4335 iectione
586 4284 690 4322 non
724 4269 922 4340 indiget
965 4288 977 4324 :
1010 4287 1106 4326 nec
1141 4273 1244 4327 ulla
1275 4276 1498 4344 requirit
1549 4282 1898 4336 commenda-

327 4363 485 4417 tionis
537 4373 839 4433 augmenta,
888 4382 1046 4434 quem
1103 4368 1166 4421 ad
1225 4368 1575 4425 amicitiarum
1624 4376 1891 4430 cumulum

326 4454 513 4509 merita
544 4457 890 4523 pertulerunt.
925 4458 1187 4514 Illustrem
1219 4472 1272 4516 ct
1301 4464 1576 4530 patricium
1609 4467 1777 4520 virum
1803 4468 1895 4521 Al-

2017 3263 2129 3317 lent
2161 3265 2393 3323 lectione
2419 3269 2578 3324 etiam
2608 3271 2782 3325 vultus
2817 3273 2882 3326 ad
2938 3274 3224 3345 longinqua
3271 3288 3505 3347 portare,
3540 3290 3595 3335 et

2016 3367 2260 3411 carorum
2296 3359 2551 3428 imagines
2566 3362 2743 3417 ofﬁcio
2758 3375 3078 3431 prasentare
3095 3370 3378 3425 sermonis.
3398 3370 3473 3424 Ad
3493 3372 3590 3425 ista

2011 3445 2253 3517 jungitur
2275 3449 2434 3503 etiam
2459 3450 2594 3507 bene
2621 3452 2688 3507 de
2716 3455 2995 3525 utriusque
3030 3460 3283 3514 merentis
3312 3460 3589 3517 sublimis-

2013 3537 2134 3593 simi
2165 3538 2439 3595 Luminosi
2470 3543 2746 3611 portitoris
2774 3546 3008 3611 occasio,
3035 3548 3122 3615 qui
3164 3549 3229 3603 ad
3280 3550 3595 3621 religionem

2013 3631 2325 3684 meritorum
2358 3642 2657 3687 vestrorum
2688 3650 2797 3690 sua:
2821 3651 3035 3707 quoque
3065 3641 3249 3707 gratia:
3271 3640 3475 3697 fructus
3504 3645 3591 3698 ad-

2012 3717 2206 3789 jungit.
2234 3720 2364 3786 Quis
2393 3721 2638 3790 geminus
2675 3725 2909 3793 patiatur
2937 3737 2993 3781 ut
3020 3730 3119 3782 sub
3141 3744 3457 3800 quacunque
3487 3748 3585 3789 ne-

2011 3809 2263 3879 gligentia
2308 3811 2594 3868 haberetur
2630 3815 2873 3883 affectus,
2900 3819 2943 3873 si
2968 3833 2997 3872 a
3028 3820 3236 3889 paginis
3268 3830 3584 3892 temperem,

2010 3917 2140 3971 quas
2170 3903 2404 3973 dignatio
2432 3917 2599 3961 vestra
2629 3911 2825 3979 exegit,
2858 3912 2970 3966 etsi
3001 3912 3120 3968 illas
3150 3915 3454 3971 nominatus
3476 3934 3583 3973 non

2008 3991 2236 4060 accipiat
2274 3994 2671 4062 perferendas?
2722 4000 2828 4055 Deo
2858 4003 3079 4071 gratias,
3104 4006 3246 4072 quod
3302 4007 3354 4061 in
3409 4008 3584 4064 fronte

2008 4084 2252 4152 epistulae
2278 4086 2561 4141 locandum
2589 4090 2705 4159 fuit,
2736 4094 2857 4162 quia
2890 4094 3121 4150 felicitas
3171 4108 3349 4155 vestra
3392 4101 3582 4157 votivis

2008 4175 2225 4245 erigitur
2254 4186 2405 4230 aucta
2430 4181 2765 4237 successibus
2790 4199 2807 4249 ;
2835 4186 2976 4253 quod
3017 4187 3216 4241 tumida
3247 4189 3581 4262 inimicorum

2005 4269 2187 4323 cervix
2216 4266 2429 4324 Christo
2462 4272 2569 4327 Deo
2593 4288 2696 4328 non
2720 4289 2934 4345 gravata
2960 4264 3281 4337 succumbit.
3312 4284 3415 4353 Spe
3435 4302 3572 4354 pra:-

2004 4374 2249 4429 ceperatn
2280 4364 2418 4433 quod
2460 4365 2686 4422 affectus
2707 4369 2959 4425 ostendit.
2991 4374 3131 4428 Bene
3175 4377 3316 4430 enim
3371 4386 3581 4433 senten-

2005 4454 2090 4508 tia:
2119 4457 2354 4511 emlestis
2389 4458 2546 4513 finem
2597 4466 2902 4530 prmnoscit,
2940 4466 3029 4534 qui
3074 4468 3222 4523 novit
3266 4471 3574 4539 qualitatem

322 4543 504 4599 binum
536 4554 805 4615 parentem
829 4559 1061 4601 vestrum
1095 4551 1217 4620 styli
1243 4554 1343 4607 mei
1367 4568 1489 4607 cura
1512 4558 1850 4625 prosequitur
1876 4577 1887 4612 :

2023 4546 2115 4614 ejus
2158 4546 2225 4602 de
2268 4558 2485 4604 actuum
2560 4552 2912 4609 humanorum
2960 4559 3248 4613 serenitate
3298 4561 3574 4631 colligere.

323 4638 405 4689 cui
430 4651 523 4705 per
546 4639 788 4707 paginam
814 4655 918 4693 non
944 4641 1192 4709 impendo
1221 4645 1542 4709 necessaria,
1561 4646 1655 4700 sed
1682 4649 1888 4702 votiva:

393 4775 411 4804 "
446 4775 542 4828 Res
581 4790 789 4844 σημεῖα
812 4787 961 4846 alque
1008 4778 1225 4850 anceps]
1263 4780 1613 4853 Symmachus
1636 4785 1792 4853 epist.
1829 4789 1846 4838 l
1876 4807 1889 4840 :

324 4843 516 4917 lla‘res
546 4860 752 4917 στένει-α
790 4843 941 4917 atque
981 4865 1166 4915 anceps
1195 4843 1402 4904 dubium
1446 4870 1520 4906 me
1566 4843 1732 4909 habet.
1777 4856 1889 4911 Vox

319 4914 557 4989 antiqua,
589 4930 683 4983 pro
704 4914 867 4969 dubio
898 4927 951 4971 ct
976 4914 1197 4972 incerto.
1250 4920 1427 4989 Itaque
1473 4924 1758 4979 Martiattus
1784 4927 1883 4979 Ca-

316 4985 454 5065 pella
488 4984 617 5065 Iib.t
643 4988 863 5054 opponit
897 4989 1195 5065 perspicuo.
1238 4989 1316 5065 Ne
1345 4984 1427 5055 ἰιι,
1454 4994 1640 5061 inquit,
1674 4998 1882 5065 desipis,

315 5054 707 5137 admodumque.
744 5054 995 5139 perspicui
1037 5061 1201 5139 operis
1230 5054 1651 5139 ἐγειρομνημὲῑοιί,
1677 5054 1884 5123 noscens

315 5140 575 5191 creperum
597 5127 766 5199 sapis;
794 5143 893 5199 nec,
920 5128 1073 5196 liquet
1124 5127 1402 5199 Hynienird
1427 5127 1756 5198 priesullanle
1778 5138 1883 5193 dis-

316 5198 503 5262 positas
529 5198 731 5270 nuptias
761 5198 1026 5270 resultare.
1058 5198 1255 5255 Indeet
1286 5205 1655 5270 crepusculum
1682 5208 1878 5263 dictum

315 5268 518 5344 volunt,
550 5268 669 5336 quia
704 5267 913 5344 in‘lucis
942 5272 1213 5344 noctisque
1241 5267 1490 5327 COIIIIIIIO.
1530 5274 1881 5344 Symmachus

313 5334 451 5387 idem
484 5334 642 5397 epist.
668 5339 699 5391 7
723 5408 732 5414 _
753 5340 1029 5391 Ausonio:
1063 5334 1216 5393 Prius
1240 5358 1393 5410 quam
1426 5334 1725 5414 numifcstus
1772 5349 1878 5403 dies

312 5419 570 5470 creperum
590 5408 888 5462 absolveret.

382 5475 402 5505 ⁸
431 5476 652 5547 Albino]
685 5478 743 5530 V.
783 5478 820 5530 Ι.
855 5478 1073 5544 patricio
1099 5521 1114 5544 ,
1161 5481 1305 5547 quod
1351 5483 1509 5537 docet
1559 5500 1660 5539 non
1706 5488 1875 5541 solum

312 5549 551 5621 proxima
584 5549 803 5621 epistola
840 5550 1083 5621 Ennodii,
1110 5564 1292 5603 verum
1320 5556 1477 5605 etiam
1515 5557 1754 5621 epistulae
1782 5559 1873 5610 ali-

309 5624 438 5679 qimt
467 5613 781 5669 Theodorici
814 5619 951 5685 apud
982 5618 1380 5674 Cassiodorum.
1412 5613 1562 5676 ltem'
1585 5628 1871 5680 consulari.

311 5686 440 5764 {jam
481 5687 660 5764 consul
712 5686 1045 5764 fderatarino
1086 5689 1191 5743 495
1235 5692 1344 5746 “hoc
1392 5706 1467 5747 εει
1501 5696 1728 5747 triennio
1758 5708 1875 5764 post

314 5754 584 5810 Faustum.
618 5754 798 5825 Itaque
846 5758 1089 5814 Albinum
1116 5764 1449 5820 consularem
1484 5779 1626 5820 vocat
1661 5754 1872 5822 Boetius

2000 4640 2131 4695 Vale
2159 4656 2285 4710 ergo
2323 4643 2565 4714 longum,
2620 4647 2690 4699 mi
2722 4648 2962 4715 domine,
3010 4661 3062 4703 et
3102 4660 3369 4708 amantem
3413 4655 3575 4709 vestri

1996 4773 2257 4854 lib.ltde_
2279 4776 2684 4854 Consolatione,
2723 4782 2791 4836 de
2836 4785 3176 4838 accusatione
3225 4801 3409 4854 agens,
3470 4804 3573 4853 qua

1997 4845 2290 4910 majestatis
2320 4850 2457 4915 apud
2501 4845 2785 4906 Theodorit
2807 4870 2893 4906 um
2927 4853 3059 4908 faISu
3083 4845 3293 4909 delatuus
3321 4845 3419 4912 est'.
3466 4845 3572 4913 Sed

1994 4929 2058 4991 ex
2094 4916 2319 4971 Ennodii
2362 4920 2545 4991 verbis
2574 4922 2671 4973 Il-tl:
2717 4934 2976 4991 praeterea
3006 4926 3279 4989 discimus,
3321 4929 3571 4982 Albinum

1997 4983 2173 5041 Fauin
2204 4999 2503 5067 parentem,
2538 4990 2637 5046 hoc
2661 4983 2742 5047 est
2774 4996 3125 5064 pmpinquum
3168 5011 3215 5050 et
3249 4983 3572 5067 causangui-

1990 5069 2149 5110 nenm
2179 5061 2361 5113 fuisse.

2069 5128 2090 5159 ³
2119 5126 2392 5208 Euprepiw
2440 5132 2895 5208 nostrre]_Sororis
2928 5136 3112 5208 Ennod
3139 5136 3173 5190 i.
3204 5137 3373 5208 Supra
3400 5139 3559 5206 epiSt.

1991 5205 2080 5265 15,
2110 5210 2163 5253 et
2190 5202 2280 5254 lib.
2312 5215 2389 5266 ιιι,
2414 5202 2572 5269 epist.
2610 5202 2673 5257 15‘
2701 5220 2759 5257 ac
2787 5206 2857 5260 28
2879 5218 2931 5259 et
2953 5207 3091 5259 aliis.

2055 5273 2077 5304 ⁸
2106 5270 2283 5344 Comes
2337 5270 2589 5343 Tancila]
2625 5274 2795 5329 Locus
2827 5285 2981 5329 antea
3036 5278 3167 5331 mire
3218 5277 3563 5344 depravatus.

1983 5342 2217 5399 Tancilae
2246 5358 2441 5416 nomen
2466 5342 2669 5416 restitui
2702 5360 2769 5400 ex
2803 5346 2953 5399 libris
2980 5348 3232 5416 antiquis,
3264 5342 3317 5401 et
3340 5364 3402 5401 ex
3436 5342 3566 5401 ρης-

1989 5414 2231 5468 είοαοιοε
2263 5414 2458 5485 isenim
2482 5425 2564 5467 est
2586 5414 2827 5477 Tancila,
2856 5418 2937 5468 vir
2962 5414 3288 5485 spectabilis,
3314 5418 3377 5471 ad
3404 5434 3564 5484 qi-ein

1988 5485 2054 5539 de
2096 5484 2445 5553 perquirenda
2478 5503 2502 5533 τι
2525 5500 2620 5539 nea
2666 5494 2837 5538 statua
2869 5484 3040 5553 quaee
3073 5488 3318 5542 Comensi
3347 5489 3563 5543 civitate

1987 5557 2125 5608 furto
2152 5556 2356 5607 sublata
2402 5554 2588 5617 fuerat,
2631 5555 2814 5610 scribit
2860 5556 3224 5613 Theodoricus
3259 5558 3347 5611 lib.
3385 5574 3419 5612 ιι
3461 5558 3563 5611 Va-

1988 5629 2140 5684 riar.,
2168 5626 2323 5691 epist.
2347 5627 2435 5679 55.

2054 5697 2075 5726 ⁸
2100 5694 2297 5748 Damno
2340 5706 2511 5748 nostro
2559 5693 2695 5766 rege]
2727 5694 3098 5777 Tlteodorico:
3135 5708 3290 5778 atque
3335 5698 3403 5778 ita
3435 5714 3558 5765 pcr-

1986 5776 2171 5837 petuo,
2196 5781 2315 5820 cum
2334 5775 2423 5821 aut
2448 5781 2623 5835 regent
2652 5768 2906 5835 nominat,
2929 5779 3018 5823 aut
3048 5783 3225 5825 rerum
3254 5768 3550 5824 dominum.
