3998 6362
320 340 395 395 εδ

1577 336 2053 397 EPISTOLARUM
2088 336 2219 393 LIB.
2260 337 2322 393 ll.
3496 333 3563 388 54
3606 367 3613 375 ~

318 448 439 520 styli
467 464 569 505 usu
593 450 868 517 relevate;
899 457 957 507 ut
980 450 1233 521 quidquid
1258 452 1577 506 subtrahunt
1600 453 1875 508 intervalla
1918 456 1969 513 Α
2004 452 2104 504 rui.
2140 452 2385 506 Vestrum
2412 457 2494 505 est
2523 448 2575 503 in
2608 464 2691 504 me
2729 450 2913 506 fovere
2952 448 3093 520 quod
3146 447 3459 519 recepistis;
3495 466 3559 504 ue

319 549 605 610 terrarum,
635 540 911 597 tabellaria
951 550 1261 611 compenset
1283 542 1504 596 oblatio.

837 652 1169 709 EPISTULA
1206 652 1371 705 XXV.

530 746 551 777 ¹
591 740 795 801 ηὐετο
823 759 1094 807 οωεετοιιι
1136 759 1389 799 essemus
1431 758 1709 799 nucosus.

381 856 487 912 Pro
511 856 720 911 ocelesti
762 853 1111 925 dispositione
1140 855 1344 910 reditus
1393 854 1497 909 mei
1540 855 1733 909 indicia
1770 854 1883 909 ﬁeri

310 948 463 1004 nullo
490 949 661 1018 magis
681 962 839 1017 quam
866 947 1039 1001 amico
1062 947 1370 1001 Ravennam
1403 956 1726 1017 properante
1752 962 1881 1001 con-

308 1040 489 1094 venit:
524 1037 679 1108 cujus
722 1036 895 1092 ﬁdelis
951 1036 1144 1091 relatio
1197 1035 1360 1091 etiam
1404 1037 1587 1105 pagina
1636 1044 1879 1091 cessante

305 1127 614 1182 suﬂecerat.
645 1125 753 1183 Sed
785 1141 882 1179 usu
909 1126 1181 1181 abstinere
1210 1142 1314 1180 non
1337 1127 1481 1195 potui
1512 1144 1522 1178 :
1554 1143 1659 1196 quo
1704 1127 1747 1179 si
1779 1126 1879 1179 sub

305 1231 629 1287 quocunque
674 1217 915 1285 neglectu
984 1226 1304 1283 temperem,
1361 1215 1542 1269 videor
1594 1216 1878 1269 damnasse

302 1306 433 1376 styli
466 1305 821 1375 frequentiam
844 1320 1002 1375 quam
1030 1304 1223 1359 amavi.
1271 1305 1537 1374 Jungitur,
1570 1305 1709 1375 quod
1742 1321 1880 1375 prae-

304 1397 448 1451 dicto
476 1398 666 1451 obvias
690 1397 743 1451 in
775 1398 1057 1465 negatione
1078 1411 1265 1450 manus
1286 1398 1543 1451 exhibere
1570 1412 1673 1451 non
1708 1399 1872 1466 potui,

302 1490 390 1558 qui
416 1489 520 1544 scit
548 1489 615 1543 ab
658 1489 1065 1544 amantibus‘sui
1096 1505 1319 1544 securus
1359 1491 1596 1560 exigere,
1626 1490 1769 1559 quod
1798 1493 1875 1546 eis

298 1593 399 1647 pro
446 1578 704 1647 religione
748 1581 1093 1633 conscientia:
1141 1581 1289 1634 novit
1339 1581 1565 1634 fideliter
1591 1581 1868 1636 exhibere.

297 1670 319 1699 ²
361 1670 668 1724 Ravennam
699 1685 829 1739 ergo
860 1670 1158 1740 digressus,
1189 1688 1305 1738 quae
1337 1671 1593 1741 quidquid
1637 1673 1688 1725 in
1735 1688 1871 1740 prae-

298 1762 442 1817 senti
497 1762 600 1814 vita
643 1759 1015 1814 habeo-dulce
1067 1762 1457 1829 complectitur,
1512 1762 1865 1816 Mediolanum

294 1856 444 1908 silva
474 1854 717 1923 corporis
738 1854 1059 1917 valetudine,
1085 1852 1300 1907 Christo
1332 1863 1706 1923 prosequente,
1744 1869 1866 1923 per-

294 1946 453 2012 veni;
486 1946 628 2001 male
655 1944 833 1999 ferens
858 1958 1014 2013 quam
1054 1944 1105 1998 in
1140 1945 1432 2009 redeundo,
1476 1944 1651 2000 hieme
1683 1947 1867 2014 impel-

290 2038 455 2103 lente,
492 2037 673 2104 optari
719 2035 940 2090 forsitan
969 2047 1155 2091 contra
1195 2036 1461 2091 desideria
1511 2038 1861 2092 celeritatem.

286 2130 392 2186 Sed
413 2130 480 2183 ad
516 2130 685 2185 Deum
710 2139 900 2184 cuncta
932 2129 1208 2184 referenda
1245 2140 1389 2191 sunt,
1414 2130 1499 2184 cui
1532 2132 1738 2199 adjaeet
1770 2132 1866 2185 hu-

283 2238 438 2277 mani
484 2222 624 2277 facta
671 2237 1014 2291 componere,
1061 2231 1116 2278 et
1163 2222 1495 2291 diligentiam
1527 2224 1860 2292 corporalem

281 2313 470 2368 aeterni
501 2315 705 2369 amoris
737 2328 930 2383 sapore
962 2322 1189 2369 mutare.
1244 2314 1393 2369 Nunc
1438 2315 1502 2369 ad
1551 2316 1861 2385 scriptionis

280 2421 498 2461 causam
528 2406 668 2461 dicta
696 2406 883 2460 humili
927 2406 1245 2461 salutatione
1289 2416 1344 2461 et
1391 2406 1873 2462 commendatione

280 2513 360 2552 me
386 2495 614 2553 confero
646 2497 961 2567 perlatoris:
993 2498 1080 2566 qui
1108 2498 1151 2551 si
1185 2513 1282 2568 pro
1307 2499 1503 2553 mentis
1543 2508 1735 2552 vestra:
1776 2512 1860 2552 se-

282 2589 508 2642 renitate
537 2585 837 2656 gratuletur
868 2585 1168 2653 beneﬁciis,
1208 2589 1453 2658 agnoscit
1493 2602 1552 2643 se
1583 2597 1672 2641 aut
1708 2602 1858 2642 rece-

283 2679 424 2745 pisse
450 2677 598 2748 quod
627 2678 820 2733 vestris
861 2679 1127 2744 pnestitit,
1155 2690 1245 2733 aut
1294 2679 1527 2748 qualiter
1555 2694 1736 2733 amare
1763 2680 1856 2733 de-

280 2768 423 2835 beat,
482 2767 720 2823 incitari.
770 2769 935 2836 Quem
972 2769 1016 2824 si
1065 2770 1147 2823 vel
1193 2770 1347 2834 nolit,
1387 2771 1632 2825 feminum
1680 2772 1855 2825 redire

279 2858 612 2928 compellite:
644 2860 767 2929 quia
796 2868 850 2914 et
871 2860 1086 2914 aﬁ‘ectui
1118 2875 1237 2915 meo
1277 2864 1560 2929 prtescntia
1606 2862 1724 2928 ejus
1770 2869 1855 2915 est

279 2948 615 3014 nmessaria;
642 2957 695 3003 et
735 2948 779 3003 si
814 2950 954 3003 Deus
980 2949 1391 3019 promissionem
1440 2949 1705 3015 statuerit,
1730 2963 1851 3004 cum

279 3042 384 3109 ipse
405 3039 656 3110 jusserit,
682 3040 892 3095 utilitati
916 3048 1258 3110 exspectatur
1284 3040 1650 3095 accommoda.

791 3150 1119 3207 EPISTOLA
1160 3151 1201 3204 Χ
1214 3151 1252 3204 X
1264 3150 1346 3206 Vl.

780 3257 1039 3298 INNODIUS
1061 3244 1081 3273 ³
1116 3258 1344 3297 ιιιιειιιο.

344 3356 450 3408 Aut
480 3353 665 3419 alitur,
698 3364 790 3407 aut
830 3362 1161 3408 sustentatur
1206 3353 1501 3424 scriptione
1540 3353 1847 3424 diligentia:

278 3450 521 3504 ministra
545 3448 849 3503 affectionis
868 3447 1264 3517 estepistolaris
1285 3447 1646 3502 confabulatio
1670 3466 1684 3502 :
1706 3459 1848 3501 muta

275 3544 467 3600 caritas
504 3543 871 3598 simulacrum.
898 3548 1253 3611 reprtesentat
1292 3542 1480 3611 ingrati
1524 3558 1541 3597 :
1586 3542 1851 3609 depretiat

274 3637 483 3704 genium
506 3650 687 3701 suum,
721 3651 838 3705 qute
869 3635 919 3689 in
954 3648 1142 3689 vocem
1172 3650 1276 3689 non
1308 3635 1630 3703 prorumpit,
1662 3634 1846 3689 amici-

274 3729 362 3781 tia.
397 3728 545 3783 Bene
574 3737 841 3783 secretum
875 3726 1113 3796 pectoris
1138 3737 1408 3782 reseratur
1450 3727 1603 3781 clave
1644 3741 1849 3781 sermo-

272 3820 353 3873 nis
383 3837 397 3873 :
426 3819 793 3888 dignationem
824 3827 1053 3873 vestram
1075 3818 1185 3887 jam
1214 3818 1405 3887 patior.
1440 3819 1562 3872 ΙΙςυιι
1589 3818 1847 3887 proinge-

273 3911 342 3965 nii
372 3911 581 3966 viribus
608 3911 869 3981 pagiualis
908 3911 1217 3966 commercii
1254 3911 1537 3966 libamenta
1579 3910 1845 3979 dedicari,

274 4017 366 4071 per
388 4019 510 4073 qua:
537 4018 736 4072 usurpo
765 4003 1034 4059 vindicare
1065 4002 1197 4083 mihi
1230 4003 1477 4057 meritum
1512 4003 1629 4072 plus
1657 4018 1845 4058 aman-

274 4100 355 4152 tis.
386 4094 557 4150 Nemo
585 4097 727 4149 enim
757 4095 1133 4150 taciturnitatis
1177 4095 1429 4165 repagulo
1475 4110 1565 4149 ora
1600 4096 1843 4165 porrigit,

275 4202 424 4256 quam
451 4186 624 4241 decisi
657 4185 875 4241 fmderis
920 4201 1213 4241 memorem
1258 4185 1500 4255 proditor
1539 4187 1734 4240 mentis
1766 4187 1844 4240 Io-

274 4279 420 4347 quela
447 4292 557 4331 non
574 4276 796 4331 deserit.
822 4275 1120 4345 Principem
1147 4291 1276 4345 ergo
1295 4277 1472 4330 locum
1504 4276 1555 4329 in
1589 4276 1848 4331 litteraria

275 4370 648 4423 communione
675 4366 946 4436 possideo,
969 4376 1023 4422 et
1044 4367 1229 4435 majori
1260 4367 1465 4421 cultura
1497 4367 1847 4436 dignnssum,

273 4460 357 4526 qui
381 4460 534 4529 prior
560 4458 687 4527 quid
712 4459 986 4527 gestirem,
1030 4456 1255 4524 patefeci
1288 4457 1477 4525 lingua:
1511 4458 1837 4511 testimonio.

1992 541 2189 609 judicia
2205 540 2453 596 culminis
2469 542 2654 608 vestri,
2675 556 2760 595 me
2774 540 3006 610 jacente,
3026 541 3292 610 patiantur
3312 556 3556 597 examen.

1996 632 2224 701 Exponit
2282 632 2425 687 enim
2480 647 2721 688 censura:
2765 634 3083 689 sententiam
3112 648 3264 689 suam
3320 634 3595 703 quisqu‘s.

1992 721 2133 789 quod
2186 723 2347 791 elegit
2378 738 2484 777 non
2518 731 2718 778 tuetur.
2754 723 2975 779 Domine
2999 724 3092 789 mi,
3121 724 3453 779 salutationis
3483 740 3541 777 re

1990 814 2283 868 verentiam
2317 814 2475 882 pleno
2503 814 2811 882 dependens
2836 814 3109 883 obsequio,
3136 814 3302 869 Deum
3327 829 3479 884 rogo,
3505 824 3557 868 ut

1992 904 2372 959 beneﬁciorum
2400 904 2540 959 circa
2570 920 2663 958 vos
2692 919 2914 959 suorum
2941 904 3271 961 incrementa
3303 905 3555 975 multipli-

1988 1002 2115 1048 cet:
2143 994 2271 1063 quia
2304 994 2454 1049 solus
2483 1010 2677 1049 census
2699 1004 2781 1049 est
2806 1009 3041 1049 meorum
3068 996 3372 1065 plenissime
3406 1011 3552 1050 com-

1988 1085 2287 1149 modorum,
2310 1086 2399 1154 qui
2421 1085 2794 1145 celsitudinem
2810 1095 3057 1140 .vestram
3095 1088 3159 1140 ad
3193 1085 3401 1155 fastigia
3430 1101 3551 1157 quae

1946 1177 2243 1246 _dcbentur
2267 1183 2427 1230 extul.
2448 1178 2536 1230 rit.

2471 1266 2805 1323 EPISTULA
2848 1268 3061 1323 XXVII.

2445 1357 2465 1387 ‘
2504 1374 2778 1414 uosonaro
2833 1375 3102 1416 essemus.

2050 1448 2103 1503 In
2132 1447 2399 1502 vicinitate
2425 1464 2523 1502 vos
2554 1449 2747 1517 degere
2770 1450 3024 1505 moderna
3049 1450 3342 1519 scriptione
3366 1451 3544 1521 signa-

1975 1539 2093 1602 Stis,
2124 1539 2403 1608 jungentes
2428 1540 2490 1592 ad
2527 1539 2805 1605 dispendia
2834 1541 3170 1609 gaudiorum,
3223 1550 3426 1596 statum
3453 1557 3542 1598 ve-

1974 1638 2097 1682 stra:
2122 1628 2438 1683 valetudinis
2466 1628 2577 1682 imu
2598 1631 2827 1685 inutum.
2862 1630 2975 1684 Non
3010 1646 3167 1699 nego,
3192 1633 3270 1685 sic
3302 1647 3537 1699 mereor,

1972 1729 2250 1788 utsemper
2271 1720 2396 1773 mihi
2424 1735 2542 1775 cum
2562 1720 2807 1775 dulcibus
2830 1736 3005 1776 amara
3031 1722 3323 1779 socientur.
3352 1724 3538 1778 llacte-

1901 1825 1941 1883 Β
1973 1826 2071 1865 nns
2101 1827 2191 1864 ros
2215 1811 2607 1865 Ravennatibus
2637 1823 2923 1883 occupatos
2947 1814 3183 1868 excubiis
3214 1814 3435 1869 adversa
3460 1823 3539 1870 te-

1970 1911 2216 1956 nuerunt.
2246 1902 2394 1957 Unde
2423 1902 2542 1971 quia
2575 1902 2737 1956 laxari
2763 1903 3006 1972 contigit,
3030 1905 3271 1971 corporis
3303 1904 3357 1957 in
3385 1904 3537 1959 vobis

1967 2004 2047 2048 est
2074 1994 2381 2048 labefactata
2404 1995 2719 2059 substantia,
2754 2010 2821 2048 ne
2850 1995 2902 2048 in
2926 2003 3092 2049 totum
3128 1996 3318 2052 liceret
3352 2006 3533 2065 optata

1964 2086 2279 2155 promereri.
2309 2084 2624 2152 Quamdura
2646 2095 2729 2139 est
2750 2085 3101 2140 humanarum
3137 2102 3315 2141 rerum
3346 2088 3532 2141 condi-

1966 2177 2055 2239 tio,
2074 2190 2192 2244 qua:
2204 2176 2449 2242 quotiens
2461 2174 2743 2230 desideriis
2756 2175 2936 2245 aliquo
2953 2191 3143 2241 sapore
3167 2179 3528 2246 reSponderit,

1963 2280 2088 2319 mox
2126 2273 2180 2319 et
2203 2266 2257 2319 in
2289 2265 2490 2320 foribus
2516 2280 2769 2321 concessa
2803 2274 3089 2335 permutat.
3127 2267 3325 2336 Expavi
3353 2277 3528 2322 tamen

1961 2357 2301 2419 calumniam,
2343 2368 2500 2426 quam
2542 2357 2776 2412 oratoria
2816 2366 2869 2412 ct
2899 2358 3058 2413 nimis
3106 2358 3314 2413 Daedala
3356 2362 3534 2427 provi-

1960 2448 2317 2502 sionelitteris
2348 2448 2603 2513 indidisti,
2636 2457 2693 2503 ut
2747 2448 2982 2517 injuncta
3024 2466 3123 2518 pro
3167 2450 3398 2505 utilitate
3444 2462 3528 2506 tua

1961 2538 2102 2593 nolle
2121 2551 2207 2593 me
2231 2538 2439 2601 credas,
2466 2538 2511 2593 Si
2534 2539 2752 2594 efficere
2776 2555 2880 2594 non
2906 2540 3141 2608 potuisse
3167 2541 3469 2610 signavero.
3486 2540 3530 2596 Ο

1959 2628 2177 2682 artiﬁcis
2229 2628 2423 2698 ingenii
2475 2637 2766 2698 secretum,
2804 2630 2941 2700 quod
3003 2631 3124 2699 plus
3162 2630 3526 2686 commoditati

1962 2721 2234 2788 prospicit,
2292 2735 2450 2787 quant
2471 2719 2539 2773 de
2579 2735 2760 2775 amore
2781 2720 3005 2774 confidat
3033 2725 3045 2773 !
3079 2722 3219 2775 Deus
3250 2722 3402 2776 tc5tis
3439 2734 3523 2776 est

1959 2823 2044 2863 me
2080 2810 2172 2863 tibi
2204 2824 2309 2863 non
2338 2819 2653 2878 negaturum
2686 2825 2807 2865 esse
2852 2810 2992 2879 quod
3035 2812 3203 2866 valeo.
3243 2812 3318 2865 Tu
3358 2812 3522 2867 Deum

1958 2917 2105 2971 roga,
2130 2911 2187 2956 ut
2209 2902 2483 2957 actionem.
2507 2915 2677 2956 meam
2705 2902 3019 2968 infelicium,
3050 2918 3184 2971 quas
3211 2903 3402 2972 diligit,
3434 2905 3522 2957 Iit-

1957 3001 2185 3045 terarum
2236 3006 2340 3046 non
2374 2992 2602 3059 patiatur
2624 2990 3019 3046 calamitatibus
3070 2991 3338 3056 impediri.
3382 2992 3519 3046 Nihil

1956 3084 2097 3140 enim
2129 3092 2230 3151 est,
2265 3083 2405 3153 quod
2448 3084 2616 3155 magis
2665 3098 2760 3155 pro
2800 3085 2956 3138 obice
3006 3094 3237 3139 metuam
3300 3087 3524 3140 actionis

1880 3178 1925 3242 C
1958 3176 2239 3245 impositae,
2265 3190 2423 3245 quam
2449 3181 2582 3230 illud
2608 3186 2748 3245 quon
2779 3191 2922 3242 novn,
2966 3176 3204 3245 accipere
3243 3174 3518 3230 scholasti-

1951 3282 2070 3321 cum
2090 3267 2162 3320 nil
2184 3266 2399 3321 mereri.
2424 3266 2617 3321 Confer
2631 3267 2795 3335 magis
2816 3266 3087 3335 ingenium
3112 3275 3255 3320 tuum
3273 3266 3337 3322 ad
3364 3281 3521 3338 squa-

1952 3361 2110 3415 lentia
2134 3361 2252 3430 jura
2280 3379 2291 3414 :
2318 3376 2413 3431 per
2450 3377 2567 3431 qum
2589 3361 2845 3431 quidquid
2877 3361 3117 3416 scahrida
3145 3360 3385 3430 poposcit
3412 3362 3519 3416 lin-

1949 3468 2073 3524 gua,
2123 3469 2244 3507 mox
2278 3455 2623 3519 meruit;aut
2663 3454 2843 3509 sinon
2886 3453 3100 3518 meruit,
3132 3468 3254 3507 mox
3302 3453 3539 3513 avulsit..

1952 3544 2191 3611 Domine,
2214 3546 2541 3601 salutationis
2561 3548 2783 3615 gratiam
2807 3546 3018 3601 solvens
3048 3558 3301 3614 spero,.ut
3326 3546 3513 3602 effusis

1950 3636 2186 3691 laborem
2211 3651 2386 3690 meum
2412 3636 2819 3704 precibusjuves
2839 3637 2988 3706 :quia
3014 3651 3135 3691 cum
3159 3652 3263 3690 non
3284 3635 3508 3690 habeam

1950 3726 2092 3781 docti
2123 3736 2214 3780 aut
2243 3726 2436 3781 eruditi
2469 3726 2737 3789 meritum,
2777 3741 2923 3797 saepe
2969 3727 3020 3781 in
3050 3727 3224 3781 causis
3275 3729 3515 3783 sustineo

1952 3820 2087 3875 facta
2114 3820 2350 3890 perfecti.
2858 3883 2875 3905 .

2432 3908 2758 3963 EPISTULA
2790 3908 2829 3961 Χ
2842 3910 2878 3961 Χ
2892 3909 2923 3958 ι’
2938 3909 3019 3965 Ill.

2453 4001 2473 4031 ⁵
2494 4014 2689 4055 Ανιιικο
2728 4015 2997 4053 ικκιτυιυέ.

2025 4093 2132 4149 Deo
2158 4094 2373 4157 gratias,
2406 4093 2545 4161 quod
2591 4094 2843 4163 principis
2888 4092 3006 4147 loco
3054 4090 3356 4159 ponendum
3405 4100 3507 4155 est,

1951 4186 2039 4256 qui
2066 4186 2482 4255 magnitudinem
2515 4194 2680 4251 tuam,
2710 4200 2824 4253 quae
2856 4200 2886 4238 a
2919 4201 3005 4239 me
3028 4195 3178 4238 erant
3211 4184 3509 4249 offerenda,

1951 4277 2076 4330 fecit
2101 4278 2333 4344 exigere.
2368 4277 2562 4330 Dedisti
2591 4278 2816 4343 pretium
2845 4271 3160 4344 gariulita‘i,
3206 4290 3361 4343 quam
3412 4276 3500 4328 vix

1952 4365 2205 4420 hactenus
2227 4368 2361 4419 intra
2388 4366 2744 4420 verecundum
2774 4366 3046 4433 penetrale
3062 4366 3297 4418 continui
3322 4383 3332 4416 :
3358 4366 3537 4421 eliciti.

1953 4467 2073 4512 utor
2100 4458 2221 4528 styli
2262 4458 2448 4527 genio,
2483 4472 2639 4525 quem
2682 4456 2888 4510 duriter
2923 4436 2989 4509 ali
3030 4457 3347 4525 importuna
3391 4458 3517 4510 serio

274 4551 407 4607 Ecce
436 4551 755 4621 religionem
784 4549 1075 4620 dirigenda:
1118 4552 1320 4619 pagina:
1366 4551 1481 4605 sine
1508 4550 1646 4606 nube
1677 4549 1846 4606 di~sc—
1876 4543 1930 4604 Ι)
1958 4539 2136 4619 ptioue
2166 4548 2443 4604 revocavi:
2475 4548 2722 4602 meritum
2747 4557 2945 4603 coacta:
2985 4549 3129 4603 vocis
3159 4548 3408 4602 inusitata
3440 4547 3517 4602 lo-

339 4684 357 4715 ι
407 4683 604 4737 Fausto
656 4683 895 4748 quastori
940 4681 956 4751 ]
1031 4682 1278 4737 Summas
1329 4698 1516 4737 omnes
1562 4682 1846 4750 dignitates

274 4753 504 4808 Faustus
535 4752 722 4807 ordine
752 4762 1069 4807 consecutus
1098 4763 1198 4807 est.
1250 4752 1378 4806 Nam
1431 4754 1679 4821 magister
1723 4754 1843 4807 ofﬁ-

273 4824 473 4877 eiorum
516 4832 640 4877 ante
668 4824 866 4890 aliquot
908 4838 1077 4876 annos
1125 4823 1322 4883 fuerat,
1366 4824 1552 4876 Albino
1583 4824 1840 4888 consule;

273 4895 527 4964 incoque
567 4893 770 4964 honore
816 4893 1019 4961 legatus
1057 4909 1084 4944 a
1116 4893 1451 4964 Theodorico
1482 4909 1606 4961 rege
1642 4895 1843 4949 missus

274 4962 335 5015 ad
357 4962 698 5034 Anas'asium
719 4964 883 5034 Aug.,
912 4972 966 5015 ut
988 4972 1195 5017 constat
1219 4980 1279 5016 ex
1315 4962 1505 5017 Gelasii
1537 4980 1681 5032 papm
1701 4979 1845 5017 com-

276 5034 561 5087 monitorio
595 5032 659 5086 ad
694 5032 944 5087 FauSInm
979 5043 1290 5100 magistrum
1344 5034 1621 5101 legationis
1662 5034 1841 5087 ofﬁcio

273 5102 733 5171 ConstantinOpoli
764 5103 1087 5166 fungentem.
1121 5103 1267 5156 Nunc
1298 5116 1562 5171 quarsmra
1592 5104 1728 5158 sacri
1754 5122 1843 5171 pa-

279 5172 384 5227 latii
414 5173 670 5241 fungitur.
698 5173 823 5226 Post
850 5174 986 5227 hanc
1008 5174 1338 5242 praefectura:
1368 5174 1703 5240 praxtoriana:
1730 5176 1841 5228 cin-

273 5245 449 5310 gulum
481 5242 711 5312 adeptus
733 5252 834 5296 est.
868 5243 1138 5311 Epigram.
1164 5242 1263 5295 HS
1284 5253 1335 5296 et
1358 5244 1447 5297 lib.
1481 5261 1554 5308 ix,
1586 5246 1740 5312 epist.
1778 5247 1841 5298 18

276 5314 339 5382 alii
366 5311 715 5382 Stephattiam
745 5311 1220 5367 Fausti-sororem:
1269 5312 1465 5380 Nempe
1499 5311 1641 5367 illius
1673 5314 1845 5367 domui

278 5380 456 5453 Fausti
469 5380 723 5453 ﬁget-mana
744 5398 817 5448 es,
841 5390 891 5435 in
910 5385 1058 5453 cujus
1084 5384 1388 5452 prwfcctztra
1414 5386 1547 5451 quod
1575 5384 1844 5437 monac/tos

276 5452 501 5506 instituat
534 5454 789 5507 invenitur
830 5469 848 5506 :
874 5462 929 5506 et
970 5452 1169 5521 passim
1204 5458 1253 5507 in
1292 5454 1461 5507 Variis
1499 5454 1831 5507 Cassiodori:

276 5523 370 5575 etsi
401 5525 453 5577 in
485 5523 569 5577 bis
598 5524 788 5577 vitiose
829 5524 1024 5591 ultique
1058 5521 1250 5575 Fausto
1280 5524 1550 5593 prwposito
1580 5526 1833 5591 srripnim

278 5601 374 5659 est,
407 5608 503 5661 pro
530 5596 770 5661 prafeclo
800 5595 1057 5661 pra’lorio.
1091 5594 1325 5662 Denique
1369 5595 1644 5659 patriciatu
1674 5611 1834 5646 orna-

279 5669 359 5715 tus
394 5674 512 5716 est:
553 5664 707 5726 cuius
751 5673 901 5716 Iesus
935 5662 1204 5715 Euuodius
1248 5664 1312 5715 ad
1344 5663 1624 5731 Agapitum
1655 5665 1746 5717 lih.
1781 5682 1831 5728 ι’,

279 5734 428 5796 epist.
455 5732 546 5787 26.
580 5732 718 5786 Aule
756 5734 932 5785 omnia
963 5742 1138 5784 autem
1177 5736 1504 5785 consulatum
1538 5736 1641 5797 jam
1674 5751 1829 5802 grau-

278 5802 389 5856 dior
416 5814 677 5872 gesserat,
705 5812 757 5856 ut
782 5804 977 5857 dictum
1008 5814 1088 5856 est
1134 5802 1197 5854 ad
1228 5804 1383 5872 epist.
1413 5805 1464 5869 5,
1500 5806 1587 5857 lib.
1618 5820 1650 5856 l.

2023 4686 2043 4716 ¹
2086 4685 2139 4738 In
2166 4684 2296 4738 edit.
2328 4683 2553 4749 Schotti,
2585 4682 2845 4736 Ravenna.

2025 4756 2044 4785 ⁸
2084 4754 2303 4821 Liberiol
2335 4756 2407 4823 De
2434 4770 2538 4823 quo
2560 4754 2623 4806 ad
2651 4754 2804 4821 epist.
2842 4756 2892 4817 ‘l,
2919 4754 3008 4808 lib.
3081 4795 3091 4805 .

2025 4824 2045 4854 ⁸
2091 4822 2376 4893 llonorato]
2407 4824 2573 4877 Fratri
2603 4824 2867 4887 Deciirati,
2889 4826 2970 4877 cui
3001 4825 3159 4877 etiam
3178 4837 3315 4877 novo
3334 4838 3506 4878 exem-

1953 4895 2039 4962 p‘o
2068 4895 2118 4948 in
2136 4904 2416 4963 qiuesturm
2439 4894 2638 4947 honore
2662 4897 2936 4954 successit.
2963 4905 3012 4945 nt
3043 4906 3117 4946 ρει
3145 4894 3281 4961 apud
3309 4895 3495 4947 Cassio

1951 4968 2138 5018 dorum
2171 4965 2262 5017 lib.
2300 4980 2353 5030 v,
2376 4966 2532 5032 epiSt.
2563 4966 2595 5018 ὅ
2617 4974 2668 5018 et
2692 4963 2746 5029 4,
2778 4980 2957 5017 verum
2994 4964 3106 5017 hzrc
3136 4973 3340 5031 postea.
3368 4965 3515 5019 Nunc

1947 5035 2191 5088 excubiis
2237 5035 2650 5099 Ravennatibus,
2688 5035 2785 5087 hoc
2810 5043 2893 5087 est
2934 5034 3039 5088 alio
3090 5034 3317 5103 quodam
3346 5036 3516 5088 aulico

1947 5120 2168 5158 munere
2199 5120 2365 5158 nuner
2400 5105 2680 5157 defunctus
2708 5114 2844 5157 erat.

2022 5120 2168 5158 mere
2199 5120 2265 5156 nu
2308 5120 2365 5157 er
2400 5120 2680 5157 netuuctus
2708 5120 2844 5157 erat.

2016 5176 2036 5205 ⁵
2080 5120 2303 5245 Avieno?
2334 5174 2643 5245 Multasnnt
2676 5176 2724 5226 in
2797 5175 2893 5227 hac
2922 5174 3144 5240 epistola
3187 5181 3515 5245 quzeiosten-

1946 5243 2076 5297 dunt
2128 5242 2287 5297 alium
2341 5259 2459 5297 esse
2506 5244 2647 5297 hunc
2706 5244 2964 5297 Avienum
3012 5262 3037 5295 a
3074 5242 3249 5298 Fausti
3286 5243 3413 5303 tilio,
3450 5242 3517 5293 de

1947 5315 2097 5383 cujus
2122 5315 2396 5368 consulatu
2427 5324 2603 5367 actum
2647 5322 2728 5367 est
2764 5314 2856 5367 lih.
2890 5330 2926 5375 ι,
2964 5316 3119 5382 epist.
3156 5315 3206 5367 5.
3242 5312 3304 5364 Et
3332 5320 3512 5363 tamen

1948 5384 2087 5437 hunc
2126 5387 2281 5439 etiam
2314 5386 2586 5439 consulem
2611 5385 2861 5452 appellat.
2892 5386 3007 5450 Quo
3039 5383 3275 5435 adduc-or
3306 5393 3359 5452 ut
3395 5396 3516 5435 cre-

1945 5455 2066 5508 dant
2095 5470 2155 5507 ex
2186 5454 2389 5507 duobus
2418 5451 2656 5517 Avienis,
2697 5468 2922 5519 quorum
2958 5468 3092 5504 llllllS
3129 5465 3270 5504 anno
3296 5451 3527 5518 .Cltristi’

1946 5526 2042 5578 50l
2095 5525 2275 5577 consul
2310 5524 2424 5586 fuit,
2464 5526 2662 5591 collega
2716 5524 3007 5588 Pompeio;
3047 5521 3183 5573 alter
3230 5537 3369 5574 anno
3411 5521 3514 5574 50?.

1943 5609 2061 5647 cum
2098 5595 2307 5653 Probo;
2339 5595 2570 5661 priorem
2603 5594 2777 5644 Fausti
2817 5594 2978 5643 tilium
3028 5591 3217 5654 fuisse,
3255 5592 3515 5660 posterio-

1945 5680 2058 5719 rem
2094 5665 2229 5716 ltuuc
2258 5660 2478 5717 alterum
2527 5663 2591 5713 de
2622 5676 2725 5726 quo
2773 5660 2853 5711 hic
2907 5676 3106 5721 sermo,
3153 5664 3241 5729 qui
3280 5662 3531 5715 Avienus-

1942 5734 2119 5801 junior
2148 5735 2199 5787 in
2235 5733 2405 5785 Fastis
2430 5732 2651 5801 aliisque
2676 5733 2908 5785 inoniine
2934 5731 3017 5783 itis
3048 5731 3265 5799 dicitur,
3298 5748 3401 5785 nou
3441 5742 3512 5778 tc-

1947 5798 2071 5868 tate,
2099 5804 2190 5857 sed
2220 5804 2401 5857 ordine
2433 5798 2759 5855 consulatus.
