3998 6362
443 394 515 453 55
1042 438 1046 445 .
1549 397 1819 454 ENNODJ
1860 398 2165 457 EPISCOPI
2200 402 2579 460 TICINENSIS

442 510 714 580 quacltate
731 510 1004 581 possideo.
1021 511 1151 565 Nam
1166 520 1451 583 postquam
1478 514 1776 583 mejussisti
1798 515 2017 583 paginas
2044 518 2099 580 Α,
2128 526 2213 575 ιιιι·
2230 522 2496 590 accipere.
2517 522 2762 585 Gemina,
2781 522 2972 591 pudor,
2998 522 3125 577 mihi
3142 522 3407 580 hilaritate
3432 526 3723 594 profuisti:
3752 536 3753 539 ‘

442 603 737 667 destinare,
760 604 939 659 animo
967 604 1263 676 meo,quod
1285 602 1576 671 tacueram,
1606 606 2017 662 commendasti.

447 691 628 763 Euge,
656 694 804 749 frons
833 695 923 749 diu
955 694 1209 766 prodiga:
1240 698 1534 769 aliquando
1548 698 1686 752 mihi:
1706 699 1926 768 contigit
1954 697 2020 752 ad

443 786 743 842 affectionis
777 788 984 857 capiam
1033 791 1150 845 sine
1178 790 1251 845 tui
1275 791 1553 860 dispendio
1584 790 1884 860 pervenire.
1932 791 2022 845 Di-

444 892 657 933 scamus
686 893 789 931 non
816 879 993 935 odisse
1012 880 1151 950 quod
1173 882 1407 951 adjuvat.
1429 881 1636 937 Silentii
1665 882 1838 949 gratia
1868 880 2012 946 fecit,

443 976 501 1022 ut
515 976 566 1023 te
586 967 749 1023 libera
766 969 874 1035 jam
897 971 1212 1040 loquamur:
1238 980 1620 1040 exspectantur
1635 986 1662 1026 a
1695 971 1852 1025 nobis
1870 984 2017 1037 saepe

440 1057 677 1111 fastidita
709 1059 998 1129 colloquia.
1030 1059 1143 1115 Non
1163 1060 1251 1115 ibo
1281 1061 1489 1131 longius
1514 1077 1531 1113 :
1552 1060 1845 1123 asseritnr,.
1864 1071 1915 1113 ut
1943 1060 2019 1113 vi-

437 1146 561 1213 deo,
588 1147 782 1218 lingum
810 1147 1043 1204 ofllcium
1067 1152 1283 1206 raritate
1311 1164 1638 1207 sermonum.
1659 1149 1712 1203 In
1735 1165 1835 1219 qua
1858 1158 2010 1218 parte

439 1253 545 1295 non
571 1241 759 1295 clauda
788 1241 989 1298 lmtitiac
1020 1258 1153 1298 meae
1191 1244 1321 1299 fides
1367 1253 1450 1299 est
1483 1260 1497 1296 :
1529 1242 1793 1299 sententia
1830 1252 2015 1296 nostra
2036 1286 2064 1305 .,

435 1327 555 1383 veri
596 1330 974 1399 astipulatione
1022 1330 1258 1387 fulcitur.
1300 1333 1436 1388 Ecce
1468 1332 1562 1387 ille
1591 1331 1684 1401 qui
1730 1330 2015 1384 doctorum

436 1420 698 1489 epistolas
716 1423 913 1492 grandi
933 1423 1140 1479 dotatas
1181 1440 1357 1480 messe
1391 1423 1640 1493 colloquii
1671 1422 1900 1477 summis
1932 1420 2009 1473 la-

437 1509 545 1565 biis
575 1511 660 1565 vix
692 1511 912 1582 libabat,
948 1514 1385 1600 tabellarnostrae
1406 1514 1611 1570 culmos
1633 1526 1737 1567 non
1761 1510 2012 1578 dedigna-

435 1687 1253 1712 ——-————-—_—_..

916 2044 1198 2100 EPiS'l‘OL
1214 2045 1251 2097 Α
1297 2040 1525 2095 PRIMA.

761 2139 777 2167 ι
816 2150 1074 2191 εειιλτοιιι
1116 2146 1362 2190 εριεεοινο
1411 2145 1681 2186 essemus.

500 2227 677 2284 Prima
715 2241 804 2284 res
839 2238 922 2283 est
962 2234 1149 2293 sancto
1175 2225 1505 2280 conveniens
1541 2223 1657 2276 sine
1678 2217 2007 2274 dubitatione

431 2321 731 2388 proposito,
765 2326 955 2388 spente
988 2330 1086 2388 pro
1126 2314 1335 2386 justitia
1372 2315 1548 2368 facere
1569 2352 1584 2377 ,
1625 2307 1879 2380 quidquid
1912 2304 2001 2359 alii

428 2410 612 2467 solent;
650 2411 839 2465 moniti
885 2409 1142 2465 exhibere
1181 2406 1313 2462 :sed
1349 2406 1613 2460 honestati
1655 2401 1895 2472 proxima
1922 2397 2005 2451 vel

426 2503 683 2570 secunda;
727 2502 887 2558 rectis
919 2501 1353 2573 suggestionibus
1386 2513 1490 2554 non
1533 2495 1767 2568 gravari.
1804 2495 1860 2548 In
1898 2506 2001 2562 qua

429 2601 579 2664 parte
605 2602 659 2650 et
682 2594 725 2648 si
751 2594 1043 2663 principem
1066 2593 1240 2649 locum
1272 2607 1380 2646 non
1415 2589 1649 2660 possidet
1687 2588 1778 2657 qui
1819 2599 2005 2640 mone-

429 2694 535 2751 tur,
559 2684 721 2740 ltabet
743 2695 919 2741 tamen
946 2685 1038 2740 Dei
1065 2687 1313 2759 gratiam,
1340 2672 1479 2753 quod
1506 2681 1745 2737 veritatis
1768 2678 2003 2733 insinua-

428 2778 665 2834 tionibus
688 2793 795 2833 non
817 2787 1097 2848 repugnat.
1136 2777 1363 2831 Causam
1399 2789 1527 2846 ergo
1558 2772 1883 2843 praefationis
1919 2770 2000 2825 in-

426 2872 613 2937 sinuo,
663 2885 731 2926 ne
769 2879 824 2926 et
871 2860 1290 2939 eg‘o‘utilitatem
1340 2883 1512 2922 meam
1555 2865 1774 2921 differre
1815 2863 1999 2918 videar
2072 2923 2080 2929 _

424 2961 1075 3029 prolixitate'sermonnm.
1099 2959 1305 3014 Dudum
1340 2974 1433 3028 per
1455 2950 1539 3013 me
1563 2956 1875 3025 suppliciter
1904 2969 1996 3024 po-

421 3052 636 3117 stulavi,
680 3060 744 3107 ut
771 3054 839 3109 de
870 3052 1151 3119 mancipiis
1193 3064 1313 3121 qua:
1336 3050 1403 3104 de
1430 3063 1555 3104 casa
1595 3063 1711 3103 mea
1743 3060 1772 3101 a
1800 3047 1995 3101 vestris

421 3143 502 3197 sol
525 3143 704 3198 icitata
754 3142 1072 3205 constabat,
1103 3155 1265 3193 unum
1306 3138 1433 3191 mihi
1462 3137 1602 3206 quod
1639 3143 1994 3197 remanserat,

421 3231 754 3287 redderetur.
778 3230 1008 3286 Dedistis
1030 3229 1272 3298 precibus
1298 3229 1428 3286 meis
1446 3236 1627 3281 sancta
1645 3224 1995 3294 promissione

3650 393 3733 497 si.

2129 627 2249 667 eum
2279 622 2332 666 tu
2357 612 2410 667 in
2439 613 2669 667 statione
2698 621 2879 667 certus
2902 628 2982 680 es,
3013 622 3069 667 et
3096 629 3217 669 cum
3245 614 3562 684 frequenter
3588 596 3720 671 coni

2130 684 2315 769 tempti
2341 703 2715 758 desiderantur
2730 704 2942 769 ali'atus,
2960 704 3096 758 facta
3124 715 3206 759 est
3223 720 3351 759 ecce
3380 706 3572 760 melior
3598 708 3716 775 ejus

2127 794 2392 848 sententia
2411 809 2569 862 quem
2591 808 2853 847 amamus.
2878 792 3042 847 Nobis
3059 808 3187 862 ergo
3211 793 3554 859 verecundia,
3580 810 3714 850 con-

2126 884 2229 938 suli
2258 893 2442 938 nostro
2464 884 2836 938 emendatione
2873 888 3269 953 prospeximus.
3297 883 3401 940 Sed
3431 894 3497 938 ne
3520 884 3572 938 in
3595 885 3715 939 lon-

2122 991 2247 1046 gum
2259 975 2714 1044 procedatpagina
2730 975 3111 1035 transcendens
3124 975 3378 1029 terminos
3395 976 3708 1045 praefinitus,

2126 1078 2179 1123 et
2204 1067 2471 1137 loquendo
2515 1066 2703 1134 multa,
2748 1066 2893 1136 quod
2928 1067 3219 1133 tacuimus,
3270 1068 3710 1124 demonstremus

2126 1175 2232 1215 non
2261 1160 2423 1214 fuisse
2443 1159 2683 1222 consilii;
2713 1160 2851 1222 vale.
2889 1159 2971 1213 mi.
2999 1159 3240 1226 domine,
3268 1170 3325 1215 et
3345 1171 3590 1215 amantes
3632 1161 3708 1215 tui

2128 1249 2229 1304 hac
2265 1249 2641 1304 communione
2687 1248 2907 1318 dignare
2941 1266 2953 1301 :
2986 1248 3121 1318 quia.
3145 1249 3391 1318 praecisi
3440 1250 3706 1305 honorum

2128 1354 2339 1399 tuorum
2370 1341 2547 1406 apices
2570 1338 2685 1393 haec
2709 1340 2822 1394 sola
2847 1339 3113 1408 recipiunt
3135 1349 3468 1411 argumenta,
3493 1356 3615 1411 qua:
3636 1340 3706 1397 de

2125 1435 2424 1489 humilitate
2455 1441 2761 1487 nascuntur.

1762 1663 3693 1704 ____________..______.___________.

1502 1758 1913 1887 LIBER
1994 1767 2586 1876 TERTIUS.
2674 1849 2678 1852 ι

2038 2008 2083 2067 Β
2112 2018 2372 2090 praestari.
2406 2015 2594 2071 Videte
2621 2014 2665 2069 si
2700 2028 2822 2069 reus
2860 2028 2999 2079 sum,
3029 2013 3120 2082 qui
3161 2010 3297 2082 elegi
3343 2010 3517 2067 virum
3549 2011 3695 2065 anti-

2119 2111 2305 2165 stitum
2339 2108 2579 2163 moribus
2608 2114 3030 2175 congruentem:
3063 2104 3152 2173 qui
3184 2102 3267 2158 vel
3301 2110 3486 2157 contra
3522 2101 3695 2172 tequi—

2116 2208 2283 2255 tatem
2307 2198 2720 2269 repugnantium
2753 2194 3011 2250 indomita
3044 2203 3227 2263 posset
3269 2193 3700 2248 corda-mollire.

2116 2290 2376 2345 Effectum
2410 2288 2539 2344 mihi
2569 2286 2767 2357 negotii
2791 2285 2899 2355 jam
2938 2283 3180 2355 promisi,
3220 2284 3309 2353 qui
3340 2283 3496 2350 legati
3529 2283 3693 2335 mrr-i-

2116 2389 2227 2436 tum
2268 2378 2635 2449 eomprobavi.
2694 2377 2997 2442 Providete,
3029 2377 3073 2430 si
3122 2375 3434 2445 religionem
3473 2376 3699 2443 deceat,

2114 2471 2159 2526 si
2190 2486 2218 2525 a
2247 2471 2500 2540 pontiﬁce
2532 2470 2749 2537 dignum
2802 2468 2896 2530 sit,
2934 2466 3080 2521 itlum
3112 2466 3199 2534 qui
3234 2473 3407 2534 potest
3445 2465 3692 2520 cautibus

2109 2561 2405 2631 imperare,
2428 2558 2722 2615 contemni.
2762 2556 2877 2611 Duo
2909 2565 3035 2610 sunt
3061 2569 3180 2618 qua:
3225 2570 3432 2608 mecum
3466 2554 3689 2619 faciunt,

2113 2653 2308 2721 negotii
2337 2650 2646 2716 sinceritas,
2696 2657 2751 2703 et
2780 2663 2949 2717 genus
2987 2646 3340 2716 supplicantis
3381 2662 3395 2698 :
3427 2645 3689 2714 quidquid

2107 2751 2291 2797 contra
2318 2744 2419 2797 hoc
2445 2740 2739 2808 obstiterit,
2772 2739 3031 2795 bonorum
3077 2739 3395 2793 sententiam
3427 2741 3548 2792 mox
3575 2752 3688 2792 me-

2108 2848 2278 2895 I‘BIUI‘.

2673 2924 3008 2983 EPISTOLA
3048 2926 3112 2982 ll.

2546 3021 2565 3050 ¹
2606 3034 2871 3074 sucsarrr
2896 3032 3169 3075 sanemus.

2171 3131 2424 3198 Quamvis
2469 3130 2787 3186 commercia
2818 3130 3115 3186 litterarum
3138 3128 3306 3197 magis
3336 3136 3460 3183 sunt
3481 3133 3684 3183 tantum

2106 3239 2269 3294 quam
2302 3224 2552 3280 maeroris
2577 3240 2591 3289 ;
2616 3238 2714 3278 nec
2743 3232 3005 3279 secretum
3037 3223 3273 3292 pectoris
3308 3230 3399 3275 aut
3428 3220 3683 3275 amicitia:

420 3336 757 3391 responsum,
790 3332 850 3377 ut
872 3292 1044 3376 etiam
1062 3320 1115 3374 si
1139 3319 1288 3373 vobis
1328 3334 1459 3385 puer
1483 3319 1593 3387 ipse
1628 3292 1751 3386 jure
1784 3330 2000 3384 compe-
2030 3292 2076 3355 ο
2104 3292 2430 3387 diligentiam
2479 3316 2615 3371 bene
2665 3315 2717 3369 in
2766 3314 2941 3369 lucem
2984 3313 3194 3383 digerat
3230 3311 3416 3367 clauda
3473 3312 3681 3370 recenti

421 3419 581 3481 teret,
606 3426 702 3466 ros
732 3418 910 3467 tamen
953 3409 1174 3481 gratiam
1229 3410 1525 3465 eommod's
1550 3407 1836 3463 anteferre.
1888 3407 1997 3461 Re-

417 3515 604 3571 gresso
644 3518 729 3557 me
758 3501 826 3557 de
855 3501 1109 3555 Ravenna
1156 3500 1318 3573 (quod
1355 3501 1497 3555 dictu
1545 3499 1693 3554 nefas
1737 3499 1843 3567 est)
1898 3512 1997 3566 pro

418 3592 651 3663 peccatis
695 3592 829 3649 meis
857 3592 1105 3647 ell'ectum
1140 3592 1488 3647 sacerdotalis
1518 3590 1770 3645 dillinitio
1798 3589 1996 3644 habere

418 3697 523 3737 non
557 3683 747 3752 potuit.
775 3682 999 3738 Ascribo
1015 3681 1220 3736 meritis
1251 3680 1406 3745 meis,
1433 3680 1573 3751 quod
1602 3681 1755 3747 cujus
1781 3693 1876 3734 ore
1900 3678 1996 3733 da-

416 3782 631 3829 mnatur
655 3773 1012 3839 mendacium,
1041 3781 1234 3828 statuta
1265 3772 1497 3828 violavit.
1525 3771 1663 3827 Ecce
1684 3771 1877 3827 iterum
1906 3784 1998 3825 me

415 3864 482 3920 ad
509 3865 889 3921 conscientiam
938 3874 1169 3941 vestram
1202 3864 1379 3921 refero
1420 3882 1433 3916 :
1471 3879 1625 3930 ecce,
1651 3862 1792 3934 quod
1823 3862 1990 3919 lilium

413 3957 589 4024 decet,
620 3957 868 4023 exhibeo,
911 3951 979 4012 ut:
1014 3973 1109 4027 per
1133 3959 1433 4013 sublimem
1461 3958 1879 4026 etmagniﬁcum
1909 3957 1990 4010 vi-

418 4063 538 4104 rum
584 4047 841 4103 domuum
889 4048 1155 4103 Victorem
1187 4048 1254 4103 ad
1299 4047 1651 4103 humilitatem
1694 4048 1996 4111 conferam,

411 4136 822 4208 «idquid-mihi
854 4145 1069 4206 poterat
1098 4138 1273 4209 legum
1300 4137 1639 4201 stccularium
1668 4136 1987 4193 auctoritate

487 4272 511 4303 τ
536 4271 707 4326 Senot
732 4271 785 4342 ri
811 4270 1072 4342 episcopo]
1098 4270 1263 4341 Cujus
1292 4271 1436 4327 sedis
1469 4270 1628 4327 fuerit
1673 4271 1985 4341 episcopus,

411 4340 709 4396 incertum-
745 4340 927 4410 Neque
972 4340 1115 4397 enim
1171 4340 1240 4396 de
1290 4342 1549 4398 Senatore
1598 4340 1985 4398 Mediolanensi

410 4412 664 4481 episcopo
697 4412 917 4483 intelligi
957 4422 1151 4481 potest,
1183 4412 1237 4468 in
1263 4428 1422 4483 quem
1464 4414 1720 4483 scriptum
1747 4421 1831 4468 est
1860 4415 1979 4475 epi-

408 4492 648 4554 gramma
673 4483 761 4537 87.
794 4481 841 4536 Is
868 4483 1010 4554 enim
1040 4483 1182 4539 haud
1207 4481 1363 4553 paulo
1389 4481 1692 4554 antiquior:
1718 4499 1838 4537 cum
1872 4484 1983 4539 Me—

410 4550 777 4607 diolanensem
801 4552 1108 4608 cathedram
1135 4550 1576 4621 poltSenalorem
1594 4554 1789 4607 rexerit
1806 4554 1982 4607 Theo-

407 4623 595 4685 dorus,
622 4628 750 4690 post
766 4621 1113 4676 Theodorum
1136 4597 1475 4689 iaurentius,
1501 4623 1849 4692 qni-Eunodio
1869 4623 1985 4691 haec
2013 4597 2063 4655 θ

406 4692 676 4747 scribente
706 4691 949 4746 florebat.
990 4692 1261 4749 Senatoris
1282 4709 1411 4748 sane
1441 4690 1633 4748 nomen
1667 4694 1757 4746 illo
1784 4690 1981 4747 ueruto

402 4775 629 4833 gessere
660 4762 995 4831 complures..
1015 4762 1159 4818 Inter
1177 4778 1310 4833 quos
1332 4764 1667 4829 notissimus,
1691 4773 1744 4817 et
1770 4763 1982 4830 seriptis

357 4830 363 4904 ζ
409 4830 807 4904 Ιιοιιιιτςζιιιείιιιε
837 4833 1168 4904 clarissimus
1195 4830 1493 4904 'Variarum
1551 4848 1770 4898 auctor,
1820 4849 1981 4900 quem

356 4901 365 4986 ξ
403 4901 1095 4986 Cassiodorum'inolitOJi
1125 4904 1305 4958 dicere
1332 4903 1491 4986 licem.
1518 4920 1702 4986 errore
1746 4904 1980 4986 appella:

360 4972 365 4995 "
405 4986 544 5026 mus.
574 4972 835 5043 Audiendi
860 4972 1061 5042 quippe
1091 4988 1195 5028 non
1226 4982 1370 5043 sunt,
1403 4974 1492 5043 qui
1523 4975 1834 5030 Senatorem
1859 4974 1973 5028 κατ’

402 5042 831 5115 ἑξοχήνξόὶειιιιιι
856 5052 1073 5115 putant,
1105 5042 1258 5113 quasi
1307 5042 1576 5112 proprium
1621 5044 1736 5113 ejus
1776 5058 1975 5115 nomen

402 5108 560 5167 fuerit
587 5108 959 5167 Cassiodorus.
991 5108 1417 5169 Nam7verum.ac
1446 5108 1714 5181 propritim
1738 5114 1851 5179 ejus
1880 5108 1985 5168 nol

401 5198 522 5238 men
556 5181 653 5237 fuit
675 5183 902 5253 Senator
925 5199 939 5249 ;
964 5184 1245 5253 quod-ipse
1293 5183 1407 5237 suis
1446 5184 1695 5239 omnibus
1729 5183 1973 5253 epistolis

402 5254 628 5332 praeﬁgit
664 5251 756 5332 l_ib.
784 5251 1012 5332 “tum
1059 5253 1351 5332 Variaruln,
1383 5263 1437 5307 et
1464 5253 1605 5332 quod
1651 5251 1813 5325 unum
1860 5255 1973 5309 suis

403 5323 519 5390 ipse
550 5324 743 5394 Fastis,
782 5323 974 5394 indidit
1026 5338 1166 5394 anno
1196 5324 1322 5389 5l5',
1369 5337 1490 5376 cum
1530 5325 1597 5378 de
1646 5338 1744 5377 suo
1789 5324 1972 5394 ageret

400 5393 833 5449 consulatu.Tam
857 5392 1019 5463 igitur
1042 5392 1142 5447 hoc
1163 5394 1423 5463 eivernm
1446 5409 1637 5463 nomen
1669 5394 1787 5459 fuit,
1810 5392 1966 5462 quam

402 5474 581 5516 verum
610 5466 778 5519 fuerat
801 5462 1254 5533 alteriisenatori',
1278 5464 1365 5533 (iui
1384 5478 1525 5516 anno
1539 5464 1642 5518 456
1663 5466 1847 5518 consul
1874 5463 1971 5519 fuit

398 5546 517 5584 cum
545 5533 625 5586 Fl.
652 5535 936 5589 Anthemio
965 5532 1186 5587 Isidoro.
1221 5532 1322 5587 Sed
1365 5532 1587 5587 invaluit
1628 5534 1875 5589 error’ex
1907 5549 1969 5589 ea

398 5617 557 5672 quam
589 5604 694 5656 dixi
718 5606 972 5675 opinione
1003 5614 1180 5668 natus,
1220 5603 1368 5673 quasi
1398 5604 1625 5658 Senator
1670 5604 1966 5671 cpitbetum

397 5682 561 5738 esset,
594 5686 697 5743 non
731 5691 945 5740 nomen,
981 5684 1036 5728 ut
1081 5675 1434 5731 Cassiodorus
1466 5685 1715 5742 tanquam
1749 5675 1975 5744 proprio

396 5745 614 5797 nomine
640 5743 918 5815 vocitetur,
943 5761 1061 5800 cum
1088 5746 1135 5799 id
1166 5761 1465 5815 cognomen
1493 5760 1549 5797 re
1580 5744 1700 5796 vera
1729 5744 1909 5807 fuerit,
1938 5760 1965 5797 a

398 5814 562 5881 patris
588 5813 801 5869 nomine
827 5816 1061 5873 ductum.
1091 5813 1405 5875 Patri—enim
1444 5816 1716 5872 Senatoris
1766 5831 1955 5873 notnen

2105 3407 2417 3463 confusione
2446 3408 2715 3464 elocutio:
2749 3407 2936 3463 videro
2965 3416 3163 3472 tamen,
3219 3416 3398 3462 utrum
3458 3405 3679 3476 dispen-

2104 3499 2248 3555 dium
2280 3499 2485 3555 caritati
2516 3498 2907 3555 inferatsermo
2930 3499 3143 3564 rarior;
3173 3506 3436 3552 monstrat
3470 3507 3679 3562 tamen,

2102 3594 2148 3648 si
2198 3592 2373 3646 nullus
2420 3601 2758 3662 prorogetur,
2817 3591 3094 3646 infantiam
3127 3606 3143 3645 :
3174 3598 3361 3646 testem
3420 3572 3685 3645 divinitas

2100 3685 2287 3754 gratite
2315 3684 2508 3754 lingua:
2537 3684 2684 3740 dedit
2712 3684 2968 3740 officium.
3001 3682 3108 3739 Sed
3132 3683 3300 3751 dicas,
3331 3683 3401 3737 mi
3430 3682 3670 3749 domine,

2099 3776 2213 3832 haec
2249 3777 2421 3832 aliena
2449 3792 2569 3832 esse
2596 3777 2663 3833 ab
2683 3791 2747 3833 eo
2773 3792 2929 3846 quem
2963 3775 3204 3830 noverim
3236 3774 3484 3829 maximis
3509 3773 3672 3828 dolo-

2098 3867 2255 3927 ribus,
2287 3878 2602 3936 occupatum
2642 3882 2659 3924 :
2708 3881 2950 3937 pressum
3002 3874 3186 3935 pectus
3245 3866 3553 3936 angoribus,
3593 3864 3665 3919 ad

2096 3958 2296 4013 amoris
2317 3957 2479 4013 verba
2525 3973 2630 4013 non
2660 3958 2791 4027 erigi
2817 3976 2829 4010 :
2856 3972 2954 4017 nec
2983 3956 3271 4026 quidquam
3322 3955 3667 4011 delenificum

2097 4048 2327 4104 lamenta
2373 4048 2611 4103 sentire:
2642 4063 2727 4102 res
2752 4062 2871 4117 qua:
2899 4055 3133 4102 mentem
3165 4045 3392 4116 premit,
3424 4045 3669 4113 repudiat

2095 4144 2234 4214 quod
2264 4143 2500 4199 oblectat
2523 4144 2759 4198 auditum
2788 4161 2799 4197 :
2830 4144 2919 4213 qui
2947 4142 3116 4213 major
3145 4143 3339 4198 animze
3366 4142 3465 4197 fuit
3490 4141 3669 4211 portio

2095 4275 2193 4332 fuit
2227 4277 2595 4344 Cassiodorus,
2629 4294 2658 4331 a
2697 4292 2803 4347 quo
2852 4277 2988 4331 illius
3017 4276 3368 4347 t‘assiodorus
3410 4275 3665 4347 Senator,

2093 4359 2146 4403 et
2177 4351 2421 4403 omnibus
2461 4345 2764 4402 nominibus
2796 4348 3011 4417 Magnus
3034 4346 3281 4403 Aurelius
3308 4345 3665 4417 Cassiodorus

2090 4420 2316 4473 Senator
2369 4420 2541 4474 dictus
2594 4428 2697 4483 est,
2745 4416 2896 4472 sicut
2934 4433 2962 4471 a
3012 4417 3389 4485 Faustopatte
3436 4416 3663 4485 Faustus

2092 4492 2344 4543 Avienus.
2377 4491 2430 4542 ln
2458 4505 2563 4558 quo
2587 4503 2795 4542 rursum
2836 4487 3110 4558 refellendi
3142 4484 3286 4551 sunt,
3318 4484 3661 4558 qui__Cass_ie«

2090 4559 2300 4628 dorum,
2330 4561 2413 4628 cui
2446 4554 2752 4627 patriciatus
2795 4568 2911 4625 post
2951 4556 3320 4625 praefecturam
3351 4571 3379 4608 a
3409 4554 3661 4608 Theode-

2091 4629 2202 4682 rico
2226 4644 2350 4695 rege
2379 4627 2639 4692 defertur,
2671 4637 2723 4682 et
2771 4628 2838 4683 de
2870 4642 2994 4697 quo,
3023 4628 3245 4696 ejusque
3272 4633 3455 4697 avdet
3480 4632 3658 4692 patre,

2089 4699 2251 4751 multa
2282 4699 2369 4753 lib.
2400 4714 2436 4764 t,
2469 4700 2625 4767 epist.
2656 4699 2689 4752 ὅ
2717 4707 2765 4752 et
2793 4698 2847 4763 4,
2880 4695 3341 4767 ipsumauctorem
3379 4695 3658 4767 Variarum

2087 4782 2207 4823 esse
2228 4768 2474 4833 credunt,
2500 4764 2617 4823 cum
2647 4768 2714 4823 de
2754 4764 2920 4838 ipsius
2970 4764 3118 4835 patre
3147 4766 3313 4835 accipi
3336 4764 3527 4838 omnia
3564 4764 3658 4817 de-

2086 4838 2272 4903 beant;
2299 4838 2363 4892 ad
2393 4855 2549 4907 quem
2580 4840 2740 4892 etiam
2775 4834 2980 4903 scripta
3007 4848 3090 4892 est
3120 4834 3281 4907 epist.
3326 4836 3415 4907 28,
3449 4834 3542 4907 lib.
3574 4850 3657 4889 ιιι.

2085 4906 2330 4962 Senatori
2356 4905 2614 4976 siquidem
2642 4910 2751 4961 lilio
2793 4905 3182 4974 prasfecmram,
3229 4920 3293 4961 ac
3323 4905 3515 4976 deinde
3544 4920 3657 4976 Apa-

2088 4979 2361 5033 trieiatum
2396 4974 2586 5033 detulit
2630 4995 2732 5033 non
2765 4978 3149 5041 Theodericus,
3180 4978 3273 5030 sed
3319 4974 3657 5029 Athalaricus

2086 5049 2204 5115 ejus
2225 5064 2391 5117 nepos
2434 5050 2523 5104 lib.
2554 5064 2625 5111 ix,
2673 5051 2829 5117 epist.
2874 5048 2947 5103 24
2982 5059 3043 5117 et
3062 5048 3162 5111 .25,
3191 5046 3249 5117 in
3280 5048 3473 5117 quibus
3505 5054 3657 5117 recto

2086 5115 2309 5173 nomine
2342 5119 2569 5175 Senator
2618 5115 2951 5188 nuncupatur
2976 5136 2987 5169 :
3014 5115 3414 5180 Cutttulavimus,
3459 5115 3651 5188 inquit,

2086 5188 2151 5243 P.
2183 5188 2241 5242 (Σ.
2288 5190 2550 5252 beneﬁciis
2592 5186 3087 5255 nostris'copioaum
3123 5188 3407 5249 virtutibus,
3450 5186 3654 5239 divitem

2082 5261 2324 5323 moribus,
2357 5261 2558 5325 plenum
2591 5259 3053 5329 magisnonoribua
3079 5258 3397 5329 Senatum».

2151 5331 2170 5359 ²
2204 5329 2468 5399 Eugeneti]
2513 5329 2585 5383 De
2612 5325 2717 5397 qu'o
2764 5325 2838 5382 ad
2885 5328 3139 5399 epistﬁd
3184 5328 3279 5382 lib.
3307 5343 3380 5381 tv.
3414 5325 3653 5399 .Docturn

2083 5399 2369 5468 Eugenetis
2401 5398 2618 5454 fratrem
2648 5400 2798 5466 cujus
2829 5400 3030 5451 obitum
3059 5398 3144 5452 hic
3173 5399 3438 5468 deplorat,
3475 5398 3654 5461 sustu-

2079 5466 2364 5524 corifuisse
2416 5486 2663 5534 magnum
2718 5469 3016 5537 Olybrium,
3065 5469 3131 5523 de
3162 5466 3268 5537 quo
3316 5466 3515 5520 dictum
3567 5475 3651 5520 est

2077 5543 2235 5605 epist.
2267 5541 2304 5594 9
2330 5540 2418 5593 lib.
2454 5557 2490 5593 ι.
2526 5540 2658 5593 Hth
2684 5550 2771 5592 est
2794 5539 3019 5592 fortasse
3050 5539 3186 5605 quod
3221 5552 3321 5591 una
3354 5537 3651 5605 junguntur

2076 5612 2133 5662 in
2154 5613 2311 5677 epist.
2341 5610 2412 5663 25
2439 5610 2675 5677 ejusdem
2707 5609 2825 5662 libri
2856 5608 3073 5679 Olybrio
3103 5620 3153 5662 et
3180 5609 3432 5678 Eugeneti
3457 5623 3489 5679 εΔ
3511 5605 3649 5679 etin

2074 5674 2295 5746 epistola
2325 5674 2616 5733 Athalarici
2641 5679 2734 5732 lib.
2768 5694 2856 5732 vnt
2886 5674 3163 5732 variarum
3200 5674 3493 5748 lUVquuod
3521 5674 3650 5745 Oly-

2072 5750 2169 5804 brii
2200 5752 2450 5819 deinceps
2481 5750 2623 5805 nulla
2650 5748 2787 5823 apud
2814 5749 3110 5806 Ennodium
3143 5751 3362 5805 mentio.
3420 5766 3423 5769 ·
