3998 6362
277 340 350 416 s1
1530 359 2006 419 sptsromnuu
2048 363 2173 422 LIB.
2215 361 2300 421 nt.
3476 381 3545 441 ε,

282 475 446 528 frater
473 471 531 526 in
553 469 791 541 superis,
834 470 970 525 hanc
997 467 1261 526 transtulit
1306 468 1371 524 ad
1402 471 1642 540 sepulcra
1685 490 1699 525 :
1731 472 1857 543 quid
1887 473 1940 533 Α
1967 472 2071 538 tiae,
2094 475 2183 543 qui
2208 484 2513 532 sanctorum
2535 489 2771 537 meretur
2792 484 3077 556 colloquia.
3103 488 3279 556 Quare
3303 491 3542 550 domine

284 562 603 631 exigendum
634 563 705 618 ab
739 562 832 616 illo
855 562 945 625 sit,
968 561 1119 629 cujus
1148 558 1431 614 dimidium
1477 561 1669 615 salutis
1700 564 1857 618 busta

283 652 629 708 clauserunt?
660 653 715 707 in
733 652 956 707 summis
980 652 1357 707 afflictionibus
1378 655 1541 722 quaeri
1578 668 1683 708 non
1707 670 1863 721 posse

282 761 316 798 ν
351 760 492 810 cem,
524 745 813 815 gemitibus
834 744 1203 813 subjugatam:
1234 744 1589 817 lacrymarum
1624 757 1863 816 tempore

284 835 492 891 dicatur
521 836 827 904 importuna
874 837 1130 890 narratio.
1188 837 1563 905 llespondebo,
1591 839 1734 907 quod
1766 854 1863 907 par

283 940 500 996 quoque
525 940 704 980 meum
728 933 912 994 pectus
932 928 1107 980 acerbi
1137 942 1292 982 casus
1320 942 1518 983 mceror
1551 929 1857 985 intraverit:

285 1034 384 1074 nec
410 1018 685 1073 dividime
715 1032 872 1087 posse
899 1020 966 1073 ab
1001 1019 1119 1086 ejus
1151 1021 1387 1084 tristitia,
1421 1037 1577 1089 quem
1608 1022 1735 1075 mihi
1764 1038 1862 1091 pro

284 1114 624 1168 voluntatum
647 1111 997 1167 similitudine
1018 1127 1394 1183 nonnunquam
1415 1114 1862 1181 Iretajunxeruut.

283 1203 523 1260 Ostendo
556 1212 732 1258 tamen
761 1217 905 1272 saepe
930 1202 1191 1272 gravioris
1219 1204 1344 1258 mali
1378 1205 1432 1258 in
1460 1205 1692 1259 luctibus
1726 1206 1863 1260 indi-

283 1310 404 1351 cem
461 1294 630 1348 fuisse
672 1307 994 1359 sermonem,
1028 1304 1084 1348 et
1134 1294 1425 1362 intercepta
1476 1296 1862 1352 taciturnitatis

282 1385 523 1442 remedia
556 1384 830 1455 proditore
865 1385 1152 1455 colloquio.
1204 1385 1407 1452 Dicam,
1451 1386 1543 1454 qui
1588 1384 1855 1441 lamenta-

284 1478 553 1532 tionisuse
572 1476 793 1546 paginas
821 1474 1067 1544 denegat,
1119 1476 1172 1530 in
1204 1490 1309 1530 una
1345 1481 1505 1531 aetate
1546 1476 1658 1530 vult
1681 1478 1857 1546 perire

283 1567 427 1638 quod
452 1566 652 1629 deflet:
678 1582 786 1621 non
818 1575 1053 1645 meretur
1084 1566 1388 1622 recordatio
1413 1567 1593 1623 fratris
1619 1576 1675 1623 et
1692 1568 1860 1636 docti,

281 1671 343 1716 ut
385 1660 662 1716 nobiscum
703 1659 834 1729 quid
860 1659 926 1714 de
956 1662 1070 1728 ipso
1100 1661 1449 1725 senserimus,
1462 1661 1803 1727 occumbat:
1830 1676 1859 1715 a

281 1751 481 1807 feriato
510 1765 602 1805 ore
625 1752 675 1804 iu
724 1749 1020 1819 planctibus
1053 1762 1245 1819 parcus
1288 1758 1372 1805 cst
1412 1748 1666 1804 animus:
1696 1750 1858 1805 amati

1968 571 2242 625 mularis
2268 572 2483 630 licentia
2513 577 2785 634 immunda
2817 583 3077 652 possedit,
3102 600 3374 654 nunquam
3406 588 3541 643 tanti

1968 660 2265 731 viriapices
2280 667 2449 719 merui
2486 684 2498 719 :
2532 679 2651 733 po-t
2692 671 2853 726 etiam
2903 688 2996 742 per
3032 676 3187 744 longa
3238 677 3542 744 intervalla,

1968 766 2237 821 nunquam
2265 756 2564 825 hujusmodi
2590 761 2725 816 bona
2745 778 2847 818 sus'
2869 767 2980 834 epi.
3008 767 3148 822 Deus
3170 784 3542 839 magne,quam

1968 846 2276 915 dignitatem
2326 853 2684 909 servientibus
2714 857 2806 909 tibi
2830 858 3041 926 tribuis,
3100 871 3157 914 ut
3204 876 3341 931 quos
3374 864 3544 932 respi-

1966 952 2089 992 cere
2107 942 2352 1007 calperis,
2368 942 2531 997 etiam
2547 946 2733 1000 amicis
2758 946 2862 1001 tuis
2894 949 3087 1003 reddas
3108 955 3378 1018 acceptus!
3402 953 3541 1008 Vere

1967 1043 2179 1097 semper
2221 1045 2317 1085 vos
2368 1033 2625 1101 singulari
2655 1038 2863 1091 cultura
2902 1042 3155 1109 suspexi:
3190 1058 3402 1112 semper
3448 1060 3540 1099 ve-

1966 1123 2220 1177 neraudis
2264 1127 2502 1179 moribus
2551 1139 2769 1197 gravata
2821 1132 3054 1201 peccatis
3100 1136 3233 1188 colla
3290 1136 3533 1191 ευιιηιίεἰ.

1966 1210 2105 1267 Ecce
2128 1212 2239 1281 jam
2272 1216 2421 1283 quasi
2444 1218 2665 1285 aqualis
2696 1222 2936 1289 appellor
2967 1238 2980 1275 :
3008 1224 3181 1278 erexit
3218 1240 3305 1279 me
3332 1226 3420 1280 diu
3446 1241 3539 1280 cu—
3632 1242 3643 1251 ·

1964 1304 2156 1357 stodita
2186 1306 2467 1373 subjectio.
2529 1308 2679 1363 Fove
2712 1326 2805 1366 me
2840 1327 2970 1383 ergo
3017 1316 3352 1370 orationibus
3398 1318 3535 1371 tuis:

1965 1394 2206 1449 ostendis
2240 1399 2383 1451 enim
2414 1400 2644 1467 paginis,
2690 1401 2877 1471 fragile
2921 1420 2949 1457 a
2981 1405 3130 1459 vobis
3161 1422 3266 1461 non
3294 1408 3537 1463 exhiberi

1966 1488 2336 1552 patrui-inium.
2360 1487 2497 1543 Nam
2511 1500 2565 1545 et
2594 1492 2679 1547 isti
2698 1495 2932 1563 suscepti
2964 1504 3109 1562 sunt,
3128 1500 3217 1566 qui
3250 1500 3382 1555 mihi
3400 1500 3537 1555 bona

1964 1574 2033 1629 de
2062 1577 2254 1643 quibus
2280 1579 2483 1649 gestio,
2512 1582 2873 1640 contulerunt.
2905 1584 2987 1640 Ad
3040 1601 3150 1642 rem
3180 1588 3365 1644 redeo.
3410 1590 3540 1647 Pcr-

1962 1663 2106 1721 ditus
2136 1667 2221 1721 ille
2247 1668 2473 1726 clericus
2511 1674 2723 1741 expavit
2767 1689 2984 1731 causam
3024 1679 3212 1733 dicere
3252 1683 3392 1749 apud
3419 1683 3537 1749 epi-

1963 1768 2201 1823 scopum,
2240 1768 2515 1827 postquam
2563 1761 2774 1817 defendi
2820 1780 2850 1819 a
2902 1781 2987 1821 me
3022 1768 3155 1821 vidit
3194 1782 3288 1823 eos
3336 1770 3532 1839 quibus

281 1839 728 1895 commemoratio
748 1854 869 1908 qua:
894 1839 1173 1893 mandatur
1205 1839 1438 1905 tabellis,
1468 1843 1671 1895 viscera
1704 1854 1858 1895 caro-
1888 1826 1936 1887 Β
1967 1861 2144 1901 meum
2169 1826 2465 1918 deptttastis
2492 1852 2826 1924 obsequium.
2859 1856 3119 1927 Suggero,
3154 1861 3197 1913 si
3234 1826 3452 1930 jubeiis,
3483 1826 3540 1917 et

279 1946 402 1985 rum
458 1930 658 1985 aculeis
707 1929 967 1985 violenter
1010 1930 1256 1999 irrumpit
1301 1946 1314 1983 :
1350 1946 1619 1998 nunquam
1662 1932 1860 2003 patitur

281 2024 488 2077 obitum
514 2033 853 2077 veterascere
872 2023 1060 2077 relatio
1081 2023 1223 2077 funet
1240 2024 1284 2078 is
1296 2024 1497 2093 digesta
1520 2039 1613 2093 per
1630 2024 1857 2080 litteras.

277 2115 393 2168 Huc
425 2114 606 2168 studio
636 2114 1055 2184 magnitudinem
1089 2125 1228 2169 tuam
1260 2116 1394 2170 flens
1421 2118 1727 2171 consolatur
1756 2132 1856 2186 ap-

276 2209 444 2276 pello,
473 2217 531 2259 ut
561 2206 744 2260 vicarii
770 2208 1032 2261 sermonis
1058 2207 1335 2275 beneficio,
1366 2218 1420 2263 et
1452 2208 1859 2276 promissussub

275 2299 620 2352 invocatione
652 2297 742 2351 Dei
772 2298 908 2352 inter
936 2312 1033 2351 nos
1074 2298 1336 2354 nutriatur
1362 2298 1607 2369 affectus,
1649 2309 1703 2354 et
1734 2316 1858 2365 per-

274 2408 403 2445 sona
436 2392 702 2446 facundiae
725 2408 842 2461 qua:
868 2392 1072 2447 meritis
1094 2392 1205 2446 suis
1233 2407 1481 2447 occasum
1506 2408 1611 2449 non
1640 2396 1855 2464 patitur,

275 2492 457 2537 nostra
490 2497 706 2553 quoque
736 2481 1167 2537 confabulatione
1198 2483 1494 2538 reviviscat.

853 2573 1184 2629 EPISTULA
1211 2574 1296 2627 Ill.

636 2678 813 2718 DOINO
849 2679 942 2719 SUO
982 2680 1182 2719 FAUSTO
1222 2678 1498 2719 ENNODIUS.

344 2757 477 2811 Cum
498 2755 767 2810 scribendi
792 2757 1023 2820 occasio,
1053 2767 1105 2810 et
1134 2757 1425 2811 domestica
1454 2765 1507 2811 et
1536 2757 1704 2811 amica
1730 2772 1855 2827 sup-

272 2849 501 2918 peditet,
534 2863 702 2919 quare
732 2863 762 2901 a
795 2848 1000 2918 paginis
1026 2857 1342 2917 temperem,
1368 2860 1615 2919 tanquam
1646 2849 1855 2918 indigus

274 2941 586 3010 perlatoris:
613 2938 844 2993 maxime
861 2953 979 2993 cum
1003 2938 1567 2995 sedulitaslitterarum
1599 2954 1855 3008 reSpOusa

274 3034 405 3088 mihi
434 3034 602 3088 soleat
626 3047 767 3101 saepe
798 3040 1049 3101 praestare
1074 3035 1098 3086 Ἰ
1147 3030 1277 3085 lluic
1313 3048 1372 3087 se
1398 3032 1574 3085 studio
1602 3033 1852 3087 comitem

273 3126 423 3180 dedit
451 3123 776 3180 honorabiiis
804 3122 924 3188 viri,
956 3122 1280 3177 veneratoris
1312 3123 1470 3177 vestri
1503 3122 1680 3177 fratris
1708 3120 1851 3176 Cun-

1965 1951 2105 1991 unus
2130 1937 2198 1993 de
2227 1940 2356 2008 ipsis
2386 1941 2692 1998 Ravennam
2718 1948 2954 2003 ambulet
2975 1964 3096 2004 cum
3149 1953 3341 2007 vestris
3366 1953 3431 2006 ad
3470 1954 3534 2006 fi-

1968 2028 2099 2082 lium
2134 2042 2373 2085 vestrum
2400 2034 2652 2089 domuum
2688 2037 2939 2093 Faustum
2970 2044 3438 2108 commendatitiis,
3469 2060 3537 2101 ne

1962 2117 2016 2172 in
2049 2120 2359 2187 prmjudicio
2390 2124 2625 2191 ipsorum
2658 2128 2859 2181 venalis
2904 2129 3161 2197 judicium
3214 2133 3303 2203 qui
3334 2134 3535 2190 Medio-

1963 2209 2067 2265 lani
2097 2213 2376 2279 exuberat,
2425 2218 2691 2271 sententia
2721 2218 3095 2287 depromatur.

2456 2324 2459 2329 ’
2539 2308 2867 2365 EPISTULA
2915 2312 2975 2365 V.

2487 2414 2739 2454 ENNODIUS
2776 2418 2999 2457 MAXIMO.

2034 2480 2273 2539 Grandes
2298 2484 2472 2542 hiatus
2496 2500 2709 2557 paterer
2740 2493 3033 2547 litterarum
3077 2505 3377 2553 vestrarum
3418 2500 3530 2555 ele-

1959 2582 2108 2626 vatus
2138 2575 2392 2644 alloquio,
2419 2580 2461 2631 si
2500 2596 2603 2634 non
2636 2582 2737 2636 mei
2770 2587 3017 2639 conscius
3060 2586 3380 2656 imperitiam
3433 2606 3530 2659 pu-

1958 2664 2089 2718 dore
2109 2669 2539 2736 comprimerent,
2560 2681 2609 2725 et
2637 2673 2823 2740 judicii
2850 2676 3054 2731 lancem
3084 2687 3340 2749 tenerem,
3368 2682 3529 2737 etiam

1959 2769 2079 2807 cum
2123 2755 2311 2809 laudor
2352 2758 2672 2815 immeritus.
2734 2764 2836 2819 Vos
2867 2766 3106 2834 dignatio
3132 2782 3376 2823 censurae
3408 2769 3531 2826 fecit

1960 2843 2339 2901 immemores:
2375 2864 2460 2903 me
2500 2854 2827 2919 propositum
2878 2856 3013 2910 intra
3046 2858 3407 2914 verecundum
3438 2862 3531 2917 de-

1955 2949 2083 3003 gere
2113 2940 2385 3005 penetrale
2411 2942 2685 3011 compellit
2711 2963 2723 2998 :
2753 2961 2845 2999 vos
2881 2948 3077 3016 scripta
3114 2964 3228 3004 mea
3277 2960 3529 3019 tanquam

1956 3037 2196 3082 amantes
2223 3031 2494 3085 attollitis:
2531 3049 2617 3087 me
2644 3051 2864 3091 necesse
2885 3038 2967 3092 est
3007 3034 3128 3095 illos
3158 3051 3416 3107 metuere,
3440 3045 3534 3112 qui

1940 3118 2174 3171 rancida
2203 3120 2562 3189 despicientes
2582 3138 2777 3179 cuncta
2810 3127 3057 3197 neglectu
3085 3173 3098 3197 ,
3151 3132 3311 3185 etiam
3352 3134 3531 3187 edeci-

272 3218 461 3271 stantii
486 3216 792 3287 postulatio,
812 3217 897 3286 qui
930 3216 1239 3271 industriam
1269 3231 1419 3270 suam
1450 3232 1551 3285 qua
1591 3216 1727 3283 apud
1760 3234 1852 3272 vos
1882 3193 1927 3257 (ί
1958 3220 2097 3264 mala
2144 3213 2486 3269 condemnat.
2540 3217 2653 3287 Ago
2698 3193 2901 3273 tamenv
2925 3193 3127 3290 gratias
3195 3224 3337 3291 quod
3389 3226 3529 3294 apud

275 3307 542 3371 Domnus,
568 3319 623 3361 ut
657 3308 926 3362 efficacem
952 3307 1126 3372 decet,
1150 3307 1392 3372 innotuit,
1422 3306 1556 3363 meis
1585 3308 1854 3364 desidet-at

272 3399 555 3455 beneﬁciis
575 3400 881 3470 subjugare.
907 3400 1241 3457 Transcribit
1271 3402 1413 3455 enim
1436 3403 1501 3456 ad
1529 3402 1700 3458 aliena
1727 3402 1848 3471 jura

272 3490 532 3546 sudorem
555 3508 730 3557 suum,
753 3493 844 3563 qui
865 3494 1061 3550 debere
1091 3494 1203 3549 vult
1231 3494 1687 3550 commendatitiis
1707 3493 1850 3562 quod

268 3593 537 3639 meretur.
586 3585 714 3640 Dedi
762 3594 938 3642 tamen
994 3602 1182 3642 manus
1204 3588 1469 3656 precibus,
1515 3598 1570 3643 et
1601 3602 1699 3656 pro
1729 3587 1855 3656 ejus

265 3672 545 3729 desiderio
576 3675 677 3730 sub
710 3678 996 3741 occasione
1023 3677 1341 3733 exhibendae
1373 3677 1687 3733 humilitatis
1713 3694 1847 3732 scr.-

264 3775 368 3834 pta
393 3768 674 3836 prorogavi
693 3808 709 3835 ,
744 3768 909 3823 Deum
938 3782 1153 3837 rogans,
1176 3777 1233 3823 ut
1259 3769 1358 3823 sub
1386 3770 1527 3822 omni
1569 3769 1845 3823 celeritate

265 3858 500 3912 nuntius
523 3874 606 3913 me
627 3875 719 3914 ves
746 3875 820 3915 ra:
842 3860 1164 3916 valetudinis
1203 3873 1254 3917 et
1278 3863 1653 3932 prosperitatis
1682 3862 1844 3916 attol—

263 3953 369 4006 lat.
417 3952 756 4011 Nominatum
811 3966 991 4012 tamen
1014 3972 1117 4026 pro
1138 3959 1241 4013 mei
1264 3956 1694 4013 consideratione
1734 3974 1848 4012 ma-

261 4044 499 4115 gnitudo
528 4058 699 4102 vestra
751 4048 985 4117 gemino,
1032 4049 1079 4105 si
1131 4050 1380 4121 indignus
1426 4060 1675 4121 precator
1730 4066 1835 4106 non

260 4151 418 4203 sum,
455 4135 632 4192 favore
658 4139 962 4195 comitetur.

836 4229 1166 4288 EPISTULA
1202 4232 1289 4288 IV.

635 4337 890 4377 ssxontus
925 4325 940 4354 ¹
971 4339 1154 4378 Αυθιτι
1192 4338 1492 4379 δηιηιλιιο.

342 4408 662 4465 Litterarum
695 4424 994 4469 vestrarum
1026 4429 1191 4484 quam
1213 4414 1369 4470 dulce
1416 4413 1688 4484 negotium
1738 4422 1844 4479 est,

253 4500 412 4571 quod
444 4500 572 4556 mihi
613 4502 853 4571 spiritale
898 4520 1096 4561 munus
1135 4507 1413 4562 exhibuit!
1461 4522 1619 4576 quam
1666 4509 1844 4562 votiva

253 4593 602 4662 perlaturum
632 4596 945 4661 necessitas,
975 4613 1094 4666 quae
1125 4599 1349 4654 remedii
1381 4599 1463 4653 sui
1495 4600 1676 4655 studio
1703 4598 1847 4654 desi-

253 4685 440 4740 deriis
474 4686 712 4741 medetur
742 4688 969 4744 alienis!
1022 4688 1317 4756 Confiteor,
1367 4692 1466 4746 nisi
1523 4700 1843 4762 repugnaret

251 4776 567 4848 proposito,
615 4774 829 4834 inimica
879 4795 1013 4849 pene
1060 4780 1127 4836 ad
1186 4781 1502 4836 turbandam
1533 4782 1862 4851 aliquorum

249 4870 758 4951 securitatemvota
788 4873 1147 4943 conciperem.
1177 4874 1312 4928 Ecce
1326 4873 1836 4944 prmstantadversa,

248 4961 410 5032 quod
441 4963 669 5017 secunda
694 4979 799 5019 non
825 4963 1087 5021 tribuunt.
1113 4965 1432 5021 Sanctorum
1460 4967 1664 5020 litteras
1690 4974 1839 5019 tran-

247 5052 453 5125 quillis
490 5055 647 5110 rebus
673 5057 818 5111 unde
848 5068 1111 5126 peccator
1159 5059 1459 5127 acciperem
1482 5104 1495 5125 ,
1527 5073 1659 5127 quas
1701 5073 1836 5111 nuu-

244 5159 428 5218 quam
460 5144 1036 5227 meritorum'meorum
1070 5150 1209 5204 nitor
1235 5150 1444 5219 exegit?
1477 5150 1612 5205 Ecce
1666 5160 1864 5221 quan-'

244 5250 382 5298 tum
416 5241 546 5297 mihi
581 5243 919 5298 contulerunt
951 5244 1280 5313 suffragium,
1313 5247 1399 5315 qui
1433 5261 1461 5299 a
1511 5246 1659 5299 vobis
1692 5245 1831 5299 obti-
1862 5280 1867 5285 ι

244 5332 452 5389 nuisse
473 5348 530 5388 se
549 5334 884 5390 confitentur.
914 5336 1149 5391 Divinam
1198 5340 1410 5392 aestimo
1443 5339 1830 5406 providentiam

245 5426 355 5481 illa
387 5423 621 5481 tribuere
654 5445 665 5479 :
700 5428 924 5482 multum
970 5428 1080 5497 jam
1129 5431 1313 5497 credo,
1370 5432 1510 5501 quod
1559 5432 1627 5487 de
1677 5433 1833 5486 malae

244 5521 686 5575 conversationis
709 5520 850 5576 fasce
888 5522 1134 5591 deposui.
1166 5523 1446 5578 Proximus
1478 5534 1560 5580 est
1585 5528 1838 5580 ittnut'ett-

331 5634 350 5708 ξ
382 5631 575 5708 ᾼΙφξηιιὶΔ
622 5633 918 5708 Stephano]
942 5636 1020 5708 Ad
1041 5654 1198 5705 quem
1232 5641 1421 5693 iterum
1446 5641 1603 5703 epist.
1648 5640 1729 5694 l2.

328 5702 353 5734 ³
396 5703 662 5759 Αιιευάαιο
692 5702 978 5777 presbytero
1013 5705 1022 5775 |
1052 5702 1302 5764 Ecclesiae
1345 5702 1618 5774 Romanm,
1655 5722 1709 5763 ut
1745 5712 1837 5765 dc-

244 5772 608 5847 clarautqua:
630 5777 695 5831 ad
730 5772 974 5832 eunidem
1004 5772 1188 5833 scribit
1217 5781 1308 5833 lib.
1345 5796 1436 5845 vn,
1470 5772 1627 5847 epist.
1652 5782 1743 5836 27.
1792 5784 1838 5835 is

244 5851 342 5900 est
372 5842 631 5917 fortasse,
651 5848 817 5917 quiin
840 5848 1047 5928 synodo,
1071 5851 1239 5920 [triuia
1270 5842 1574 5921 Symmachi
1604 5853 1834 5908 διώδετί-

1956 3301 2208 3356 domuum
2240 3303 2529 3361 Patricium
2563 3309 2721 3363 talem
2749 3326 2835 3365 me
2857 3311 3098 3379 judicare
3126 3314 3383 3381 scribitis,
3404 3328 3533 3383 qua-

1956 3392 2060 3448 lem
2094 3408 2273 3450 vesuo
2317 3398 2625 3454 testimonio
2652 3402 2975 3457 reddidistis.
3024 3398 3370 3462 Insinuationi
3398 3420 3529 3474 ergo

1957 3504 2106 3545 amor
2128 3490 2356 3546 dcbetur
2382 3492 2504 3560 iste,
2538 3510 2644 3549 non
2675 3496 2899 3566 paginae,
2932 3513 3092 3567 quam
3131 3500 3322 3554 scaber
3361 3502 3535 3569 stylus

1954 3581 2071 3641 sine
2101 3580 2419 3651 eloquentiae
2451 3585 2573 3639 dote
2621 3586 2869 3656 signavit.
2912 3587 3298 3644 Salutationem
3352 3597 3531 3643 tamen

1954 3671 2306 3741 magnitudini
2353 3685 2546 3729 vestrae
2599 3675 2816 3746 dignam
2868 3679 3130 3743 referens,
3181 3680 3290 3734 Deo
3334 3679 3534 3749 gratias

1956 3776 2075 3832 ago,
2100 3766 2237 3830 quod
2271 3766 2464 3821 vntivis
2491 3782 2586 3821 vos
2607 3776 2795 3823 auctos
2830 3771 3173 3825 successibus
3222 3771 3433 3824 reduxit
3464 3770 3532 3824 ad

1956 3859 2190 3925 propria.
2241 3873 2376 3927 quos
2408 3875 2561 3914 mens
2606 3875 2723 3914 mea
2773 3876 2867 3930 pro
2910 3864 3137 3918 connexi
3179 3879 3246 3919 ne
3292 3864 3532 3918 caritatis

1957 3962 2223 4018 nunquam
2250 3950 2413 4004 sentit
2442 3951 2716 4005 absentes.

2529 4042 2851 4099 EPISTULA
2872 4036 2973 4098 Vl.

2430 4150 2687 4191 ENNODIUS
2726 4152 2786 4189 LA
2796 4151 3042 4192 l’RENTIO.

2033 4218 2228 4277 Danda:
2266 4232 2393 4278 sunt
2423 4240 2613 4280 manus
2642 4229 2840 4281 amoris
2876 4220 3102 4298 imperio
3131 4244 3143 4281 :
3178 4227 3412 4281 vinctum
3446 4244 3532 4283 me

1958 4320 2103 4365 tenet
2124 4312 2367 4367 amotio:
2401 4316 2484 4369 cui
2517 4316 2677 4370 verba
2702 4319 2963 4381 concessi,
3005 4300 3236 4385 utquod
3267 4318 3333 4371 ad
3383 4319 3531 4373 salve

1954 4402 2191 4457 debitum
2223 4406 2449 4473 pertinet
2488 4420 2595 4462 non
2628 4416 2881 4461 tacerem.
2931 4408 3218 4463 Domestici
3247 4409 3467 4477 perlato:
3484 4411 3531 4465 is

1956 4498 2173 4551 occasio
2196 4498 2323 4551 mihi
2350 4497 2523 4567 perire
2556 4513 2663 4553 non
2688 4502 2876 4567 potuit,
2908 4499 3004 4553 nisi
3037 4501 3103 4553 ad
3132 4501 3423 4571 diligent'aa
3453 4509 3530 4555 te-

1952 4588 2262 4642 stimonium
2290 4590 2484 4658 scripta
2508 4591 2948 4657 transmitterem.
2979 4590 3230 4646 Salutans
3268 4608 3396 4661 ergo
3439 4606 3529 4646 re-

1943 4680 2181 4734 verentia
2204 4679 2401 4747 debita,
2425 4696 2614 4751 precor
2634 4690 2692 4736 ut
2714 4684 2913 4737 vicario
2942 4699 3026 4739 me
3052 4684 3303 4742 relevetis
3325 4685 3483 4739 affatu
3510 4704 3525 4751 ;

1944 4773 2067 4838 quia
2101 4773 2376 4843 'promitto
2434 4760 2576 4827 mihi.
2620 4760 2918 4830 litterarum
2993 4778 3370 4846 prorogatione
3438 4792 3527 4833 re-

1942 4879 2221 4936 sponsum.

2506 4957 2835 5014 EPIS’TOLA
2856 4958 2965 5014 VII.

2234 5064 2485 5104 ssuooms
2514 5052 2533 5081 ²
2564 5066 2842 5105 annonam
2881 5068 3240 5111 rassstreno.

2017 5138 2149 5205 Quis
2183 5148 2371 5193 vestrae
2400 5139 2695 5211 affectionis
2726 5142 3031 5208 immemor,
3082 5145 3180 5199 nisi
3210 5146 3299 5215 qui
3328 5156 3410 5200 est
3440 5145 3523 5199 in-

1952 5227 2244 5293 humanus,
2289 5229 2530 5283 existat?
2574 5230 2693 5299 quis
2739 5234 2903 5286 totius
2950 5232 3223 5302 religionis
3283 5247 3526 5303 persona

1951 5319 2099 5389 apud
2125 5319 2293 5373 Deum
2326 5320 2461 5373 nolit
2511 5320 2708 5375 habere
2750 5322 3092 5392 suffragium?
3124 5324 3233 5392 Ego
3273 5324 3524 5388 maxime,

1946 5411 2036 5481 qui
2086 5420 2140 5465 et
2193 5413 2443 5482 gravibus
2512 5421 2850 5481 peccatorum
2900 5416 3122 5469 sarcinis
3168 5428 3404 5481 premor,
3470 5427 3520 5469 et

1950 5512 2183 5558 vestram
2234 5505 2459 5572 gratiam
2504 5504 2745 5559 obtinui:
2788 5521 2906 5576 qua:
2947 5520 3032 5561 res
3072 5504 3199 5559 mihi
3231 5504 3521 5562 absolutio-

1900 5700 1903 5703 λ
1948 5637 2022 5692 bit
2050 5639 2132 5693 his
2185 5638 2403 5693 verbis:
2436 5612 2727 5693 Adeodatns
2753 5640 3006 5708 presbyter
3158 5636 3372 5690 Martini
3410 5638 3517 5695 Tit.

1950 5708 2166 5780 Equitii.
2202 5708 2278 5763 Ne
2299 5725 2521 5780 iprnrsits
2550 5710 2835 5780 affirmem,
2868 5710 3013 5771 facit,
3043 5707 3181 5777 Quod
3214 5710 3265 5780 in
3312 5710 3522 5775 synodo

1946 5779 2132 5859 tvduo
2161 5779 2398 5846 ejusdem
2444 5779 2671 5834 nominis
2700 5787 2750 5831 cl
2780 5780 2974 5847 gradus
3009 5779 3269 5835 Adcodati
3299 5784 3486 5849 [παιδὶ-θ

1946 5859 2042 5905 fert
2074 5860 2435 5904 lllIII-Ol'ﬂlllUl‘.
