3998 6362
470 378 539 432 59
1570 374 1839 432 ENNODII
1882 376 2182 434 EPISCOPI
2220 376 2593 437 TICINENSIS
2837 447 2840 449 Α
3667 396 3737 449 60

473 504 597 545 nem
628 488 886 559 integram
922 488 1217 559 pollicetur.
1266 486 1518 544 Salutans
1562 504 1695 558 ergo
1734 498 2052 545 veneranter
2085 495 2131 551 A
2161 507 2299 547 mur.
2330 493 2489 547 Index
2535 507 2697 547 mera:
2738 491 3039 548 aﬂ‘ectionis
3083 502 3209 550 voto
3245 498 3733 568 pectorumlingua

474 589 528 634 et
556 579 755 646 debite,
787 594 963 648 spero,
1021 592 1078 633 ut
1124 594 1220 648 pro
1271 594 1356 634 me
1388 595 1481 648 per
1507 582 1685 635 omnia
1734 592 2045 636 sanctorum

478 670 593 726 loca
628 678 750 725 vota
780 670 967 725 facias:
997 685 1115 739 qua:
1140 679 1483 736 consecutus,
1517 671 1612 725 Dei
1644 672 1904 728 beneﬁcia
1933 676 2053 729 sine

480 775 629 815 mora
657 761 980 825 dissolvam;
1030 761 1155 829 quia
1200 769 1536 831 compertum
1584 763 1714 817 mihi
1763 773 1864 830 est,
1911 765 2053 834 quod

480 856 703 911 mereris
726 854 918 911 audiri.

1016 946 1344 1004 EPISTOLA
1390 949 1521 1005 VIII.

1010 1052 1266 1093 ENNODIUS
1304 1055 1515 1095 LVII-2N0.

552 1123 825 1180 Sioﬂ‘ensa
868 1138 1105 1197 praestat,
1134 1138 1193 1183 ut
1245 1131 1628 1201 magnitudinis
1676 1141 1780 1187 tuae
1837 1137 2036 1203 scripta

481 1215 837 1285 geminentur,
870 1233 1028 1288 quam
1076 1220 1267 1275 vellem
1305 1236 1450 1291 saepe
1488 1222 1577 1276 illa
1612 1223 1788 1278 sereni
1820 1224 2053 1293 pectoris

484 1304 559 1358 tui
591 1307 868 1376 tranquilla
915 1309 1157 1363 turbari?
1187 1318 1242 1365 et
1272 1311 1373 1365 nisi
1423 1312 1801 1367 adversaretur
1852 1328 2055 1382 prolic-

485 1395 612 1460 sito,
642 1404 832 1452 cavsas
880 1397 1257 1468 indignationis
1286 1398 1621 1470 ingererem:
1655 1402 1869 1472 quando
1917 1403 2058 1473 quod

483 1498 636 1541 amor
666 1501 769 1541 non
817 1498 1052 1544 meretur
1098 1489 1305 1545 obtinui
1355 1506 1447 1559 per
1483 1493 1688 1563 culpas.
1739 1493 1853 1563 Ego
1883 1504 2058 1549 tamen

480 1590 667 1632 errore
716 1593 904 1636 vacare
933 1595 1019 1635 me
1066 1582 1251 1636 nuntio
1275 1583 1328 1637 in
1360 1597 1422 1637 ea
1470 1598 1630 1639 causa
1681 1585 1733 1639 in
1764 1599 1889 1654 qua,
1931 1586 2058 1640 dum

482 1671 745 1725 accusatis
771 1672 1461 1742 negligentiam,pr:emium
1477 1676 1799 1736 contulistis,
1830 1675 2057 1730 Puerum

482 1758 723 1813 turbatus
745 1759 939 1827 direxi,
974 1776 1067 1830 per
1111 1778 1270 1832 quem
1316 1764 1447 1818 nihil
1488 1765 1648 1831 aliud,
1703 1781 1861 1834 quam
1914 1767 2058 1836 quod

2162 586 2415 653 signaret,
2448 586 2493 640 si
2538 586 2602 638 ad
2630 583 2879 639 desiderii
2919 586 3127 655 copiam
3175 587 3429 642 militaret
3467 589 3581 644 oris
3611 590 3733 643 ofﬁ-

2161 676 2324 741 cium,
2371 684 2426 729 et
2459 676 2733 744 penetrale
2778 676 2974 730 mentis
3023 676 3348 746 resignatum
3382 690 3654 734 teneretur
3685 680 3736 733 in

2160 764 2376 819 litteris.
2426 766 2575 819 Tunc
2612 765 2759 819 nullo
2808 766 3001 821 caritas
3042 767 3287 834 neglectu
3329 777 3735 824 veterasceret:

2161 865 2289 911 tunc
2314 857 2549 926 diligenti
2592 865 2788 933 mutua:
2819 857 3173 911 devinctionis
3222 872 3322 912 usu
3374 858 3540 927 polita
3570 858 3739 927 fulge-

2163 962 2267 1016 tet,
2312 963 2412 1003 nec
2452 949 2643 1003 scabro
2690 950 2944 1002 memoria
2974 949 3137 1003 vestri
3169 956 3387 1017 torpore
3427 947 3735 1003 laederetur.

2162 1038 2270 1095 Sed
2301 1040 2425 1109 quid
2455 1039 2646 1094 faciant
2678 1039 2819 1108 quod
2851 1038 2981 1093 mihi
3012 1038 3325 1093 meritorum
3376 1054 3618 1094 meorum
3651 1054 3742 1095 ne-

2162 1132 2302 1187 bulae
2348 1133 2691 1189 serenitatem
2737 1131 2873 1186 bene
2902 1130 3137 1185 amantis
3164 1129 3460 1196 obducunt,
3505 1138 3561 1186 et
3601 1129 3741 1186 oblis-

2163 1226 2373 1281 vionem
2406 1227 2509 1281 mei
2543 1237 2758 1294 peccata
2789 1240 2907 1279 mea
2932 1224 3537 1279 conciliantl'Facessat
3558 1239 3588 1278 a
3616 1238 3741 1294 pro-

2163 1318 2337 1389 posito
2360 1334 2502 1385 meo,
2532 1318 2731 1372 imitari
2763 1317 2901 1387 quod
2935 1316 3130 1372 factum
3163 1317 3342 1383 doleo,
3372 1327 3426 1372 et
3455 1332 3550 1387 per
3576 1318 3739 1373 silen-

2162 1411 2295 1465 tium
2331 1425 2545 1465 sumere
2583 1409 2650 1464 de
2685 1418 2857 1464 vestra
2893 1408 3594 1463 taciturnitate-vindictam.
3626 1409 3736 1464 Ge-

2163 1502 2323 1556 m'nis
2376 1516 2505 1570 ergo
2557 1500 2788 1556 stimulis
2847 1500 3011 1554 verba
3064 1500 3330 1555 concessi.
3377 1499 3583 1570 Negare
3629 1514 3736 1554 non

2162 1593 2310 1663 potui
2340 1593 2719 1648 commercium
2748 1592 3062 1660 epistolare,
3094 1592 3329 1661 qttod'et
3380 1605 3538 1647 causa
3568 1606 3737 1662 popo-

2164 1686 2264 1739 scit
2291 1694 2342 1739 et
2371 1685 2561 1753 gratia.
2597 1683 2757 1740 Scitis
2783 1684 2982 1751 optime
3008 1700 3127 1752 qua:
3156 1701 3184 1737 a
3212 1685 3386 1748 vobis,
3422 1692 3476 1740 et
3505 1699 3601 1754 per
3630 1700 3736 1747 me,

2165 1785 2219 1831 et
2247 1791 2339 1830 ore
2363 1776 2581 1845 proprio
2612 1783 2830 1829 sanctus
2867 1784 3020 1845 pater
3045 1784 3224 1830 vester
3263 1775 3491 1831 domnus
3536 1777 3734 1845 episco-

479 1861 613 1938 opus
640 1858 783 1903 esset
806 1851 1038 1905 ostendi.
1077 1852 1270 1909 Libero
1305 1862 1523 1922 pectore
1554 1856 1735 1926 lingua
1756 1866 1909 1912 vacat
1936 1857 2058 1912 olli-
2090 1864 2137 1924 B
2167 1884 2261 1935 pus
2307 1868 2612 1936 postulavit,
2647 1877 2706 1921 ut
2743 1883 2982 1937 expensa
3026 1883 3145 1938 quae
3195 1884 3291 1937 pro
3332 1869 3736 1925 necessitatibus

476 1934 608 1989 ciis:
635 1952 785 1992 mens
805 1938 1025 1993 confusa
1054 1942 1276 2009 gratiam
1302 1943 1642 1997 salutationis
1666 1944 1896 2014 altjurat.
1925 1947 2061 2002 Ecce

478 2024 588 2079 Deo
612 2026 663 2079 in
694 2037 922 2097 utroque
949 2031 1169 2097 gratias,
1204 2034 1325 2099 quia
1355 2049 1456 2088 nec
1504 2050 1603 2103 ego
1656 2051 1780 2090 reus
1826 2052 1975 2102 sum,
2007 2052 2062 2093 et

477 2129 573 2169 vos
607 2132 693 2172 me
721 2132 873 2173 reum
898 2134 1017 2174 esse
1045 2123 1368 2178 credidistis.
1409 2126 1733 2179 Beneﬁcium
1759 2128 1887 2181 mihi
1914 2143 2060 2183 com-

479 2209 643 2263 motio
674 2220 847 2265 vestra
874 2214 1119 2276 contulit,
1144 2217 1285 2284 quod
1311 2218 1392 2271 vix
1426 2218 1663 2273 dedisset
1686 2220 1917 2275 affectio.
1952 2221 2061 2290 Ego

477 2299 606 2368 quid
636 2301 729 2355 tibi
757 2302 1004 2372 debeam,
1031 2307 1303 2376 explicare
1329 2324 1432 2364 non
1464 2325 1710 2379 possum:
1744 2328 1943 2381 pauper
1979 2326 2062 2369 εει

478 2390 675 2446 caritas
719 2394 771 2447 in
820 2395 972 2465 cujus
1020 2401 1326 2455 narratione
1353 2416 1531 2457 sermo
1561 2420 1664 2457 non
1711 2404 1914 2459 deﬁcit.
1951 2406 2056 2459 Do-

481 2482 625 2537 mine
674 2485 768 2553 mi,
800 2487 1027 2544 salutem
1068 2490 1301 2547 debitam
1325 2494 1534 2559 dicens,
1586 2497 1752 2551 Deum
1801 2514 1952 2567 rogo,
2007 2510 2062 2554 ut

485 2576 725 2644 quolibet
750 2580 930 2636 animo
947 2585 1199 2651 gesseris,
1233 2600 1446 2655 semper
1471 2588 1693 2644 scribas.

1035 2675 1367 2733 EPISTOLA
1411 2680 1500 2736 ΙΧ.

923 2780 1181 2822 ENNODIUS
1219 2785 1608 2826 NABCELUANO.

554 2847 681 2904 Scio
705 2852 1126 2922 magnitudinem
1159 2866 1301 2913 tuam
1345 2861 1634 2930 grandibus
1660 2863 1750 2918 Dei
1784 2864 2058 2923 beneﬁciis

478 2938 772 3009 abundare,
819 2952 874 2999 et
900 2948 1214 3014 promissam
1244 2952 1386 3006 circa
1429 2956 1632 3011 amicos
1673 2972 1890 3013 servare
1932 2976 2060 3014 eon-

481 3030 755 3086 stantiam.
815 3032 998 3091 Nescit
1038 3039 1247 3095 animus
1292 3054 1474 3098 vester
1531 3047 1734 3101 incerta
1790 3050 2054 3119 polliceri,

475 3136 716 3178 amorem
748 3126 866 3182 sine
889 3128 1066 3197 aliqua
1090 3131 1460 3188 immutatione
1491 3139 1833 3196 custodiens:
1857 3150 1912 3195 et
1940 3142 2057 3198 ideo

2162 1960 2342 2014 domni
2375 1974 2523 2029 papae
2556 1960 2826 2014 Ravenna:
2857 1960 2991 2015 facta
3020 1970 3123 2026 est,
3154 1962 3174 1992 ¹
3196 1958 3735 2032 'redliibitionepen-

2163 2060 2392 2105 Saretur.
2424 2051 2597 2105 Certis
2626 2049 2768 2105 enim
2802 2051 3109 2119 potentibus
3147 2067 3376 2120 quorum
3410 2052 3623 2106 nomina
3651 2064 3735 2108 tu-

2162 2153 2272 2196 tum
2321 2158 2425 2196 non
2469 2151 2553 2197 est
2593 2144 2795 2210 scripto
2837 2142 3244 2212 signari,aiovit
3296 2142 3349 2195 D-
3376 2142 3572 2207 minus,
3612 2143 3735 2213 quia

2161 2235 2463 2303 plusquam
2491 2232 2906 2302 quadringentos
2930 2233 3045 2286 auri
3094 2232 3578 2303 solidoscrogavit.
3621 2233 3730 2288 llos

2163 2338 2248 2377 me
2275 2323 2431 2379 tidem
2460 2324 2676 2377 dicente
2704 2324 3015 2377 concessit:
3042 2322 3187 2377 frons
3230 2338 3346 2377 mea
3392 2326 3528 2393 apud
3559 2324 3734 2395 ipsum

2162 2417 2327 2470 libera
2358 2431 2482 2473 esse
2508 2431 2611 2469 non
2643 2424 2836 2483 potest,
2867 2416 3039 2470 donec
3069 2430 3164 2486 per
3190 2430 3309 2483 vos,
3336 2416 3473 2472 sicut
3499 2418 3734 2484 confido,

2162 2509 2473 2576 pollicitatio
2520 2508 2875 2577 compleatur.
2922 2510 3125 2564 Idcirco
3168 2510 3339 2565 direxi
3392 2512 3735 2580 praesentium

2162 2600 2510 2667 perlatorem,
2544 2599 2813 2653 hominem
2861 2600 3133 2667 religionis
3170 2611 3225 2655 et
3257 2600 3400 2667 ﬁdei,
3444 2610 3503 2655 ut
3540 2603 3609 2657 ab
3638 2603 3738 2658 hac

2162 2705 2247 2745 nte
2276 2706 2432 2758 quam
2466 2690 2716 2759 prmfatus
2736 2706 2876 2757 sum,
2904 2693 3258 2747 conventione
3284 2704 3338 2747 et
3365 2694 3556 2762 injuria
3604 2696 3733 2751 subo

2169 2782 2379 2837 levetis.
2427 2782 2577 2838 Unde
2623 2783 2961 2838 salutationis
3009 2785 3264 2841 honorem
3296 2795 3401 2840 tota
3434 2788 3759 2844 humilitate-

2160 2875 2492 2943 persolvens,
2522 2889 2675 2945 rogo,
2706 2890 2803 2943 per
2841 2875 2990 2930 illum
3020 2885 3326 2930 contestans
3370 2878 3459 2947 qui
3489 2893 3736 2932 commu-

2160 2968 2246 3020 nia
2281 2969 2423 3020 circa
2464 2976 2704 3021 sanctum
2740 2982 2928 3036 papam
2956 2977 3075 3022 vota
3102 2968 3357 3039 respexit,
3392 2980 3450 3023 ut
3474 2971 3737 3026 ordinetis

2158 3060 2387 3129 qualiter
2416 3061 2483 3114 ab
2515 3059 2821 3129 bujusmodi
2848 3061 3211 3130 inquietudine
3246 3063 3474 3117 t'elever.
3507 3063 3733 3128 Tamen,

2159 3150 2203 3204 si
2234 3149 2597 3204 verecundum
2626 3165 2746 3204 esse
2769 3164 2872 3203 non
2901 3151 3140 3218 creditis,
3171 3151 3420 3220 indicate,
3452 3162 3506 3208 et
3526 3154 3593 3209 de
3611 3168 3738 3224 pro-

475 3224 724 3313 secutum
753 3230 837 3270 me
869 3218 1188 3313 postDeum
1216 3224 1411 3278 vestris
1441 3226 1594 3281 trado
1636 3238 1691 3283 et
1732 3233 2052 3287 commendo
2079 3221 2125 3283 C
2159 3238 2271 3308 pria
2326 3239 2576 3293 facultate
2624 3241 2873 3308 restituo,
2932 3242 3184 3311 quidquid
3227 3258 3313 3297 me
3361 3218 3657 3313 spondente
3705 3261 3735 3298 a

478 3302 746 3369 manibus,
791 3316 846 3361 et
878 3308 968 3363 Dei
996 3311 1255 3368 beneﬁcia
1298 3314 1351 3369 in
1383 3319 1789 3391 quibuscunque
1825 3326 2053 3393 negotiis

476 3407 573 3460 per
601 3409 697 3451 vos
728 3397 855 3453 mihi
900 3403 1119 3459 evenire
1158 3420 1262 3461 non
1311 3408 1546 3480 ambigo.
1589 3412 1832 3480 Domine,
1863 3426 1921 3472 ut
1965 3432 2053 3473 su-

477 3500 591 3552 pra,
634 3487 973 3548 salutationis
1018 3494 1479 3555 honoriﬁcentiam
1524 3504 1761 3569 solvens,
1800 3523 1948 3577 rogo,
1994 3522 2053 3564 ut

475 3576 736 3647 frequenti
778 3597 865 3638 me
912 3586 1256 3654 epistolarum
1288 3603 1588 3649 vestrarum
1634 3576 1883 3655 rclevetis
1919 3602 2053 3655 allo-

473 3667 601 3762 quio
627 3686 643 3722 :
673 3671 799 3740 quia
834 3687 1102 3732 summum
1137 3680 1267 3734 mihi
1297 3698 1326 3736 a
1355 3683 1464 3739 Deo
1492 3702 1688 3742 munus
1717 3692 2048 3762 conceditur,

477 3758 527 3812 si
554 3759 623 3849 de
663 3771 841 3818 vestra
870 3781 1122 3824 meruero
1151 3773 1412 3841 sOSpitate
1446 3778 1678 3847 gaudere
1709 3797 1723 3836 :
1758 3783 1878 3849 quia
1922 3758 2052 3839 ﬁdes

473 3857 528 3901 et
555 3848 836 3922 integritas
875 3858 1127 3917 omnibus
1165 3864 1254 3933 qui
1288 3865 1456 3920 Deum
1502 3869 1715 3938 timent,
1744 3848 1867 3928 facit
1896 3889 2048 3928 accc-

473 3948 610 4008 pios.

1034 4040 1369 4101 EPISTOLA
1408 4048 1477 4103 X.

967 4146 1221 4189 ENNODIUS
1245 4138 1259 4166 ¹
1286 4154 1563 4196 Luutivoso.

552 4207 741 4267 Posset
785 4214 1140 4276 amicitiarum
1187 4225 1394 4295 religio,
1439 4237 1494 4284 et
1544 4229 1739 4287 adulta:
1775 4234 1913 4291 inter
1955 4252 2051 4291 nos

472 4300 650 4368 planta
677 4306 860 4373 gratiae
909 4311 1051 4366 nulla
1081 4313 1432 4373 discretarum
1481 4323 1685 4379 sentire
1730 4325 1923 4382 damna
1967 4345 2053 4384 re-

432 4474 444 4486 .
471 4395 709 4486 gionum,
745 4398 791 4454 si
835 4404 977 4471 quod
1025 4418 1250 4478 negatur
1278 4415 1537 4481 aSpectui,
1572 4430 1886 4486 pensaretur
1920 4422 2051 4475 allo-

470 4483 738 4552 quiis:et
781 4490 934 4560 pigro
979 4511 1267 4568 corporum
1312 4520 1475 4562 onere
1519 4508 1696 4574 divisi,
1753 4527 1849 4579 per
1898 4514 2042 4567 illam

2155 3342 2342 3387 saneto
2398 3331 2654 3401 episcopo
2711 3342 2921 3388 constat
2978 3348 3271 3402 expensum
3304 3351 3318 3388 :
3350 3335 3473 3404 quia
3529 3336 3737 3391 litter.s

2155 3424 2325 3478 sancti
2353 3438 2504 3492 papa:
2534 3422 2727 3486 habeo,
2760 3422 2953 3492 quibus
2978 3424 3160 3494 jussit,
3194 3425 3449 3496 quidquid
3479 3441 3615 3496 opus
3638 3443 3732 3482 es-

2154 3524 2237 3569 set
2282 3515 2417 3577 ﬁeri,
2450 3530 2572 3567 cum
2618 3529 2733 3567 mea
2772 3514 2972 3570 debere
3020 3518 3307 3572 securitate
3346 3518 3626 3587 compleri.
3670 3520 3735 3575 Si

2156 3620 2369 3662 mereor
2397 3605 2663 3673 laborare,
2695 3614 2888 3660 vestrae
2908 3607 3023 3660 erit-
3042 3607 3365 3677 provisionis
3402 3608 3737 3677 expendere.

2702 3695 3036 3753 EPISTULA
3074 3697 3167 3752 XI.
3570 3704 3579 3708 ”

2656 3801 2913 3842 ENNODIUS
2937 3787 2957 3818 ³
2979 3802 3223 3844 εεΝΑιιιθ.

2223 3876 2280 3933 Si
2309 3878 2593 3948 diligentiae
2624 3880 2882 3935 memoria
2914 3882 3359 3952 circa-personam
3398 3898 3570 3940 meam
3598 3884 3726 3938 ani-

2157 3984 2276 4024 mus
2314 3979 2493 4025 vester
2522 3985 2628 4025 non
2671 3983 2979 4039 exueretur,
3013 3974 3057 4028 si
3094 3976 3289 4030 reverti
3327 3991 3456 4043 eum
3487 3975 3553 4031 ad
3582 3974 3733 4044 judi-

2155 4052 2297 4115 cium
2329 4061 2626 4116 sublimitas
2672 4070 2758 4116 tua
2789 4078 2892 4117 non
2924 4074 3140 4134 cogeret
3174 4075 3293 4135 post
3323 4067 3585 4133 favorem,
3616 4066 3735 4120 fre-

2154 4157 2369 4224 quentia
2410 4157 2607 4225 scripta
2650 4172 2987 4227 prorogares.
3040 4159 3144 4215 Sed
3193 4159 3321 4228 quid
3367 4159 3577 4222 faciam,
3604 4161 3737 4229 quia

2156 4263 2261 4300 non
2294 4246 2484 4300 validis
2530 4247 2799 4301 radicibus
2831 4249 3017 4303 nititur
3042 4265 3194 4304 amor
3221 4250 3509 4315 indebitus,
3541 4258 3597 4305 et
3621 4251 3739 4305 cito

2155 4339 2219 4393 ad
2250 4354 2473 4393 examen
2519 4339 2812 4404 reducitur,
2861 4341 3115 4410 quidquid
3145 4344 3327 4411 gratiae
3376 4357 3503 4396 aura
3550 4342 3738 4397 subri-

2156 4433 2306 4502 puit?
2346 4433 2428 4486 Me
2456 4432 2627 4485 solum
2657 4432 2949 4499 noviprius
2974 4433 3223 4487 debuisse
3248 4434 3393 4503 diligi
3417 4448 3573 4500 quam
3603 4449 3738 4503 pro-

2154 4525 2267 4579 bari
2300 4527 2479 4581 :hunc
2505 4535 2706 4580 tantum
2736 4527 2962 4579 fructum
2997 4526 3062 4579 de
3082 4527 3303 4580 caritate
3336 4524 3547 4594 possedi
3569 4536 3749 4589 «,uem’

469 4591 627 4645 quam
669 4595 703 4636 e
743 4585 880 4639 ccelo
920 4591 1242 4658 sumpsimus
1286 4609 1514 4666 partem,
1563 4602 1757 4657 animis
1790 4604 2042 4674 jungerc-
2076 4586 2125 4645 Ῑ)
2152 4614 2450 4685 incognitus
2482 4618 2784 4686 provisione
2825 4617 3088 4671 subtraxi.
3119 4617 3223 4673 Sed
3266 4630 3361 4671 vos
3400 4614 3735 4671 convenerat

541 4729 571 4821 :1
589 4733 884 4821 L‘tmltinoso]
907 4739 1085 4821 _Veteri
1114 4746 1307 4821 amico.
1338 4760 1392 4805 ct
1420 4752 1487 4805 ab
1518 4754 1735 4810 ineunte
1759 4765 1917 4812 (elate
1946 4774 2038 4814 so-

468 4798 1068 4895 galEJSl'I‘DllllllS‘Slm‘l‘lm
1092 4798 1366 4884 superidre
1378 4822 1519 4895 libro

466 4871 934 4965 gnadfaustium.
965 4884 1081 4965 Quo
1112 4871 1679 4965 te'htnporc'Symmarc'hvi
1705 4871 1855 4965 papae

467 4939 726 5033 ἒεῖξέεευε
755 4939 1122 5033 ε.οιιίειηξιῑίε‹ις›
1151 4939 1434 5033 neniis”
1452 4939 2038 5033 agenti"..‘Ji‘féngsa‘:

592 5013 1002 5107 bledliol'anensis
1029 5027 1239 5107 opinor,
1275 5013 1412 5107 illius
1440 5013 2034 5107 ἡδέιῖἰῆἑῆὖέιό

467 5090 551 5169 tos
590 5084 789 5169 solidos
838 5084 1098 5169 sponsore
1143 5084 1352 5154 Ennudi
1441 5084 2035 5169 erogat-rvat?Eos-“cilia

465 5166 771 5246 reposceret
815 5162 1097 5246 episcopus
1144 5183 1168 5217 a
1220 5162 1506 5246 Lumingso
1554 5162 1683 5243 petit
1739 5162 2035 5246 Ennodins,

465 5228 1049 5315 titicttni-Syintn'aclio
1080 5247 1218 5305 agat,
1254 5250 1309 5294 ut
1336 5228 1710 5315 tcl'ttnda‘ntttr.

464 5301 1187 5387 iterummeidemluminoh
1208 5301 1409 5367 "scribit
1433 5315 1524 5369 lib.
1552 5332 1625 5380 Vl,
1673 5301 1948 5387 cpstrlﬁ,
1980 5301 2036 5376 et

464 5368 619 5428 epist.
647 5368 716 5422 3‘5
742 5370 805 5423 ad
839 5371 1196 5431 lIormisdam.

534 5434 931 5524 ξλξίεςίίξὶίςίιὶρηε
951 5450 1269 5524 pensaretur]
1296 5450 1687 5510 RCSII'II‘TMIIF
1717 5476 1728 5509 :
1762 5467 1817 5511 tit
1842 5460 1932 5514 lih.
1961 5478 2007 5512 v:
2026 5504 2037 5523 ,

738 5512 804 5567 de
833 5515 931 5595 hac
951 5508 1078 5595 'ipsa
1112 5534 1187 5582 re,
1220 5508 1297 5572 nte
1325 5524 1371 5574 ei
1401 5508 2032 5595 ren’hibt'tt'onetnpromitJ

648 5577 762 5665 £1ch
797 5588 939 5640 enim
988 5577 1303 5658 plerumque
1341 5605 1419 5665 est
1463 5577 1782 5665 redhibere,
1810 5577 2035 5654 redi-lere

462 5644 857 5725 g|ttttd_delieas,
901 5644 1232 5725 quocunque.
1264 5644 1418 5715 titulo

764 5715 1028 5807 'suinittir,
1065 5715 1597 5807 lli-llhl‘t‘tllliltilm'is
1638 5740 1847 5793 actione
1888 5742 2037 5807 apud

459 5794 523 5848 υτ
548 5790 883 5860 lscomtlltos,
925 5799 1114 5862 quibus
1152 5803 1435 5859 redhibere
1477 5817 1577 5874 cst,
1612 5818 1664 5862 ut
1690 5790 1897 5863 Glossai
1924 5790 2025 5864 iter:

2148 4774 2272 4847 s'lt‘a)
2295 4766 2730 4847 interpretantur,
2759 4770 2817 4824 τὸ
2851 4779 3059 4847 «otiique
3086 4769 3336 4847 ἴχεινςτόν
3364 4772 3561 4847 πρᾲῖην
3593 4770 3733 4847 ᾇπερ

2146 4834 2575 4912 εἷχε-πρότέρονς
2604 4847 2658 4893 et
2686 4834 3415 4912 cumredhibcre'iationeni
3436 4842 3562 4912 dict
3594 4834 3731 4894 Ανιὲ

2150 4906 2233 4961 tus
2264 4906 2579 4980 Viennensis
2615 4910 2896 4978 episcopus
2927 4912 2978 4962 in
3012 4911 3234 4980 epistola
3263 4910 3326 4963 ad
3361 4911 3732 4976 Apollinarem

2148 4980 2457 5046 episcopum
2510 4979 2725 5033 fratrem
2758 4996 2770 5033 :
2803 4981 2865 5034 Si
2894 4997 2985 5049 pro
3026 4979 3163 5033 omni
3190 4982 3334 5034 verba
3374 4985 3554 5045 otioso,
3584 4986 3755 5049 quod’

2150 5049 2302 5120 locuti
2348 5051 2535 5118 fuerint
2576 5049 2826 5113 homines,
2868 5052 3116 5105 rationem
3155 5052 3419 5105 redhibere
3457 5066 3730 5120 cogentur.

2145 5119 2381 5186 Denique
2406 5121 2687 5189 redhibere
2718 5121 2889 5181 ἁπλῶς
2918 5123 3245 5189 usurpabant
3270 5138 3362 5183 pro
3392 5119 3619 5175 reddere.

2218 5189 2238 5219 ³
2272 5188 2533 5261 Senario]
2562 5191 2863 5259 Propinquo
2912 5202 2963 5244 et
3004 5188 3178 5245 amico
3227 5192 3485 5261 singulari
3532 5210 3545 5245 :
3580 5193 3733 5249 unde

2142 5260 2410 5323 geminum
2440 5260 2540 5313 sibi
2569 5275 2689 5313 cum
2724 5262 2834 5328 illo,
2868 5262 3104 5315 caritatis
3134 5272 3188 5315 et
3210 5263 3502 5329 sanguinis,
3529 5264 3727 5314 vincu-

2144 5330 2253 5383 lum
2285 5344 2405 5385 esse
2431 5330 2567 5385 dixit
2593 5332 2687 5384 lib.
2718 5348 2754 5399 i,
2795 5333 2955 5398 epist.
2985 5332 3074 5386 27.
3117 5333 3379 5387 Comite-nt
3413 5333 3728 5400 patrimonii

2144 5410 2382 5453 creatum
2426 5418 2450 5451 ει
2496 5402 2833 5456 Theoderico
2880 5402 3159 5457 Senariutn
3212 5420 3350 5457 anno
3380 5404 3477 5457 5H
3521 5401 3730 5457 docent

2143 5472 2301 5541 epist.
2336 5470 2369 5523 5
2399 5480 2451 5523 et
2490 5469 2524 5522 4
2558 5470 2648 5523 lib.
2681 5487 2731 5525 iv
2779 5472 3055 5541 Variarum
3087 5492 3098 5525 :
3130 5474 3229 5527 etsi
3277 5474 3412 5528 male
3455 5474 3605 5527 tertia
3638 5473 3727 5526 in-

2140 5540 2393 5593 scribitur
2416 5542 2607 5595 Comiti
2642 5544 2985 5609 privatarum.
3006 5540 3191 5597 ’Antea
3224 5559 3371 5607 vero,
3417 5554 3471 5597 ut
3511 5542 3722 5597 eaedem
3754 5554 3755 5563 ‘

2140 5618 2422 5673 te~tantur,
2457 5613 2507 5663 in
2540 5612 2777 5679 ejusdem
2809 5613 2948 5680 regis
2971 5615 3085 5666 :tttla
3118 5615 3205 5666 ditt
3234 5614 3373 5667 inter
3395 5624 3716 5679 cxceptores

2136 5680 2426 5803 giilitadrat:
2460 5698 2617 5751 quem
2653 5682 2905 5739 honorent
2938 5685 3035 5738 hoc
3062 5685 3175 5739 loco
3208 5685 3431 5739 lot'ta:se
3457 5683 3715 5753 intelligit

2184 5766 2288 5803 nno
2333 5766 2429 5803 ius.

2184 5766 2429 5803 IIIIUUIUS.
