3998 6362
165 365 219 418 fil
1407 354 1761 412 EPISTOLM

1870 357 1879 411 I
1922 358 2045 413 LIB.
2088 357 2172 413 III.
3355 359 3424 414 62

166 495 265 535 non
291 478 403 532 cito
433 476 503 531 ab
529 490 597 531 eo
626 475 711 530 cui
756 471 1083 541 imposuistis
1124 468 1279 522 amici
1310 482 1523 533 nomen,
1556 469 1739 523 absce-
1771 473 1821 530 Α
1851 471 2079 525 breviter
2104 470 2400 539 explicans,
2430 468 2496 524 ad
2523 483 2675 524 usum
2706 456 3110 539 mepaginalem
3131 478 3417 538 converto,

168 572 318 635 dere;
346 584 420 624 ne
449 583 559 623 non
590 582 803 635 semper
830 565 894 619 ad
924 578 1095 617 meam
1123 563 1331 631 culpam
1364 560 1573 624 redeat,
1606 561 1748 629 quod

169 659 420 729 promissa
458 649 595 711 mihi
626 670 732 709 non
770 662 981 707 tenetur
1007 650 1237 705 affectio.
1273 650 1421 705 Solet
1448 651 1592 704 enim
1623 665 1743 704 esse

168 753 343 819 ignara
384 746 745 801 districtionis
768 742 996 798 devincti
1028 741 1372 805 conscientia,
1414 749 1464 795 et
1505 754 1639 809 opus
1671 751 1752 795 est

168 852 220 894 ut
249 849 516 909 perpetuo
555 846 737 893 teneat
776 834 1030 906 quidquid
1060 834 1223 889 semei
1257 833 1415 887 ﬁdum
1450 844 1631 902 pectu-
1666 848 1753 887 ac-

167 933 389 1001 ceperit.
422 931 667 986 Salutcm
700 944 826 998 ergo
857 927 1090 981 debitam
1121 925 1324 990 dicens,
1358 939 1537 993 spero,
1573 936 1625 977 ut
1661 924 1753 979 de-

168 1023 461 1092 spicientes
509 1019 729 1074 rancida
769 1026 1047 1088 potentum
1091 1016 1321 1082 fastidia,
1369 1015 1628 1069 honorem
1660 1030 1752 1069 ve-

169 1122 355 1177 strum,
406 1122 462 1167 et
489 1127 651 1181 quam
683 1111 823 1165 Deus
857 1109 1041 1163 tribuit
1070 1106 1498 1177 possibilitatem,
1528 1108 1543 1137 ¹
1582 1105 1754 1160 humi-

168 1206 325 1261 litatis
357 1205 600 1260 fascibus
640 1201 959 1259 sublimetis.
995 1201 1157 1272 Cujus
1187 1202 1261 1256 rei
1294 1200 1453 1255 ﬁdem
1486 1201 1751 1269 interpres

169 1301 471 1353 animorum
522 1296 699 1365 lingua
742 1294 1042 1359 conﬁrmet,
1086 1301 1139 1347 ct
1180 1292 1545 1347 testimonium
1593 1292 1753 1350 ﬁdele

170 1389 439 1444 mentibus
467 1386 676 1441 deferat
705 1386 899 1438 caritas
930 1390 1223 1437 monstrata
1257 1397 1353 1452 per
1379 1381 1606 1436 litteras.

720 1475 1057 1533 EPISTOLA
1098 1475 1211 1530 XII.

551 1570 806 1627 ENNODIUS
844 1585 1028 1623 ABBATI
1070 1583 1359 1623 STEPIIANO.

236 1664 600 1720 Geminantur
631 1661 725 1715 Dei
759 1661 897 1715 dona
927 1659 1287 1729 sperantibus,
1320 1666 1374 1713 et
1402 1656 1600 1726 duplici
1627 1671 1757 1711 exu-

170 1756 325 1809 berat
356 1768 590 1824 superna
622 1751 789 1820 gratia
821 1748 1103 1805 beneﬁcio.
1137 1748 1321 1817 Largis
1358 1746 1617 1801 meatibus
1642 1760 1755 1800 cm-

1855 578 1952 632 per
1981 562 2122 635 quod
2167 560 2546 631 magnitudinis
2575 568 2770 615 vestrae
2806 561 2936 615 mihi
2966 560 3305 630 praesentiam
3333 574 3425 615 se-

1854 655 2018 709 cretis
2058 654 2359 708 animorum
2399 652 2684 707 itineribus
2726 662 3031 722 exspectata
3070 667 3165 721 per
3206 651 3429 723 paginas

1853 747 2017 819 verba
2074 747 2400 825 concedunt.
2455 746 2583 801 Vale
2629 760 2780 814 ergo,
2830 746 2903 800 mi
2956 746 3194 815 domine,
3241 752 3298 800 et
3336 745 3427 800 illa

1854 854 2012 907 quam
2038 838 2201 892 debes
2219 837 2426 907 generi,
2453 834 2741 891 serenitate
2768 834 3133 904 frequentibus
3159 842 3429 891 amantem

1856 930 1979 983 fove
2011 929 2292 997 colloquiis
2318 945 2330 980 :
2361 929 2482 995 quia
2508 927 2709 982 nullum
2730 934 2815 981 est
2844 936 2949 981 tam
2977 926 3285 1004 venerabile
3310 941 3430 982 mu-

1856 1034 1956 1073 nus
1996 1019 2262 1085 sollicito,
2298 1033 2456 1089 quam
2492 1019 2536 1073 si
2576 1032 2720 1088 saepe
2754 1032 2851 1073 vos
2879 1032 3165 1088 agnoscam
3199 1026 3432 1074 vestram

1860 1111 2131 1177 nuiitirre,
2167 1125 2341 1166 meam
2368 1124 2609 1177 quaerere
2639 1109 2971 1178 sospitatem.

2384 1202 2715 1259 EPISTOLA
2751 1202 2900 1258 ‘XIV.

2371 1309 2629 1349 SNNODIUS
2667 1308 2929 1350 Ρκοιιοτο.
2956 1327 2962 1333 ·

1932 1386 2248 1457 Frequentia
2304 1396 2358 1442 ct
2402 1386 2786 1442 necessitudini
2838 1395 2893 1443 et
2939 1388 3109 1442 amori
3161 1386 3434 1445 exhiberet

1858 1478 2122 1547 colloquia
2159 1486 2346 1548 pectus
2385 1477 2705 1543 obnoxium,
2739 1477 2842 1534 nisi
2872 1477 3157 1533 desideriis
3198 1479 3434 1534 remedia

1858 1570 2180 1624 subduceret
2239 1569 2591 1623 discretarum
2635 1568 3002 1623 consideratio
3062 1568 3178 1624 sine
3228 1568 3435 1625 medela

1863 1672 2147 1717 terrarum.
2177 1660 2445 1730 Quidquid
2476 1661 2619 1716 enim
2650 1662 2873 1715 caritate
2894 1660 3139 1730 junctum
3179 1669 3264 1716 est
3284 1660 3436 1731 quid.

1864 1757 1991 1826 quid
2034 1754 2307 1822 sanguinis
2345 1764 2534 1810 catena
2575 1754 2828 1820 sociatur,
2866 1754 2968 1809 hoc
3003 1754 3317 1809 distractum
3347 1755 3434 1809 vix

170 1847 397 1901 lestinm
447 1858 720 1898 munerum
769 1840 907 1895 unda
960 1839 1271 1909 procurrit:
1305 1844 1583 1891 transeunt
1630 1836 1756 1889 haue
1795 1830 1835 1888 Β
1870 1848 2098 1916 respirat
2138 1864 2232 1918 per
2261 1848 2544 1903 intervalla
2586 1846 2885 1917 regionum.
2918 1848 3048 1913 Quae
3084 1848 3227 1902 enim
3271 1848 3436 1917 possit

169 1936 366 1991 rientis
397 1936 673 1997 ambitum,
705 1949 822 2003 qua:
854 1946 884 1984 a
914 1928 1127 1985 Christo
1156 1930 1377 1984 veniunt
1420 1930 1615 1982 fluenta
1656 1927 1749 1981 do-

171 2043 385 2082 norum.
412 2025 537 2082 Sola
574 2040 707 2080 vena
733 2033 815 2078 est
837 2038 953 2092 qua:
985 2023 1206 2075 maciem
1232 2021 1399 2075 nescit
1426 2028 1479 2075 et
1508 2019 1751 2075 defectus

171 2119 399 2187 abjurat,
444 2124 649 2169 tantum
695 2115 939 2169 cursibus
982 2114 1091 2168 suis
1145 2124 1460 2181 suggerens,
1494 2118 1752 2180 quantum

174 2218 410 2264 meretur
439 2217 628 2277 pectus
659 2206 888 2261 sitientis
919 2206 1184 2273 accipere.
1209 2205 1301 2259 Cui
1337 2203 1599 2257 advertite
1631 2200 1755 2268 quid

171 2302 415 2356 occultus
464 2314 630 2367 sapor
678 2296 943 2365 infundat,
992 2298 1205 2364 quando
1245 2295 1492 2348 ardorem
1539 2291 1756 2360 lympha

172 2394 440 2462 conciliat,
487 2401 542 2446 et
582 2391 879 2446 siccitatem
928 2390 1080 2443 labiis
1112 2397 1370 2443 aestuante
1414 2389 1593 2441 animo
1636 2386 1758 2441 irri-

173 2487 340 2556 guilas
377 2483 491 2538 vivi
524 2482 759 2536 fluminis
788 2481 972 2551 gignit.
1003 2480 1147 2533 Talis
1176 2488 1256 2534 est
1289 2488 1588 2532 vestrarum
1624 2476 1758 2530 ratio

175 2580 471 2632 litterarum
508 2593 520 2626 :
550 2589 672 2644 qua:
699 2582 948 2643 quantam
979 2570 1206 2625 afferunt
1232 2569 1514 2623 desideriis
1542 2567 1758 2621 satieta-

177 2682 299 2735 tem,
330 2676 480 2721 tanta
526 2666 740 2734 pariunt
782 2674 833 2718 et
863 2671 1141 2733 augmenta
1181 2674 1193 2718 :
1225 2676 1447 2730 quarum
1482 2658 1757 2726 profundi-

176 2770 247 2812 tas
271 2767 328 2813 et
364 2757 569 2812 bibitur
594 2764 649 2809 et
672 2764 884 2825 optatur
918 2762 1012 2809 :et
1059 2754 1126 2806 ita
1160 2768 1293 2820 puro
1316 2751 1489 2805 ditant
1527 2749 1756 2819 gurgite,

175 2861 229 2905 ut
269 2851 489 2906 occulto
538 2838 605 2902 ab
632 2850 711 2904 eis
740 2852 940 2903 viscera
980 2847 1355 2901 sullundantur
1398 2844 1668 2899 incendio.
1704 2842 1757 2895 In

178 2944 365 3013 quibus
389 2951 652 3011 tognatas
679 2941 834 2995 video
872 2941 1133 3005 llanunas,
1167 2948 1221 2994 et
1252 2939 1461 3008 porula,
1504 2946 1558 2989 et
1587 2935 1760 2989 divero

179 3035 384 3089 sitatem
432 3043 639 3087 naturae
688 3032 739 3086 in
790 3034 1125 3103 peregrinam
1175 3031 1349 3086 coisse
1392 3027 1760 3084 concordiam.

180 3127 401 3182 Domine
433 3127 531 3193 mi,
555 3126 771 3195 longum
805 3125 979 3191 terris,
1008 3126 1117 3178 Deo
1146 3132 1329 3177 nostro
1360 3122 1651 3183 tribuente,
1684 3118 1762 3171 vi-

181 3231 243 3274 ta:
272 3218 605 3275 beatissima:
648 3217 949 3286 exemplum
997 3226 1217 3287 praesta,
1253 3224 1309 3270 et
1350 3230 1444 3285 per
1483 3212 1759 3283 religionis
1789 3196 1838 3259 (ἶ

174 3321 376 3365 saneta:
409 3308 807 3379 philosophiam
857 3324 965 3362 non
1010 3310 1060 3362 in
1094 3308 1193 3362 hac
1240 3309 1344 3362 vita
1390 3315 1595 3360 tantum
1642 3318 1763 3374 spe-

178 3404 405 3460 randum
443 3417 586 3469 esse,
625 3410 937 3470 contemptu
980 3402 1162 3455 saeculi
1196 3400 1481 3470 prmsentis
1512 3398 1759 3453 ostende.

714 3492 1051 3547 EPISTULA
1097 3492 1232 3545 XIII.

644 3600 901 3638 ENNODIUS
922 3586 943 3617 ²
966 3598 1302 3637 APOLLINARI.

245 3676 526 3743 Quantum
557 3690 682 3730 cura
714 3691 853 3741 mea,
898 3690 1017 3745 qua:
1061 3674 1271 3729 aﬁectui
1321 3680 1498 3728 vestro
1538 3686 1633 3742 per
1663 3687 1761 3726 ne-

174 3768 571 3825 cessitudinem
614 3768 828 3831 militat,
868 3768 922 3821 in
966 3767 1079 3822 dies
1124 3768 1383 3837 suggerit,
1429 3766 1571 3820 nulla
1618 3781 1764 3819 com-

169 3860 473 3915 meantium
503 3868 685 3914 essent
712 3859 905 3915 damna
934 3866 1296 3927 contemptus.
1333 3858 1432 3910 nisi
1456 3857 1521 3909 ad
1548 3857 1761 3910 unicum

169 3951 302 4004 illud
335 3952 575 4005 solamen
606 3951 907 4005 absentium
932 3950 1071 4019 quod
1103 3950 1155 4004 in
1185 3950 1376 4004 litteris
1410 3950 1611 4003 invenit
1642 3964 1766 4018 pro-

169 4046 412 4098 videntia
466 4059 717 4112 superna,
760 4052 1165 4098 concurrerent.
1208 4041 1312 4097 Sed
1365 4042 1493 4111 quid
1548 4041 1762 4105 faciam,

168 4135 393 4205 quando
448 4145 587 4188 tanta
632 4143 714 4189 cst
763 4135 1097 4189 venientium
1140 4134 1403 4199 confusio,
1457 4142 1513 4186 ut
1556 4135 1765 4188 nescias

169 4230 257 4297 qui
292 4226 630 4295 petissimum
660 4226 975 4296 deligendus
1001 4227 1091 4295 sit,
1131 4227 1216 4281 cui
1260 4226 1532 4281 reddenda
1563 4235 1763 4280 sancue

165 4320 527 4375 mnseientiae
568 4328 759 4374 vestrm
791 4326 1010 4388 possent
1055 4320 1251 4388 scripta
1295 4318 1604 4373 committi?
1633 4319 1765 4371 Tra-

166 4413 305 4467 hunt
359 4414 504 4467 cnim
551 4414 602 4468 in
651 4413 989 4468 occasionem
1039 4411 1344 4482 compendii
1397 4412 1479 4465 sui
1520 4410 1781 4474 viliores,

164 4504 434 4575 quidquid
489 4521 585 4560 nos
628 4516 948 4575 prmstamus
992 4506 1240 4569 alfectui;
1281 4515 1331 4557 et
1362 4517 1524 4574 grave
1572 4511 1675 4568 est,
1708 4509 1765 4553 ut

1864 1937 2066 1993 habere
2108 1937 2377 2003 subsidia,
2427 1938 2512 1992 cui
2556 1936 2812 2006 frequens
2854 1937 3152 2007 denegatur
3188 1939 3341 2007 c0pia
3384 1950 3438 1993 et

1862 2028 2125 2099 paginalis
2173 2028 2423 2098 alloquii!
2482 2040 2626 2083 muta
2672 2028 2815 2084 inter
2861 2030 3113 2085 absentes
3154 2030 3438 2101 diligentia

1860 2135 1968 2189 quo
2007 2128 2142 2174 tesm
2184 2118 2489 2188 pandaturl
2534 2121 2641 2173 Aut
2682 2118 2825 2173 enim
2871 2122 3248 2189 opportunitas
3294 2134 3441 2175 com-

1864 2211 2153 2265 meantium
2196 2219 2505 2279 exspectata
2553 2210 2910 2277 subtrahitur,
2956 2220 3048 2266 aut
3093 2212 3440 2267 inveniuntur

1863 2302 2017 2370 tales,
2073 2301 2272 2371 quibus
2324 2317 2429 2356 non
2478 2288 2685 2370 possint
2721 2302 2993 2358 reddenda
3051 2304 3192 2359 caris
3246 2304 3440 2373 scripta

1861 2394 2145 2448 committi.
2172 2392 2270 2447 Vix
2305 2403 2481 2447 tamen
2513 2407 2681 2462 usque
2709 2392 2774 2448 ad
2806 2393 3159 2449 domesticum
3203 2394 3442 2463 perlatosl

1862 2500 1975 2539 rem
2014 2483 2105 2537 diu
2147 2483 2303 2537 anxia
2348 2492 2471 2537 vota
2520 2483 2775 2551 suspendi
2808 2499 2822 2535 :
2858 2497 2955 2552 per
2987 2498 3144 2553 quem
3185 2482 3442 2539 honorem

1862 2576 2077 2631 salutati
2101 2576 2384 2642 exhibens,
2412 2583 2593 2643 aptata
2626 2575 2777 2629 vobis
2806 2574 3120 2644 patefaciam
3156 2590 3288 2630 mea:
3321 2591 3444 2643 pro-

1868 2670 2143 2738 speritatis
2173 2668 2391 2733 indicia,
2420 2677 2474 2723 et
2500 2668 2800 2722 litterarum
2830 2667 2963 2721 mihi
2992 2666 3284 2737 spondeam
3324 2683 3445 2737 pro-

1864 2761 2197 2831 mulgatione
2227 2774 2563 2830 reSponsum,
2598 2760 2815 2829 quibus,
2847 2761 2891 2813 si
2922 2760 2973 2813 in
3007 2769 3165 2830 portu
3196 2768 3277 2814 est
3306 2762 3445 2815 sani-

1866 2865 1945 2908 tas
1975 2864 2172 2918 vestra,
2201 2850 2585 2921 amplectendis
2618 2860 2887 2905 reseretur
2912 2850 3179 2906 affatibus.

2414 2940 2745 2995 EPISTULA
2786 2941 2905 2994 XV.

2351 3046 2607 3086 maoorus
2632 3032 2652 3062 ³
2680 3046 2975 3086 ευριιενιιε.

1939 3124 2137 3179 Rarum
2167 3130 2253 3179 est
2282 3132 2339 3177 ut
2362 3120 2668 3177 necessitati
2696 3136 2845 3175 auior
2869 3121 3030 3177 fultus
3053 3116 3447 3179 necessitudine

1868 3219 2005 3273 colla
2035 3218 2316 3273 submittat
2347 3234 2358 3269 :
2396 3216 2484 3270 vix
2511 3215 2773 3285 contingit
2801 3226 2857 3270 ut
2877 3217 3074 3271 serviat
3096 3218 3183 3287 qui
3217 3204 3448 3286 impera-4

1869 3321 1952 3367 tor
1979 3322 2099 3367 cst:
2131 3327 2346 3382 semper
2384 3320 2436 3365 et
2456 3325 2554 3364 suo
2578 3311 2697 3378 jure
2728 3309 3035 3365 dominatus
3063 3310 3301 3366 affectus.
3335 3300 3449 3378 Quo

1871 3418 2101 3473 unquam
2134 3404 2337 3472 regiqu
2379 3402 2653 3471 diligentia
2704 3417 2899 3461 nomen
2948 3401 3235 3471 impeditur
3265 3402 3451 3455 obSIa-

1866 3496 2021 3550 culo?
2042 3496 2130 3550 cui
2162 3496 2330 3551 libera
2360 3496 2554 3549 caritas
2588 3495 2923 3563 mancipatur
2947 3494 3240 3564 obsequio?
3274 3495 3449 3550 Excu-

1868 3587 2131 3643 sationem
2163 3586 2230 3641 de
2259 3586 2436 3656 aliquo
2469 3587 2661 3642 timore
2688 3603 2792 3641 non
2822 3587 3060 3655 adhibet,
3096 3588 3197 3642 nisi
3224 3588 3316 3657 qui
3338 3588 3451 3641 ani-

1870 3695 2013 3732 mum
2043 3678 2396 3732 devinctionis
2423 3678 2639 3747 abjccit.
2685 3680 2831 3733 Mens
2859 3694 2977 3748 qua:
3009 3678 3206 3747 pietate
3234 3670 3451 3743 militat,

1868 3771 1966 3825 etsi
2018 3772 2125 3825 sint
2148 3770 2280 3823 dura
2336 3770 2632 3839 principum
2670 3770 2840 3838 jussa,
2890 3787 2994 3824 non
3039 3772 3247 3825 metuit.
3295 3769 3449 3824 Nulla

1868 3872 1994 3915 sunt
2035 3870 2139 3915 tam
2179 3863 2405 3916 barbara
2431 3863 2580 3930 jussa
2627 3863 2965 3930 populorum,
3004 3878 3124 3931 qua:
3164 3876 3268 3916 non
3300 3860 3451 3916 reddi

1871 3952 1979 4008 ﬁlio
2004 3953 2181 4008 debita
2212 3961 2454 4007 materna
2489 3951 2755 4021 patiantur
2786 3968 2799 4003 :
2828 3950 3081 4021 quidquid
3108 3950 3161 4005 in
3202 3950 3332 4005 orbe
3356 3964 3454 4018 ge-

1870 4047 2037 4100 nitum
2062 4053 2163 4111 est,
2199 4045 2264 4099 ab
2295 4043 2627 4099 humanitate
2658 4058 2765 4097 non
2790 4041 3059 4112 discrepat
3084 4060 3098 4096 :
3123 4040 3376 4111 quidquid
3401 4040 3455 4095 in

1870 4138 2141 4194 mundana
2170 4138 2288 4193 luce
2316 4139 2570 4208 gignitur,
2606 4137 2809 4192 fructus
2834 4137 2968 4191 uteri
3002 4136 3226 4205 requirit
3262 4143 3318 4190 et
3353 4149 3456 4190 se—

1871 4229 2030 4286 minis
2056 4245 2069 4284 :
2096 4229 2209 4284 sola
2255 4228 2409 4283 nobis
2453 4242 2576 4281 cum
2623 4228 2832 4282 cunctis
2867 4226 3187 4281 animalibus
3216 4239 3377 4279 causa
3402 4232 3455 4280 et

1870 4320 2175 4375 sollicitudo
2227 4318 2527 4373 communis
2576 4327 2678 4373 est.
2727 4317 2889 4385 Cujus
2937 4316 3290 4371 aestimabitur
3336 4329 3458 4369 esse

1871 4429 2022 4469 mens
2051 4415 2136 4467 illa
2171 4413 2418 4478 feritatis,
2452 4427 2570 4481 qua:
2598 4426 2722 4480 erga
2747 4425 2929 4464 curam
2963 4408 3163 4463 sobolis
3189 4406 3456 4476 posterior

1872 4507 1938 4560 ab
1987 4503 2448 4560 irrationabilibus
2496 4502 2796 4555 invenitur?
2845 4498 3263 4555 Germanitatem
3312 4508 3457 4553 tuam

163 4597 378 4652 serviat
421 4595 696 4666 cupiditati
754 4598 894 4668 quod
950 4598 1112 4668 exigit
1153 4599 1234 4649 vis
1285 4596 1503 4650 amoris.
1562 4594 1768 4648 Idcirco
1802 4576 1847 4634 D
1878 4599 2098 4667 respicit
2130 4596 2351 4665 praefata
2392 4595 2753 4649 concinnatio.
2800 4592 2879 4647 Tu
2907 4592 3050 4647 unici
3078 4592 3239 4647 oblita
3271 4592 3459 4661 pigno-

161 4692 419 4744 animum
467 4704 629 4757 usque
663 4691 727 4743 ad
760 4689 1043 4745 domestici
1078 4689 1360 4760 perlatoris
1388 4684 1766 4756 opportunita-

162 4791 273 4837 tem
338 4782 411 4835 ab
463 4781 753 4850 scriptione
803 4782 1056 4851 suspendi
1101 4799 1113 4833 :
1157 4796 1224 4835 ne
1280 4779 1571 4848 diligentia:
1629 4779 1767 4831 ratio

160 4887 366 4941 Sparsa
391 4887 493 4940 per
514 4874 809 4927 immeritos
836 4873 1132 4941 perlatores
1156 4873 1329 4925 aliena
1359 4867 1767 4938 importunitate

160 4965 468 5030 ranciscat,
493 4975 545 5018 et
570 4964 634 5018 ad
660 4979 745 5018 me
767 4964 918 5033 culpa
949 4964 1135 5019 redeat
1162 4978 1279 5031 quzr:
1305 4978 1333 5016 a
1359 4976 1443 5016 me
1471 4976 1577 5015 non
1612 4975 1763 5013 sum-

156 5061 266 5129 psit
320 5056 628 5113 exordium.
659 5057 1045 5113 Necessitatem
1079 5072 1207 5127 ergo
1251 5057 1518 5125 procurati
1554 5052 1763 5108 silentii

229 5196 244 5225 ³
288 5190 627 5246 Humilitatis
664 5192 886 5260 fascibus
923 5190 1086 5259 lli-tce
1117 5191 1329 5260 propria
1363 5190 1476 5244 laus
1518 5188 1753 5244 Senarii.

154 5263 533 5317 Cassiodorus
563 5264 719 5330 epist.
749 5265 781 5317 4
808 5280 820 5314 :
848 5263 951 5318 Sed
980 5264 1088 5316 Itwc
1123 5264 1343 5331 amplius
1375 5262 1761 5314 commendabat

154 5334 467 5398 humilitas,
507 5350 619 5403 qui:
647 5344 751 5385 tam
793 5335 933 5386 clara
972 5351 1123 5400 quant
1152 5350 1269 5385 rara
1312 5342 1403 5384 est.
1452 5330 1655 5384 Novum
1693 5339 1766 5384 est

153 5407 298 5459 enim
336 5403 432 5456 sub
459 5420 628 5457 amore
653 5405 899 5473 principis
921 5405 1177 5457 custodire
1204 5403 1521 5455 modestiam.

227 5479 250 5506 ³
300 5472 659 5544 Αροιιιηανηί
693 5475 798 5528 Sex
866 5476 1106 5539 epistola:
1164 5483 1451 5541 sequentes
1506 5472 1764 5526 hactenus

151 5545 441 5601 ἀνέκδοτοι
485 5562 624 5598 nunc
654 5547 888 5612 primum
930 5548 980 5596 in
1016 5544 1187 5599 lucem
1233 5546 1429 5598 dantur
1460 5558 1528 5597 ex
1579 5559 1769 5595 manus

149 5619 416 5684 scriptis.
446 5616 524 5668 Ad
566 5615 1060 5684 Apollinarcinjani
1094 5617 1305 5683 scripsit
1337 5615 1425 5667 lib.
1456 5630 1492 5677 ι,
1526 5616 1684 5682 epist.
1710 5614 1765 5679 8,

151 5691 499 5763 scrilietque‘
532 5688 727 5739 iterum
763 5685 857 5763 lib.
894 5700 966 5751 tv,
1014 5685 1175 5755 epist.
1216 5686 1297 5753 19,
1335 5686 1383 5737 in
1417 5700 1517 5752 qua
1552 5690 1803 5763 lratrem.

153 5775 289 5813 cum
330 5758 531 5810 :unoris
556 5770 609 5812 et
641 5758 813 5810 relatis
840 5772 999 5809 causa
1036 5768 1211 5808 VOCJL

232 5830 255 5860 ³
292 5826 596 5899 Εειρνερὶιι’]
632 5828 945 5895 Expostulat
972 5844 1093 5881 cunt
1117 5844 1324 5891 sorore,
1352 5827 1491 5895 quod
1525 5825 1589 5879 ad
1617 5825 1774 5893 Lupi-

1876 4694 1969 4755 ris,
2002 4700 2056 4747 et
2085 4690 2487 4745 miserationem
2536 4683 2736 4750 orbati,
2778 4695 2832 4740 et
2874 4685 3176 4739 felicitatem
3218 4686 3333 4754 ejus
3371 4681 3455 4735 cui

1875 4792 2046 4838 mater
2073 4792 2347 4851 superest,
2378 4779 2665 4835 abstulisti.
2698 4779 2833 4834 Vere
2866 4777 3035 4831 fateor
3084 4777 3184 4831 sub
3213 4775 3459 4829 libertate

1875 4878 2153 4946 propositi,
2181 4876 2341 4929 modo
2375 4875 2607 4928 maxime
2636 4872 2849 4944 quando
2888 4871 2938 4926 ei
2974 4884 3004 4923 a
3037 4881 3087 4923 te
3117 4876 3173 4924 et
3198 4867 3457 4936 colloquia

1871 4972 2229 5039 denegantur,
2272 4983 2403 5037 pace
2450 4968 2559 5021 Deo
2593 4966 2826 5035 propitio
2858 4964 2996 5018 inter
3046 4959 3321 5030 regionum
3362 4974 3458 5012 nos

1878 5075 2111 5117 strarum
2158 5062 2403 5115 dominos
2453 5059 2597 5113 omni
2629 5058 2809 5111 radice
2845 5054 3089 5117 solidata,
3124 5050 3366 5121 tigridem
3409 5062 3461 5105 te

1876 5199 2055 5252 cinum
2109 5197 2273 5250 filium
2326 5194 2452 5248 nihil
2494 5194 2714 5259 scribat,
2761 5204 2887 5265 tunc
2937 5187 3189 5265 maxime,
3246 5184 3463 5265 quando

1879 5286 2010 5339 pace
2051 5270 2189 5339 inter
2218 5257 2806 5339 regionunrdoininos,
2855 5262 2977 5339 h_oc_
3002 5269 3084 5339 est
3128 5258 3266 5339 inter
3298 5257 3367 5335 Ita

1887 5329 2028 5394 unde
2056 5329 2321 5392 scribebat
2348 5334 2639 5398 Ennodius,
2664 5344 2721 5388 et
2744 5330 3031 5403 provincim
3052 5329 3378 5403 Arelatensis
3407 5329 3464 5374 in

1880 5393 1980 5477 qua
2012 5393 2261 5475 degebat
2300 5393 2637 5477 ,Euprepia,’
2680 5393 2949 5468 principes
3001 5400 3257 5474 ﬁrmatap
3296 5393 3464 5477 librera

1878 5462 2038 5534 erant
2064 5462 2134 5535 cf
2150 5480 2265 5533 sine
2300 5462 2624 5545 Suspicione
2647 5462 3315 5547 Ii'lterarum‘eomrnercia.
3359 5462 3463 5547 ᾖε-

1878 5534 2095 5618 gimium
2130 5565 2260 5618 ergo
2290 5534 2539 5602 dominos
2581 5547 2902 5618 interpretor
2932 5534 3462 5618 TIICOdCI’ICUIPhll't-

2002 5633 2055 5676 et
2082 5605 2471 5677 Gurrilobadum
2516 5605 2948 5684 Burgundionum
2982 5622 3184 5684 regem,
3205 5605 3300 5684 qui
3322 5605 3461 5684 ‘I’ro-

1878 5696 2065 5748 vincia!
2091 5710 2121 5745 ιι
2157 5708 2347 5756 magna
2380 5706 2443 5744 ex
2475 5678 3049 5759 partcvdominahatur,
3083 5678 3164 5731 vcl
3190 5679 3463 5730 Matii-tun

1883 5767 1965 5818 cui
1997 5765 2211 5832 parebat
2241 5763 2476 5817 Arelate.
