3998 6362
552 367 623 423 ss
1674 362 1942 421 ENNDDII
1985 361 2297 420 answer
2322 322 2694 420 nolumus
3396 316 3399 319 λ
3738 364 3806 420 at

554 476 883 533 immanitate
923 483 1223 546 superasse.
1266 474 1489 540 Quando
1531 475 1757 530 inveniri
1790 477 1979 543 potuit,
2024 483 2117 528 aut
2146 474 2198 535 Α
2226 489 2397 528 meam
2423 474 2740 543 pontilicalis
2766 489 2871 527 non
2902 470 3432 528 accuset‘auctoritas
3459 489 3469 524 :
3502 470 3589 527 vix
3621 479 3723 537 est“,
3747 482 3807 529 ut

551 567 690 634 quod
733 568 848 634 plus
890 581 1070 621 amare
1121 564 1291 635 possis
1340 580 1369 619 a
1414 565 1544 633 lilio,
1584 574 1674 620 aut
1715 575 1931 635 pr0pter
1958 565 2122 619 lilium

550 656 689 724 quod
733 655 1311 711 timereil'acultatum
1371 670 1500 710 cura
1545 656 1728 709 debuit
1774 654 2122 725 postliaberi:

549 748 671 813 quia
723 760 993 814 nunquam
1035 746 1174 802 bene
1203 746 1491 801 haereditas
1541 748 1760 815 quaesita
1790 756 1873 801 est
1914 747 2125 803 hzerede

546 848 875 905 contempto.
935 839 1077 894 Ecce
1113 839 1252 903 dico,
1304 841 1357 893 ni
1404 840 1542 894 Deus
1580 856 1673 907 per
1711 841 2123 895 sollicitudinem

549 940 723 979 tineam
750 928 889 981 servi
921 928 1004 982 sui
1050 928 1314 983 malivolis
1343 930 1656 993 obstitisset,
1700 932 1873 986 omnis
1913 930 2126 1000 generis

551 1017 625 1070 tui
658 1016 831 1072 fuerat
860 1020 1038 1089 planta
1079 1021 1308 1075 succisa.
1341 1020 1547 1074 Leaena:
1576 1021 1782 1076 catulos
1812 1022 1939 1076 tutis
1965 1021 2127 1076 silva-

549 1121 666 1162 rum
692 1117 782 1161 aut
810 1109 976 1163 eremi
1004 1109 1377 1164 commendant
1422 1110 1809 1178 penetralibus,
1844 1126 1913 1165 ne
1939 1121 2121 1179 partus

549 1212 734 1253 earum
759 1198 936 1268 prmd-a
960 1201 1029 1254 sit
1059 1199 1356 1255 hominum.
1394 1202 1545 1256 Dicas
1574 1203 1817 1267 forsitan,
1843 1201 1982 1271 quod
2012 1201 2129 1257 hate

550 1290 894 1357 exprobratio
933 1293 1167 1360 graviter
1210 1306 1295 1346 me
1328 1291 1469 1347 ferre
1505 1293 1787 1361 impactam
1830 1292 1897 1347 de
1944 1293 2127 1348 adole-

554 1390 739 1436 scente
765 1382 1029 1436 sarcinam
1061 1393 1342 1437 monstret.
1364 1382 1522 1437 Novit
1552 1384 1690 1439 Deus
1717 1383 1816 1438 hoc
1842 1383 2011 1438 solum
2044 1399 2127 1439 me

550 1472 744 1526 acerbe
774 1472 1003 1541 perpeti,
1035 1474 1174 1541 quod
1219 1483 1274 1528 et
1306 1474 1589 1543 prmsentia
1634 1482 1721 1528 tua
1752 1488 1931 1539 careo,
1962 1484 2014 1529 et
2044 1485 2125 1529 to»

554 1562 659 1616 tius
686 1571 738 1617 te
758 1577 854 1632 per
879 1563 1150 1618 silentium
1176 1565 1543 1620 immemorem
1570 1563 1868 1621 ali‘eetionis
1892 1580 2012 1621 esse
2038 1580 2129 1620 co-

460 1702 468 1707 .
551 1670 776 1726 guosco.
817 1658 1088 1714 Beneficio
1131 1667 1308 1713 tamen
1346 1659 1437 1714 Dei
1478 1668 1700 1727 paterna
1741 1673 1903 1728 puero
1943 1668 2128 1714 nostro

554 1761 664 1801 non
692 1746 987 1818 derogatur
1032 1749 1304 1804 instantia.
1353 1749 1675 1804 Imbuendus
1705 1748 2014 1805 liberalibus
2047 1748 2127 1803 di-

2228 566 2503 636 diligeutia
2544 566 2671 636 quid
2721 566 2857 633 juris
2895 565 3077 634 possit
3106 564 3305 619 habere
3346 564 3616 633 respiciat.
3658 564 3799 618 Nun-

2226 672 2386 725 quam
2414 670 2475 711 se
2509 656 2750 720 metitur,
2778 671 2938 725 quem
2964 655 3202 710 stimulat
3230 655 3468 710 caritatis
3496 657 3803 724 imperium.

2225 748 2451 804 Additur
2494 749 2651 818 quod
2683 747 2936 818 perlatori
2988 747 3331 817 praesentium
3378 747 3566 801 obvias
3612 760 3805 800 manus

2226 836 2482 892 adhibere
2528 853 2632 891 non
2668 837 2835 907 potui,
2878 837 2981 891 nisi
3028 844 3086 890 ut
3126 835 3475 904 Benenatum,
3525 835 3805 889 hominem

2226 929 2425 985 Gallias
2457 946 2552 999 pro
2598 930 2759 984 certis
2800 929 3027 999 negotiis
3074 936 3439 997 expetentexn,
3473 927 3539 981 ad
3581 939 3807 981 corona:

2224 1031 2417 1077 vestra:
2466 1020 2708 1076 notitiam
2740 1023 2841 1076 mei
2885 1021 3233 1090 perducerem
3280 1017 3544 1074 sermonis
3572 1018 3801 1073 ofﬁcio:

2224 1126 2382 1182 quem
2406 1120 2513 1165 tota
2551 1111 2851 1166 humilitate
2880 1109 3288 1174 commendans,
3320 1125 3451 1179 rogo
3473 1118 3530 1163 ut
3549 1124 3645 1179 per
3674 1123 3805 1165 eum

2227 1201 2442 1257 vivariis
2470 1201 2693 1256 relevari
2734 1216 2989 1270 procurer
3023 1199 3292 1269 alloquiis.
3330 1200 3552 1253 Domine
3586 1200 3680 1263 mi,
3711 1214 3807 1252 sa-

2225 1293 2498 1349 lutationis
2526 1294 2835 1349 servitutem
2859 1300 2967 1347 tota
2994 1292 3279 1347 devotione
3307 1293 3616 1361 persolvens
3639 1305 3806 1360 spero

2227 1384 2465 1454 principe
2490 1384 2629 1448 loco,
2668 1392 2726 1437 ut
2762 1398 2977 1453 precum
3020 1392 3320 1436 vestrarum
3371 1382 3633 1436 serenitas
3663 1395 3805 1435 mea;

2225 1489 2437 1544 quoque
2474 1474 2796 1529 mentionem
2844 1487 2949 1527 non
2981 1474 3195 1527 omittat
3222 1471 3421 1537 facere,
3457 1486 3577 1525 cum
3607 1469 3806 1525 divini-

2229 1565 2322 1619 tati
2354 1564 2630 1633 supplicat
2653 1564 2770 1618 sine
2803 1562 3219 1628 intermissione,
3252 1573 3512 1630 persona.

2730 1653 3061 1709 EPISTOLA
3111 1652 3297 1708 XVIII.

2578 1759 2834 1802 assensus
2858 1746 2884 1776 θ’
2902 1759 3129 1800 annuo
3167 1758 3431 1799 EPISCOPO.

554 1838 797 1906 sciplinis
832 1839 994 1895 limen
1025 1840 1316 1895 nobilitatis
1358 1840 1629 1908 ingressus
1656 1848 1755 1895 est.
1789 1839 1961 1909 Ipsam
1991 1854 2121 1910 quo-
2153 1822 2198 1883 Β
2297 1838 2373 1893 Ad
2405 1849 2659 1906 quantum
2707 1854 2793 1893 me
2826 1836 3093 1906 fastigium
3124 1836 3431 1905 perduxerit
3456 1834 3652 1889 donum
3696 1834 3805 1903 spi-

551 1941 657 1995 que
680 1927 745 1982 ad
776 1937 827 1983 te
851 1930 865 1959 '
897 1929 1185 1984 dictionem
1229 1945 1331 1998 qua
1379 1929 1783 1984 commendatus
1813 1939 1915 1993 cst,
1958 1930 2124 1984 desti-

549 2019 670 2071 navi
700 2035 715 2072 :
746 2018 799 2072 in
836 2035 933 2085 qua
968 2034 1071 2074 non
1110 2021 1489 2089 eloquentiam,
1530 2020 1623 2074 sed
1658 2030 1776 2073 vota
1809 2033 2120 2088 cognoscas.

556 2107 686 2163 Vale
719 2124 871 2179 ergo,
917 2112 990 2163 mi
1020 2112 1255 2175 domina,
1298 2122 1352 2165 et
1390 2113 1435 2166 si
1469 2112 1579 2166 lieri
1611 2122 1808 2181 potest,
1841 2113 2035 2167 nostris
2076 2122 2125 2168 te

550 2212 669 2254 cum
701 2199 794 2254 Dei
823 2201 1161 2255 ordinatione
1199 2201 1363 2256 redde
1396 2204 1794 2271 eonspectibus.

1078 2292 1411 2348 EPISTULA
1454 2294 1589 2346 XVI.

1046 2378 1303 2417 eummith
1333 2366 1351 2393 ²
1380 2378 1625 2418 LACONIO.

620 2437 718 2492 Diu
746 2449 829 2494 est
861 2439 1002 2509 quod
1041 2441 1249 2494 animus
1295 2456 1445 2496 meus
1478 2443 1565 2496 illa
1595 2457 1695 2511 qua
1746 2442 1952 2497 solebat
1989 2442 2125 2497 rele-

550 2529 684 2594 vari,
726 2531 1130 2599 exspectatione
1173 2542 1469 2600 torquetur.
1517 2531 1573 2585 In
1625 2533 1837 2601 longum
1884 2533 2123 2588 traxistis

549 2620 783 2689 silentia,
828 2621 971 2676 nulla
1016 2623 1333 2677 necessitate
1369 2625 1649 2693 compulsi.
1697 2625 1813 2678 Non
1846 2625 1919 2678 lui
1967 2626 2124 2694 hujus

548 2711 784 2766 imitator
824 2714 1179 2783 negligentia,
1223 2725 1279 2768 ut
1328 2730 1443 2769 mea
1487 2729 1585 2784 ego
1633 2716 1830 2785 scripta
1866 2731 2124 2785 proroga-

551 2819 665 2858 rem
692 2822 705 2858 :
739 2805 833 2860 sed
862 2806 927 2861 ad
958 2807 1075 2863 dies
1105 2809 1357 2875 conticui,
1401 2811 1781 2878 superventuri
1811 2825 1907 2879 spe
1936 2811 2125 2865 illusus

548 2895 788 2965 alloquii.
817 2897 966 2952 Nunc
992 2907 1171 2953 tamen
1200 2901 1330 2954 vicit
1353 2900 1791 2955 deliberationem
1817 2916 1984 2955 meam
2013 2901 2121 2970 jam

548 2996 755 3042 matura
785 2989 1148 3057 amplitudinis
1172 3000 1363 3045 vestrae
1390 2992 1746 3045 taciturnitas.
1774 2991 1942 3045 Debet
1965 2989 2122 3044 evelli

548 3078 840 3147 silentium,
872 3083 1011 3150 quod
1040 3082 1244 3137 duriter
1274 3082 1326 3135 in
1358 3084 1586 3151 quadam
1619 3084 1797 3137 radice
1827 3083 2119 3138 convaluit.

550 3168 788 3223 Geminis
817 3185 945 3238 ergo
973 3172 1299 3240 irospiciunt
1320 3173 1515 3241 scripta
1543 3184 1720 3228 nostra
1750 3175 2116 3243 compendiis:
2149 3175 2195 3238 C

551 3268 605 3313 et
639 3260 957 3328 perlatorem
980 3261 1000 3292 ³
1032 3262 1358 3317 Benenatum
1388 3263 1657 3318 hominem
1684 3263 1703 3293 "
1729 3274 1947 3333 pr0pter
1975 3265 2123 3334 luga-

551 3364 645 3403 ces
697 3364 825 3404 suos
876 3352 1178 3407 venientem
1230 3352 1570 3418 commendo,
1628 3364 1681 3408 et
1732 3354 2121 3410 desideriorum

544 3440 694 3496 bona
723 3457 829 3497 non
855 3442 1063 3497 dilTero.
1100 3444 1237 3513 Ergo
1262 3444 1400 3510 vale,
1433 3445 1503 3497 mi
1528 3444 1764 3508 domine,
1797 3455 1850 3498 et
1881 3460 1975 3515 pro
1998 3456 2124 3499 voto

555 3540 646 3585 tuo
675 3532 816 3587 circa
849 3548 934 3588 me
962 3534 1074 3604 geri
1092 3536 1358 3603 prospera
1398 3548 1750 3605 cognoscens,
1788 3536 2007 3604 paribus
2038 3552 2123 3591 me

553 3621 739 3677 attolle
769 3624 1105 3680 sermonibus
1136 3642 1151 3680 :
1181 3626 1432 3696 quatinus
1475 3636 1527 3681 et
1569 3627 1800 3696 perlator
1830 3628 1897 3682 de
1927 3628 2125 3684 beneli-

554 3716 639 3771 ἐῑο
667 3716 917 3786 gaudeat,
942 3725 997 3773 et
1027 3734 1133 3788 ego
1165 3719 1414 3774 sublever
1441 3719 1506 3774 de
1537 3734 1814 3788 responso.

1073 3811 1401 3865 EPISTULA
1446 3811 1610 3866 XVII.

890 3897 1146 3936 ENNODIUS
1169 3883 1188 3912 ³
1212 3898 1488 3936 srsruano
1528 3897 1793 3936 smscoro.

570 3978 573 3983 ·
626 3957 913 4029 Postquam
962 3963 1170 4016 meritis
1200 3963 1389 4017 vestris
1415 3962 1644 4031 dignitas
1673 3971 1847 4017 vestra
1879 3964 2123 4018 restituta

554 4059 659 4115 est,
688 4061 742 4105 et
766 4053 937 4106 honor
959 4068 1114 4122 quem
1137 4053 1300 4123 exigit
1330 4054 1457 4115 vita,
1490 4054 1737 4120 collatus,
1778 4053 1921 4109 nulla
1963 4055 2128 4109 beati-

558 4142 761 4195 tudinis
800 4153 991 4196 vestra:
1045 4159 1141 4212 pro
1195 4146 1426 4212 peccatis
1480 4146 1612 4199 meis
1650 4145 1847 4212 scripta
1893 4148 2123 4218 suscepi;
2211 4175 2224 4187 -

558 4230 746 4286 Aliena
788 4242 871 4287 est
899 4249 926 4286 a
970 4236 1242 4303 pr0posito
1272 4238 1358 4289 vel
1400 4250 1429 4289 a
1481 4236 1721 4290 moribus
1753 4238 1946 4292 vestris
1986 4238 2128 4293 circa

559 4321 843 4391 supplices,
876 4340 994 4395 qua:
1027 4325 1080 4379 in
1112 4338 1198 4380 me
1220 4334 1465 4379 servatur
1490 4324 1713 4381 oblivio.
1747 4326 2127 4383 Temeritatem

633 4456 648 4485 ⁸
677 4455 956 4511 Dictionem
978 4476 1077 4527 qua
1098 4460 1360 4514 commend
1379 4458 1500 4530 ilus]
1534 4460 1901 4519 Praefationem
1930 4463 2126 4519 dictam

563 4525 1300 4624 Eppi‘cl‘i:ipl,‘quesecundum
1334 4525 1508 4585 locum
1542 4531 1747 4587 obtinet
1775 4533 1916 4589 inter
1941 4535 2130 4589 dictio-
2162 4565 2215 4624 θ

563 4611 658 4650 nes
683 4598 1049 4653 scholasticas.

633 4667 652 4695 ³
684 4665 934 4741 Laconia]
970 4668 1282 4741 Gundebadi
1332 4670 1855 4741 regisrconsiliario,
1899 4682 1953 4728 et
1984 4674 2135 4729 velut

564 4738 851 4811 (ιιέιςηδεοτί.Δ
872 4739 991 4811 viro
1028 4738 1191 4794 nobili
1223 4756 1285 4795 ac
1324 4738 1429 4811 pio.
1476 4740 1532 4795 In
1565 4740 1677 4795 Vita
1712 4743 1990 4811 Epipltanii
2022 4762 2034 4796 :
2066 4746 2131 4797 A1

565 4806 675 4870 ille,
700 4807 1082 4875 Gtmtlobadus,
1117 4822 1289 4863 vocate
1312 4810 1557 4875 Laconia,
1584 4815 1665 4864 cui
1688 4825 1733 4866 et
1756 4806 1924 4866 rerum
1950 4825 1997 4867 et
2026 4832 2134 4867 ver-

566 4877 740 4928 borum
771 4877 895 4954 ﬁdes
920 4879 981 4930 ab
1009 4881 1099 4954 illo
1132 4897 1329 4950 semper
1361 4892 1466 4933 tuto
1489 4883 1733 4937 mandata
1762 4895 1835 4937 est
1868 4899 1886 4937 :
1915 4901 2060 4954 quem
2089 4896 2135 4939 et

567 4950 899 5024 prterogatiua
925 4951 1197 5024 natalium,
1224 4962 1271 5003 et
1298 4968 1509 5004 ararum
1533 4955 1735 5007 curules
1762 4971 1851 5021 per
1880 4950 2141 5024 magistra:

568 5018 830 5094 probitatis
855 5019 1076 5094 insignia
1096 5022 1433 5094 aublimaruut
1464 5036 1481 5094 .'
1504 5038 1616 5074 cum
1637 5040 1737 5090 quo
1762 5018 1985 5091 confert:
2009 5042 2136 5094 quo-

568 5088 658 5139 ties
687 5087 770 5155 pia
795 5099 841 5139 et
866 5087 991 5142 sicut
1016 5108 1114 5142 non
1136 5102 1340 5143 ealcum
1371 5093 1502 5145 vitiis
1532 5087 1725 5145 sociata
1758 5087 2136 5158 nobilitas,'uec

567 5157 866 5233 astringitur
897 5162 963 5233 ad
991 5160 1247 5233 illecebras
1272 5162 1360 5233 lux
1394 5172 1612 5223 naturas.
1651 5165 1695 5215 si
1719 5165 1842 5233 quid
1880 5166 1967 5219 ille
1993 5157 2135 5219 beni-

567 5244 663 5299 gne
689 5227 857 5299 [acere
884 5231 1117 5295 valuerit,
1151 5232 1241 5284 iste
1269 5231 1503 5286 hortatur
1529 5227 1822 5290 adhibitisz

641 5296 660 5326 ³
691 5297 1129 5372 Benenatuml‘lle
1166 5318 1273 5372 quo
1311 5314 1366 5357 et
1410 5305 1565 5369 epist.
1617 5307 1883 5372 sequenti,
1935 5315 1988 5360 et
2033 5306 2137 5359 lor-

570 5382 710 5425 tnssc
736 5371 874 5436 apud
898 5369 1141 5424 Cassiod.
1164 5371 1253 5425 Iih.
1280 5388 1331 5426 tv
1356 5375 1511 5441 epiSt.
1554 5374 1633 5427 15.
1660 5369 1735 5427 Ad
1764 5391 1879 5429 eam
1911 5377 2133 5430 formam

571 5457 763 5495 nomen
790 5440 1045 5513 ellictuttr.
1075 5457 1175 5510 qun
1207 5440 1498 5513 Seronatus
1526 5444 1664 5513 apud
1707 5445 2004 5509 Sidonium,
2048 5448 2133 5500 Ci-

574 5523 694 5583 tnna
724 5530 786 5565 us
834 5512 972 5581 apud
1003 5511 1315 5583 Gregorium
1365 5511 1627 5578 lllagnum,
1672 5524 1727 5567 et
1772 5518 1870 5570 alia
1916 5518 2133 5583 passim.

575 5581 911 5647 Epitaphium
970 5583 1152 5635 Romae
1217 5582 1482 5652 δίγλωττον
1534 5585 1788 5652 Lupicino
1842 5581 2137 5642 etIJoviuo

574 5668 712 5715 (oss.
744 5655 892 5723 cuius
936 5655 1047 5706 lucc
1080 5654 1253 5720 portio
1282 5672 1293 5703 :

646 5734 717 5775 ev
754 5722 954 5778 mensa
994 5722 1221 5780 Ascua"
1264 5734 1600 5780 iarzveivxror:

647 5803 912 5852 ΘΕΟΘΙΛΑ
954 5802 967 5817 ⁸
1010 5804 1265 5852 EIIOIHCA
1304 5806 1545 5852 ΟΥΜΒΙΩ.

2227 1928 2399 1985 ritalis
2431 1930 2673 1999 alloquii,
2698 1928 2939 1999 angustia
2972 1937 3277 1991 lestuetur,
3305 1928 3349 1981 si
3384 1942 3632 1982 sermone
3655 1928 3805 1982 vale-

2227 2030 2309 2075 ret
2350 2021 2560 2075 ambiri.
2613 2021 2692 2074 Ad
2737 2019 2878 2089 quod
2929 2018 3284 2073 enarrandum
3328 2018 3520 2072 idonea
3568 2034 3675 2072 non
3717 2027 3806 2073 est

2227 2114 2420 2166 mentis
2461 2111 2696 2177 exilitas,
2746 2125 2845 2164 nec
2874 2109 3077 2164 sufficit
3107 2109 3216 2163 oris
3244 2118 3476 2177 egestas.
3520 2106 3626 2161 Vos
3655 2109 3803 2162 enim

2227 2204 2329 2258 mei
2362 2217 2627 2257 memores
2653 2202 2924 2256 exstitisse
2946 2199 3072 2270 quid
3102 2200 3243 2254 aliud
3266 2198 3604 2267 computabo,
3636 2213 3804 2267 quam

2226 2306 2441 2364 peccata
2465 2294 2744 2363 superari?
2774 2294 3026 2347 Memoria
3055 2292 3215 2347 vestri
3239 2306 3399 2346 omne
3419 2291 3557 2358 quod
3585 2299 3804 2344 actuum

2226 2387 2526 2441 obscenitas
2557 2386 2725 2453 potuit
2755 2384 3079 2447 ministrare,
3114 2382 3223 2451 jam
3256 2381 3484 2450 depulit,
3511 2389 3565 2435 et
3592 2395 3685 2448 per
3713 2397 3807 2434 su-

2225 2476 2350 2530 dum
2394 2476 2657 2543 respicere
2702 2487 2990 2541 supernum
3041 2488 3233 2525 munus
3284 2471 3524 2524 indulsit.
3574 2471 3806 2526 Domine

2227 2567 2321 2630 mi,
2354 2565 2689 2621 salutationis
2720 2564 2973 2633 obsequia
2996 2564 3246 2617 decenter
3273 2561 3603 2629 impertiens,
3634 2560 3806 2615 Deum

2227 2671 2377 2725 rogo,
2425 2664 2480 2709 ut
2519 2656 2661 2710 circa
2695 2656 3004 2723 parvitatem
3049 2667 3223 2707 meam
3266 2652 3353 2705 illa
3392 2650 3566 2703 anima
3600 2652 3653 2704 in
3699 2668 3804 2719 qua

2226 2764 2386 2804 omne
2425 2747 2566 2817 quod
2624 2747 2764 2801 Deus
2813 2745 3050 2811 mandat,
3109 2742 3387 2807 exuberat,
3436 2741 3805 2811 dignationem

2228 2837 2513 2907 pollicitam
2538 2837 2655 2891 sine
2681 2836 2858 2904 aliqua
2888 2842 3140 2904 procuret
3163 2832 3533 2887 imminutione
3557 2846 3805 2887 servare.

2227 2930 2393 2997 Quam
2422 2944 2533 2984 rem
2576 2944 2637 2983 ex
2671 2928 2894 2982 arbitrio
2923 2926 3054 2981 mihi
3081 2927 3412 2996 contingere,
3444 2924 3806 2996 frequentium

2227 3022 2495 3077 declarato
2519 3020 2826 3076 testimonio
2857 3020 3179 3074 litterarum.

2758 3108 3087 3164 EPISTULA
3125 3106 3267 3162 XIX.

2749 3217 3004 3257 ENNODIUS
3045 3216 3267 3256 FAUSTO.

2298 3294 2407 3351 Deo
2435 3293 2653 3363 gratias,
2687 3294 2775 3364 qui
2804 3292 2952 3363 juxta
2981 3291 3267 3357 desideria,
3300 3306 3371 3346 ne
3408 3289 3701 3360 aliquando
3734 3290 3804 3345 ab

2226 3388 2516 3457 scriptione
2547 3396 2862 3457 temperem,
2895 3384 3170 3454 negotiosa
3201 3382 3469 3439 facit'essc
3496 3382 3763 3451 colloquia
3789 3398 3804 3433 :

2227 3486 2401 3547 potest
2448 3477 2592 3531 enim
2649 3484 2705 3531 et
2753 3473 2964 3530 utilitati
3011 3472 3285 3544 prodesse,
3329 3472 3469 3543 quod
3518 3472 3683 3541 exigit
3716 3472 3808 3541 jus

2228 3569 2446 3623 amoris.
2496 3566 2751 3633 Proinde,
2794 3566 3035 3632 domine,
3079 3565 3271 3619 indicia
3312 3579 3446 3618 mete
3483 3563 3809 3617 valetudinis

2226 3658 2451 3736 faciens,
2487 3656 2728 3726 lngacem
2754 3670 2975 3726 puerum
3006 3665 3261 3724 vestrum,
3290 3654 3614 3711 Germanum
3645 3667 3809 3708 voca-

2229 3750 2376 3814 bulo,
2408 3749 2495 3819 qui
2524 3758 2648 3803 ante
2671 3748 2957 3802 triennium
2991 3747 3168 3816 lapsus
3202 3757 3304 3813 est,
3337 3762 3421 3801 me
3446 3762 3506 3801 su
3540 3746 3605 3815 pii
3626 3760 3690 3800 or
3722 3745 3811 3798 in-

2229 3841 2470 3906 venisse;
2516 3839 2584 3895 de
2626 3854 2732 3909 quo
2785 3838 3078 3894 indiculum
3125 3838 3429 3894 destinavi:
3461 3836 3552 3908 qui
3590 3838 3635 3892 si
3681 3851 3813 3893 vere

2228 3944 2409 3991 vester
2427 3943 2531 4001 est,
2562 3944 2769 3988 mature
2789 3931 3063 4002 sequenda
3102 3945 3446 4001 cognoscam.

2768 4021 3104 4078 EPISTOLA
3144 4020 3262 4075 XX.

2758 4126 2955 4166 μυετο
2995 4125 3269 4165 ENNODIUS.

2302 4203 2617 4274 Multiplici!)
2633 4218 2694 4258 us
2735 4204 3068 4259 veneratoris
3109 4202 3509 4258 vestri’alliuis
3549 4202 3680 4265 mei,
3722 4201 3817 4256 Ju~

2234 4299 2360 4354 liani
2414 4298 2683 4367 negotium
2731 4296 3020 4351 Marcellini
3068 4296 3272 4351 laborat
3319 4294 3569 4350 insidiis:
3601 4293 3711 4363 qui
3749 4294 3819 4351 ad

2233 4393 2502 4464 querelam
2533 4389 2895 4446 tantummodo
2925 4398 3159 4460 paratus,
3187 4387 3466 4457 de-judicii
3498 4386 3818 4456 integritate

2310 4527 2670 4599 BENENATO
2727 4525 3071 4599 “mortem
3135 4526 3335 4599 FEGIT
3382 4523 3589 4580 UXOR-
3634 4523 3822 4599 eius.

2314 4599 2335 4629 ⁸
2367 4594 2582 4667 Pr0pter
2607 4602 2811 4668 fugaces
2844 4595 2985 4666 suos]
3011 4596 3209 4651 Servos
3240 4596 3357 4665 fuga
3383 4599 3592 4668 elapsos
3611 4665 3621 4668 Α
3643 4594 3823 4668 Epist.

2246 4665 2616 4736 I9:_fugacenr
2644 4665 2839 4721 seri-um
2878 4665 3114 4731 vestrum,
3157 4668 3245 4736 qui
3283 4677 3400 4736 ante
3439 4665 3826 4736 trienniumila-

2242 4732 2497 4808 panicii.
2545 4739 2805 4806 Fugacem
2850 4732 3190 4808 servumgpro
3230 4735 3446 4808 fugitivo
3484 4732 3851 4808 dix_i_t~etiam~

2244 4803 2508 4862 Ilonorius
2539 4803 2667 4876 imp.
2711 4808 2812 4876 leg.
2847 4807 2879 4861 8
2906 4806 3027 4861 cod.
3061 4803 3378 4861 Tlieod..'de
3413 4804 3849 4874 iurisdictione,-

2245 4890 2299 4933 et
2330 4879 2552 4947 Gregor.
2581 4878 2781 4932 Turou.
2812 4877 3004 4947 lilnvt,
3032 4892 3155 4947 cap.
3179 4878 3268 4931 5i.

2319 4950 2339 4980 ⁸
2369 4942 2629 5018 διὲριιαηο
2670 4945 2922 5018 episcOpo]
2954 4942 3372 5018 Haud'tlubium,
3403 4945 3529 5018 quin
3562 4942 3828 5018 Ecclesia)

2248 5014 2638 5087 Lugdunensis,
2673 5018 2759 5070 ubi
2792 5014 3157 5083 et~.Laconitts,
3180 5016 3245 5069 ad
3277 5015 3523 5087 quamde
3542 5014 3740 5087 eadem
3771 5030 3853 5069 IO‘

2245 5084 2481 5157 scripsit.
2519 5090 2664 5141 llanc
2696 5088 2855 5153 igitur
2883 5087 3105 5154 gratiam
3147 5086 3389 5141 Ennodio
3434 5084 3830 5152 Lugdunenses

2243 5158 2463 5220 debent,
2495 5158 2635 5228 quod
2682 5158 2915 5225 episcopi
2956 5158 3039 5211 sui
3096 5157 3428 5218 memoriam,
3477 5169 3595 5228 qua:
3641 5157 3831 5207 tennis

2244 5229 2383 5291 apud
2413 5226 2556 5297 ipsos
2581 5237 2636 5281 et
2666 5230 2891 5281 obscura
2918 5229 3174 5291 restabat,
3217 5230 3314 5281 hac
3344 5226 3567 5295 epistola
3598 5238 3832 5278 conscr-

2254 5310 2426 5353 vatam
2456 5299 2655 5352 vident.

2317 5370 2336 5397 “
2367 5368 2575 5422 Eulalia
2596 5366 2851 5434 epist-apo]
2888 5366 3018 5421 Vide
3055 5383 3119 5420 an
3148 5366 3511 5437 Syracusano,
3540 5364 3641 5437 qui
3661 5381 3833 5437 synn-

2244 5438 2327 5493 dis
2356 5441 2559 5508 aliquot
2588 5438 2891 5508 Symmachi
2926 5453 3073 5505 papae
3101 5436 3379 5508 interluit:
3411 5445 3465 5508 et
3495 5436 3677 5508 multis
3714 5436 3834 5486 Ian.

2245 5505 2645 5562 dilmsornatur
2672 5507 2870 5560 inVita
2904 5508 2963 5561 S.
2999 5508 3282 5576 Fulgentii.
3334 5507 3453 5576 Sed,
3482 5505 3831 5571 Ιίονὶτρηιυςι,

2248 5589 2304 5632 ut
2347 5581 2478 5630 alios
2509 5581 2683 5631 etiam.
2719 5578 2963 5631 habuerit
3009 5574 3139 5632 aztas
3179 5574 3563 5645 illa-ejusdem
3590 5576 3833 5627 nominis

2248 5649 2546 5719 episcopos.

2242 5718 2252 5727 '
2321 5739 2339 5766 "
2362 5737 2533 5804 Affinis
2557 5737 2651 5787 mri
2679 5736 2896 5805 Juliani|
2922 5736 2997 5790 .-\t|
3029 5751 3185 5804 quem
3218 5735 3307 5787 lil).
3340 5751 3412 5797 tv,
3438 5735 3593 5801 epist.
3624 5734 3673 5785 7.

2316 5806 2330 5825 ⁸
2358 5824 2501 5856 cson.
2523 5809 2537 5866 j
2559 5808 2637 5855 Sic
2663 5809 2804 5857 editzo
2825 5809 2967 5856 Sirm;
2998 5807 3139 5855 Forte
3163 5807 3528 5857 rescritemlum
3548 5821 3689 5855 omo.
