3998 6362
202 364 271 424 63
1450 364 1923 428 EPISTOLARUM
1963 369 2090 425 LIB.
2132 369 2215 424 lll.
3397 369 3467 424 ss

198 476 387 535 diuidit
410 496 427 535 :
454 478 589 534 vitat
614 496 736 551 qua:
759 489 905 551 optat
932 482 1198 537 examina.
1228 482 1356 537 Nam
1382 496 1659 554 postquam
1685 501 1774 540 ne-
1805 487 1850 545 Α
1880 485 2053 537 standi
2094 499 2211 538 mos
2241 493 2342 543 est,
2393 483 2644 538 tarditate
2688 480 2969 553 depretiat.
3012 484 3264 555 Virgilius
3296 486 3464 539 subli-

200 573 320 626 scio
347 570 491 640 quod
520 581 853 643 praceptum
896 573 963 627 ad
993 572 1241 629 chicam
1277 575 1582 630 exhibuisse
1610 577 1787 646 perhi-

202 662 377 727 betur,
431 662 727 730 przdictus
771 664 994 733 supplex
1043 674 1221 719 vester
1263 664 1329 723 ad
1370 664 1785 721 Mediolanensis

201 751 301 805 fori
342 751 675 807 audientiam
717 769 839 808 mox
888 754 1179 821 concurrit,
1230 762 1283 809 et
1313 771 1411 824 per
1439 755 1649 826 triginta
1695 765 1787 811 aut

198 841 556 910 quadraginta
615 841 732 897 dies
784 843 1123 913 prmseotiam
1170 858 1320 898 suam
1369 844 1603 913 publico,
1648 848 1786 901 sicut

198 946 319 999 opm
337 932 507 997 tebat,
558 932 781 998 ingessit
818 933 1036 1003 judicis.
1082 933 1425 991 Contestatus
1477 948 1558 992 est
1610 938 1783 1007 ipsum

199 1020 348 1075 Gevit
368 1036 481 1085 am,
527 1023 618 1089 qui
650 1024 664 1054 ¹
692 1024 967 1079 ordinatus
1007 1026 1352 1081 asserebatur
1396 1029 1657 1098 impulsor
1688 1047 1702 1083 :
1728 1039 1786 1084 ut

200 1121 510 1180 susceptum
552 1126 709 1167 suum
753 1113 819 1167 ad
862 1114 1060 1183 judicia
1105 1115 1429 1181 destinaret,
1482 1119 1779 1174 admonuit.

204 1202 467 1257 Domuum
521 1219 737 1273 quoque
785 1205 1232 1271 Trasemundum,
1286 1207 1423 1261 sicut
1478 1222 1544 1263 ex
1590 1211 1783 1265 litteris

200 1294 367 1361 ipsius
398 1294 647 1362 poteritis
667 1309 979 1365 agnoscere,
1014 1296 1141 1351 fecit
1169 1298 1327 1353 scire.
1350 1298 1455 1354 Sed
1486 1300 1779 1368 niltilapud

199 1398 320 1439 eum
351 1384 575 1453 profuit,
620 1386 703 1440 cui
727 1386 859 1441 sola:
887 1387 1102 1442 latebra:
1141 1389 1193 1442 in
1237 1402 1400 1443 causa
1438 1393 1632 1445 misera
1667 1407 1783 1461 pos-

197 1486 326 1531 sunt
360 1492 487 1533 esse
516 1478 774 1533 remedio.
823 1478 927 1534 Pro
953 1495 1058 1549 quo
1106 1496 1256 1551 rogo,
1286 1498 1586 1553 quanquam
1638 1488 1779 1554 apud

197 1581 294 1621 vos
328 1568 583 1636 precibus
610 1582 747 1637 epns
784 1583 891 1623 nou
922 1580 1026 1637 est,
1069 1569 1371 1642 ubicunque
1400 1573 1595 1629 veritas
1623 1575 1781 1629 inno-

198 1655 377 1721 tescit,
407 1657 532 1725 quia
554 1658 733 1711 omnia
772 1657 927 1727 hujus
973 1660 1049 1713 rei
1078 1660 1432 1716 instrumenta
1461 1665 1777 1728 transmisit,

195 1761 252 1804 ut
278 1751 625 1807 ordinati-tne
656 1760 835 1807 vestra
864 1753 933 1807 ab
955 1753 1259 1822 liujusmodi
1293 1756 1548 1810 molestiis
1577 1756 1779 1812 efﬁcia-

1890 574 1991 629 tnis
2021 576 2120 641 vir,
2155 582 2261 627 tam
2307 574 2564 642 sanguine
2603 588 2759 642 quam
2810 574 3088 629 honestate
3137 577 3460 643 praecipuas,

1886 663 2085 733 imponi
2118 666 2215 719 sibi
2248 663 2315 718 ab
2345 664 2534 718 illustri
2566 664 2682 717 viro
2717 678 2991 718 sacrarum
3018 668 3213 718 comite
3251 665 3465 718 Raven-

1887 770 2008 807 nam
2031 754 2350 807 cxcurrendi
2377 753 2749 806 necessitatem
2776 753 3059 821 plurimum
3092 754 3287 808 deﬂet:
3314 755 3466 820 cujus

1884 842 1930 897 si
1972 841 2072 895 hoc
2105 842 2361 896 baberent
2387 840 2673 905 desideria,
2702 842 2889 895 obvias
2918 857 3106 897 manus
3149 853 3278 897 aetas
3314 842 3466 895 alfer-

1884 944 1986 988 ret.
2016 934 2113 1000 Qui
2139 934 2279 1002 apud
2304 947 2398 987 vos
2431 948 2514 987 me
2543 943 2827 1003 precatore
2870 935 3057 1000 utitur,
3097 944 3155 988 ttt
3181 938 3247 989 ab
3271 950 3338 989 eo
3362 936 3464 988 hu-

1880 1023 2113 1093 jusmodi
2144 1026 2353 1079 sarcina
2390 1024 2483 1077 ﬁat
2510 1025 2683 1079 aliena
2713 1043 2725 1078 :
2758 1024 3109 1079 relationibus
3131 1026 3457 1095 frequenter,

1884 1115 2011 1183 quid
2037 1118 2208 1185 egerit
2248 1117 2558 1172 instructam
2592 1116 2831 1186 praedicti
2856 1117 3093 1185 suggerit
3120 1126 3459 1187 potestatem.

1889 1204 2131 1273 Domine,
2156 1207 2416 1260 honorem
2441 1208 2705 1261 salutandi
2729 1208 2993 1262 exhibens
3018 1223 3229 1277 precor,
3255 1217 3313 1261 ut
3332 1223 3461 1263 con-

1883 1295 2207 1350 sideratione
2241 1297 2346 1351 mei
2378 1298 2431 1351 in
2475 1298 2838 1351 testimonium
2889 1297 3180 1368 diligentia:
3220 1298 3460 1368 postula-

1883 1388 1951 1443 tis
1981 1387 2136 1443 detur
2163 1387 2409 1443 etfeetus.

2376 1526 2707 1582 EPISTOLA
2746 1525 2935 1581 XXIV.

2357 1656 2609 1695 ENNODIUS
2650 1655 2966 1695 IAFCATORI.

1950 1750 2097 1805 Novo
2128 1767 2212 1807 me
2236 1752 2393 1823 genio
2420 1753 2647 1806 infucata
2682 1754 2915 1821 pectoris
2945 1753 3106 1807 vestri
3138 1752 3349 1807 ornavit
3368 1751 3458 1808 di-

195 1853 284 1897 tur
312 1843 549 1898 alienus.
575 1843 813 1908 Domine,
857 1844 1196 1900 salutationis
1233 1846 1487 1916 obsequia
1526 1847 1776 1903 deferens
1806 1852 1853 1912 Β
1881 1839 2094 1921 "gentia
2126 1859 2137 1895 ε
2172 1843 2333 1897 eliCili
2367 1852 2486 1896 ιιιοι·
2518 1843 2639 1912 styli
2674 1842 3004 1909 testimoniO,
3039 1846 3128 1912 qui
3160 1845 3331 1898 doctis
3371 1860 3458 1899 su-

196 1947 382 2001 spero,
431 1942 546 1987 uta
590 1935 845 2003 praedicto
889 1937 1308 2005 inquietudinem
1355 1940 1642 2002 removeri,
1675 1955 1775 2008 qua

195 2024 383 2079 soletis
410 2040 538 2079 cura
576 2026 810 2092 faciatis,
836 2038 892 2081 et
923 2041 1094 2081 meam
1129 2028 1542 2085 sollicitudinem
1566 2030 1631 2086 de
1656 2046 1775 2100 ιρι-ο-

196 2116 469 2186 speritatis
500 2126 691 2173 vestra:
711 2128 850 2175 statu
886 2119 1079 2175 litteris
1103 2122 1415 2178 sublevetis.

725 2209 1058 2267 EPISTULA
1099 2211 1239 2266 XXI.

730 2314 986 2355 ENNODIUB
1020 2315 1239 2354 ηυδτο.
1271 2341 1275 2345 ν

262 2388 459 2444 Paucis
484 2389 807 2444 asserendus
845 2399 949 2456 est,
990 2407 1148 2461 quem
1190 2400 1244 2447 et
1283 2394 1468 2448 notitia
1496 2396 1694 2461 senior,
1721 2405 1775 2452 et

194 2480 465 2550 Opinionis
493 2480 648 2535 bona:
680 2480 856 2551 lingua
887 2483 1263 2539 commendat:
1295 2501 1397 2539 non
1427 2486 1623 2557 indiget
1654 2503 1775 2557 pro-

195 2574 400 2629 Iixitate
429 2588 770 2639 sermonum,
801 2576 888 2645 qui
913 2576 1026 2630 suis
1063 2576 1203 2645 apud
1240 2579 1652 2647 magnitudinem
1686 2572 1797 2636 ve-v

193 2674 353 2720 stram
394 2665 615 2719 dotibus
655 2665 957 2734 adjuvatur.
996 2666 1289 2722 Sublimem
1327 2669 1494 2722 virum
1540 2669 1771 2725 Vitalem

193 2756 428 2827 loquitur
459 2757 678 2826 praefata
708 2759 1069 2824 concinttatio,
1106 2776 1264 2829 quem
1300 2776 1359 2814 os
1390 2772 1623 2816 vestrum
1649 2762 1773 2817 fecit

202 2848 337 2902 sacri
363 2848 647 2903 con~ortio
676 2849 909 2919 gaudere
931 2850 1159 2919 collegii.
1194 2852 1332 2920 Ergo
1359 2856 1628 2906 extraneis
1656 2869 1772 2908 mu-

196 2940 366 2993 nietur
394 2938 672 3007 epistolis,
712 2939 804 3008 qui
846 2941 1102 2995 orationis
1142 2955 1331 2995 vestra:
1370 2942 1631 2997 benelicio
1670 2958 1769 2997 cu-

195 3032 317 3085 riam
346 3047 456 3086 non
486 3033 805 3101 peregrinus
833 3032 1161 3102 ingreditur?
1200 3044 1252 3088 et
1281 3034 1365 3087 cui
1398 3036 1679 3090 resemstis
1707 3036 1770 3089 li-

196 3121 411 3176 btrtatis
457 3123 774 3190 penetralia,
814 3122 885 3177 illi
918 3123 1147 3191 pectoris
1188 3138 1382 3179 arcana
1415 3125 1769 3181 claudentur?

190 3212 297 3283 Ego
336 3221 520 3269 autem
566 3212 774 3284 gaudeo
825 3214 1114 3284 scriptione
1154 3216 1436 3285 multiplici
1478 3235 1489 3269 :

188 3318 375 3373 parum
424 3304 660 3359 tribuam
717 3305 1001 3374 perlaturi,
1059 3306 1202 3361 nulla
1257 3308 1457 3377 preprii
1513 3308 1767 3365 desiderii

184 3392 377 3448 damna
423 3397 686 3449 sustineo.
736 3393 980 3461 Domine,
1031 3397 1407 3452 salutatlonem
1456 3402 1761 3468 restituens,

184 3500 344 3552 quam
378 3484 575 3549 debeo,
610 3500 819 3555 precor,
852 3494 909 3541 ut
939 3494 993 3542 et
1028 3487 1168 3541 circa
1208 3487 1483 3555 pragfatun
1515 3491 1680 3557 gratia
1707 3506 1766 3547 se

184 3574 439 3629 culminis
484 3577 650 3631 veStri
683 3578 910 3646 propius
956 3578 1274 3645 manifestet,
1309 3588 1362 3633 et
1400 3579 1527 3633 mihi
1561 3584 1764 3650 prospi-

182 3667 288 3720 ciat
314 3667 657 3723 restitutione
683 3668 919 3737 alloquii.

709 3759 1037 3815 EPISTOLA
1080 3760 1243 3816 XXII.

717 3865 970 3907 ENNODIUS
1008 3864 1228 3908 FAL'STO.

250 3939 427 3995 lllndit
462 3940 591 3995 mihi
628 3954 773 4011 spes,
805 3956 926 4011 qua:
954 3942 1115 4012 exigit
1146 3942 1502 4013 frequentiam
1548 3945 1759 4000 littera-

178 4045 323 4084 rum.
365 4032 475 4086 Hac
504 4032 648 4085 enim
684 4030 873 4099 fretus,
920 4031 1281 4089 inefficacibus
1325 4034 1561 4089 animum
1600 4050 1760 4106 pasco

176 4124 479 4194 colloquiis.
512 4125 608 4180 Diu
644 4133 748 4191 est,
792 4126 933 4195 quod
966 4128 1082 4182 sine
1122 4127 1520 4184 intermissione
1559 4132 1758 4199 scripta

174 4218 499 4285 prorogans,
528 4216 797 4270 silentium
826 4216 966 4286 quod
996 4229 1352 4286 expugnatum
1381 4234 1502 4273 esse
1526 4219 1753 4284 credidi,

173 4307 546 4365 conﬁrmatur.
580 4308 682 4364 Sed
715 4307 839 4377 quid
875 4306 1087 4373 faciam,
1112 4310 1327 4378 quando
1353 4311 1439 4363 vix
1483 4310 1548 4363 ad
1580 4311 1757 4364 consi-

170 4402 305 4455 lium
349 4399 621 4455 reducitur
665 4399 753 4469 pio
794 4413 976 4455 amore
1020 4410 1207 4467 pectus
1258 4399 1577 4454 obsessum?
1607 4409 1757 4469 putat

168 4492 415 4548 remedia
456 4502 508 4547 et
535 4506 653 4561 qua:
682 4480 938 4560 comperit
962 4491 1093 4544 nihil
1117 4490 1337 4560 juvisse.
1369 4490 1595 4546 Salutati
1626 4506 1755 4560 ergo

1878 1946 1973 1999 pra
2014 1931 2274 1985 inscitiam
2320 1932 2633 2000 garrulitate
2675 1930 2953 2001 displiceo.
3004 1932 3234 1987 Coactus
3280 1947 3459 1988 sermo

1879 2020 2110 2089 pretium
2151 2020 2293 2089 quod
2326 2035 2431 2074 non
2462 2021 2622 2075 habet
2664 2035 2727 2074 ex
2761 2021 3087 2090 eloquentia,
3120 2020 3189 2074 ab
3228 2021 3456 2089 impacta

1879 2112 2200 2167 tieces.~itate
2247 2112 2511 2181 subripui.
2568 2112 2846 2181 Nunquam
2901 2113 2999 2167 fuit
3047 2113 3206 2183 digna
3250 2115 3454 2170 ultione

1876 2203 2223 2268 contumelia,
2257 2219 2414 2273 quam
2447 2204 2631 2272 jussus
2676 2204 2941 2259 exhibuit.
2985 2202 3154 2258 Nemo
3200 2205 3457 2260 obedien-

1878 2302 1986 2348 tem
2013 2295 2161 2365 juste
2197 2295 2519 2349 condemnat
2546 2312 2557 2346 :
2584 2294 2685 2349 sibi
2716 2295 2880 2349 debet
2923 2295 3098 2349 illatas
3140 2296 3363 2365 injurias
3388 2298 3457 2352 de

1876 2386 2091 2456 eloquio
2128 2388 2443 2449 rusticante,
2478 2387 2565 2454 qui
2599 2396 2856 2455 provocat
2891 2386 3217 2454 imperitum.
3257 2384 3456 2454 Super-

1875 2480 2060 2535 oilium
2106 2489 2206 2545 est,
2255 2479 2572 2535 celsioribus
2613 2493 2717 2532 non
2760 2492 2990 2546 parere:
3019 2478 3212 2546 majus,
3251 2479 3296 2533 si
3335 2493 3455 2547 quas

1876 2572 2089 2628 noveris
2132 2573 2473 2628 descendisse
2512 2573 2579 2625 ab
2624 2571 2973 2637 obseit'en'e,
3017 2572 3050 2624 d
3077 2571 3293 2639 spicias.
3348 2570 3454 2625 lm-

1882 2666 2036 2736 probi
2093 2667 2345 2722 desiderii
2390 2675 2605 2736 putatur
2653 2666 2896 2727 assertio,
2948 2681 3051 2719 non
3091 2679 3271 2719 amare
3312 2664 3454 2732 quod

1874 2757 2057 2826 exigit.
2104 2757 2648 2825 Astipulaturjudicio
2690 2772 2808 2823 suo,
2841 2758 2929 2826 qui
2959 2771 3239 2812 censuram
3270 2756 3336 2810 de
3359 2756 3453 2811 ob-

1881 2858 2213 2917 temperante
2252 2850 2549 2918 suspendit.
2596 2851 2730 2903 Male
2771 2849 3008 2919 pertinax
3046 2849 3310 2904 districtio
3348 2860 3452 2916 est,

1875 2954 1993 3009 qua:
2043 2941 2293 2994 meritum
2348 2943 2397 2994 in
2442 2951 2660 3009 parente
2699 2940 3026 2993 considerat.
3081 2940 3341 2994 Pudorcm
3386 2942 3453 2995 ab

1874 3032 2105 3085 statione
2136 3047 2239 3085 non
2270 3033 2496 3100 expulit,
2540 3032 2627 3101 qui
2663 3031 2801 3100 quod
2835 3031 3067 3098 loquitur
3094 3030 3252 3083 debet
3283 3032 3451 3099 impe-

1872 3123 1973 3177 rio.
2009 3124 2189 3193 Itaque
2233 3125 2285 3178 itt
2320 3124 2474 3177 nob's
2509 3122 2651 3193 quod
2707 3123 2888 3177 sordet
2927 3123 3256 3190 eloquentia,
3304 3136 3450 3175 com~

1548 3219 1635 3288 qui
1667 3220 1766 3273 etsi
1797 3220 1843 3284 C
1875 3216 2157 3271 mentiatur
2203 3216 2491 3285 obsequiis.
2548 3215 2653 3269 Vos
2697 3214 2942 3270 videritis
2992 3215 3150 3284 quale
3194 3215 3263 3268 sit
3310 3215 3450 3283 quod

1865 3310 2106 3379 jussiSIis
2135 3309 2315 3365 oll‘erri
2342 3326 2355 3363 :
2387 3324 2485 3379 ego
2516 3324 2609 3363 vos
2640 3311 2754 3363 sine
2784 3310 2970 3363 frontis
3003 3324 3135 3363 mea:
3170 3308 3395 3377 dispcnd
3420 3324 3451 3363 o

1871 3408 2133 3459 meruisse
2163 3405 2371 3457 aestimo
2401 3402 2541 3472 quod
2576 3402 2927 3457 desiderastis
2977 3401 3239 3471 accipere.
3277 3400 3451 3456 Taceo

1870 3501 2009 3552 inter
2041 3498 2136 3549 ista
2170 3512 2289 3565 qum
2319 3495 2559 3564 principe
2591 3494 2797 3548 fuerant
2828 3495 2947 3548 loro
2978 3494 3275 3557 narranda;
3309 3496 3330 3525 ’
3357 3509 3449 3549 ec-

1867 3587 2221 3641 clesiasticam
2266 3585 2631 3644 humilitatem.
2674 3585 2813 3653 quod
2848 3585 3059 3654 placere
3089 3595 3320 3653 poterat,
3353 3586 3450 3639 ab-

1864 3678 2101 3747 jurasse;
2129 3678 2430 3730 orationum
2465 3689 2735 3744 pompam,
2775 3677 2865 3741 qui
2911 3675 3208 3729 orationem
3249 3675 3444 3746 diligit,

1866 3786 1971 3824 non
2002 3781 2245 3824 secutum
2281 3788 2293 3822 :
2326 3769 2585 3839 propositi
2630 3770 3060 3825 consideratione
3103 3779 3157 3824 et
3198 3769 3326 3824 illud
3364 3786 3449 3825 me

1866 3862 2046 3933 fugere
2090 3863 2231 3932 quod
2276 3863 2426 3917 ducit
2470 3858 2553 3917 ad'
2576 3862 2801 3933 gloriam
2833 3882 2843 3914 :
2874 3862 3026 3933 quasi
3061 3864 3246 3918 vitium
3282 3864 3447 3918 decli-

1866 3972 1995 4011 nare
2041 3956 2299 4026 quidquid
2342 3955 2534 4010 attoll.t
2562 3976 2572 4009 :
2601 3956 2811 4025 culpam
2853 3964 3062 4026 putare,
3106 3955 3249 4025 quod
3288 3956 3447 4026 erigit

1862 4058 1955 4103 aut
1982 4050 2269 4104 sublimat:
2301 4049 2525 4119 perdere
2549 4048 2709 4119 justas
2742 4049 3062 4103 laudationis
3093 4060 3339 4103 meritum
3367 4047 3448 4101 fa-

1862 4142 2008 4197 voris
2038 4144 2248 4197 affectu.
2288 4142 2699 4197 Exeusationem
2734 4141 2974 4196 veritatis
3016 4142 3304 4195 coloratam
3346 4154 3442 4210 pe-

1862 4237 2041 4291 niculo
2082 4252 2186 4291 non
2226 4236 2554 4305 prsetendam
2604 4255 2617 4288 τ
2657 4236 2782 4290 dum
2838 4236 3061 4304 replico,
3102 4236 3241 4304 quod
3290 4235 3437 4297 illud,

1864 4327 2121 4397 quidquid
2144 4326 2441 4381 studiorum
2469 4326 2691 4382 dederat
2712 4341 2839 4381 cura
2866 4326 3187 4389 liberalium,
3213 4324 3322 4394 jam
3352 4340 3442 4378 re-

1861 4419 1989 4489 liqui
2034 4435 2049 4473 :
2090 4419 2232 4488 quod
2277 4419 2429 4472 alveo
2478 4418 2746 4486 quondam
2799 4418 3001 4487 eopiosi
3053 4417 3289 4470 (luminis
3342 4418 3435 4470 vix

1859 4514 2061 4568 arentis
2091 4521 2235 4583 gutta
2268 4512 2515 4566 fundatur
2540 4512 2758 4579 eloquii.
2792 4500 2989 4575 Taceo,
3024 4508 3162 4577 quod
3195 4507 3427 4576 linguam

166 4584 493 4652 obsequium
525 4577 821 4637 rever’entia
847 4582 1106 4637 exltiliens
1128 4592 1405 4648 consueta,
1432 4584 1754 4639 commendo

1871 4622 2017 4676 luam
2063 4620 2189 4659 usus
2235 4604 2487 4659 moliilem
2524 4601 2749 4663 fecerat,
2796 4600 2932 4654 alte'r
2960 4615 3088 4654 usus
3121 4597 3389 4652 hebetavit
3422 4614 3433 4649 :
3482 4668 3485 4669 ν

166 4675 526 4743 ρηεκηιίιιιη
584 4674 900 4742 perlatorem
956 4674 1126 4743 ipsum
1171 4673 1612 4739 Cons'antinutn,
1667 4678 1753 4731 cui

163 4764 494 4833 suﬂragium
524 4765 774 4819 honestas
803 4773 856 4819 et
887 4764 1057 4833 pudor
1080 4773 1159 4818 est
1187 4781 1200 4817 :
1226 4765 1309 4817 cui
1340 4765 1581 4833 quamvis
1602 4765 1751 4833 plura

162 4870 265 4925 per
308 4853 559 4909 allectum
596 4854 839 4917 debeam,
886 4854 1087 4924 majora
1135 4862 1312 4908 tamen
1351 4863 1569 4909 coactus
1598 4854 1753 4910 sulvo

158 4960 262 5019 per
288 4945 446 5015 judic
468 4961 576 4999 um.
1102 5023 1114 5033 ι

688 5035 1014 5093 EPISTOLA
1058 5037 1243 5093 XXIII.

628 5167 877 5207 ENNODIUS
916 5166 1303 5206 IARCELLIANO.

231 5243 402 5314 Apud
449 5253 692 5298 amantes
734 5254 787 5298 et
818 5242 1022 5298 honore
1066 5244 1326 5312 pollentes
1370 5246 1749 5301 beneflciormn

154 5338 397 5394 aﬂectus
440 5334 491 5390 in
538 5344 782 5405 promptu
825 5344 943 5391 est:
978 5350 1077 5390 nec
1123 5336 1207 5389 illa
1238 5351 1446 5407 preces,
1497 5338 1579 5392 cui
1612 5354 1749 5408 pra:-

144 5510 147 5511 '
233 5497 252 5525 ¹
292 5491 575 5545 Ordinatus
602 5492 916 5562 asserebatur
940 5490 1204 5562 impulsor]
1232 5491 1530 5560 lnstigator,
1558 5493 1644 5562 qui
1671 5492 1751 5547 in-

151 5566 389 5620 sisteret
416 5573 469 5615 ut
500 5563 564 5616 lis
587 5561 787 5628 judicio
822 5559 1203 5615 decerneretur
1232 5578 1246 5623 ;
1281 5575 1336 5615 ut
1361 5559 1545 5616 contra
1571 5559 1745 5617 mora-

84 5638 320 5706 μίση-δε
355 5633 488 5706 apud
520 5631 937 5706 C_icerouent_in_
976 5631 1330 5706 Divinatione,
1364 5634 1745 5706 advocatorum

149 5720 358 5773 genus,
389 5704 472 5771 qui
502 5704 566 5755 ad
603 5717 808 5755 moram
840 5700 1135 5754 faciendam
1164 5701 1571 5759 adhibebantur.

225 5823 247 5851 ’
280 5816 697 5871 Ecclesiasticam
737 5813 1089 5886 Itmuilt'tatemJl
1128 5814 1224 5869 Ctti
1255 5816 1552 5872 rhetoricos
1585 5820 1742 5875 ﬂores

1857 4714 1978 4753 esse
2010 4713 2106 4768 pto
2134 4697 2379 4751 facundia
2405 4696 2695 4757 silentium,
2726 4693 3082 4762 abjectioneut
3116 4707 3143 4743 a
3186 4688 3339 4743 nobis
3361 4689 3441 4741 di-

1858 4788 1948 4857 ligi
1981 4802 2076 4854 pro
2101 4787 2387 4842 cothurno.
2423 4785 2499 4838 Ad
2531 4784 2657 4838 illud
2695 4784 2857 4838 redeo
2892 4801 2904 4836 :
2933 4782 3053 4850 quia
3089 4779 3215 4833 milii
3245 4796 3347 4833 non
3382 4780 3443 4832 li-
3480 4852 3483 4855 _

1856 4879 1966 4932 cuit
1989 4877 2127 4931 intra
2160 4875 2520 4931 verecundum
2547 4874 2822 4943 penetrale
2852 4871 3193 4934 delitescere,
3230 4885 3325 4922 nec
3348 4870 3441 4927 de-

1856 4966 2113 5024 bililatem
2142 4968 2335 5038 ingenii
2360 4977 2539 5037 tegere
2564 4964 2941 5021 taciturnitatis
2970 4964 3311 5025 indumento;
3341 4961 3441 5015 ltoc

1857 5059 1924 5113 ad
1952 5058 2317 5113 defensionem
2347 5058 2629 5126 integram,
2657 5055 2797 5127 quod
2824 5054 3057 5124 przctuli,
3087 5054 3433 5121 computabo.

1860 5148 1964 5205 Sed
1992 5164 2173 5204 amore
2208 5159 2522 5217 provocatus
2553 5148 2869 5218 epistulares
2899 5148 3155 5202 terminos
3198 5145 3433 5202 inconsi-

1858 5240 2038 5295 derata
2068 5242 2387 5309 loquacitate
2419 5241 2748 5297 transcendi.
2781 5240 2932 5305 Vale,
2962 5241 3031 5294 mi
3068 5239 3320 5293 domine:
3347 5237 3431 5289 cui

1860 5337 2118 5387 lionorem
2157 5332 2417 5387 exhibens
2450 5335 2747 5397 salutantis,
2794 5332 3030 5401 probabo
3061 5330 3187 5401 quid
3210 5330 3275 5382 de
3314 5327 3432 5393 cpi-

1857 5479 1911 5524 et
1964 5470 2498 5542 seltematauminime
2542 5468 2828 5542 convenire
2864 5467 3192 5542 judicabant.
3220 5462 3355 5542 βψ.
3385 5475 3425 5520 ι.

1856 5542 2011 5606 epist.
2048 5540 2113 5593 16
2144 5542 2207 5593 ad
2246 5540 2545 5593 Floriattttttt
2568 5558 2577 5590 :
2602 5534 2920 5591 llltetort‘ra’m
2950 5540 3001 5589 in
3024 5551 3101 5587 me
3121 5534 3297 5606 dixistj
3319 5548 3428 5585 esse

1854 5602 2123 5665 versutiam
2150 5629 2161 5664 :
2188 5626 2301 5662 cum
2324 5611 2411 5661 diu
2438 5613 2499 5662 sit
2522 5611 2657 5669 quod
2681 5609 2960 5662 oratorium
2984 5606 3185 5657 schema
3212 5602 3426 5669 affectus

1854 5684 2097 5735 orationis
2120 5699 2149 5733 a
2180 5696 2259 5734 me
2294 5681 2598 5739 absciderit,-
2628 5692 2673 5730 et
2716 5692 2955 5744 nequeam
2988 5675 3223 5747 occupari
3253 5674 3427 5739 rprbo~

1850 5769 1962 5803 rnru
1994 5754 2220 5819 ﬂatibus,
2247 5767 2392 5820 quem
2416 5751 2483 5802 ad
2512 5751 2726 5819 getttt‘tus
2756 5756 2800 5796 et
2834 5760 3006 5811 preces
3036 5756 3201 5797 et'ocal
3227 5748 3424 5797 clamor

1854 5824 2017 5887 (if/icit.
