3998 6362
525 336 592 392 δἹ
1665 317 1934 376 ENNODII
1966 313 2264 371 EPISCOI‘I
2308 311 2681 367 TICINENSIS
3722 307 3788 360 (3.3

524 441 658 496 stola
702 453 820 497 mea
865 437 1090 504 sentias,
1136 441 1228 488 aut
1265 429 1627 486 taciturnitate
1673 439 1764 481 aut
1807 427 2099 498 scriptione
2131 427 2174 484 Α
2210 433 2352 486 tum,
2386 432 2443 476 ut
2473 436 2568 476 nee
2596 417 2871 474 benefacta
2918 418 3150 485 ipsorum
3177 417 3318 485 justa
3350 416 3789 484 interpretatione

471 521 484 533 ’
525 528 827 598 multiplici.

1031 610 1363 671 EPISTULA
1401 610 1568 665 XXV.

1026 721 1282 761 ENNODIUS
1320 719 1600 760 EUGENBTI.

567 803 648 858 ,ln
683 799 912 856 sta-.ione
951 798 1091 869 apud
1120 812 1215 852 vos
1248 811 1354 851 non
1390 809 1510 851 esse
1539 795 1764 865 gratiam
1789 802 1983 862 potest,
2011 792 2101 861 qui

521 893 625 948 fide
651 889 876 946 claudus
908 897 1013 954 est,
1055 886 1325 942 azstimare
1353 902 1366 939 :
1400 886 1521 940 volo
1551 895 1727 938 tamen
1761 883 1827 936 ad
1871 883 2099 951 diligen-

521 985 606 1036 tia:
645 980 1010 1036 testimonium
1050 979 1323 1048 prorogari
1358 976 1714 1045 frequentiam
1759 975 2054 1028 litterarum
2088 989 2101 1026 :

518 1087 586 1125 ne
615 1071 829 1125 animus
857 1070 924 1124 de
964 1069 1195 1124 amantis
1243 1069 1596 1136 prosperitate
1643 1066 1924 1130 sollicitus,
1976 1065 2104 1118 dum

519 1160 664 1214 salus
718 1161 772 1213 in
817 1157 1125 1213 valetudine
1179 1167 1286 1224 eSt,
1344 1157 1742 1227 suspicionibus
1793 1155 2100 1209 ventiletur.

520 1253 660 1313 Ecce
696 1251 884 1318 habes,
931 1250 1003 1305 mi
1029 1250 1264 1313 domine,
1297 1250 1444 1304 unde
1489 1250 1833 1303 serenitatem
1874 1249 2105 1316 pectoris

522 1345 626 1400 mei
657 1360 722 1400 ex
748 1344 1002 1400 desiderii
1035 1341 1337 1411 proditione
1369 1355 1685 1410 cognoscas.
1713 1342 1914 1394 Adesto
1935 1341 2104 1408 parti-

523 1434 622 1488 bus
650 1437 773 1501 tuis,
801 1446 856 1490 et
883 1435 1021 1489 sicut
1063 1448 1150 1488 me
1177 1433 1446 1502 impetrati
1480 1432 1722 1485 muneris
1755 1433 2104 1500 prmrogativa

523 1525 798 1589 sublimat,
845 1522 917 1578 ita
954 1536 1049 1578 vos
1091 1521 1318 1576 exhibiti
1365 1520 1537 1589 gratia
1573 1520 1841 1580 sermonis
1879 1519 2100 1572 attollat.

524 1614 667 1685 Ergo
703 1616 930 1670 salutem
969 1614 1274 1670 debendum
1314 1613 1623 1676 restituens,
1672 1626 1860 1680 precor
1892 1620 1950 1664 ut
1979 1610 2103 1678 quid

525 1714 841 1776 promoveat
869 1707 922 1759 in
950 1720 1037 1759 me
1062 1703 1388 1758 desiderium
1421 1711 1591 1767 tuum,
1614 1701 1712 1756 sub
1740 1699 2106 1770 cujuscunque

526 1793 929 1865 significationis
961 1792 1103 1846 nube
1131 1790 1418 1846 dilucides.
1453 1789 1600 1845 Vale.

1035 1882 1367 1939 EPISTULA
1406 1880 1597 1936 XXVI.

1053 1990 1308 2032 ENNODIUS
1347 1989 1558 2030 AVII-2N0.

596 2069 766 2124 Adest
815 2067 1125 2139 magnitudo
1176 2077 1262 2122 tua
1309 2065 1549 2136 partibus
1588 2065 1724 2130 suis,
1775 2072 1830 2121 et
1874 2067 2104 2121 asseruit

525 2159 868 2230 splendorem
915 2157 1191 2228 sanguinis
1239 2155 1546 2212 testimonio
1587 2156 1852 2225 puritatis.
1893 2154 2101 2210 Carita-

528 2261 636 2308 tem
663 2251 906 2306 nesciunt
937 2249 1020 2320 pia
1041 2248 1202 2306 corda
1225 2248 1480 2304 deserere
1506 2264 1522 2314 ;
1551 2247 1855 2317 religiosam
1879 2246 2103 2315 diligen-

532 2340 662 2396 tiam
690 2354 841 2396 mens
869 2353 1129 2410 generosa
1167 2337 1420 2393 custodit.
1451 2337 1674 2392 Gemina
1701 2351 1828 2407 ergo
1854 2337 1972 2392 luce
1997 2336 2103 2391 ful-

526 2432 703 2504 gentia
750 2432 948 2502 scripta
990 2431 1226 2500 suscepi,
1266 2429 1406 2504 dum,
1437 2430 1579 2500 quod
1627 2438 1812 2500 pectus
1859 2440 2103 2486 sanctum

526 2525 748 2594 reperit,
790 2524 1012 2581 dextera
1057 2538 1253 2581 serena
1292 2524 1545 2594 signavit.
1596 2525 1760 2578 Deum
1791 2537 2004 2594 precor,
2050 2531 2108 2578 ut

529 2617 670 2689 piam
700 2618 753 2674 in
782 2617 934 2673 vobis
962 2616 1219 2684 indolem,
1252 2616 1298 2670 si
1326 2617 1547 2671 Romam
1572 2615 1763 2686 diligit,
1787 2618 1887 2670 sub
1913 2630 2108 2685 peren-

528 2711 695 2766 nitate
722 2719 1008 2766 conservet
1040 2724 1056 2774 ;
1085 2718 1140 2764 et
1175 2707 1483 2778 huiusmodi
1520 2707 1664 2762 circa
1693 2721 1779 2764 me
1807 2707 1979 2761 studia
2007 2705 2108 2763 sub

527 2819 590 2861 ea
611 2819 712 2876 qua
745 2804 1062 2875 promisistis
1099 2818 1226 2858 cura
1265 2802 1609 2878 multiplicet.

1017 2895 1347 2951 EPISTULA
1390 2894 1602 2949 XXVII.

1058 3002 1314 3044 ENNODIUS
1353 3002 1567 3041 AVIENO.

2207 529 2493 584 pensarcs;
2529 528 2626 567 nec
2656 527 2906 566 exressus
2934 510 3108 564 debita
3139 519 3341 562 tantum
3367 508 3787 578 reprehensione

2205 607 2526 674 corriperes.
2559 606 2663 660 Sed
2690 603 2816 673 quid
2848 619 2981 672 opus
3011 611 3091 656 est
3134 602 3332 655 doloris
3358 603 3639 669 epistolam
3674 602 3787 655 fieri

2124 704 2126 706 ’
2205 696 2542 766 longiorem?
2585 695 2853 763 ingenium
2899 703 3135 747 vestrum
3169 693 3311 746 nulla
3351 691 3549 760 eloquii
3597 693 3792 758 paterit

2207 795 2414 842 mutare
2443 786 2732 840 affluentia.
2768 783 2916 852 Quod
2951 793 3148 849 restat,
3182 784 3322 850 vale,
3354 783 3424 835 mi
3464 782 3703 846 domina,
3733 795 3788 836 et

2205 887 2366 946 prout
2394 877 2639 945 expedit,
2680 877 2922 930 ordinem
2948 875 3066 928 vine
3102 874 3369 941 animique
3399 888 3680 943 compone.
3710 875 3790 927 Me

2209 979 2385 1024 tamen
2407 968 2662 1038 Lupicino
2678 968 2908 1033 noveris,
2928 983 3031 1022 non
3050 967 3187 1036 quod
3213 967 3303 1022 tibi
3325 967 3518 1035 debeo,
3539 967 3629 1021 sed
3648 967 3789 1037 quod

2160 1111 2162 1113 _
2207 1059 2398 1113 animat
2430 1074 2560 1112 mete
2587 1061 2868 1112 conveniat
2895 1099 2909 1123 ,
2951 1059 3351 1126 impensarum;
3381 1059 3503 1126 quia
3535 1057 3649 1111 sola
3677 1068 3788 1121 est,

2207 1166 2325 1218 qua:
2355 1150 2609 1217 majorem
2640 1165 2667 1201 a
2699 1149 2806 1203 Deo
2836 1149 3242 1207 retributionem
3273 1157 3528 1213 meretur,
3557 1148 3788 1214 affectio,

2209 1258 2326 1297 cum
2361 1242 2518 1296 nullis
2569 1242 2840 1295 hominum
2873 1242 3087 1298 dotibus
3121 1252 3400 1308 provocato
3429 1243 3786 1298 concreditur.

2721 1334 3050 1390 EPISTULA
3092 1332 3318 1388 XXIXﬁ
3392 1389 3396 1392 .

2715 1440 2968 1480 ENNODIL’S
3007 1441 3288 1479 EUCENETI.

2279 1518 2536 1583 Quotiens
2579 1532 2832 1572 sensuum
2880 1517 3186 1586 pignoribus
3233 1515 3393 1569 verba
3443 1514 3786 1582 famulantur,

2208 1612 2356 1680 quasi
2403 1612 2454 1664 in
2496 1612 2721 1680 quodam
2756 1611 3006 1679 speculo,
3041 1610 3109 1663 ita
3141 1610 3191 1662 in
3223 1608 3432 1679 paginis
3480 1623 3660 1663 sermo
3689 1609 3788 1664 sibi

2209 1700 2432 1755 amicam
2457 1702 2624 1769 pingit
2649 1700 2900 1769 effigiem,
2935 1715 3055 1753 cum
3087 1714 3188 1767 qua
3221 1699 3338 1752 viva
3372 1713 3500 1753 voce
3527 1699 3789 1768 colloqui-

2133 1789 2178 1848 Β
2209 1800 2312 1856 tur,
2344 1805 2396 1846 et
2419 1793 2557 1847 dulci
2587 1793 2872 1846 simulacro
2899 1791 3178 1846 desideriis
3205 1791 3532 1858 obsequente
3557 1790 3788 1860 gratula-

2207 1896 2312 1940 tur.
2345 1886 2494 1940 Nulla
2525 1886 2736 1956 quidem
2779 1895 3093 1954 conceptum
3130 1883 3370 1939 fmdeiati
3411 1885 3643 1952 pectoris
3675 1886 3789 1938 elo-

2205 1983 2384 2049 quitur
2423 1981 2530 2034 oris
2577 1979 2846 2034 afﬂuentia
2883 1997 2894 2033 :
2931 1990 2983 2033 et
3027 1993 3146 2033 cum
3195 1978 3302 2030 sint
3349 1977 3583 2032 faciliora
3631 1979 3786 2033 verba

2205 2073 2506 2136 beneficiis,
2541 2087 2641 2126 nec
2669 2071 2864 2126 existat
2893 2070 3034 2140 quod
3062 2084 3307 2124 crescere
3353 2078 3582 2136 nequeat
3617 2072 3789 2122 ambi-

2208 2166 2350 2219 tione
2379 2164 2622 2230 dicendi;
2653 2178 2754 2233 ego
2787 2166 2837 2217 in
2868 2162 3180 2231 explicanda
3211 2163 3349 2216 ci'ca
3380 2176 3473 2215 vos
3513 2161 3787 2230 diligentia

2207 2264 2444 2309 arentem
2488 2264 2651 2308 testor
2684 2254 2978 2307 infantiam.
3029 2252 3441 2308 Unanimitatem
3489 2262 3668 2307 tamen
3701 2269 3788 2307 vc—

2207 2354 2372 2399 stram
2404 2343 2782 2400 taciturnitatis
2814 2344 3044 2409 ince~so,
3089 2343 3228 2413 quod
3258 2343 3467 2413 gemina
3502 2343 3789 2411 scriptione

2208 2435 2437 2489 donatus
2463 2436 2592 2489 nihil
2623 2434 2690 2489 de
2711 2434 2905 2490 vicaria
2939 2435 3192 2488 relatione
3226 2433 3489 2502 cogitasti.
3526 2434 3667 2488 Ecce
3694 2436 3789 2490 ite.

2207 2542 2324 2580 rum
2356 2528 2570 2596 paginas
2600 2528 2782 2594 mitto,
2823 2527 2996 2580 sciens
3028 2524 3291 2588 tribuere,
3326 2523 3464 2591 quod
3508 2535 3786 2592 exspecto.

2215 2619 2340 2674 Vale
2363 2660 2378 2684 ,
2421 2620 2494 2674 mi
2532 2619 2746 2674 domine
2767 2663 2781 2687 ,
2813 2628 2866 2673 et
2895 2625 3159 2671 amantem
3195 2618 3267 2670 tui
3300 2617 3573 2685 alloquere
3623 2619 3790 2672 nitore

2209 2725 2315 2780 quo
2343 2712 2516 2766 clarus
2542 2726 2624 2779 es,
2657 2711 2774 2764 fove
2799 2709 3102 2775 integritate
3132 2723 3231 2776 qua
3266 2711 3540 2778 praevales.

2729 2799 3056 2855 EPISTULA
3097 2798 3265 2854 XXX.

2747 2906 2999 2946 ENNOI‘IL‘S
3035 2906 3248 2945 AVIBNO.

2283 2984 2445 3038 Miror
2468 2982 2598 3036 favis
2622 2982 3001 3050 magnitudinis
3025 2992 3126 3036 tua:
3150 2982 3429 3051 injucunda
3455 2982 3715 3051 copulari,
3741 2995 3790 3037 et

597 3076 791 3135 Nescio
819 3086 998 3134 utrum
1038 3075 1392 3147 magnitudini
1418 3086 1616 3132 vestra:
1656 3084 1806 3146 grata
1843 3076 1953 3132 sint
1987 3091 2107 3133 cre-
2153 3145 2174 3147 _
2212 3075 2554 3129 serenitatem
2593 3074 2932 3129 conscientiae
2957 3074 3238 3128 verborum
3271 3074 3579 3134 austeritate
3610 3091 3782 3130 macu-

529 3170 627 3225 bra
647 3171 911 3240 colloquia
944 3187 957 3221 :
989 3183 1089 3238 ego
1119 3145 1295 3224 tamen
1330 3183 1544 3237 semper
1573 3145 1714 3237 quod
1759 3183 2012 3240 exspecto
2041 3173 2108 3227 ab
2136 3145 2182 3208 (ἶ
2215 3168 2396 3232 latam,
2423 3166 2546 3220 dum
2569 3166 2756 3221 scribis
2779 3167 3041 3234 imperare
3066 3181 3149 3220 me
3173 3167 3346 3234 potius
3370 3167 3608 3235 paginas,
3635 3183 3789 3234 quam

528 3263 851 3328 amantibus,
875 3260 1160 3316 exhibebo.
1189 3261 1374 3316 Patior
1399 3260 1520 3316 aliis
1548 3261 1690 3316 aliud
1721 3277 1842 3318 esse
1863 3265 2108 3334 proposi-

529 3362 640 3418 tum
671 3371 685 3408 :
719 3352 848 3408 mihi
871 3367 990 3409 meo
1015 3352 1299 3408 vivendum
1323 3365 1405 3408 est
1429 3367 1598 3422 more,
1614 3362 1684 3407 ‘ut
1711 3356 1909 3409 amoris
1933 3356 2104 3425 pleni-

530 3447 660 3502 tudo
689 3456 959 3503 reseretur
983 3445 1134 3500 clave
1155 3446 1443 3500 sermonis.
1477 3447 1588 3516 Ego
1623 3447 1675 3501 in
1701 3447 1987 3504 affectione
2017 3463 2104 3502 ca-

529 3538 722 3591 riosam
773 3537 1066 3606 subrepere
1107 3536 1524 3594 taciturnitatem
1567 3552 1665 3592 usu
1711 3538 1948 3608 fugiente
1998 3555 2103 3594 non

529 3626 764 3692 perfero.
793 3624 940 3680 Nune
969 3625 1016 3680 si
1043 3625 1263 3680 culmini
1295 3635 1386 3681 tuo
1412 3641 1506 3696 par
1533 3641 1662 3681 cura
1695 3637 1800 3693 est,
1834 3639 2102 3685 monstre-

528 3731 612 3772 tur
637 3717 950 3773 assiduitate
974 3717 1223 3786 colloquii
1261 3735 1273 3770 :
1311 3727 1547 3787 patescat
1577 3718 1872 3789 frequentia
1904 3721 2104 3775 littera-

529 3823 665 3877 rum.
712 3807 805 3863 Sin
851 3807 973 3862 aliis
1029 3808 1289 3862 hactenus
1339 3817 1740 3877 praeoccupatus
1792 3811 2002 3877 studiis,
2052 3814 2102 3868 in

527 3914 698 3956 meam
739 3899 898 3954 modo
940 3900 1280 3954 concesseris
1317 3900 1591 3970 diligentia
1637 3902 1936 3972 imperante
1981 3920 2105 3960 sen-

527 3991 778 4065 tentiam;
805 4000 1058 4060 quantum
1088 3990 1154 4045 de
1178 4000 1270 4044 tuo
1296 3991 1418 4060 jure
1440 3991 1774 4057 submiseris,
1809 4003 2007 4048 tantum
2038 3997 2105 4051 de

528 4084 664 4138 meis
696 4082 966 4150 obsequiis
994 4081 1312 4150 possidebis.
1356 4082 1494 4151 Ergo
1523 4083 1664 4146 vale,
1698 4085 1765 4136 mi
1791 4085 2024 4151 domine,
2053 4097 2108 4143 et

528 4173 902 4229 munusculum
941 4171 1177 4242 suscipe,
1212 4188 1316 4227 non
1357 4173 1564 4229 vilitate
1600 4175 1704 4241 sui,
1747 4176 1839 4230 sed
1869 4186 2102 4233 taxatum

532 4265 706 4336 pretio
733 4264 1077 4321 destinantis.

1017 4353 1341 4410 EPISTOLA
1386 4345 1622 4411 XXVIII.

1017 4461 1271 4501 εμποριυς
1311 4463 1604 4503 ΕΟΡΒΕΡΙᾸΞ.

597 4537 860 4606 Quamvis
912 4539 1153 4592 caritatis
1216 4550 1409 4595 vestra:
1477 4542 1718 4611 paginam
1776 4508 2184 4599 solemnibusD

527 4635 733 4703 tantum
762 4627 956 4682 muniis
986 4629 1315 4697 accepissem
1347 4631 1689 4697 obseeutam,
1723 4647 1819 4688 nec
1861 4633 2102 4700 all'ectui,

530 4733 630 4793 nec
661 4717 1044 4773 necessitudini
1072 4729 1451 4788 congruentem
1483 4739 1495 4773 :
1530 4735 1616 4776 res
1645 4729 1821 4777 tamen
1867 4725 2103 4792 postula-

531 4809 629 4870 vit,
657 4822 744 4862 me
780 4807 997 4862 vicariis
1027 4824 1123 4878 per
1150 4810 1273 4880 styli
1299 4811 1699 4867 similitudinem
1733 4816 2103 4884 peregrinante

529 4895 809 4968 diligentia
857 4898 1185 4967 respondere
1227 4899 1555 4970 colloquiis:
1589 4920 1655 4958 ne
1696 4904 1948 4960 subtracti
1990 4922 2102 4961 ser-

532 4986 706 5041 monis
727 4986 962 5041 officium
985 5003 1089 5043 non
1115 4997 1342 5043 vestram
1367 4991 1494 5045 mihi
1520 4993 1813 5050 innotuisse
1832 4999 2100 5061 astutiam,

530 5075 625 5131 sed
653 5084 889 5131 nostram
911 5079 1176 5134 revelaret
1202 5079 1503 5136 infantiam.
1535 5081 1692 5149 Nolo,
1719 5100 1871 5140 soror
1901 5087 2102 5155 Eupre-

533 5169 648 5236 pia,
696 5167 980 5239 quidquam
1026 5172 1091 5224 de
1141 5173 1536 5241 provinciarum
1596 5177 1784 5242 malis,
1833 5179 1916 5233 vel
1965 5180 2104 5235 sicut

531 5261 740 5331 dixisti,
785 5260 1061 5318 hominum
1106 5265 1439 5343 immissione
1480 5271 1737 5324 causeris.
1777 5271 2101 5340 Quoeunqnc

532 5352 878 5418 abscesseris,
907 5364 1158 5422 quantum
1191 5371 1276 5410 res
1300 5357 1476 5423 docet,
1499 5370 1731 5415 mentem
1756 5363 1892 5417 male
1910 5363 2102 5418 credu-

534 5443 640 5498 lam
673 5459 777 5500 non
817 5445 1061 5500 omittis:
1093 5447 1220 5501 vitia
1264 5458 1441 5502 nostra
1492 5453 1765 5519 regionum
1812 5455 2103 5509 mutatione

534 5547 638 5588 non
663 5535 905 5604 fugimus.
937 5535 1089 5593 Circa
1114 5538 1436 5611 propinquos
1465 5541 1559 5596 tibi
1597 5543 1691 5597 fuit
1723 5544 1827 5599 tale
1855 5547 2096 5614 proposi-

607 5710 623 5740 '
657 5709 853 5782 Ullum]
884 5715 961 5768 An
991 5716 1182 5770 nullum
1214 5720 1236 5770 ἵ)

2209 3261 2480 3328 diligentia
2511 3261 2778 3314 exactrice
2801 3259 3094 3327 promereri
3120 3277 3133 3310 ε
3164 3269 3356 3328 putans
3381 3258 3397 3288 ¹
3429 3259 3591 3312 ullum
3623 3275 3791 3328 genus

2207 3352 2516 3408 dominandi
2541 3368 2665 3408 esse
2685 3351 2999 3418 sublimius,
3029 3367 3187 3421 quam
3223 3352 3348 3406 illud
3371 3393 3387 3418 ,
3435 3353 3574 3421 quod
3621 3357 3789 3406 amori

2209 3459 2305 3498 n-is
2334 3445 2564 3512 snbjicit.
2597 3442 2749 3498 Nitlla
2781 3452 2934 3509 sunt,
2978 3444 3171 3502 domne
3212 3444 3442 3507 Avienc,
3481 3445 3716 3499 culmina
3762 3463 3788 3498 a

2203 3533 2331 3603 jugo
2356 3537 2595 3590 caritatis
2632 3537 2888 3591 immania
2923 3554 2936 3590 :
2970 3538 3224 3606 quidquid
3269 3539 3322 3592 in
3359 3538 3489 3593 orbe
3526 3539 3788 3593 libertatis

2207 3639 2313 3690 eSI,
2345 3628 2435 3680 tali
2465 3643 2569 3681 non
2600 3629 2928 3683 subtrahitur
2955 3630 3217 3683 servituti.
3250 3630 3388 3684 Ecce
3415 3646 3511 3700 ego
3542 3633 3664 3684 loco
3694 3631 3788 3685 Illl-

2208 3717 2366 3772 mi‘tis.
2402 3717 2610 3786 ignotus
2639 3718 2953 3784 honoribus,
2988 3719 3180 3772 veSIris
3210 3720 3440 3774 fascibus
3470 3721 3783 3788 sicjubelio.

2207 3809 2356 3877 parili
2402 3817 2682 3863 contentus
2730 3810 2916 3864 ordine
2977 3803 3275 3880 subjacére.
3328 3812 3475 3865 Nunc
3521 3811 3676 3875 vale,
3727 3823 3780 3866 et

2204 3911 2458 3969 quantum
2489 3901 2643 3954 tribui
2673 3902 2767 3955 tibi
2787 3904 3042 3964 senseris,
3069 3911 3270 3956 tantum
3296 3903 3445 3969 mihi,
3481 3905 3617 3958 sicut
3645 3906 3778 3958 Με-

2205 3993 2270 4047 lis
2296 3995 2588 4058 restitutor,
2621 3991 2922 4048 affectionis
2952 3993 3221 4060 impende.

2710 4085 3036 4140 EPISTOLA
3078 4084 3268 4138 XXXI.

2732 4191 2987 4230 ENNODIUS
3028 4192 3242 4229 AVIENO.

2273 4266 2527 4334 Quamvis
2557 4267 2901 4337 epistularum
2927 4268 3154 4336 qualitas
3175 4283 3276 4336 pro
3308 4268 3532 4338 ingeniis
3560 4283 3785 4339 compn-

2207 4369 2383 4426 natur,
2411 4368 2465 4414 et
2493 4372 2640 4428 szrpe
2682 4359 3005 4414 solemnitati
3046 4359 3268 4423 militet,
3301 4375 3680 4428 nonnunquam
3712 4363 3786 4418 af-

2211 4450 2448 4505 fectionis
2480 4459 2701 4505 testetur
2728 4450 2920 4505 indicia
2947 4468 2958 4502 :
2993 4465 3125 4518 quas
3155 4451 3438 4519 aliquando
3483 4450 3646 4505 dictat
3679 4453 3786 4511 sin-

2208 4541 2402 4594 ceritas
2429 4558 2443 4596 :
2469 4541 2773 4610 plerumque
2795 4539 2896 4594 fuci
2916 4540 3104 4594 similis
3126 4541 3493 4604 eoneinnatio;
3517 4557 3640 4610 qua:
3662 4557 3789 4596 can-

2212 4632 2397 4687 dorem
2445 4633 2726 4702 imaginata
2755 4632 3075 4701 diligentim,
3123 4633 3420 4688 urbanitate
3457 4649 3555 4702 qua
3590 4636 3786 4704 tegitur

2210 4724 2521 4791 innotescit,
2553 4723 2678 4777 dum
2726 4722 2995 4777 fabricatis
3041 4723 3235 4778 nudata
3283 4724 3604 4792 tegminibus
3649 4729 3784 4778 intra

2207 4817 2446 4869 velamen
2497 4817 2753 4884 aperitur.
2805 4816 2914 4884 Ego
2960 4824 3133 4869 tamen
3177 4816 3229 4868 in
3272 4815 3474 4883 paginis
3503 4817 3784 4884 speculum

2206 4916 2332 4974 puto
2355 4921 2472 4961 esse
2501 4907 2863 4970 conscientiae,
2890 4923 2980 4975 per
3005 4923 3135 4976 quas
3159 4908 3442 4960 amicitiam
3473 4907 3783 4961 discernere

2206 4999 2442 5054 absentia
2475 4999 2555 5053 vix
2607 5001 2899 5069 prmsumlt.
2936 5001 3147 5055 Clarum
3195 5011 3276 5054 est
3318 5009 3520 5069 tamrn,
3568 5003 3700 5068 quid
3733 5004 3785 5055 in

2151 5139 2157 5150 ,
2206 5089 2309 5142 illis
2355 5091 2614 5158 simplex,
2666 5091 2790 5160 quid
2840 5092 3032 5145 artifex
3081 5107 3258 5144 sermo
3303 5092 3526 5145 deferat.
3576 5093 3786 5146 Scindit

2207 5180 2375 5233 nubes
2401 5181 2593 5247 eloquii
2628 5197 2777 5235 mens
2804 5181 3105 5236 dictationis
3137 5184 3398 5251 interpres
3427 5201 3441 5236 :
3473 5185 3578 5236 cito
3607 5185 3674 5236 ad
3707 5185 3784 5236 in-

2206 5271 2473 5323 tcliet'tum
2507 5271 2744 5338 pervenit
2776 5271 2992 5325 falcibus
3023 5274 3133 5326 suis
3160 5273 3442 5326 verborum
3477 5273 3610 5327 calle
3641 5290 3786 5326 rese-

2209 5371 2342 5413 rato.
2372 5359 2508 5430 Ergo
2535 5361 2618 5414 his
2648 5363 2799 5415 valde
2825 5363 3062 5417 delector
3091 5364 3280 5417 officiis
3311 5367 3503 5433 quibus
3535 5365 3787 5433 panditur

2206 5454 2513 5519 sinceritas,
2547 5470 2646 5508 nec
2672 5457 2882 5508 occasio
2921 5471 2979 5508 se
3010 5457 3279 5511 interserit
3308 5472 3494 5511 secura
3540 5456 3782 5510 fallendi.

2207 5544 2424 5600 Gaudeo
2463 5554 2638 5599 tamen
2670 5545 2797 5598 mihi
2830 5547 2910 5600 vel
2937 5562 3123 5601 c.usas
3151 5547 3418 5602 scribendi
3447 5589 3458 5609 ,
3494 5548 3572 5600 vel
3606 5548 3783 5615 perla-

2207 5647 2348 5689 tores
2376 5635 2655 5689 accidere:
2690 5645 2744 5688 ut
2790 5637 2887 5689 sub
2919 5637 3014 5691 hac
3057 5639 3347 5706 frequentia
3382 5653 3500 5693 meo
3531 5647 3654 5690 vnto
3699 5653 3784 5690 Sa-

2207 5727 2462 5782 tisfaciam
2484 5769 2497 5792 ,
2529 5738 2580 5782 et
2612 5729 2864 5798 pudorem
2897 5741 3128 5785 vestrum
3159 5747 3404 5794 oncrcm,
3439 5733 3487 5785 ni
3523 5733 3536 5785 i
3565 5749 3590 5785 a
3627 5733 3780 5785 vobis
