3998 6362
252 307 324 365 69
604 330 621 339 ί
1516 312 1571 371 Ἐ
1581 315 2004 373 PIS'I‘OLARUII
2033 317 2175 373 LIB.
2203 318 2266 372 iV
2279 359 2290 371 .
2634 362 2637 365 ν
3458 330 3525 384 70

246 429 493 491 suscepta
524 424 846 481 reddantur.
877 426 1056 490 Salve.
1085 427 1334 489 domine,
1369 440 1420 484 ct
1450 431 1499 483 in
1522 433 1843 486 sententiam
1872 440 1919 493 Α
1948 442 2133 487 serunt
2174 434 2437 504 lacrymas
2465 435 2869 492 submissorum.
2899 440 3001 494 Sed
3029 440 3152 496 hinc
3188 443 3359 507 alias:
3398 460 3520 500 cum

244 528 420 569 meam
451 513 655 570 affecut
684 516 984 586 imperante
1012 520 1266 573 concede.
1305 519 1448 574 Valc.

752 608 1082 664 EPISTULA
1127 610 1341 663 XXXII.

790 714 1045 755 ENNODIUS
1082 716 1311 755 ΡΑςεινο.

316 786 376 842 Si
409 786 476 841 ad
503 788 908 857 exsequendatn
935 789 1209 844 sufﬁceret
1248 804 1425 844 sermo
1452 790 1726 844 caritttem
1747 831 1760 852 .
1793 791 1839 846 si

241 884 418 933 totum
453 877 679 930 infantia
714 878 1027 946 explanaret
1058 879 1335 945 affectum;
1368 880 1454 933 cui
1486 882 1650 948 magis
1681 895 1838 950 quam

242 967 404 1021 vobis
440 968 758 1035 paginarum
809 970 1160 1037 frequentiam
1203 972 1609 1038 priestaremus?
1651 980 1706 1025 et
1738 972 1837 1025 nisi

244 1073 484 1118 ποίει-οι
504 1064 759 1118 meritum
785 1064 1033 1132 pectoris,
1059 1065 1188 1119 nulli
1209 1064 1418 1134 dignius
1442 1065 1698 1119 militaret
1726 1080 1838 1119 ser-

242 1154 424 1209 monis
446 1152 712 1209 officium.
745 1154 850 1209 Alii
890 1155 1137 1209 affectum
1174 1171 1328 1223 quem
1357 1164 1531 1209 mente
1558 1156 1833 1219 nesciunt,

237 1261 337 1301 ore
389 1254 680 1310 testantur,
728 1256 784 1301 et
832 1247 1051 1315 pingunt
1097 1247 1427 1301 illecebrosis
1484 1246 1832 1315 epistolarum

238 1346 522 1390 momenta
554 1336 931 1402 commerciis,
971 1337 1185 1405 quando
1231 1336 1431 1390 feriatis
1473 1336 1835 1404 penetralibus

233 1441 394 1481 amor
427 1435 573 1482 totus
600 1425 654 1480 in
688 1426 865 1495 lingua
895 1434 995 1491 est,
1027 1441 1126 1481 nec
1154 1427 1296 1480 aliud
1330 1426 1396 1482 ad
1430 1428 1683 1482 interiora
1709 1440 1831 1496 per-

233 1517 479 1583 ducitur,
533 1516 637 1571 nisi
679 1527 933 1587 quantum
980 1518 1031 1572 in
1081 1518 1374 1586 scriptione
1418 1518 1712 1574 cmifertur.
1762 1518 1833 1573 At

232 1623 395 1662 meus
421 1623 549 1678 erga
572 1622 669 1662 vos
690 1608 920 1675 animus,
951 1608 1149 1677 eloquii
1184 1624 1399 1673 pressus
1423 1610 1613 1675 macie,
1648 1608 1829 1663 amicT-

232 1700 326 1754 tia:
358 1698 610 1753 ubertate
634 1699 909 1753 conticuit.
945 1697 1121 1752 Metuo
1149 1698 1312 1763 enim,
1340 1714 1407 1752 ne
1431 1687 1612 1768 gratia:
1642 1699 1823 1751 termi-

1949 524 2268 591 perlatorem
2294 523 2554 590 videritis,
2584 536 2761 579 vntum
2789 528 3042 585 dictantis
3066 536 3384 600 agnoscetis.
3411 534 3524 589 Uti-

1946 628 2069 665 nam
2099 614 2192 666 illo
2220 614 2358 681 apud
2403 615 2821 681 magnitudinem
2860 630 3087 673 vestram
3117 622 3522 691 supplicationis

1943 714 2136 755 eventu
2177 705 2450 772 alleganda
2480 706 2753 771 conciliet,
2796 724 2898 776 quo
2928 725 2957 763 a
3002 728 3086 766 me
3116 711 3320 767 litteras
3350 714 3518 783 impe-

1942 794 2120 848 travit.
2150 794 2423 850 Mulierem
2448 798 2784 867 religiosam,
2818 816 3133 868 pauperem,
3163 804 3230 859 de
3254 805 3396 861 bono
3425 823 3520 864 ne-

1940 884 2087 952 gotio
2132 896 2542 952 praesumentem
2585 902 2762 943 sermo
2790 892 3040 958 praefatus
3074 895 3345 950 insinuat:
3379 901 3519 952 aesti-

1941 985 2081 1027 mate
2105 975 2148 1027 si
2177 974 2471 1044 fragilitati,
2490 977 2771 1045 siju~titim
2800 982 3038 1048 oportuit
3062 984 3219 1037 verba
3248 985 3469 1040 subduci
3498 1003 3512 1041 :

1940 1066 1982 1117 si
2012 1064 2267 1119 convenit
2292 1081 2377 1119 me
2408 1066 2490 1119 vel
2519 1067 2697 1121 officio
2724 1068 2914 1123 deesse
2933 1111 2946 1135 ,
2975 1071 3058 1125 vel
3086 1074 3342 1127 moribus.
3373 1074 3514 1130 Ecce

1938 1168 2037 1221 ego
2076 1155 2430 1210 reverentiam
2471 1156 2658 1212 safutis
2700 1158 3049 1227 impendens,
3098 1162 3229 1230 quid
3277 1164 3515 1232 partibus

1938 1243 2071 1296 meis
2110 1243 2359 1297 deberen
2388 1256 2717 1301 contestatus
2760 1264 2876 1303 sum
2908 1268 2919 1301 :
2959 1251 3110 1305 vobis
3149 1253 3276 1321 quid
3307 1269 3513 1309 reman~

1937 1334 2085 1397 serit,
2116 1335 2379 1390 attendite
2405 1354 2418 1388 :
2449 1337 2571 1405 quia
2612 1339 2751 1392 sicut
2790 1355 3067 1406 personam
3095 1358 3268 1397 meam
3300 1358 3395 1411 pro
3421 1360 3515 1398 su-

1938 1437 2027 1487 pra
2058 1423 2215 1479 dicta:
2240 1426 2511 1482 voluntate
2534 1429 2738 1496 petitio,
2766 1430 2831 1484 ita
2864 1442 3093 1487 vestram
3122 1433 3343 1490 affectus
3370 1436 3513 1505 aspi-

1932 1512 2058 1569 ciet.
2089 1514 2239 1569 Vale.

2418 1612 2745 1667 Et’tSTOLA
2788 1612 3024 1667 XXXIV.

2449 1715 2703 1756 ENNODIUS
2741 1718 2983 1759 SENARIO.

231 1802 373 1841 num
423 1797 590 1857 ponat
633 1787 878 1842 mendica
921 1786 1279 1841 confabulatio
1312 1806 1325 1841 :
1357 1804 1423 1843 ne
1450 1788 1590 1843 idem
1639 1787 1827 1842 modus
1858 1794 1906 1856 Β
2000 1787 2145 1844 Nihil
2183 1801 2267 1845 est
2294 1793 2540 1861 equidem
2590 1796 2731 1863 quod
2778 1812 2881 1850 non
2926 1814 2955 1851 a
2998 1800 3222 1857 veri'ate
3264 1803 3316 1858 in
3345 1803 3509 1860 altum

230 1886 465 1946 putetur
484 1892 602 1933 esse
623 1877 883 1931 sermonis
900 1888 952 1931 et
974 1876 1211 1932 foederis.
1236 1877 1425 1931 Melius
1445 1887 1523 1931 est
1544 1877 1659 1945 plus
1679 1878 1825 1932 azsti-

227 1970 462 2023 mationi
496 1984 595 2037 per
629 1968 901 2023 silentium
945 1968 1216 2023 dimittere
1239 2008 1253 2032 ,
1301 1982 1457 2036 quam
1492 1977 1818 2041 monstrare,

228 2060 538 2128 diigeutia:
568 2058 760 2111 damna
793 2073 887 2127 per
913 2059 1135 2114 litteras.
1168 2058 1304 2113 Ecce
1331 2058 1548 2111 rariuris
1569 2056 1819 2125 colloquii

228 2166 422 2205 causas
450 2149 681 2217 asserui,
711 2148 936 2203 credens
966 2148 1103 2217 apud
1129 2162 1224 2201 vos
1249 2163 1277 2200 a
1307 2148 1613 2201 sinceritate
1641 2146 1819 2201 debita

229 2240 540 2295 facundiam
587 2222 915 2308 posthaberi.
947 2238 1097 2305 Quod
1140 2247 1418 2308 superest,
1468 2238 1672 2290 salvete
1698 2277 1714 2301 ,
1748 2236 1819 2289 tni

228 2332 472 2397 domine,
504 2344 558 2388 et
590 2332 792 2387 divinis
824 2332 902 2385 usi
935 2330 1208 2386 beneficiis
1228 2370 1243 2394 ,
1276 2330 1597 2398 procedente
1632 2329 1735 2380 vita
1769 2327 1820 2381 in

230 2426 485 2495 longum,
535 2424 775 2480 celestis
819 2422 1062 2476 mandata
1105 2422 1386 2489 complete.
1434 2419 1637 2474 Invenit
1675 2418 1817 2471 enim

228 2518 366 2585 apud
398 2531 535 2583 vos,
578 2530 700 2572 cum
729 2531 759 2571 a
789 2515 1002 2569 cumulo
1030 2513 1253 2583 coeperit
1283 2512 1613 2581 benignitas,
1647 2508 1821 2566 incre-

228 2619 492 2665 mentum.
534 2608 684 2664 Vale.

726 2695 1054 2753 EI'ISTOLA
1096 2695 1334 2750 XXXIII.

778 2802 1031 2842 ENNODIUS
1066 2800 1291 2841 FAUS'I'O.

297 2878 591 2949 Proposito
616 2877 984 2947 obsequuntur
1008 2878 1233 2947 paginae,
1258 2876 1448 2944 quibus
1473 2870 1817 2929 commenda-

231 2970 301 3023 tio
327 2980 623 3038 praestatur
650 2969 885 3025 afflictis.
913 2969 965 3024 In
998 2969 1078 3025 bis
1104 2971 1246 3025 enim
1274 2971 1414 3025 clara
1438 2976 1520 3023 est
1542 2964 1818 3034 religionis

233 3059 527 3132 integritas,
561 3077 686 3133 quae
713 3062 858 3117 nullo
884 3062 1271 3131 potentioribus
1300 3061 1423 3116 fuco
1452 3059 1701 3113 blandita:
1731 3070 1816 3111 as-

1930 1882 2213 1937 ambitinso
2258 1885 2474 1939 tollatur
2513 1885 2745 1956 eloquio.
2789 1888 2896 1943 Sed
2940 1905 3039 1959 cgo
3074 1892 3141 1946 a'd
3176 1894 3503 1963 diligentiam

1928 1970 2071 2025 circa
2103 1987 2196 2025 vos
2218 1974 2392 2040 patior
2422 1990 2595 2029 meum
2623 1980 2884 2031 sermonis
2906 1979 3200 2036 infantiam.
3225 1982 3503 2054 Nunquam

1932 2076 2025 2130 par
2054 2063 2150 2117 fuit
2196 2064 2369 2133 lingua
2414 2067 2621 2119 caritati
2651 2084 2665 2121 :
2694 2084 2908 2138 semper
2948 2072 3214 2141 subiacuit
3247 2076 3357 2130 oris
3385 2078 3505 2131 offi-

1928 2154 2067 2208 cium
2094 2156 2248 2210 bona:
2277 2158 2644 2213 couscicutim.
2674 2160 2753 2215 0h
2796 2162 2896 2216 hoc
2927 2173 3046 2218 utor
3071 2168 3357 2229 securitate
3386 2186 3504 2224 mo-

1931 2245 2137 2302 nitoris.
2190 2247 2303 2303 Non
2352 2251 2585 2318 credidi,
2640 2261 2785 2308 tanto
2819 2265 3054 2324 tempore
3100 2261 3503 2329 amplitudinem

1929 2346 2071 2392 tuam
2096 2339 2198 2394 mei
2228 2340 2593 2396 immemorem
2619 2345 2696 2398 sic
2719 2344 2971 2413 futuram,
2998 2359 3053 2402 ιιι
3072 2352 3230 2405 etiam
3253 2354 3504 2410 solemni-

1924 2431 2023 2486 bus
2051 2433 2329 2501 colloquiis
2356 2434 2653 2490 abstineres
2680 2455 2690 2489 :
2723 2447 2780 2492 ut
2808 2440 2909 2493 illa:
2932 2457 3048 2509 qua:
3070 2444 3243 2499 solent
3266 2446 3503 2502 affectio-

1926 2537 2047 2577 nem
2076 2525 2355 2593 imaginata
2382 2524 2556 2581 fronte
2577 2528 2850 2590 simulare,
2877 2544 3198 2601 negarentur
3220 2536 3358 2591 inter
3381 2553 3527 2607 ρει-ο,

1923 2629 2084 2669 smias
2112 2618 2313 2670 catenis
2342 2615 2558 2672 fmdcris
2584 2619 2863 2689 obligatas.
2890 2622 3012 2678 Ilaec
3035 2626 3344 2682 si‘valerem
3376 2644 3499 2682 nar-

1925 2724 2066 2773 rare,
2098 2717 2336 2776 poteram
2365 2711 2649 2767 sustinere.
2679 2713 2817 2768 Ecce
2844 2716 3035 2771 iterum
3067 2718 3271 2787 scribo,
3304 2731 3500 2792 etquae

1924 2806 2103 2860 verbis
2131 2819 2338 2870 asseto,
2370 2808 2637 2875 sequenda
2671 2818 2835 2864 testor
2861 2813 3141 2881 exemplis.
3168 2813 3274 2871 Vos
3308 2818 3499 2872 videri-

1924 2896 1992 2949 tis
2018 2895 2175 2963 quale
2200 2895 2268 2947 sit
2289 2898 2510 2963 posthac
2534 2897 2798 2952 desideria
2822 2902 3041 2954 honesta
3068 2904 3335 2972 negligere
3360 2924 3371 2958 :
3396 2923 3498 2976 ego

1923 2987 2096 3041 dolori
2125 2987 2427 3055 pat'entiam
2460 3001 2557 3041 usu
2589 2988 2861 3043 institutus
2887 2991 3135 3047 adhibeo.
3168 2994 3318 3050 Vale.

239 3162 3467 3187 __________________________._—___———_—__—_______.

1309 3265 1686 3369 LIBER
1752 3253 2398 3382 QUARTUS.

1745 3426 2127 3441 —_——-

730 3499 1061 3556 EPISTOLA
1092 3498 1323 3554 PRIMA.

608 3608 863 3648 cauomth
902 3594 918 3624 ¹
960 3607 1234 3647 εγιιιιΑειιυ
1268 3604 1435 3643 μη.

302 3684 436 3739 Boni
463 3684 805 3752 imperatoris
835 3693 916 3739 est
942 3683 1219 3753 probatam
1249 3681 1300 3733 in
1342 3680 1454 3733 acie
1488 3676 1670 3731 militis
1696 3674 1811 3728 ani-

225 3789 382 3828 mare
418 3775 707 3838 virtutem;
752 3781 808 3826 ut
844 3772 1097 3827 fortitudo
1127 3770 1299 3825 laudis
1328 3768 1535 3837 pabulis
1565 3767 1806 3831 invitata,

224 3867 277 3921 in
339 3865 591 3920 secundis
640 3865 1013 3937 congressibus
1062 3862 1300 3918 dediscat
1356 3861 1489 3915 lucis
1541 3859 1810 3913 affectum;

222 3955 397 4025 Cujus
426 3956 594 4011 robur
624 3956 773 4010 ducis
801 3956 1068 4025 praeconio
1098 3970 1203 4009 non
1234 3952 1502 4007 nutritur?
1532 3951 1720 4019 quibus
1750 3964 1808 4003 se

221 4047 499 4117 denegem
528 4047 686 4101 etiam
720 4046 892 4100 minus
920 4043 1089 4099 valida
1131 4046 1317 4099 tironis
1347 4044 1581 4098 membra
1611 4041 1803 4095 conﬂi-

221 4139 443 4202 ctibus,
493 4138 703 4207 quando
752 4137 973 4190 rectoris
1013 4135 1316 4191 testimonio
1366 4136 1511 4189 videt
1552 4133 1654 4188 sibi
1703 4148 1806 4188 non

220 4228 413 4298 perire
434 4226 572 4296 quod
594 4226 853 4297 gesserit?
877 4226 997 4281 Sola
1022 4225 1103 4279 via
1125 4238 1203 4281 est
1232 4240 1330 4295 qna
1361 4224 1427 4278 ad
1460 4223 1806 4294 prmliandnm

222 4330 455 4376 crescat
483 4321 724 4387 intentio,
753 4320 999 4390 quotiens
1028 4320 1161 4374 bene
1186 4329 1332 4389 gesta
1358 4332 1460 4372 non
1493 4318 1636 4371 delet
1668 4316 1806 4370 obli-

220 4414 349 4468 vio.
383 4412 596 4467 Utinam
625 4414 871 4468 divinitas
902 4413 1093 4467 vestris
1124 4420 1264 4465 mota
1303 4409 1549 4479 precibus
1578 4412 1597 4441 ³
1626 4409 1809 4463 diaboo

221 4489 399 4562 licum
428 4518 692 4560 cettamen
720 4506 1012 4560 interimat!
1047 4507 1246 4559 utinam
1270 4504 1609 4558 devotionem
1635 4515 1807 4555 meam

218 4598 271 4652 in
312 4611 456 4665 pace
483 4596 808 4652 manifestet!
854 4606 909 4649 ut
935 4594 1085 4665 cujus
1128 4594 1359 4649 studium
1403 4591 1684 4663 resignavit
1717 4591 1809 4644 ad-

217 4690 485 4753 versitas,
513 4688 649 4743 illius
678 4687 963 4744 concordia
998 4686 1336 4743 commendet
1362 4686 1699 4755 obsequium.
1728 4684 1806 4739 Ad

296 4823 323 4853 ⁸
360 4820 669 4889 Symmarho
696 4817 864 4890 papa]
894 4820 1047 4889 Papae
1077 4833 1270 4890 nomen
1296 4818 1383 4872 uni
1404 4817 1644 4890 Romano
1676 4832 1808 4890 pou-

215 4890 366 4947 tiﬁci
397 4888 645 4959 tanquam
676 4888 944 4959 proprium
967 4888 1017 4944 ct
1055 4889 1341 4957 peculiare,
1377 4889 1600 4954 primus,
1630 4902 1681 4940 ut
1731 4888 1805 4941 \i-

213 4964 415 5024 detur,
441 4958 665 5013 asseruit
700 4958 986 5013 Ennodius.
1008 4959 1136 5012 Nam
1169 4974 1287 5013 cunt
1307 4960 1587 5025 episcopos
1616 4973 1801 5011 omnes

212 5044 401 5101 papas
428 5032 603 5101 caeteri
636 5028 746 5083 fere
774 5028 1006 5101 quiAEjliS
1030 5043 1143 5101 tev_o
1178 5029 1405 5101 proximi
1436 5028 1665 5101 fuerunt.
1689 5044 1801 5101 ap-

213 5046 284 5101 pa
343 5046 401 5083 as
428 5046 603 5083 caeteri
636 5046 746 5083 tere
774 5046 863 5153 ign
893 5046 1006 5098 ejus
1030 5046 1143 5082 aevo
1178 5046 1400 5093 proximi
1436 5046 1665 5085 inerunt.
1711 5046 1801 5095 ap-

213 5046 437 5171 peﬁare
466 5100 761 5171 soleant,ut
810 5098 1063 5171 ‘idonius,
1092 5098 1341 5171 Faustus,
1378 5098 1656 5171 Ruricius;
1688 5098 1801 5171 ipse

213 5168 494 5240 perpetuo
522 5169 826 5224 discrimine
856 5170 1122 5223 antistites
1166 5168 1489 5240 reliquarum
1538 5168 1799 5240 Ecclesia.

212 5236 351 5295 rum
386 5239 666 5308 episcopos
709 5247 878 5303 vocat,
930 5253 1119 5306 papam
1151 5238 1322 5290 solum
1353 5236 1608 5308 Romanae
1656 5237 1799 5291 sedis

214 5306 695 5377 pontificetn,'sive
717 5324 836 5361 cum
872 5309 941 5361 illi
967 5309 1170 5367 scribit.
1198 5318 1253 5360 ut
1276 5306 1595 5376 Symmacho
1624 5321 1791 5376 papae,

211 5376 268 5434 et
305 5380 513 5432 domno
542 5392 707 5446 papae,
734 5379 846 5432 sive
887 5392 1006 5431 cum
1041 5379 1109 5431 de
1143 5378 1230 5430 illo
1259 5377 1395 5445 apud
1424 5376 1559 5431 alios
1590 5378 1712 5446 agit,
1738 5388 1797 5431 ut

211 5450 322 5503 lib.
350 5463 403 5501 ιιι
451 5445 720 5517 epistJO,
754 5448 847 5502 lib.
878 5464 949 5510 Vl,
993 5450 1149 5515 epist.
1200 5446 1269 5500 55
1312 5456 1366 5501 et
1416 5447 1632 5514 passim.
1677 5445 1793 5500 Pari

211 5528 348 5584 post
380 5516 679 5572 Ennodium
730 5518 1035 5571 discrimine
1081 5518 1131 5569 itt
1163 5516 1277 5583 ejus
1311 5519 1455 5569 vocis
1487 5516 1792 5582 usurpatio-

210 5601 350 5642 nem
397 5602 521 5640 usus
567 5597 653 5644 est
703 5586 1052 5641 Cassiodorus
1090 5588 1219 5655 :qui
1267 5602 1387 5639 cum
1439 5585 1784 5652 Bonifacium,

210 5661 521 5725 Agapetum
551 5667 606 5711 et
624 5657 888 5712 Joannem
922 5655 1174 5725 Romana:
1203 5655 1346 5710 sedis
1388 5655 1667 5720 pontifices
1701 5671 1793 5724 pa.

211 5724 320 5796 pas
353 5728 607 5795 nominet,
646 5727 985 5795 Eustorgium
1009 5734 1063 5780 et
1109 5724 1317 5780 Datiutn
1361 5725 1793 5793 Mediolanensis,

1846 3488 1894 3549 ο
1936 3482 1955 3512 ³
1983 3481 2377 3536 Marcellianutn
2408 3481 2713 3552 episcopum
2738 3484 2934 3540 directa
2965 3496 3049 3541 est
3075 3503 3101 3540 a
3131 3488 3290 3545 fratre
3317 3502 3493 3547 vestro

1919 3574 2174 3628 inStructa
2198 3572 2423 3642 legatio:
2450 3576 2540 3629 sed
2565 3576 2689 3644 quid
2712 3580 3039 3645 promoverit
3061 3579 3173 3649 ipse
3198 3586 3487 3653 rescripsit.

1916 3667 2067 3732 Quod
2094 3677 2279 3730 restat,
2310 3670 2572 3737 porrectis
2601 3670 2936 3725 salutationis
2966 3687 3155 3741 precor
3182 3675 3371 3730 officiis
3390 3720 3403 3741 ,
3432 3687 3490 3731 ut

1914 3758 2166 3827 quidquid
2194 3774 2391 3827 :rgrnm
2416 3770 2494 3813 est
2519 3761 2719 3814 medica
2743 3766 2983 3818 oratione
3007 3767 3204 3820 curetis
3231 3784 3243 3821 :
3276 3777 3328 3823 et
3352 3768 3490 3822 inter

1914 3848 2191 3902 latentium
2216 3859 2418 3902 secreta
2443 3851 2767 3913 morborum,
2792 3854 2879 3919 qui
2905 3846 2963 3905 in
2980 3856 3279 3921 generalem
3302 3872 3487 3913 necem

1916 3952 2179 4004 servatur,
2210 3938 2352 3993 ferro
2374 3940 2597 4009 Spiritali
2626 3945 2877 3995 resecetis
2901 3958 3161 3998 errorem.
3195 3944 3342 4001 Vale.

2480 4031 2807 4088 EPISTOLA
2850 4034 2910 4087 II.

2444 4159 2692 4198 ENNODIUS
2732 4161 2957 4200 ALICONI.

1986 4236 2309 4290 Venerabilis
2346 4238 2621 4290 Amantius
2666 4240 2960 4309 presbyter,
2996 4238 3120 4292 dum
3151 4240 3213 4293 ad
3254 4254 3348 4293 vos
3388 4256 3480 4310 pa-

1908 4325 2058 4393 ginas
2085 4326 2279 4395 exigit,
2313 4342 2425 4381 rt-m
2461 4326 2757 4380 devotionis
2802 4344 2933 4381 mea:
2963 4330 3042 4381 sui
3073 4344 3193 4383 esse
3234 4330 3355 4383 fecit
3386 4334 3483 4384 im-

1913 4417 2066 4486 perii.
2091 4417 2235 4471 Felix
2262 4418 2571 4483 necessitas,
2597 4435 2715 4488 qua:
2738 4420 2875 4473 votis
2897 4428 3111 4488 praestat
3133 4423 3442 4491 obsequium
3468 4442 3480 4453 ·

1913 4508 2077 4562 libera
2101 4508 2491 4579 prmeminentis
2514 4510 2703 4578 jussio,
2730 4527 2847 4579 quae
2873 4514 3039 4565 servit
3059 4513 3287 4569 ail'ectui.
3316 4515 3483 4569 Debet

1912 4598 2042 4652 mihi
2064 4608 2298 4666 coactor,
2324 4600 2461 4668 quod
2481 4615 2610 4653 mea:
2633 4602 2880 4669 prtestitit
2902 4601 3157 4656 voluntati
3184 4621 3195 4655 ε
3227 4619 3480 4672 prospera

1911 4701 1995 4746 est
2019 4692 2257 4761 scripti»,
2283 4708 2399 4760 qua:
2425 4694 2780 4747 testimonium
2814 4695 2989 4748 tribuit
3020 4697 3096 4748 his
3119 4698 3285 4749 amori
3314 4697 3477 4755 :dum

1838 4856 1883 4916 ο
1911 4823 2122 4904 etalios
2150 4824 2373 4916 aliarum
2403 4824 2669 4916 (ivila’llm
2703 4824 2978 4916 praesules.
3010 4840 3112 4916 non
3137 4826 3293 4916 aliter
3321 4841 3480 4895 quam

1910 4893 2190 4961 episcopos
2215 4903 2386 4946 vocat.
2414 4892 2596 4959 Neque
2624 4892 2809 4946 omnes
2848 4904 3021 4947 tamen
3058 4896 3156 4947 hnc
3192 4898 3261 4948 ita
3292 4892 3476 4951 exem—

1908 4965 2051 5030 plum
2102 4974 2282 5030 postea
2319 4964 2486 5017 secuti
2514 4972 2656 5028 sunt,
2695 4964 2820 5032 Quin
2854 4965 3098 5030 permulti
3142 4965 3473 5031 diversarum

1905 5032 2160 5100 gentium,
2198 5034 2493 5105 praesertim
2525 5044 2679 5087 extra
2731 5034 2959 5095 Italiam,
2990 5036 3277 5103 scriptores
3329 5054 3476 5105 papte

1905 5117 2098 5156 nomen
2142 5103 2361 5173 reliquis
2408 5105 2535 5173 item
2569 5105 2828 5173 episcoitis
2860 5106 3162 5169 tribuerint,
3212 5103 3377 5173 usque
3409 5107 3474 5159 ad

1905 5181 2143 5238 tempora
2175 5168 2420 5242 Gregorii
2441 5187 2540 5242 VVII,
2568 5168 2660 5239 qui
2694 5168 2979 5242 in’syuodo
2999 5168 3233 5227 Romana
3254 5168 3473 5242 primus,

1903 5251 2012 5293 uta
2047 5240 2274 5293 Baronio
2327 5241 2597 5293 cardina'e
2647 5240 2982 5295 observatum
3024 5254 3147 5311 est,
3180 5240 3363 5308 edixit,
3419 5250 3475 5296 ut

1902 5325 2050 5379 papa:
2072 5323 2260 5363 nomen
2295 5311 2450 5363 unius
2475 5313 2542 5362 sit
2566 5311 2614 5363 in
2644 5312 2771 5364 orbe
2794 5312 3118 5366 Christiano.

1986 5382 2010 5451 ξ
2067 5379 2388 5433 Diabolt’cum
2436 5381 2728 5451 certamen]
2799 5382 3164 5435 Laurentianus
3232 5382 3473 5435 factionis

1900 5449 2279 5517 schismaticae,
2314 5466 2433 5520 quae
2462 5449 2840 5520 Symmachum
2882 5453 3041 5507 variis
3087 5451 3259 5504 modis
3298 5468 3472 5520 oppu-

1899 5527 2715 5660 gngvﬁbrcellinumepisc0pum]
2756 5590 3169 5659 Aquileiensem.
3219 5589 3299 5643 Ad
3329 5588 3469 5646 hunc

1902 5674 1997 5727 pro
2036 5659 2357 5729 Sytntnaclm
2395 5659 2680 5726 scrip-erat
2710 5659 3020 5712 Laurentius
3050 5660 3335 5727 episcopus
3362 5661 3470 5719 IIe-

1903 5728 2257 5795 diolancttsis,
2290 5747 2444 5800 quem
2474 5731 2539 5785 ab
2571 5729 2810 5783 Eunodo
2840 5729 3103 5799 designari
3136 5739 3285 5801 puto.
