3998 6362
493 348 556 403 71
1620 340 1895 397 ENNODII
1936 337 2235 396 EPISCUPI
2275 337 2649 399 TlLlNENSlS
3692 340 3761 396 7!

489 474 545 520 et
575 477 769 518 novum
794 460 846 517 in
872 459 960 531 jus
989 456 1275 529 diligentia
1301 455 1539 522 attrahit,
1572 464 1627 510 et
1654 456 1811 510 amici
1839 453 2067 510 senioris
2094 454 2146 513 Α
2170 456 2424 522 quaeritur
2448 456 2572 523 quid
2607 456 2660 508 iu
2691 454 2892 508 amoris
2922 452 3076 509 lance
3100 467 3448 524 promoveas,
3472 451 3574 510 sed
3601 456 3761 526 quale

490 567 676 625 pectus
719 552 939 624 obligat.
987 550 1086 617 Qui
1139 549 1265 601 dum
1314 546 1693 615 magnitudinis
1739 556 1843 600 tuae
1894 545 2066 599 ﬁdelis

488 657 665 715 praeco
698 649 815 707 cst,
855 640 1000 710 prius
1027 652 1122 692 vos
1151 651 1245 706 per
1287 635 1717 705 astipulationem
1755 649 1906 688 suam
1939 633 2068 688 fecit

486 734 826 804 eligi,quam
872 729 1106 797 agnosci.
1154 728 1297 781 Raro
1325 726 1565 781 notitiam
1617 724 1893 794 praecessit
1939 722 2068 778 all‘e-

486 825 597 878 ctio
623 840 636 877 :
666 822 749 877 cui
774 819 993 888 contigit
1020 826 1143 873 ante
1173 818 1414 887 placere,
1438 830 1593 885 quam
1627 813 1856 883 inspici?
1888 814 2068 880 Quan-

486 922 598 968 tum
636 910 773 981 apud
803 922 888 965 me
934 909 1141 979 pondus
1184 916 1265 962 est
1295 906 1608 977 perlatoris,
1656 904 1953 971 advertite,
1998 902 2066 957 ad

484 1003 640 1072 cujus
661 1011 846 1058 nutum
866 1002 1062 1072 judicia
1088 1010 1268 1055 nostra
1295 999 1580 1054 ﬂectuntur
1605 1015 1617 1051 :
1651 996 1886 1050 vidimus
1905 1010 2065 1065 quem

485 1093 712 1148 didicit:
743 1107 902 1163 quem
947 1090 1125 1146 laudat
1167 1089 1560 1158 amplectimur.
1592 1086 1746 1155 Smpe
1793 1086 1844 1139 in
1894 1085 2067 1139 solido

484 1184 769 1239 constituta
795 1196 948 1237 mens
977 1181 1190 1251 propria
1221 1180 1396 1233 amico
1419 1178 1561 1233 cedit
1588 1176 1847 1230 examini.
1877 1175 2066 1230 Merito

483 1292 613 1348 ergo
659 1276 1016 1345 suspicimus,
1056 1289 1198 1344 quos
1246 1272 1498 1341 probatus
1541 1268 1771 1324 extollit.
1820 1267 1971 1322 Nunc
2017 1267 2065 1322 si

484 1369 783 1424 ubertatem
824 1367 1009 1437 gratia!
1056 1363 1254 1433 ingenii
1303 1361 1501 1415 macies
1547 1359 1877 1428 explicaret;
1923 1356 1969 1411 si
1998 1357 2064 1412 ad

487 1460 684 1514 fontem
707 1457 920 1513 fmderis
938 1454 1072 1510 aridi
1092 1453 1357 1508 sermonis
1375 1467 1479 1506 non
1501 1451 1793 1505 lassaretur
1812 1448 2061 1515 infantia;

426 1569 433 1572 ν
484 1550 530 1605 si
551 1547 852 1619 epistolaris
889 1546 1115 1615 qualitas
1143 1559 1262 1614 qua:
1289 1543 1452 1598 etiam
1482 1542 1714 1611 copiosis
1759 1541 2064 1609 eloquentia

485 1642 666 1697 fienos
689 1638 929 1707 imponit,
961 1635 1204 1707 progredi
1229 1650 1314 1689 me
1339 1633 1405 1688 ad
1430 1634 1666 1702 longiora
1692 1631 2018 1700 permitteret
2047 1646 2062 1684 τ

482 1718 780 1789 assererem
807 1738 1003 1801 quanta
1028 1729 1273 1784 nobilitas
1299 1736 1387 1781 tua
1420 1725 1547 1781 mihi
1568 1725 1797 1787 debeat,
1827 1723 1967 1794 quod
1998 1722 2062 1777 ad

2170 545 2235 598 ad
2283 545 2647 613 praajudicium
2692 544 2977 599 aestimanti
3027 554 3219 600 nomen
3281 560 3525 615 opponas
3568 564 3581 599 :
3635 560 3758 601 cum

2165 635 2308 704 apud
2343 636 2629 704 prudentes
2661 633 2857 690 frustra
2879 635 3115 689 sobolem
3139 634 3387 703 dicimus,
3412 635 3512 689 nisi
3533 635 3761 690 exhibet

2168 728 2308 797 quod
2341 738 2582 781 vocatur.
2616 727 2745 781 Nam
2774 727 2865 797 qui
2895 727 2953 780 in
2988 727 3143 797 pro’le
3179 741 3460 781 censuram
3499 727 3718 797 negligit
3739 767 3756 792 ,

2167 827 2486 886 conceptum
2532 818 2700 887 magis
2730 817 2975 887 designat
3004 818 3102 871 sibi
3136 818 3377 886 placere,
3406 826 3565 885 quam
3598 838 3628 869 ιι
3650 820 3755 873 eii-

2168 918 2304 963 tum.
2335 909 2591 963 Facessat
2630 909 2680 961 in
2729 908 2957 978 posteris
3005 907 3109 962 hoc
3160 909 3331 963 solum
3379 922 3478 962 nos
3523 909 3759 978 cogitare

2168 997 2306 1064 quod
2336 996 2512 1051 libuit.
2557 995 2765 1051 Etenim
2798 997 2998 1052 fructus
3026 996 3195 1061 uteri,
3225 996 3329 1050 nisi
3361 995 3641 1050 honestate
3672 1011 3757 1050 rc-

2167 1070 2463 1157 spondeat,
2512 1088 2630 1153 plus
2674 1086 2725 1141 in
2768 1086 3075 1140 testimonio
3114 1084 3349 1139 iascivia:
3393 1083 3604 1139 videtur
3634 1098 3758 1140 eve-

2170 1186 2315 1237 nisse
2340 1197 2497 1251 quam
2524 1183 2734 1251 gratiae.
2758 1181 2862 1236 Fas
2884 1182 3027 1235 enim
3048 1188 3133 1234 est
3154 1179 3530 1249 germanitatis'
3543 1191 3759 1247 semper

2170 1275 2327 1329 ﬁdele
2363 1275 2689 1328 consortium
2734 1273 2897 1328 etiam
2948 1271 3199 1339 partubus
3243 1268 3497 1324 anteferri
3535 1285 3547 1321 :
3598 1269 3758 1323 datur

2168 1366 2478 1435 participem
2517 1363 2739 1432 originis
2768 1363 2847 1416 sic
2892 1362 3106 1425 haberi,
3153 1370 3210 1415 ut
3249 1374 3349 1414 nec
3391 1358 3756 1414 consideratio

2166 1456 2445 1524 sanguinis
2469 1454 2787 1522 negligatur,
2809 1460 2863 1507 et
2884 1450 3217 1506 descendens
3241 1464 3269 1503 a
3294 1448 3487 1503 merito
3513 1448 3756 1503 laudetur

2164 1561 2410 1602 examen.
2447 1546 2512 1599 Et
2550 1545 2670 1598 ideo
2715 1559 2782 1598 ne
2829 1543 3064 1598 sinuosis
3110 1542 3163 1596 in
3208 1542 3421 1610 longum
3464 1539 3755 1609 procedant

2165 1640 2328 1692 verba
2361 1635 2700 1706 prieloquiis,
2734 1643 2789 1690 et
2814 1634 2955 1703 quod
2986 1648 3046 1687 re
3075 1641 3353 1703 angustum
3391 1644 3510 1695 est,
3539 1640 3754 1686 crescat

2166 1728 2360 1790 allhtu;
2400 1727 2543 1781 dono
2587 1726 2640 1781 in
2680 1725 3066 1780 fraternitatem
3112 1733 3253 1777 tuam
3285 1721 3524 1786 confero,
3564 1732 3613 1775 et
3640 1721 3748 1791 juri

481 1824 771 1891 epistulare
804 1820 1180 1878 commercium
1229 1819 1436 1888 primus
1479 1817 1715 1881 accessi.
1747 1825 1801 1870 et
1842 1814 2057 1883 ianuam
2090 1814 2136 1875 Β
2166 1828 2254 1871 tuo
2285 1826 2537 1885 perpetua
2568 1815 2886 1870 liberalitate
2915 1812 3226 1868 transfundo
3259 1811 3579 1880 mancipium
3606 1810 3747 1880 juris

480 1915 766 1985 diligentia:
807 1911 1041 1969 reseravi
1087 1911 1238 1966 clave
1284 1907 1572 1964 sermonis.
1620 1905 1839 1975 Bajulus
1880 1914 2062 1958 tamen

479 2020 668 2078 precor
695 2014 754 2060 ut
792 2018 891 2074 pro
922 2003 1004 2058 his
1046 2016 1165 2073 qua:
1208 2000 1394 2055 tribuit
1422 1998 1750 2052 redametur.
1796 1994 2062 2050 Ecclesia:

478 2112 670 2154 causas
695 2097 907 2151 insinuo
935 2112 949 2147 :
982 2095 1107 2165 quia
1135 2092 1273 2162 quod
1296 2091 1407 2160 spei
1430 2105 1567 2145 mea:
1592 2088 1944 2157 impenditur,
1972 2102 2066 2140 vo-

482 2191 567 2246 bis
606 2188 797 2245 crescit
826 2188 891 2241 ad
920 2187 1193 2241 meritum.
1226 2184 1449 2242 Domine
1480 2184 1585 2245 mi,
1618 2180 1951 2237 eﬁ‘usissimie
1979 2192 2065 2232 sa-

482 2281 757 2336 lutationis
787 2292 980 2334 manus
1008 2275 1344 2346 impendens,
1372 2287 1558 2344 quaeso
1582 2280 1637 2326 ut
1660 2273 1703 2326 si
1737 2271 1887 2325 vobis
1910 2268 2062 2324 cordi

480 2380 566 2427 est
591 2370 915 2427 oblationem
936 2350 1116 2422 meam
1145 2365 1213 2420 dc
1243 2364 1497 2419 libamine
1536 2361 1773 2416 caritatis
1795 2361 2060 2429 accipere,

481 2464 792 2533 religionem
823 2460 1010 2515 amicae
1032 2456 1380 2513 conscientiae
1408 2452 1660 2509 reseretis
1686 2450 1940 2521 alloquio.

1045 2546 1374 2603 EPISTOLA
1417 2546 1504 2598 ΙΙΙ.

858 2631 1113 2697 susooms
1151 2653 1376 2693 EULALIO
1419 2651 1680 2691 srtscoro.

550 2734 796 2795 Trioitati
823 2734 1022 2804 gratias
1051 2732 1160 2787 Dco
1206 2740 1410 2795 nostro,
1451 2729 1541 2799 qui
1587 2729 1783 2783 fascem
1813 2744 1919 2795 quo
1964 2726 2063 2781 de-

483 2828 684 2897 primor
709 2834 1066 2895 peccatorum,
1088 2822 1239 2877 fortis
1259 2821 1399 2890 apud
1425 2835 1484 2875 se
1512 2821 1609 2875 viri
1641 2819 1916 2874 alacritate
1940 2833 2059 2873 sus-

487 2927 698 2972 tentat:
742 2916 835 2987 qui
876 2915 1185 2970 memoriam
1240 2916 1340 2966 mei
1375 2913 1426 2965 in
1478 2912 1568 2965 illo
1599 2919 1786 2965 sancto
1830 2911 2059 2979 pectoris

481 3007 556 3061 tui
598 3007 796 3076 templo
831 3020 937 3074 quo
972 3003 1167 3073 gaudet
1207 3002 1482 3069 Christus,
1528 3000 1739 3055 subtilis
1770 2999 2058 3055 fabricator

481 3097 753 3152 interserit
779 3114 790 3147 :
820 3104 877 3149 ut
903 3094 1045 3164 quod
1078 3096 1305 3163 propriae
1331 3091 1755 3146 conseri-adonis
1781 3091 1921 3145 nube
1952 3090 2058 3144 lus-

2166 1909 2270 1964 mei
2296 1908 2448 1973 illud,
2478 1916 2534 1963 et
2555 1918 2768 1962 caetera.
2800 1906 2945 1960 Vale.

2720 1994 3053 2052 EPISTULA
3095 1994 3157 2049 V.

2706 2104 2959 2144 ENNODICS
2998 2103 3219 2145 FAUS'I‘O.

2234 2183 2488 2238 Subliinis
2519 2183 2597 2238 vir
2644 2182 2969 2247 Dalmatius,
3011 2184 3206 2236 animae
3240 2196 3378 2247 mea:
3421 2180 3598 2251 portio
3639 2196 3748 2237 non

2164 2274 2495 2339 delraudata,
2524 2274 2617 2328 sed
2648 2273 2837 2336 solida,
2870 2274 2955 2327 cui
2987 2275 3051 2327 ad
3085 2275 3493 2343 praerogativam
3524 2272 3745 2340 sangui-

2165 2366 2247 2420 nis
2278 2380 2483 2418 morum
2512 2364 2764 2433 splendor
2788 2364 3040 2431 accessit,
3076 2367 3176 2418 hoc
3200 2364 3414 2433 negitio
3439 2377 3539 2417 suo
3567 2362 3747 2416 credi-

2163 2458 2239 2512 dit
2267 2456 2579 2525 couveuire,
2610 2457 2653 2509 si
2686 2455 2817 2510 meis
2859 2454 2998 2524 apud
3025 2455 3236 2508 culmen
3263 2464 3502 2508 vestrum
3530 2450 3638 2523 juv.
3661 2457 3749 2508 re:-

2159 2559 2249 2605 tur
2276 2550 2543 2619 alloquiis.
2567 2549 2719 2615 Quod
2743 2548 3199 2617 supersedendum
3230 2550 3345 2615 ejus
3368 2549 3619 2602 conscius
3640 2563 3747 2601 non

2164 2642 2375 2711 putavi,
2421 2642 2620 2695 faciens
2661 2641 2965 2695 urbanitate
2994 2640 3219 2707 quadam
3261 2654 3505 2707 persona:
3550 2638 3745 2703 tribui,

2163 2730 2303 2800 quod
2344 2746 2438 2783 vos
2467 2729 2589 2783 novi
2632 2729 2828 2783 debere
2855 2730 3094 2797 justitiaz.
3128 2729 3181 2783 In
3212 2727 3390 2783 Sicilia
3428 2728 3569 2783 enim
3607 2735 3746 2797 prm-

2162 2823 2289 2877 dicti
2326 2822 2611 2889 praedium,
2666 2822 2807 2876 bono
2855 2822 3111 2875 hactenus
3153 2822 3272 2889 jure
3314 2836 3620 2890 pos~essuin
3657 2838 3670 2873 :
3718 2836 3747 2877 α

2162 2915 2500 2969 consortibus
2543 2913 2857 2983 perhibetur
2892 2914 3152 2969 invasum.
3199 2913 3348 2968 Nunc
3396 2912 3461 2967 ad
3488 2913 3745 2982 juvameu

2163 3005 2433 3058 civilitatis
2467 3005 2807 3073 impenditur,
2841 3006 3095 3074 quidquid
3123 3019 3221 3074 ego
3251 3019 3570 3075 promovcro
3609 3020 3743 3073 sup-

2163 3098 2426 3166 plica'nzlo.
2464 3099 2682 3152 Domine
2711 3100 2804 3163 uti,
2829 3099 3158 3152 salutationis
3178 3098 3431 3168 obsequia
3463 3099 3613 3166 plena
3643 3098 3745 3151 liu-

480 3189 617 3256 cavl,
640 3186 916 3257 splendida
938 3186 1280 3239 conscientia:
1306 3185 1597 3239 serenitate
1627 3184 1919 3253 detergeat.
1943 3184 2059 3237 Ja.u
2088 3169 2132 3230 C
2168 3191 2390 3244 militate
2419 3191 2756 3261 persolvens,
2785 3190 3042 3260 deprecor
3072 3200 3128 3245 ut
3161 3190 3298 3245 circa
3329 3191 3606 3245 m‘emorati
3638 3207 3741 3245 no-

481 3280 603 3335 novi
632 3279 751 3349 quia
784 3292 888 3331 non
941 3277 1284 3331 ioelﬁcaciter
1318 3275 1611 3330 funduntur
1657 3276 1887 3329 lamenta
1934 3291 2060 3344 pec-

481 3371 735 3425 cautium.
770 3370 880 3423 Hoc
909 3368 1037 3422 milii
1066 3367 1304 3437 principe
1331 3368 1453 3422 loco
1476 3368 1649 3421 oratio
1676 3382 1791 3421 mea
1814 3408 1828 3430 ,
1859 3369 1960 3422 hoc
1987 3367 2062 3421 la-

480 3476 677 3533 crymrc
705 3462 1069 3523 contulerunt,
1103 3469 1159 3512 ut
1189 3459 1440 3513 robustus
1467 3472 1563 3527 pro
1591 3474 1676 3513 me
1699 3468 1943 3527 precator
1970 3475 2061 3513 ex-

481 3566 755 3621 surgeres,
800 3560 859 3604 ut
903 3548 1201 3604 labantibus
1250 3548 1486 3602 humeris
1532 3548 1739 3604 ctelesti
1799 3549 2058 3603 munit-m

472 3640 681 3695 auxilio
722 3640 995 3695 dexteram
1041 3638 1381 3709 subrogarcs.
1412 3638 1607 3692 Verum
1661 3646 1744 3693 est
1786 3641 1907 3708 quia
1947 3640 2059 3694 sola

479 3733 619 3803 apud
648 3733 815 3788 Deum
846 3730 1148 3799 desperatio
1170 3730 1344 3799 perdit
1368 3740 1657 3784 errantem.
1686 3731 1824 3785 Ecce
1845 3730 1954 3800 jam
1980 3732 2060 3786 lo-

482 3823 610 3877 lium
642 3831 916 3888 nostrum,
962 3821 1130 3890 spina:
1161 3821 1241 3875 vel
1275 3821 1487 3886 tribuli,
1522 3821 1754 3887 hordea,
1788 3824 2055 3891 triticum,

479 3915 662 3971 vineas
691 3915 1029 3984 pollicentur.
1069 3914 1181 3983 Age
1201 3954 1216 3979 ,
1258 3914 1426 3969 electe
1458 3914 1581 3982 Dei,
1626 3930 1723 3985 pro
1756 3932 1839 3970 me
1868 3917 2056 3972 humili

477 4004 621 4075 quod
650 4005 892 4073 coepisti;
924 4014 978 4057 et
1016 4004 1258 4073 partibus
1288 4006 1391 4057 tuis
1428 4004 1646 4071 adesto,
1680 4006 1806 4060 dum
1840 4022 2055 4075 precum

477 4095 534 4149 in
564 4109 651 4148 me
676 4093 988 4147 assiduitate
1025 4091 1212 4158 diluis,
1258 4094 1398 4162 quod
1438 4108 1537 4162 ego
1582 4095 1772 4164 collegi
1814 4097 2056 4150 ubertate

477 4190 777 4259 culparum.
806 4186 1194 4256 Frequentibus
1222 4188 1381 4251 etiam
1405 4197 1712 4258 susceptum
1744 4204 1903 4258 pasce
1947 4190 2056 4245 col-

480 4281 671 4351 loquiis
698 4300 710 4334 :
745 4291 802 4336 ut
829 4280 1088 4336 insulsum
1114 4290 1323 4350 pectus,
1355 4296 1453 4335 nec
1476 4282 1585 4335 ulla
1607 4280 1861 4336 virtutum
1892 4283 2056 4338 stabi-

478 4372 626 4427 litate
652 4374 957 4438 subnixum,
988 4372 1366 4427 admonitionis
1393 4372 1503 4426 sale
1531 4372 1819 4428 conl‘ortes.
1856 4375 1934 4430 Ad
1960 4374 2054 4427 ob-

478 4466 661 4534 sequia
684 4465 1013 4520 salutationis
1035 4476 1293 4531 revertor,
1319 4474 1372 4519 et
1392 4466 1732 4535 epiSIolarem
1756 4476 2053 4537 transgres-

480 4571 571 4611 sus
598 4556 880 4610 terminum
902 4597 915 4620 ,
950 4571 1109 4610 unum
1141 4557 1283 4611 velut
1312 4556 1575 4625 garrulus,
1606 4558 1699 4611 sed
1732 4573 1825 4625 pro
1857 4573 2044 4611 neces-

480 4646 727 4701 sitatibus
754 4647 1088 4715 importunus
1115 4647 1379 4716 adjungo,
1408 4658 1465 4701 ut
1500 4662 1586 4701 me
1612 4647 1727 4702 sine
1753 4649 2052 4702 cessatione

480 4744 685 4790 tantum
711 4738 862 4804 juves
894 4736 1161 4805 precibus,
1192 4746 1445 4805 quantum
1470 4737 1756 4793 conﬁrmas
1785 4738 2050 4807 alloquiis.

479 4827 629 4883 Vale.

1036 4920 1363 4976 EPISTOLA
1404 4921 1492 4976 IV.

649 5026 925 5065 EXEIPLAB
965 5028 1233 5068 EPISTOLE
1272 5030 1412 5075 QIJAI
1454 5031 1564 5069 IPSE
1604 5031 1865 5072 DICTAVIT.

1052 5120 1243 5158 FRATRI
1281 5119 1465 5160 εοιιοιι.

540 5192 796 5260 Quamvis
824 5197 1126 5248 summatim
1163 5198 1385 5262 gratiam
1416 5198 1576 5267 aliqui
1615 5198 1843 5255 debeant
1883 5201 2041 5255 etiam

468 5283 622 5338 malis
649 5285 700 5338 in
726 5282 1007 5339 affectione
1037 5286 1378 5355 pignoribus,
1408 5304 1506 5343 nec
1536 5290 1660 5343 illud
1690 5291 1829 5360 quod
1861 5303 2041 5361 poste-

468 5375 608 5427 ritati
654 5374 901 5429 tribuitur
944 5374 1293 5440 beneﬁcium,
1345 5388 1556 5445 putetur
1601 5395 1717 5434 csse
1754 5382 2034 5436 debtum;

466 5479 586 5517 cum
616 5466 877 5536 malignus
908 5467 1167 5536 interpres
1188 5468 1443 5536 judicium
1477 5472 1654 5524 cordis
1681 5483 1881 5527 natura!
1907 5476 2035 5527 sub-

466 5554 544 5606 dit
574 5554 841 5623 imperiis,
871 5569 924 5613 et
967 5558 1159 5613 tollens
1194 5574 1437 5627 saporem
1469 5561 1781 5631 diligentiae,
1814 5565 1924 5617 sola
1958 5564 2036 5618 vi-

469 5644 694 5696 vendum
724 5655 869 5713 putet
898 5648 1195 5716 objectione
1228 5648 1462 5718 pariendi
1494 5668 1506 5703 ε
1539 5650 1749 5719 quando
1778 5652 1896 5719 plus
1918 5670 2032 5708 crc-

464 5734 607 5789 ditur
639 5735 727 5790 lilii
762 5740 1071 5796 vocabulum
1100 5744 1273 5799 valere
1302 5757 1456 5813 quam
1488 5743 1821 5811 oli_.cqui:nn,
1853 5756 1903 5798 ct
1929 5760 2029 5797 non

2165 3281 2283 3335 bilis
2306 3281 2405 3335 viri
2434 3282 2751 3351 compendia
2783 3283 3073 3351 pudorem,
3106 3283 3270 3352 leges.
3298 3297 3361 3336 ac
3387 3282 3585 3351 reliqua
3620 3298 3743 3351 qua:

2166 3387 2259 3440 pcr
2286 3370 2663 3427 conscientiam
2690 3383 2920 3427 vestram
2954 3374 3282 3437 subsistunt,
3310 3373 3618 3442 reipublicae
3645 3389 3741 3428 or-

2162 3473 2408 3516 namenta
2439 3462 2706 3517 muniatis.
2744 3463 2890 3517 Vale.
3201 3515 3212 3526 ,

2721 3554 3049 3610 EPISTOLA
3089 3556 3168 3609 Vl.

2676 3662 2930 3701 ENNODIUS
2968 3662 3213 3701 AGAPITO.

2228 3735 2461 3802 Credidi,
2488 3748 2761 3807 postquam
2792 3738 3099 3808 magnitudo
3129 3748 3300 3792 vestra
3330 3738 3482 3793 bonis
3509 3746 3592 3792 est
3625 3739 3732 3794 im-

2159 3846 2320 3901 pensa
2352 3832 2725 3900 generalibus,
2772 3841 2826 3886 et
2868 3834 3033 3887 otium
3079 3833 3324 3902 migravit
3366 3831 3418 3886 in
3462 3832 3731 3902 gloriam;

2158 3930 2435 3992 postquam
2462 3921 2858 3976 Ravennatibus
2878 3922 3117 3977 excubiis
3138 3923 3401 3991 occupati,
3429 3921 3552 3975 dum
3582 3923 3741 3990 quie—

2159 4022 2263 4066 tem
2297 4021 2528 4067 vestram
2568 4012 2862 4081 negligitis,
2898 4024 3133 4067 nostram
3165 4013 3309 4066 omni
3341 4011 3608 4066 soliditate
3641 4012 3737 4065 lir-

2157 4103 2342 4166 matis;
2372 4110 2426 4156 et
2461 4101 2697 4170 privatus
2726 4103 2910 4169 genius
2952 4102 3016 4156 ad
3050 4103 3196 4172 regni
3229 4102 3421 4156 decOra
3456 4101 3738 4166 transivit;

2156 4193 2366 4260 quando
2394 4208 2581 4246 novam
2609 4193 2804 4258 lucem,
2836 4194 2901 4249 de
2923 4193 3231 4249 domesticis
3254 4190 3572 4249 abstra'etam
3604 4195 3742 4248 siui-

2157 4283 2282 4347 bus,
2328 4283 2597 4337 Palatinus
2636 4285 2734 4338 sibi
2782 4284 2953 4355 fulgor
2999 4286 3222 4355 adjecit;
3272 4296 3325 4341 et
3370 4287 3740 4357 angustiorem

2157 4373 2318 4429 fuisse
2346 4376 2495 4444 regni
2542 4375 2623 4430 sui
2668 4392 2915 4445 pompam
2964 4392 3140 4431 rerum
3188 4377 3435 4431 dominus
3475 4392 3595 4431 cum
3639 4392 3741 4431 vos

2158 4483 2262 4521 non
2310 4468 2526 4533 habuit,
2559 4478 2704 4523 recte
2747 4471 2961 4522 metilus
2990 4478 3102 4533 est;
3138 4484 3231 4536 pro
3262 4469 3529 4523 vicinitate
3558 4463 3741 4538 regio-

2158 4575 2314 4624 num,
2356 4559 2561 4613 crebris
2604 4574 2689 4614 me
2726 4558 3071 4613 relevandum
3115 4573 3235 4614 esse
3277 4559 3576 4628 coiloquiis.
3626 4558 3740 4613 Sed

2160 4652 2520 4707 inefﬁcacibus
2562 4651 2676 4719 spei
2725 4667 2856 4705 mea:
2906 4651 3143 4705 luserunt
3184 4662 3397 4719 peccata
3445 4650 3735 4717 consiliis;

2160 4746 2330 4797 nullas
2352 4743 2568 4812 paginas
2591 4742 2654 4793 ad
2677 4742 2967 4809 diligentia:
2985 4742 3343 4796 testimonium
3368 4757 3517 4795 mens
3539 4758 3737 4796 serena

2156 4834 2486 4888 transmittit.
2517 4831 2687 4887 Grave
2714 4842 2831 4898 est,
2863 4833 2909 4887 si
2953 4848 3193 4886 amorem
3223 4848 3328 4886 non
3374 4834 3539 4888 merui
3568 4850 3581 4886 :
3613 4842 3733 4902 gra-

2156 4925 2305 4990 vius,
2343 4923 2386 4977 si
2433 4938 2588 4991 quem
2633 4938 2911 4991 exegeram
2943 4921 3079 4977 forte
3125 4922 3353 4976 turbavi.
3385 4922 3510 4978 Scio
3552 4938 3733 4981 tamen
3760 4975 3774 4987 ,

2151 5017 2268 5067 haec
2312 5013 2725 5081 congruentibus
2780 5012 2990 5067 veritati
3040 5012 3441 5067 excusationum
3495 5012 3734 5073 nubibus

2151 5118 2272 5159 esse
2308 5102 2623 5158 claudenda.
2658 5102 2714 5155 In
2745 5103 2966 5171 privatis
2998 5102 3223 5157 inveniri
3255 5117 3475 5156 munera
3518 5102 3728 5157 litvera.

2151 5211 2268 5248 rum
2301 5211 2312 5246 :
2346 5209 2450 5247 non
2483 5208 2626 5248 rcce
2656 5193 2723 5247 ab
2751 5194 3023 5263 occupatis
3051 5194 3149 5246 ista
3187 5193 3431 5263 disquiri.
3464 5192 3569 5248 Sed
3604 5192 3741 5253 nor:

2151 5285 2355 5339 ﬁrmam
2392 5286 2443 5339 in
2476 5285 2756 5341 all‘ectione
2785 5284 3161 5340 conscientiam
3193 5285 3331 5339 inter
3360 5286 3560 5354 qumvis
3593 5300 3740 5352 pou.

2150 5379 2274 5432 di-ra
2306 5388 2359 5431 et
2378 5380 2603 5433 adversa
2635 5378 2925 5431 districtam
2953 5376 3129 5431 debita
3158 5392 3250 5431 sua
3281 5378 3467 5445 gratia:
3492 5391 3597 5429 non
3636 5390 3737 5432 ne-

2147 5483 2292 5536 gare.
2325 5467 2473 5521 Nunc
2500 5468 2621 5521 nolo
2649 5482 2767 5521 esse
2796 5466 3048 5536 prodigus
3078 5467 3127 5521 in
3156 5468 3406 5537 querelis.
3436 5468 3733 5522 Salutatio-

2148 5560 2230 5612 nis
2260 5562 2612 5613 reverentiam
2645 5558 2888 5619 solvens,
2926 5556 3207 5625 deprecor,
3241 5567 3297 5611 ut
3327 5557 3739 5627 suggestionem

2146 5669 2300 5720 quant
2333 5654 2469 5719 apud
2517 5666 2607 5704 vos
2638 5650 2942 5717 deposuerit
2990 5652 3332 5719 praesentium
3378 5654 3627 5722 ponitur,
3662 5652 3733 5706 ad

2138 5746 2375 5798 .votivuiu
2409 5744 2709 5806 perd'ucatis
2737 5743 2999 5799 ell'ectum.
