3998 6362
848 420 1178 479 EPISTOLA
1215 417 1323 474 VII.

624 529 882 570 ENNODIUS
920 517 935 546 ¹
976 528 1193 569 auumo
1228 528 1281 566 v.
1322 526 1359 565 ι.
1400 524 1452 565 c.
1493 526 1541 563 ε».

359 609 584 680 Suscepi
611 610 819 664 litteras
858 609 1069 678 gemino
1098 604 1384 676 Splendore
1415 601 1683 656 radiantes
1708 617 1722 654 :
1754 600 1874 671 qui-

290 705 389 762 bus
412 716 652 773 purpura
674 699 949 755 dictatoris
972 707 1164 753 vestrae
1183 697 1365 765 juncta
1387 692 1680 763 dignatiOni
1704 690 1874 745 crevit

290 798 342 854 in
370 797 604 869 pretium
632 813 646 847 :
680 792 876 864 gratias
903 790 1253 860 omnipotenti
1297 788 1404 842 Deo
1431 785 1752 847 restituens,
1784 782 1875 852 qui

291 898 539 945 votorum
571 886 796 941 maciem
824 882 1067 939 beneficii
1097 882 1337 936 ubertate
1364 876 1754 947 transgreditur
1780 893 1791 928 :
1820 881 1880 929 ut

292 979 506 1053 quando
532 978 587 1033 in
628 975 939 1041 desideriis,
983 972 1294 1029 meritorum
1340 971 1573 1032 conscii,
1606 977 1879 1024 sectamur

293 1072 593 1142 angustiam
615 1110 630 1135 ,
663 1068 844 1123 divitis
876 1066 1215 1135 indulgentia:
1258 1064 1439 1133 copias
1480 1076 1587 1117 non
1618 1059 1876 1115 refrenet.

294 1162 511 1219 Credidi
551 1162 685 1216 satis
726 1161 881 1223 esse,
912 1158 958 1212 si
989 1172 1073 1211 me
1110 1154 1347 1209 feceritis
1388 1152 1715 1220 amplissima
1748 1147 1885 1204 scri-

295 1256 479 1325 ptione
525 1251 831 1306 sublimem.
865 1248 969 1303 Sed
1002 1261 1097 1301 vos
1126 1261 1232 1300 non
1273 1244 1373 1298 hoc
1411 1252 1616 1297 tantum
1645 1239 1884 1295 contenti

292 1355 586 1414 prastare,
626 1341 767 1408 quod
814 1339 975 1392 habet
1020 1335 1264 1391 mendica
1309 1334 1632 1403 postulatio,
1685 1331 1881 1400 lingua:

295 1435 517 1489 idoneas
554 1442 610 1487 et
640 1430 796 1485 laude
822 1428 1120 1498 locupletes
1174 1426 1389 1496 paginas
1417 1424 1697 1480 destinatis
1731 1440 1745 1477 :
1774 1437 1887 1476 ma-

295 1528 382 1597 gni
410 1542 561 1581 more
588 1524 825 1579 fluminis
846 1562 861 1588 ,
894 1523 982 1591 qui
1013 1521 1261 1592 quotiens
1292 1521 1357 1573 ab
1380 1518 1566 1584 alveis,
1590 1516 1887 1571 ut‘aridita-

295 1629 399 1676 tem
424 1619 704 1673 ﬁnitimam
728 1623 1011 1683 temperet,
1035 1614 1100 1666 ad
1127 1613 1340 1681 obliqua
1380 1610 1653 1674 invitatur,
1679 1606 1888 1675 Optaoti

297 1723 513 1768 tenuem
542 1709 775 1765 rivulum
806 1715 945 1762 totus
979 1704 1234 1771 illabitur,
1268 1710 1323 1758 ct
1351 1701 1586 1756 marcida
1619 1697 1887 1769 profundo

1550 304 2026 365 EPISTOLARUM
2062 305 2191 365 LIB.
2230 305 2317 361 IV.
3479 300 3551 359 τι

1894 423 2067 481 Αγοε
2103 415 2347 471 dedistis.
2391 411 2553 482 Cujus
2591 414 2861 484 negotium
2903 427 3033 468 cum.
3075 420 3260 468 sancta
3304 410 3549 469 Ecclesia

1977 520 2149 565 vestra
2186 507 2417 578 legitima
2461 509 2704 576 pactione
2740 508 2979 562 decisum
3025 516 3139 573 est;
3172 505 3267 561 sed
3307 504 3553 561 haeredes

1977 591 2093 672 ejus
2122 616 2215 669 per
2236 614 2405 654 annos
2436 598 2722 669 plurimos,
2752 599 2958 655 debitos
2990 600 3090 653 sibi
3123 599 3325 653 fructus
3355 599 3555 655 deflent

1978 695 2143 749 fuisse
2169 694 2493 749 subtractos.
2523 692 2629 747 Pro
2650 693 2839 762 quibus
2861 693 3021 747 vestri
3044 694 3287 748 conscius
3312 702 3556 760 precator

1978 786 2177 842 accedo
2211 804 2223 839 :
2259 786 2383 854 quia
2421 784 2505 839 cui
2535 799 2652 839 mos
2681 792 2762 838 est
2806 784 2889 854 pia
2933 784 3125 853 jngiter
3167 786 3373 851 facere,
3415 784 3557 850 justa

1983 894 2087 932 non
2121 878 2412 949 despiciet;
2444 886 2498 932 et
2526 878 2617 947 qui
2650 876 2870 945 largitur
2902 876 3169 944 proprium
3191 916 3207 941 ,
3250 876 3422 928 aliena
3454 890 3560 929 non

1982 970 2280 1026 subtrahet.
2338 971 2493 1025 Errat
2548 970 2636 1039 qui
2685 969 2792 1023 Deo
2840 969 3133 1037 proximam
3177 966 3470 1021 conscienti
3510 981 3561 1021 m

1985 1063 2284 1117 commodis
2332 1062 2501 1117 credit
2544 1060 2758 1115 invitari
2790 1078 2801 1111 :
2835 1060 3211 1115 detrimentum
3255 1069 3334 1113 est
3365 1065 3563 1113 sancta:

1983 1153 2239 1207 voluntati
2279 1168 2386 1207 non
2441 1152 2698 1207 exhibere
2728 1151 3065 1205 beneﬁcium.
3101 1150 3223 1205 801..
3254 1150 3452 1219 putatis
3484 1150 3565 1201 lit-

1987 1258 2097 1310 cra,
2123 1261 2240 1314 qua:
2269 1245 2420 1299 vobis
2452 1245 2517 1297 de
2545 1244 2865 1299 liberalitate
2892 1256 3213 1308 nascuntur;
3240 1242 3327 1310 qui
3358 1242 3566 1297 divitias

1987 1336 2111 1390 dum
2143 1336 2395 1402 tribuitis,
2422 1336 2683 1403 accipitis.
2709 1337 2877 1390 Avara
2904 1346 2983 1388 est
3010 1335 3337 1402 dispensatio
3359 1346 3567 1385 sanvto-

1987 1441 2127 1489 rum,
2161 1442 2277 1495 quae
2309 1426 2381 1479 nil
2412 1429 2759 1492 reservando,
2785 1428 3034 1481 universa
3060 1426 3335 1495 proprium
3365 1425 3571 1481 reducit

1991 1517 2055 1570 ad
2098 1519 2389 1572 meritum:
2421 1518 2563 1572 nulla
2614 1526 2735 1572 sunt
2778 1520 3016 1587 potiora,
3067 1533 3225 1586 quam
3266 1532 3384 1586 qum
3423 1516 3572 1572 vobil

1988 1610 2243 1663 eveniunt
2272 1611 2339 1665 de
2366 1611 2610 1680 largitate
2638 1612 2977 1679 compendia.
3009 1610 3149 1679 Ergo
3176 1622 3397 1663 securus
3426 1622 3573 1661 com-

1992 1708 2241 1776 prehensi
2271 1709 2516 1776 Superius
2538 1750 2553 1775 ,
2594 1708 2895 1762 haeredibus
2922 1707 3118 1760 laboris
3147 1705 3365 1775 promisi
3394 1713 3573 1760 vestra

300 1804 552 1873 squalore
573 1811 715 1870 terga
742 1813 838 1869 per
859 1797 1168 1852 ebrietatem
1193 1795 1348 1849 unda:
1363 1793 1612 1847 salutaris
1634 1790 1886 1844 infundit.

1998 1803 2443 1872 contemplatione
2467 1801 2731 1871 jacturam
2760 1821 2773 1856 ς
2804 1816 2899 1855 vos
2928 1800 3363 1867 pollicitationem
3396 1810 3575 1852 meam

309 1894 551 1951 Fortium
584 1902 756 1947 tamen
785 1903 1004 1945 servans
1032 1885 1475 1942 consuetudinem
1506 1897 1851 1953 personarum
1870 1922 1886 1948 ,

298 1984 611 2054 magnitudo
637 1993 725 2037 tua
756 1983 899 2036 circa
941 1979 1285 2047 exiguitatem
1328 1990 1501 2031 meam
1534 1975 1669 2027 bene
1708 1981 1886 2042 empta

299 2092 406 2133 non
438 2076 653 2131 deserat
684 2092 696 2126 :
728 2082 789 2127 ut
813 2072 865 2126 in
899 2069 1204 2125 testimonio
1248 2066 1539 2136 diligentia:
1582 2079 1710 2118 cura
1744 2062 1893 2132 pagi-

298 2172 435 2226 nalis
459 2169 743 2231 habeatur,
767 2175 821 2221 et
843 2166 958 2235 puri
977 2165 1175 2218 amoris
1197 2162 1627 2231 astipulationem
1652 2158 1893 2213 deferant

304 2263 672 2318 blandimenta
693 2258 969 2327 colloquii.
992 2257 1251 2311 Occasum
1278 2253 1476 2308 ne=ciat
1498 2252 1715 2315 caritas,
1731 2265 1891 2320 quam

299 2365 423 2408 ante
459 2354 694 2408 culmina
740 2349 1061 2421 promisistis
1098 2365 1110 2400 :
1148 2356 1348 2401 tantum
1392 2348 1534 2399 circa
1572 2358 1658 2397 nte
1688 2350 1896 2397 crescat

300 2445 499 2515 gratia,
543 2450 799 2510 quantum
834 2438 987 2495 vobis
1016 2436 1212 2492 invicta
1245 2444 1368 2490 sunt
1414 2434 1619 2503 fastigia
1665 2433 1891 2503 dignita-

303 2546 411 2591 tum
444 2553 456 2587 :
492 2551 562 2588 ne
590 2532 877 2587 amicitiam
906 2546 1065 2601 quam
1097 2529 1228 2583 fovit
1255 2527 1620 2591 mediocritas,
1654 2526 1894 2579 videatur

301 2629 583 2698 ahjurasse
623 2625 883 2695 potentia.
931 2622 1062 2677 Nam
1111 2622 1198 2691 qui
1238 2620 1431 2673 fastum
1478 2621 1528 2671 in
1568 2618 1896 2671 sublimitate

304 2722 565 2789 castigat,
598 2717 756 2770 docet
800 2730 859 2769 se
887 2714 1146 2768 meruisse
1188 2711 1328 2778 quod
1359 2710 1583 2779 adeptus
1610 2716 1710 2763 est.
1744 2707 1896 2761 Resi-

302 2818 462 2881 gnate
475 2824 581 2879 per
601 2808 917 2877 probitatem
937 2802 1301 2865 conscientiae,
1327 2800 1634 2855 felicitatem
1653 2799 1892 2853 submitti

306 2916 465 2971 posse
505 2901 708 2954 amoris
753 2897 1010 2967 imperiis.
1059 2896 1151 2951 Illa
1201 2896 1366 2949 libera
1415 2907 1693 2962 procerum
1727 2892 1891 2957 colla,

309 2998 435 3050 dum
468 2996 695 3049 formam
726 2992 991 3055 tribuitis,
1023 2988 1299 3057 subjugate
1330 2986 1639 3055 di‘igentiac.
1686 2982 1787 3037 Fas
1830 2984 1899 3036 sit

307 3088 376 3144 de
408 3087 566 3142 Vobis
597 3086 866 3151 assuesci,
899 3092 961 3138 ut
996 3081 1357 3150 amplissimus
1386 3080 1440 3133 in
1479 3078 1733 3131 societate
1764 3075 1897 3129 reti-

1995 1892 2220 1962 benigna
2268 1892 2619 1961 dispositione
2662 1892 2926 1962 complete
2952 1908 2966 1947 :
2998 1899 3052 1946 et
3082 1891 3204 1946 illos
3232 1889 3422 1945 effectu
3441 1928 3457 1955 ,
3487 1903 3574 1945 me

1993 1983 2229 2038 relevate
2258 1982 2549 2054 colloquio.

2546 2073 2877 2129 EPISTULA
2922 2074 3014 2128 IX.

2527 2185 2783 2225 ENNODIUS
2822 2185 3043 2225 FAUSTO.

2070 2260 2221 2317 Solet
2245 2260 2548 2329 epistolaris
2580 2261 2948 2328 concinnatio,
2980 2260 3192 2331 quando
3222 2259 3410 2315 favore
3437 2260 3575 2329 rapi.

1996 2361 2103 2419 tur,
2131 2353 2328 2421 judicia
2350 2369 2454 2407 non
2478 2368 2681 2421 amare,
2711 2364 2761 2406 ct
2781 2354 3049 2419 cupiosius
3068 2353 3239 2407 facere
3261 2352 3577 2405 beneﬁcium

1998 2445 2124 2498 dum
2142 2446 2336 2499 attollit
2362 2445 2681 2500 immerilOs.
2704 2445 2794 2500 Ille
2821 2444 2961 2499 enim
2991 2446 3147 2499 debet
3176 2446 3405 2515 amplius
3425 2460 3573 2500 asse-

1997 2536 2157 2598 renti,
2186 2537 2274 2606 qui
2303 2536 2443 2605 quod
2477 2536 2712 2590 moribus
2740 2552 2841 2589 nou
2871 2536 3060 2605 exigit,
3096 2536 3266 2603 gratia
3301 2536 3578 2601 scriptoris

2000 2626 2326 2695 suffragante
2347 2628 2691 2697 consequitur
2717 2646 2729 2679 :
2755 2628 2874 2695 quia
2901 2628 3059 2682 nullis
3078 2628 3289 2696 adjutus
3312 2628 3577 2682 conscien-

2000 2720 2088 2771 tiae
2116 2718 2349 2780 dotibus,
2377 2720 2497 2786 jure
2526 2720 2593 2773 ad
2624 2720 2940 2789 allegantem
2966 2729 3223 2789 reportat,
3253 2720 3442 2788 siquid
3468 2719 3578 2773 adi-

2001 2811 2243 2881 piscitur.
2275 2812 2431 2865 Aliud
2470 2820 2553 2866 est
2584 2814 2634 2865 in
2666 2828 2729 2867 eo
2755 2814 2840 2882 qui
2869 2813 3294 2879 commendatur,
3330 2822 3579 2881 tanquam

2001 2904 2182 2957 nobile
2208 2919 2462 2972 germen,
2508 2903 2576 2958 ita
2614 2906 3004 2973 peregrinantia
3045 2905 3179 2958 bona
3230 2904 3407 2959 verbis
3438 2906 3580 2959 inse-

2002 3012 2152 3061 rere;
2184 2996 2325 3050 aliud
2368 2997 2543 3049 innata
2575 2996 2792 3066 vulgare
2819 3016 2831 3052 :
2864 2996 3311 3067 quemadmodum
3348 2998 3392 3051 si
3419 2998 3581 3053 rusti-

2002 3102 2123 3142 cum
2156 3101 2315 3153 pecus
2343 3087 2503 3159 Tyria
2545 3088 2827 3143 confirmes
2874 3104 3105 3160 purpura
3145 3100 3334 3157 sponte
3365 3089 3582 3155 vestiri;

306 3194 455 3251 neat,
484 3199 645 3255 quem
677 3184 853 3237 minor
874 3179 1132 3249 acquiret.
1169 3175 1324 3231 Ludit
1350 3176 1416 3229 de
1442 3173 1549 3228 illis
1574 3186 1753 3236 casus,
1780 3169 1894 3239 qui-

2004 3191 2055 3235 et
2094 3181 2242 3235 virus
2271 3195 2619 3250 gencrOSum,
2662 3182 2803 3252 quod
2850 3184 3019 3237 vellus
3063 3188 3237 3238 alieno
3286 3183 3583 3241 inebriante

309 3280 410 3337 bus
438 3278 769 3334 oblivionem
799 3289 1018 3329 suorum
1046 3271 1263 3335 indicet,
1291 3283 1424 3339 quos
1446 3266 1511 3321 ad
1541 3265 1681 3321 celsa
1706 3262 1900 3333 perdu-

309 3372 401 3425 cit.
448 3368 605 3437 Apud
648 3368 905 3422 scientem
959 3378 1136 3419 rerum
1169 3362 1407 3428 relegere
1449 3358 1619 3423 bona,
1672 3372 1775 3410 non
1820 3364 1901 3407 est

314 3460 700 3517 admonitionis
731 3458 1053 3519 necessitas,
1085 3457 1177 3509 sed
1207 3452 1380 3507 laudis
1406 3452 1641 3507 occasio.
1667 3447 1796 3502 Novi
1826 3446 1901 3500 fa-

311 3557 573 3611 bricatam
609 3555 676 3608 ad
721 3552 860 3606 bona
899 3548 1077 3606 studia
1126 3547 1325 3617 ingenii
1356 3545 1518 3599 vestri
1552 3541 1902 3612 tranquillita-

315 3652 423 3703 tem
459 3665 472 3700 :
506 3661 668 3716 quam
701 3644 822 3698 ideo
849 3641 1131 3710 speciatim
1180 3650 1578 3700 commemoro,
1622 3646 1678 3689 ut
1722 3645 1903 3688 osten—

315 3737 463 3803 dam,
493 3737 585 3791 ubi
613 3733 827 3790 affectio
855 3732 1025 3788 solida
1049 3741 1131 3787 est
1161 3729 1454 3791 honoribus
1481 3728 1553 3781 nil
1583 3727 1764 3782 licere.
1797 3724 1903 3781 Sed

313 3831 661 3900 epistolarem
708 3825 1013 3882 transcendi
1046 3824 1333 3879 terminum
1357 3862 1370 3885 ,
1402 3821 1526 3876 dum
1556 3819 1904 3875 commenda-

315 3925 445 3977 tioni
469 3936 610 3977 mea:
632 3920 832 3974 multus
857 3919 1093 3973 inhaereo
1120 3934 1133 3971 :
1160 3914 1323 3970 redeo
1347 3912 1413 3968 ad
1441 3912 1615 3967 ofﬁcia
1642 3910 1906 3981 paginalis

313 4014 560 4083 alloquii,
590 4022 649 4070 et
668 4014 848 4068 valere
878 4027 963 4066 me
993 4012 1268 4076 nuntians,
1302 4005 1676 4079 prosperitatis
1709 4012 1903 4060 vestra:

318 4117 560 4164 actutum
586 4104 822 4162 secunda
852 4103 1111 4173 disquiro.

864 4200 1195 4259 EPISTOLA
1232 4199 1366 4255 VIII.

724 4299 975 4340 ENNODIUS
1013 4296 1289 4337 SYIIMACIIO
1327 4294 1473 4332 PAPE
1483 4316 1496 4330 .

390 4381 575 4450 Usque
621 4377 691 4433 ad
739 4375 1087 4433 temeritatem
1134 4386 1220 4426 me
1264 4367 1557 4439 apostolica
1604 4364 1908 4435 dignatione

317 4469 668 4545 promovistis
692 4485 707 4522 :
739 4467 929 4521 ﬁducia
951 4478 1206 4520 concessa
1233 4461 1436 4517 exstitit
1458 4468 1630 4513 mater
1650 4458 1904 4512 audacize.

2004 3287 2109 3327 non
2140 3274 2378 3342 sorbuit,
2411 3274 2558 3329 dicas
2584 3290 2707 3329 rura
2747 3270 3068 3331 diffundere.
3098 3277 3331 3346 Tingunt
3359 3277 3447 3331 alii
3477 3278 3584 3332 lin-

2002 3382 2119 3435 gnat
2144 3370 2367 3431 murice,
2389 3382 2510 3437 quae
2535 3368 2710 3423 nullus
2732 3368 2796 3423 ad
2822 3370 3051 3437 regalem
3076 3386 3231 3425 usum
3260 3369 3411 3426 fucus
3431 3370 3584 3426 exhi-

2003 3458 2145 3526 buit,
2177 3469 2229 3513 et
2258 3458 2478 3514 discreti
2514 3460 2674 3514 maris
2699 3463 2874 3529 ignota
2902 3460 3139 3516 cochleis
3164 3462 3282 3517 lana
3307 3462 3475 3517 solam
3500 3463 3586 3517 lu-

2003 3566 2120 3606 cem
2171 3552 2303 3607 bibit
2354 3553 2552 3622 eloquii
2598 3570 2611 3604 :
2658 3552 2900 3608 redditur
2937 3554 3152 3625 dignum
3200 3556 3584 3626 principalibus

2006 3643 2351 3709 indumentis,
2382 3644 2633 3713 quidquid
2666 3644 2717 3697 in
2750 3645 2835 3699 vili
2861 3661 3080 3701 munere
3110 3648 3398 3701 relatorum
3422 3648 3586 3704 verba

2004 3735 2385 3790 coloraverint.
2420 3734 2525 3791 Sed
2558 3734 2625 3789 ab
2664 3736 2970 3804 hujusmodi
3000 3752 3085 3791 me
3114 3739 3415 3792 urbanitate
3444 3740 3587 3793 vires

2004 3828 2205 3897 pariter
2228 3838 2277 3881 et
2300 3836 2421 3881 vota
2451 3827 2772 3883 subducunt.
2797 3828 2951 3883 Nulla
2975 3829 3217 3883 clarioris
3238 3830 3340 3884 fuci
3370 3830 3588 3885 ﬂamina

2006 3935 2102 3989 per
2127 3935 2215 3976 me
2238 3920 2527 3990 splendore
2555 3922 2881 3977 rutilabunt:
2913 3938 3072 3977 nemo
3095 3922 3290 3977 dictum
3314 3923 3381 3978 de
3406 3924 3587 3993 aliquo

2008 4012 2284 4079 inveniet,
2316 4013 2457 4081 quod
2503 4013 2555 4067 in
2601 4011 2717 4081 ejus
2757 4012 2963 4067 actibus
3000 4029 3105 4067 non
3135 4023 3405 4084 agnoscat.
3452 4014 3588 4071 Hinc

2008 4106 2194 4175 pudori
2226 4120 2347 4159 meo
2375 4105 2456 4158 vel
2500 4104 2771 4174 proposito
2802 4120 3014 4159 manum
3055 4107 3294 4175 porrigo,
3337 4105 3478 4173 quod
3512 4105 3589 4163 illi

2010 4200 2263 4268 prmvium
2305 4199 2554 4268 impendo
2579 4200 2687 4254 oris
2710 4199 2945 4254 ofﬁcium
2969 4243 2983 4267 ,
3014 4201 3101 4270 qui
3127 4201 3191 4255 ad
3223 4200 3466 4256 notitiam
3494 4217 3588 4256 ve-

2011 4300 2176 4342 stram
2222 4290 2383 4344 rebus
2429 4290 2563 4344 bene
2591 4291 2753 4359 gestis
2792 4292 3045 4346 occurrit.
3075 4290 3393 4346 Venantium
3426 4292 3487 4347 ν.
3522 4290 3585 4348 C.

2012 4380 2201 4459 loquor
2229 4380 2428 4435 idcirco
2453 4396 2482 4435 a
2512 4396 2599 4435 me
2639 4382 2879 4450 paginale
2908 4383 3221 4450 impetrasse
3247 4383 3586 4452 obsequium,

2012 4480 2072 4525 ut
2092 4471 2145 4525 in
2170 4485 2227 4526 se
2250 4473 2433 4526 oculos
2456 4481 2649 4526 vestra:
2673 4471 3053 4540 magnitudinis
3074 4471 3351 4539 invitaret;
3376 4488 3443 4527 ne
3463 4488 3588 4528 eum

317 4565 421 4621 Sed
449 4564 543 4633 qui
590 4575 678 4615 me
707 4556 1026 4613 humilitatis
1055 4562 1204 4624 putat
1239 4553 1483 4622 ignarum
1503 4590 1519 4616 ,
1564 4548 1894 4605 obedientem

2013 4566 2151 4619 inter
2188 4580 2436 4619 curarum
2467 4567 2635 4620 moles
2679 4565 3010 4635 contingeret
3050 4566 3301 4637 ignorari.
3342 4566 3475 4619 Sunt
3510 4562 3589 4621 illi

319 4654 589 4727 probabit,
622 4653 667 4708 si
698 4650 841 4721 iussa
870 4647 1191 4703 consideret.
1226 4644 1580 4713 Praesumptio
1604 4651 1706 4706 est.
1730 4642 1775 4697 si
1807 4641 1906 4696 do-

319 4750 589 4806 minorum
615 4743 875 4800 beneﬁcia
899 4741 1079 4796 famuli
1105 4756 1212 4794 non
1234 4746 1527 4807 sequantur
1550 4753 1563 4790 :
1590 4736 1903 4805 obsequium

318 4839 713 4897 :estimandum
744 4846 902 4907 puto,
954 4833 1095 4905 quod
1138 4832 1406 4902 pariturus
1452 4829 1724 4900 impendo.
1771 4828 1909 4882 Ecce

319 4948 538 4988 causam
569 4927 879 4997 scriptionis
906 4924 1131 4991 asserui,
1153 4924 1277 4993 quia
1300 4922 1503 4977 veritus
1524 4936 1641 4975 sum
1686 4936 1755 4975 ne
1778 4929 1899 4990 post

325 5024 643 5092 imperatam
676 5019 802 5089 styli
843 5031 1024 5073 curam
1064 5025 1249 5069 tacens
1278 5022 1541 5082 prmcepta
1577 5026 1906 5080 reSpuerem.

326 5114 441 5169 Huc
498 5114 729 5168 accessit
772 5110 912 5179 quod
962 5109 1013 5163 in
1062 5122 1223 5163 causa
1268 5104 1587 5161 venerabilis
1637 5103 1910 5158 memoria:

324 5208 501 5272 Marii,
532 5206 660 5260 dum
688 5202 827 5272 apud
852 5200 1048 5257 Urbem
1074 5214 1273 5266 essem,
1312 5213 1461 5269 spem
1501 5198 1634 5252 meis
1661 5195 1909 5265 precibus

401 5325 418 5355 ¹
446 5321 666 5375 Iuliano
703 5317 769 5370 V.
801 5314 855 5371 1.
880 5315 940 5372 C.
978 5314 1070 5387 P]
1101 5314 1156 5368 Id
1186 5324 1288 5379 est,
1318 5313 1433 5367 viro
1451 5310 1684 5387 illustri,
1720 5308 1904 5363 comiti

330 5393 655 5463 patrimonii.
702 5382 1255 5463 Hmc_tiionogranim_a
1286 5400 1406 5463 cum
1451 5382 1769 5463 Basilienses
1798 5394 1902 5433 non

326 5453 713 5532 intelligerent,
729 5458 759 5511 J
769 5460 941 5532 alieno
957 5453 1194 5532 episcopo
1218 5456 1623 5532 inscripserunt.
1648 5453 1894 5532 Sedvera

325 5519 923 5602 lectiofquain'reddidi
974 5519 1045 5602 es
1074 5519 1347 5602 Vaticano.
1387 5519 1486 5579 Hic
1519 5524 1661 5602 enim
1693 5530 1775 5602 est
1798 5519 1893 5601 In:

329 5591 507 5661 lianus
523 5591 710 5659 comes
742 5599 1071 5667 patrimonii,
1101 5598 1167 5651 ad
1189 5613 1346 5666 quem
1373 5604 1549 5650 exstat
1577 5591 1895 5646 Theodorici

327 5678 471 5741 regis
517 5666 837 5741 rescriptum)
880 5670 971 5723 Iih.
1022 5669 1365 5741 tVariarom,
1417 5670 1575 5741 epist.
1604 5666 1692 5727 18,
1724 5676 1895 5741 eoque

326 5734 827 5805 aliuditl'lnnodius,
847 5756 969 5795 cum
991 5755 1274 5809 purpuram
1297 5740 1413 5806 ejus
1433 5737 1698 5809 norninm.
1717 5734 1895 5809 Quod-

329 5835 453 5877 nam
486 5826 664 5873 autem
695 5804 885 5869 munus
904 5804 1068 5867 fuerit
1094 5804 1375 5865 Comitivac
1402 5807 1536 5862 sacri
1570 5804 1893 5875 patrimonii,

737 5908 1010 5970 Ρηιιοι.
1046 5884 1295 5966 LXttt.‘

2010 4655 2259 4725 suffragia
2288 4672 2405 4724 sua,
2436 4672 2533 4726 per
2560 4671 2678 4724 qua:
2700 4656 2837 4711 inter
2856 4666 3134 4728 susceptos
3156 4667 3360 4711 vestros
3380 4670 3586 4712 merea-

2010 4754 2099 4802 tur
2125 4747 2339 4802 ascribi.
2390 4746 2645 4801 Exhibuit
2670 4747 2821 4802 vobis
2856 4747 3205 4814 modestiam,
3238 4748 3588 4819 religionem,

2012 4839 2395 4902 innocentiam,
2425 4839 2628 4908 quibus.
2646 4839 2935 4907 penetralia
2965 4853 3169 4894 serenat
3200 4839 3395 4894 mentis
3423 4839 3590 4895 comi-

2012 4932 2154 4988 tibus
2196 4932 2459 4987 introiret.
2500 4931 2835 4998 Exuberant,
2865 4931 2998 4985 milii
3028 4930 3262 4995 credite,
3295 4929 3435 5001 apud
3465 4945 3589 4987 eum

2018 5025 2245 5095 insignia
2266 5041 2383 5093 quas
2404 5026 2591 5082 fovetis
2616 5044 2630 5082 :
2661 5040 2767 5081 non
2799 5024 3127 5080 laudatorem
3152 5039 3238 5080 me
3261 5026 3513 5080 continuo
3534 5026 3589 5079 in

2016 5135 2081 5174 eo
2114 5119 2403 5189 probabitis
2434 5119 2627 5189 fuisse,
2670 5118 2766 5177 sed
2818 5128 3029 5174 testem.
3069 5118 3207 5189 Vos,
3239 5119 3311 5172 mi
3340 5118 3585 5182 domine,

2015 5218 2267 5288 perlatori
2297 5218 2659 5288 dignationem
2701 5216 2942 5293 principe
2970 5217 3089 5272 loco
3119 5214 3367 5280 tribuite,
3400 5228 3467 5268 ne
3508 5214 3589 5266 vir

2012 5376 2173 5431 docet
2218 5376 2273 5430 in
2320 5375 2435 5445 ejus
2463 5375 2691 5429 formula
2738 5375 2833 5430 lib.
2863 5392 2915 5430 vi
2948 5375 3091 5430 idem
3119 5370 3499 5445 Cassiodorus,
3530 5380 3588 5445 et

2013 5448 2218 5503 Glossa:
2268 5442 2403 5515 juris
2442 5456 2659 5510 nostrae,
2716 5462 2835 5514 qua:
2879 5449 3106 5516 primum
3158 5444 3274 5516 ejus
3310 5442 3586 5516 dignitatis

2000 5513 2281 5572 auctorem
2306 5517 2505 5571 faciunt
2526 5513 3028 5579 Anas‘tasium'Aug.
3056 5515 3145 5569 Sic
3175 5513 3317 5566 enim
3352 5514 3580 5569 habent:

1998 5591 2416 5665 ῌατριμονιάὴω
2444 5586 2541 5643 ὅσα
2559 5589 2773 5649 ἕκαστος
2794 5588 3037 5665 βκσιλςὺς
3057 5585 3228 5665 ἔαρῖῷ
3250 5590 3455 5641 κτᾶται⁹
3485 5588 3587 5642 ὑπὸ

1998 5654 2248 5730 βασὶλὲως
2273 5664 2628 5716 Ἀναστασὶου·
2661 5654 2807 5716 adeo}
2828 5660 2925 5731 γάρ
2948 5657 3081 5708 ἐστιν
3107 5654 3132 5708 ὁ
3162 5654 3372 5731 ἐξευρὼν
3395 5661 3477 5710 καὶ
3498 5663 3588 5716 τὴν

1998 5727 2343 5820 ἆτρῡσηῖορὶαν
2374 5734 2583 5797 ταύτην,
2611 5733 2695 5783 καὶ
2719 5736 2807 5786 τὸν
2836 5727 3006 5802 ἆρχὴν
3030 5732 3121 5782 τοῦ
3149 5727 3355 5799 adiat-ro;
3379 5735 3465 5784 τοῦ
3488 5744 3591 5783 τινας

1997 5823 2059 5879 rp
2069 5823 2257 5870 ιμοιίου
2267 5840 2280 5855 .
3042 5822 3051 5853 l

3071 5888 3115 5953 3
