3998 6362
450 378 520 433 75
1589 377 1863 436 ENNODII
1901 374 2202 435 EPISGOPI
2240 374 2615 433 TlCINENSIS
3645 377 3716 436 76

450 494 622 550 bonus
649 497 880 553 novitate
902 498 1176 552 turbetur:
1204 496 1403 567 liquido
1426 494 1598 551 aderit
1622 497 1859 565 partibus
1880 496 2011 564 suis,
2042 499 2098 559 Δ
2121 509 2289 564 genus
2319 446 2544 561 inquiro.
2582 489 2718 548 Vide
2741 488 2866 560 quid
2900 485 3103 544 faciant
3142 501 3337 546 serena
3366 488 3666 559 diligentiae
3691 509 3706 545 :

450 598 503 641 et
530 587 651 641 vita:
677 588 864 658 opibus
889 588 1130 660 pensabit
1158 587 1353 643 damna
1381 586 1683 643 verborum.

1013 687 1350 744 EPISTOLA
1392 688 1460 742 Χ.

803 781 1057 823 riNNooius
1101 769 1117 799 ί
1158 784 1489 824 τιυιειιίυηυο
1528 785 1579 823 ν.
1620 785 1659 824 i.

516 859 630 913 Non
678 856 949 913 temeritas
998 875 1084 915 me
1132 861 1197 914 ad
1253 860 1493 929 pagiuale
1550 858 1702 915 duxit
1754 857 2024 921 ofﬁcium,

447 950 658 1021 quando
700 949 765 1004 ad
815 966 1031 1006 omnem
1079 954 1511 1008 communionem
1557 950 1824 1006 subditum
1869 964 2024 1003 suum

445 1044 603 1111 regiae
628 1043 812 1114 stirpis
841 1059 1061 1114 germen
1099 1045 1305 1100 invitat.
1348 1045 1441 1100 Est
1470 1046 1613 1099 enim
1658 1042 1773 1097 hinc
1810 1041 2026 1097 claritas

446 1133 782 1189 dominorum
816 1136 1012 1191 inserta
1050 1136 1343 1202 natalibus,
1374 1146 1429 1190 ut
1455 1136 1685 1189 culmina
1717 1148 1810 1188 sua
1841 1134 2027 1202 digna-

444 1225 591 1280 tione
614 1225 923 1281 sublimeiit.
956 1226 1128 1281 Vultis
1152 1228 1301 1298 quasi
1330 1226 1564 1298 aaquales
1598 1234 1825 1281 tractare
1856 1226 2026 1278 famu-

444 1316 562 1382 Ios,
594 1327 653 1371 ut
693 1319 760 1372 ab
798 1319 909 1389 ipsa
938 1318 1092 1373 vobis
1136 1333 1227 1388 per
1267 1332 1505 1374 amorem
1554 1315 1861 1371 conditione
1909 1314 2025 1381 plus

443 1410 695 1464 debeant.
729 1409 910 1474 Unde,
962 1409 1198 1479 piissime
1227 1408 1478 1474 domine,
1524 1406 1838 1476 obsequium
1876 1403 2025 1458 exhi-

444 1502 576 1556 bens
618 1518 737 1557 cum
770 1504 1118 1573 generalitate
1162 1501 1511 1569 solvendum,
1558 1501 1799 1570 signiﬁco
1843 1514 1929 1553 me
1957 1497 2025 1553 ad

441 1593 621 1662 aliqua
636 1595 964 1664 suggerenda
983 1595 1303 1664 perlatorem
1323 1592 1669 1664 praesentium
1691 1590 2022 1647 destinasse:

442 1700 539 1738 vos
569 1684 760 1740 effectu
792 1686 985 1741 donate
1014 1686 1307 1756 supplicem
1327 1726 1342 1753 ,
1372 1686 1499 1756 quia
1522 1698 1618 1754 spe
1647 1682 1811 1739 fultus
1838 1694 2025 1753 preca-

440 1786 527 1832 tor
548 1777 772 1834 accessi.

1004 1866 1335 1923 EPISTULA
1372 1864 1464 1921 XI.

935 1976 1190 2017 ENNODlUS
1228 1974 1507 2016 LUKINOSO.

511 2058 611 2123 Qui
646 2058 869 2112 amicam
914 2058 1298 2113 conscientiam
1329 2055 1624 2112 manifestis
1659 2053 1846 2123 pandit
1884 2051 2022 2106 indi-

441 2152 571 2215 ciis,
608 2152 743 2206 tollit
771 2151 967 2217 otium,
998 2150 1191 2222 quibus
1228 2151 1415 2221 gratiae
1446 2148 1757 2219 prazstiterit
1796 2145 2023 2216 dignita-

441 2256 572 2300 tem.
606 2245 701 2298 Vix
733 2245 873 2299 enim
920 2243 1107 2299 feriata
1149 2244 1259 2298 sint
1296 2258 1390 2298 ora
1432 2242 1576 2312 ejus,
1618 2242 1707 2311 qui
1748 2238 2023 2295 consuevit

441 2337 612 2390 audiri
646 2354 658 2388 :
693 2338 814 2404 quia
845 2352 1092 2407 magnum
1131 2336 1466 2407 dispendium
1499 2334 1715 2404 pudoris
1753 2343 1864 2399 est,
1898 2347 2022 2386 ver-

439 2429 629 2484 borum
663 2429 893 2483 retinere
919 2429 1255 2495 beneficium,
1284 2437 1341 2482 ut
1359 2428 1483 2482 dum
1508 2428 1700 2496 lingua:
1732 2425 2018 2495 parcimus,

443 2520 737 2576 honestatis
787 2521 1001 2590 prodiga
1036 2520 1183 2575 frons
1227 2522 1452 2576 laboret.
1483 2521 1591 2574 Vos
1623 2534 1709 2574 me
1750 2516 2025 2587 garrulum

439 2610 664 2678 fecistis,
687 2612 778 2682 qui
802 2627 991 2682 preces
1013 2626 1160 2666 meas
1183 2612 1481 2667 consuestis
1502 2610 1804 2665 admittere.
1830 2607 1933 2664 Sed
1955 2624 2026 2666 ne

441 2706 743 2773 praestanda
790 2706 1202 2777 circumloquar,
1231 2714 1286 2761 et
1313 2705 1553 2774 epistolae
1589 2704 1895 2774 prolixitate
1924 2702 2025 2757 im-

438 2795 695 2866 petranda
747 2798 1102 2867 suspendam,
1152 2798 1218 2852 ad
1266 2813 1379 2852 rem
1418 2796 1601 2851 redeo.
1651 2796 1902 2851 Sublimis
1942 2794 2025 2849 vir

438 2889 758 2944 Laurentius
789 2890 991 2945 reditus
1018 2890 1119 2946 sibi
1148 2890 1377 2958 debitos,
1406 2903 1539 2959 quos
1570 2888 1809 2943 Romana
1842 2884 2024 2941 Eccle-

437 2982 516 3037 sia
561 2982 697 3037 facta
745 2998 867 3039 cum
918 2995 1136 3038 auctore
1163 2984 1278 3053 ejus
1308 2994 1390 3037 est
1419 2983 1667 3052 pactione
1706 2982 1962 3050 pollicita,
1991 2995 2025 3035 a

440 3074 639 3130 domno
665 3090 801 3146 papa
830 3077 1023 3130 asserit
1047 3078 1147 3131 sub
1169 3077 1352 3131 nescio
1371 3090 1473 3144 qua
1504 3074 1842 3145 oppositione
1864 3072 2027 3127 dene-

2129 586 2282 657 quasi
2314 594 2481 640 totum
2512 582 2646 639 mihi
2668 598 2736 639 ex
2777 582 3039 637 sententia
3069 580 3321 648 ﬁnxerit,
3360 581 3433 637 ita
3481 582 3716 652 simplici

2128 693 2351 733 munere
2382 677 2643 746 placatus,
2688 684 2865 730 errata
2894 676 3161 729 concessi.
3216 674 3395 730 Habes
3443 675 3584 731 unde
3637 677 3715 745 pii

2126 769 2330 823 amoris
2359 769 2585 823 formam
2614 767 2787 836 possis
2814 781 3111 831 assumere,
3141 776 3196 820 et
3231 768 3375 823 circa
3416 767 3709 824 amicitiam

2127 860 2445 916 constantia
2477 859 2721 928 exempla
2761 859 3014 912 mutuari.
3065 857 3146 912 Me
3184 856 3231 913 si
3286 860 3550 928 sequeris,
3606 874 3709 915 nec

2129 954 2280 1023 plura
2306 963 2357 1008 te
2378 970 2406 1006 a
2439 953 2817 1022 conjunctione
2848 959 3064 1020 peccata
3095 951 3398 1015 retiabuni,
3442 963 3496 1007 et
3535 968 3704 1007 unum

2127 1044 2464 1100 benefactum
2494 1044 2692 1099 sodalis
2726 1042 2800 1098 tui
2833 1043 3021 1112 culpas
3049 1044 3312 1099 absolvet.
3357 1042 3439 1098 Me
3480 1045 3705 1112 silentii,

2127 1135 2315 1200 frater,
2340 1150 2426 1191 me
2454 1133 2741 1191 oblivionis
2777 1134 3031 1188 incessis?
3077 1132 3174 1190 Ubi
3201 1143 3316 1189 erat
3340 1134 3442 1190 iste
3467 1150 3701 1207 animus,

2126 1228 2338 1298 quando
2364 1243 2462 1284 nec
2504 1228 2836 1297 promulgata
2879 1226 3143 1296 colloquia
3180 1242 3427 1283 meruere
3472 1242 3705 1297 respon-

2127 1336 2279 1387 sum;
2302 1336 2401 1376 nec
2439 1321 2505 1375 ad
2535 1321 2660 1392 styli
2703 1321 3069 1389 imperandam
3113 1321 3531 1378 sollicitudinem
3561 1340 3703 1394 prli-

2126 1413 2244 1467 vius
2270 1412 2542 1467 exisiebas
2563 1410 2585 1465 ?
2609 1411 2696 1467 ubi
2727 1410 2825 1465 fuit
2850 1411 3222 1466 inabstinentia
3244 1412 3560 1471 tabellarum
3592 1430 3703 1471 non

2126 1495 2270 1559 circa
2295 1519 2483 1558 omnes
2512 1506 2563 1559 in
2586 1503 2797 1573 Liguria
2823 1502 3133 1559 custodita?
3166 1504 3341 1559 Multis
3372 1520 3402 1559 a
3431 1506 3705 1564 desiderio

2126 1605 2219 1651 tuo
2251 1595 2738 1665 peregrinantibus,
2771 1595 2824 1650 in
2847 1596 3042 1649 solatio
3061 1595 3263 1650 doloris
3307 1597 3523 1666 paginas
3552 1600 3705 1653 exhi-

2124 1687 2324 1755 bendo,
2342 1696 2395 1743 et
2416 1686 2544 1742 mihi
2568 1685 2983 1742 taciturnitatem
3006 1686 3350 1752 continuasti,
3373 1696 3427 1742 et
3445 1688 3551 1744 illis
3569 1704 3704 1756 prae-

2124 1776 2288 1833 buisti
2322 1788 2509 1833 contra
2531 1788 2651 1831 vota
2673 1776 2997 1846 colloquium
3024 1792 3038 1831 :
3070 1778 3191 1847 quia
3213 1786 3297 1832 est
3316 1777 3412 1833 ista
3444 1781 3704 1837 humans-

2051 1865 2102 1928 B
2128 1883 2247 1923 rum
2279 1884 2458 1923 rerum
2498 1870 2656 1936 ratio,
2691 1876 2749 1923 ut
2781 1882 2877 1937 pro
2907 1882 3098 1938 magna
3128 1869 3447 1938 cognatione
3467 1886 3560 1939 par
3588 1883 3703 1928 stu-

2127 1959 2274 2015 dium
2296 1974 2507 2029 semper
2525 1967 2719 2016 eiistat.
2760 1959 2925 2028 Cujus
2954 1960 3160 2015 ordinis
3191 1961 3492 2029 immemor,
3524 1964 3704 2019 volui-

2125 2052 2194 2107 sti
2252 2052 2458 2108 sociare
2512 2052 2760 2123 qutedam
2809 2053 3053 2119 imperita
3083 2066 3203 2107 cum
3258 2052 3480 2118 litteris;
3512 2066 3705 2120 putans

2125 2142 2273 2198 coire
2298 2145 2531 2214 possein
2560 2142 2808 2198 affectum
2831 2152 2944 2198 toto
2964 2143 3096 2198 calle
3117 2143 3390 2199 distantia.
3419 2145 3555 2213 Quid
3584 2163 3706 2216 prce

2125 2239 2295 2291 movit
2320 2238 2484 2291 suada
2528 2238 2699 2291 oratio
2731 2246 2841 2303 tua,
2894 2237 3216 2292 elucubratis
3246 2240 3561 2294 concinnata
3592 2256 3707 2296 ser-

2123 2330 2397 2395 monibus,
2419 2329 2632 2398 quando
2656 2330 2912 2383 bonarum
2947 2329 3140 2385 artium
3163 2331 3374 2385 nescios
3399 2331 3706 2399 appellabat

2124 2430 2338 2473 amante
2381 2420 2722 2489 posthabito?
2757 2420 2862 2474 Sed
2892 2419 3017 2475 hinc
3045 2420 3213 2485 alias;
3242 2422 3365 2474 nolo
3385 2435 3707 2478 excessuum

2126 2511 2527 2567 multitudinem
2557 2511 2819 2581 relegere,
2853 2513 2941 2581 qui
2970 2513 3115 2567 brevi
3145 2513 3509 2568 satisfactione
3555 2514 3698 2569 deli-

2127 2604 2271 2659 nitus
2309 2618 2448 2659 sum.
2505 2603 2637 2658 Nam
2675 2606 2934 2671 parcitate
2976 2606 3029 2659 in
3078 2606 3393 2674 eloquendis
3442 2606 3547 2660 illis
3579 2620 3706 2661 usus

2125 2692 2356 2760 fueram,
2385 2694 2486 2748 nisi
2513 2707 2676 2749 nosse
2702 2707 2797 2748 vos
2841 2693 3151 2762 crederem,
3191 2693 3257 2749 de
3307 2695 3526 2751 offensis
3572 2694 3705 2750 illud

2126 2802 2410 2843 remanere
2437 2785 2579 2856 quod
2609 2785 2827 2855 tegitur,
2871 2795 2926 2839 et
2970 2786 3112 2855 quod
3169 2787 3219 2841 iii
3252 2800 3435 2841 vocem
3475 2787 3708 2855 erumpit

2125 2880 2386 2935 amoveri.
2423 2880 2649 2935 Domine
2678 2880 2772 2943 mi,
2802 2894 3012 2949 precor,
3058 2893 3114 2934 ut
3152 2880 3375 2947 posthac
3404 2880 3469 2935 ad
3499 2895 3559 2935 ea
3588 2896 3707 2948 quin

2125 2971 2267 3027 male
2315 2970 2500 3025 haberi
2551 2970 2806 3033 didicisti.
2853 2986 2957 3024 non
3012 2981 3262 3038 tanquam
3314 2972 3706 3027 emendationis

2126 3070 2464 3131 contemptor
2492 3061 2727 3131 aspires,
2754 3060 2847 3117 sed
2876 3063 3069 3117 crebro
3108 3061 3240 3116 mihi
3278 3061 3462 3116 dulces
3487 3063 3706 3131 paginas

437 3169 571 3239 gari.
603 3168 661 3220 ln
692 3183 798 3235 quo
826 3170 1041 3237 negotio
1069 3168 1313 3221 favorem
1349 3182 1443 3234 per
1488 3181 1573 3220 me
1602 3173 1796 3219 vestrae
1836 3164 2026 3218 defen-
2058 3234 2091 3239 _
2129 3155 2320 3226 dirige,
2354 3164 2413 3209 ut
2438 3163 2648 3210 crescat
2677 3155 2775 3211 dos
2820 3155 3071 3226 facundo,
3128 3156 3256 3212 dum
3299 3164 3479 3213 servat
3518 3169 3707 3214 sacra-

440 3234 607 3315 sionis
635 3234 922 3329 implorat;
956 3271 1011 3313 ut
1037 3276 1150 3314 rem
1196 3275 1356 3329 quam
1410 3259 1618 3314 debetis
1649 3257 1876 3327 legibus,
1919 3256 2017 3312 v't-
2045 3234 2094 3301 (ἶ
2127 3258 2308 3306 mento
2333 3248 2661 3305 concordia.

440 3350 673 3405 deauiini
695 3350 952 3406 exhibere
972 3351 1286 3420 diligentiae,
1310 3359 1365 3405 et
1385 3350 1512 3404 illud
1544 3358 1753 3405 crescat
1780 3348 2018 3414 aﬂ‘ectui,

440 3444 581 3515 quod
636 3444 888 3513 denegari
944 3460 1047 3498 non
1104 3444 1227 3498 licet
1269 3444 1527 3515 aequitati.
1576 3442 1687 3498 Vos
1731 3442 1873 3498 hanc
1904 3457 2019 3496 rem

440 3538 589 3608 juxta
615 3534 879 3591 desideria
907 3551 1022 3591 mea
1057 3536 1312 3592 tribuite:
1341 3543 1400 3590 ut
1441 3543 1695 3606 quantum
1745 3534 2022 3589 nominato

440 3629 555 3684 viro
605 3629 1000 3684 commoditatis
1041 3630 1348 3693 accesserit,
1381 3637 1586 3682 tantum
1643 3642 1730 3682 me
1784 3625 2021 3681 inuiieris

440 3722 711 3794 accepisse
751 3723 1026 3778 confitear.
1061 3723 1296 3778 Salutem
1344 3736 1471 3791 ergo
1502 3721 1708 3784 dicens,
1752 3733 1932 3789 spero,
1960 3726 2021 3772 ut

441 3815 581 3869 circa
605 3814 783 3868 munia
814 3811 1135 3879 litterarum,
1170 3827 1269 3868 nec
1317 3811 1561 3867 sincerus
1606 3825 1758 3864 ainor
1782 3809 2022 3865 vacatio-

439 3921 562 3960 nem
592 3906 836 3976 accipiat,
871 3920 971 3960 nec
988 3904 1233 3959 facundia
1260 3907 1422 3960 totius
1450 3904 1599 3958 orbis
1648 3901 1918 3958 celebrata
1941 3912 2021 3957 te-

438 4000 692 4056 stimonio
714 4004 1067 4055 conticescat.

1003 4106 1334 4181 EPISTULA
1365 4106 1476 4161 xu.

975 4217 1231 4256 ENNODIUS
1279 4216 1482 4256 JOANNI.

509 4293 706 4349 Natura
739 4302 948 4365 partum
976 4304 1077 4360 est,
1106 4304 1163 4347 ut
1188 4305 1313 4349 cura
1358 4296 1554 4362 migret
1582 4292 1635 4346 in
1662 4290 1935 4359 gaudium,
1965 4297 2022 4345 ct

442 4395 677 4441 mutetur
705 4388 920 4457 querela
952 4386 1256 4456 praeconiis,
1284 4390 1530 4456 quOtiens
1555 4385 1733 4455 cupita
1766 4384 2017 4440 tribuun-

443 4487 548 4532 tur.
605 4476 843 4531 liicertus
888 4479 1048 4532 animi
1117 4476 1191 4531 fui
1251 4476 1378 4547 quid
1409 4476 1514 4531 sibi
1562 4476 1719 4531 vellet
1771 4475 2019 4530 sublimi-

442 4568 563 4621 tatis
586 4576 687 4645 tute
729 4578 835 4622 tam
863 4568 1018 4638 longa
1060 4570 1290 4623 cessatio
1328 4586 1341 4620 :
1374 4569 1467 4624 sed
1513 4583 1635 4623 cum
1671 4567 1827 4636 potiri
1859 4566 2019 4621 datur

442 4670 640 4730 optato,
676 4660 789 4731 ipse
818 4675 916 4731 pro
945 4662 1182 4731 partibus
1203 4665 1307 4718 tuis
1339 4664 1625 4719 honestum
1651 4662 2020 4720 excusationis

516 4837 533 4867 ³
574 4833 909 4889 Trasimuiido
946 4834 1012 4892 V.
1044 4834 1119 4908 1.]
1148 4837 1277 4907 Regi
1304 4838 1660 4897 Vandalorum
1702 4841 1757 4897 iii
1808 4842 2007 4901 Africa.

441 4905 704 4981 Ilhistreiii
750 4908 922 4981 virum
956 4905 1137 4981 regem
1164 4905 1344 4981 vocat,
1372 4912 1492 4981 quia
1527 4913 1824 4969 Illustratus
1856 4916 2011 4970 titulo

441 4980 494 5053 lii
522 4976 762 5053 Romano
785 4977 1005 5053 imperio
1032 4979 1365 5053 niillushouo
1390 4976 1661 5037 'ilicentior
1686 5002 1696 5036 :
1726 4996 2007 5053 propterea

442 5048 586 5124 hunc
615 5046 1184 5124 regibiis_tribiiebaiit.
1214 5046 1429 5124 'tlaneut
1471 5054 1629 5109 hodie
1652 5046 2006 5124 prisci-moris

440 5119 667 5195 vstigia
703 5120 752 5171 iii
798 5118 1096 5195 diplomatis
1139 5121 1467 5195 pontificum,
1511 5125 1562 5179 iii
1608 5118 1798 5195 quibus
1854 5142 2005 5195 reges

440 5192 586 5265 viros
616 5188 849 5265 illustres
876 5192 1162 5265 appellant.
1191 5192 1329 5265 Quin
1358 5205 1410 5247 et
1438 5208 1591 5264 reges
1615 5188 1711 5265 ipsi
1746 5199 1883 5252 hunc
1904 5188 2006 5255 {ibi

440 5261 652 5315 titulum
674 5258 959 5334 addebant.
994 5260 1119 5334 Nam
1150 5258 1203 5314 In
1226 5264 1457 5330 antiquis
1485 5258 1665 5334 regum
1700 5276 2004 5327 nostrorum

442 5331 723 5408 praeceptis
768 5340 820 5382 et
864 5333 1332 5408 cliiistitutionilius
1358 5335 1489 5389 nihil
1526 5331 1789 5403 uliiatius,
1842 5357 2005 5408 quam

438 5403 836 5476 gliililebertus,
878 5400 1165 5476 Clotai'ius,
1193 5403 1467 5476 _l’ippiiius,
1510 5408 1730 5461 Carolus
1771 5400 1887 5476 rex',
1923 5416 2005 5466 vir

442 5471 664 5547 illuster.
698 5470 985 5547 Caeterum
1009 5470 1307 5527 Vandalici‘
1329 5476 1483 5543 hujus
1530 5481 1670 5546 regis
1700 5484 1785 5547 qui
1822 5470 2003 5536 Hune-

441 5544 553 5594 rico
581 5542 728 5594 fratri
756 5545 1034 5602 successit.
1071 5559 1260 5597 nomen
1294 5542 1436 5597 varie
1491 5542 1739 5602 μοι’ὧίιιιὶ*
1765 5566 1792 5603 a
1824 5553 2004 5608 diver-

440 5612 535 5666 sis.
560 5612 978 5693 Tiiaasuiurmus
1002 5614 1637 5693 ὡρίων-1η.ᾳςεδτοειίοιιὶύφ
1663 5626 1857 5675 veteris
1886 5628 2001 5693 epi-

439 5684 748 5759 grainmatis
770 5698 801 5736 a
833 5687 888 5737 ι).
915 5686 1122 5759 Pitliteo
1142 5685 1272 5741 editi
1301 5688 1392 5739 lib.
1424 5702 1480 5751 ll,
1501 5691 1639 5754 quod
1664 5693 1877 5757 quidem
1902 5684 2003 5752 eisi

440 5754 856 5834 antiquariorum
873 5756 1016 5833 .viiio
1044 5758 1386 5834 depravatum
1409 5760 1671 5834 subjicere
1683 5754 1799 5834 fiion
1822 5781 2005 5834 grava—

444 5826 560 5890 bor,
591 5830 699 5877 tum
739 5824 809 5878 ob
837 5824 950 5893 ejus
972 5824 1254 5885 artificium
1284 5824 1542 5887 hactenus
1567 5832 1783 5894 minimc
1814 5824 2003 5907 depre-

2655 3358 2991 3417 EPISTOLA
3032 3360 3169 3417 XIII.

2512 3483 2764 3524 ENNODIUS
2814 3484 3139 3525 CONS‘I'ANTIO
3179 3486 3229 3525 ν.
3269 3487 3307 3526 Ι.

2194 3579 2383 3635 Servat
2422 3581 2728 3650 magnitudo
2775 3590 2862 3634 tua
2892 3583 3037 3637 circa
3078 3583 3279 3637 amicos
3331 3589 3388 3638 et
3414 3583 3707 3638 saeculares

2122 3672 2366 3742 proprios
2386 3671 2515 3726 illud
2546 3674 2683 3741 quod
2708 3672 2808 3725 sibi
2833 3673 3007 3743 jungit
3036 3673 3366 3745 ailgloriam.
3394 3672 3528 3729 Dum
3560 3675 3707 3728 eiiim

2123 3782 2221 3819 nos
2247 3767 2504 3820 memoria
2532 3764 2723 3834 dignos
2751 3766 2967 3833 ducitis,
3014 3782 3107 3821 vos
3153 3767 3409 3837 probatis.
3450 3765 3580 3823 Nam
3612 3766 3708 3825 diu

2122 3858 2177 3912 in
2201 3858 2622 3913 consolationem
2654 3858 2849 3925 scripta
2875 3859 3196 3928 suscipiens,
3227 3858 3484 3913 absentiae
3510 3867 3708 3913 vestrae

2122 3950 2315 4006 damna
2346 3952 2583 4020 suSpiro.
2615 3952 2658 4005 Ο
2682 3951 2943 4005 artiﬁcem
2974 3952 3252 4006 Scientiam
3284 3949 3441 4006 bouis
3471 3949 3709 4005 caelesti-

2124 4044 2224 4097 bus
2252 4044 2551 4097 institutam
2579 4044 2592 4096 ε
2628 4058 2694 4099 ne
2723 4043 2879 4098 liccat
2902 4043 3102 4111 aliquid
3138 4042 3356 4111 prolixa:
3388 4051 3709 4112 sequestra-

2122 4134 2256 4187 tiuni
2279 4134 2346 4189 de
2367 4134 2559 4189 aﬁ‘ectu
2585 4134 2894 4203 decerpere,
2924 4143 3312 4205 prteseiitantes
3338 4147 3544 4188 sacram
3570 4133 3709 4187 ima-

2122 4226 2299 4294 ginem
2346 4228 2553 4280 litteras
2599 4227 2973 4296 promulgatis.
3024 4226 3185 4281 Novit
3234 4226 3375 4281 Deus
3424 4223 3707 4280 discuss’or

2124 4333 2407 4385 sensuum,
2432 4336 2517 4373 me
2542 4318 2793 4374 culminis
2824 4321 2987 4375 vestri
3020 4319 3389 4375 recordatione
3417 4317 3705 4382 macerari,

2123 4419 2177 4465 et
2202 4411 2401 4465 nullum
2433 4412 2671 4466 invenire
2687 4411 2754 4466 de
2782 4412 2967 4481 optimi
2995 4402 3092 4465 viri
3113 4409 3541 4481 peregrinatione
3568 4407 3705 4461 sub-

2123 4506 2340 4560 sidium.
2372 4504 2559 4560 Reddo
2591 4516 2767 4560 tamen
2797 4505 3070 4575 epistolari
3094 4520 3218 4559 cura
3246 4500 3583 4557 salutationis
3605 4499 3709 4554 ob-

2046 4598 2390 4673 Dsequiuin,
2446 4606 2500 4652 et
2557 4598 2852 4667 dignationi
2906 4606 3094 4653 vestrae
3139 4597 3366 4666 gratiam
3422 4594 3703 4659 referens,

2123 4689 2342 4747 fratrem
2372 4706 2585 4763 quoque
2615 4707 2792 4747 meum
2820 4689 3086 4747 Joannem
3117 4706 3211 4762 per
3236 4704 3331 4745 vos
3363 4686 3493 4743 mihi
3539 4685 3705 4742 resti-

2124 4865 2370 4931 lienSum,
2395 4878 2503 4924 tum
2524 4870 2641 4939 quia
2672 4885 2791 4926 cum
2815 4869 2980 4936 ipsius
3004 4870 3145 4940 regis
3172 4868 3388 4923 nomine
3412 4866 3699 4940 scriptum,

2122 4940 2451 5009 thermisque
2474 4936 2633 4995 ab‘eo
2663 4941 2891 4995 conditis
2931 4936 3229 5010 appositum
3258 4941 3349 5000 sit,
3381 4953 3487 5007 quo
3529 4936 3700 5010 modo

2120 5012 2279 5064 scribi
2315 5007 2413 5065 hoc
2440 5026 2632 5065 noinvn
2662 5022 2771 5066 turn
2794 5007 3217 5067 soleret'certius
3241 5011 3477 5064 indicare
3504 5007 3698 5063 videa-

2120 5090 2225 5135 tur.
2264 5081 2316 5136 Id
2350 5098 2476 5136 vero
2501 5094 2581 5137 est
2606 5082 2941 5152 hujusmudi:

2239 5171 2538 5236 Tranquillo,
2565 5173 2805 5236 nymphae,
2823 5172 3072 5223 decurrite
3090 5173 3304 5223 fluminis
3325 5182 3450 5224 ortu.

2242 5233 2329 5281 llic
2354 5233 2500 5293 prolis
2525 5233 2746 5293 ﬂagranti
2769 5233 2987 5283 succedit
3012 5238 3187 5283 vimine
3212 5236 3360 5290 ﬂebo.

2238 5293 2459 5358 Itiipibiis
2480 5298 2795 5358 excelsisubt
2832 5310 2957 5345 nunc
2977 5299 3165 5358 fastigia
3188 5302 3415 5357 surgunt,

2237 5356 2607 5420 {Equauturque
2627 5356 2736 5419 polo
2761 5360 2903 5409 tectis
2926 5356 3155 5420 pruiceisa
3183 5358 3386 5407 lavacra.

2236 5417 2445 5466 Sedibus
2473 5417 2545 5468 hic
2568 5417 2753 5477 magnis
2779 5417 3015 5468 ωλι-ἄρηι
3042 5432 3273 5467 marmora
3298 5421 3471 5479 signis,

2235 5480 2396 5527 Ardua
2420 5481 2654 5529 sublimus
2675 5484 2975 5541 prtevinciiiit
2994 5481 3202 5529 culmina
3226 5483 3321 5528 the:
3340 5495 3447 5529 inte.

2234 5540 2279 5603 bl
2305 5556 2537 5603 tllPl'uque
2573 5540 2781 5590 eximius
2808 5545 2924 5591 taiiti
2945 5548 3023 5590 dat
3050 5544 3242 5591 luminis
3266 5550 3450 5591 auctor.

2239 5602 2327 5666 Uni
2351 5602 2595 5651 coni’inuzc
2622 5617 2933 5664 praenoscens
2958 5608 3149 5666 pra'iiiia
3174 5603 3312 5651 famae

2237 5664 2340 5713 Non
2366 5666 2442 5713 hic
2466 5667 2653 5713 ﬂamina
2678 5668 2865 5716 nocebo
2886 5664 3102 5715 tumde
3127 5666 3301 5715 discite
3321 5678 3536 5722 carmen,

2234 5725 2419 5791 glscite
2447 5729 2523 5775 vel
2547 5736 2725 5789 quanta
2754 5732 2877 5778 vivat
2896 5730 2991 5791 sub
3014 5732 3216 5791 gurgite
3240 5728 3449 5790 lympha.

2237 5788 2545 5838 V'auitalicuin
2568 5788 2649 5838 hic
2675 5800 2877 5839 renovat
2895 5788 3075 5839 claru'm
3095 5792 3157 5839 de
3183 5788 3374 5840 semine
3401 5802 3577 5841 nomen

2236 5850 2337 5900 Sub
2358 5851 2495 5912 cujus
2516 5852 2655 5903 titulo
2676 5855 2865 5907 meritis
2886 5859 2982 5906 stat
3018 5852 3172 5916 gratia
3201 5854 3353 5917 factis.

2126 5171 2175 5208 *ἑ

2125 5233 2174 5275 l3:

2125 5302 2175 5343 ιπ

2126 5366 2171 5400 μ.

2121 5423 2172 5460 ω

2124 5483 2172 5523 δι

2123 5559 2171 5604 Ξ

2120 5625 2171 5666 C

2122 5690 2171 5728 2

2122 5752 2171 5793 ε)

2123 5813 2174 5856 α

2123 5878 2174 5914 (14

3654 5169 3709 5208 <3

3651 5228 3709 5267 Ο

3647 5292 3706 5331 F-i

3652 5355 3705 5394 p.-

3650 5456 3706 5489 ω

3648 5514 3706 5551 :‘r:

3650 5576 3705 5616 :15

3651 5642 3707 5677 tr:

3648 5694 3706 5736 2

3650 5755 3707 5797 ιδ

3648 5818 3707 5859 2

3650 5879 3706 5916 cn
