3998 6362
280 389 343 443 77
1539 379 2021 438 EPISTOLABUM
2062 378 2189 435 LIB.
2228 376 2318 433 1V.
3474 382 3544 438 ἠ

281 515 448 563 tutum
470 518 596 559 esse
626 502 911 559 confiteor.
961 497 1124 570 Cujus
1148 498 1407 554 hactenus
1448 497 1502 552 in
1531 496 1859 552 oblivionem
1886 498 1938 557 Α

282 600 383 654 mei
416 598 695 651 silentium
721 596 845 667 quid
883 602 1088 662 gereret
1121 606 1227 647 non
1260 591 1498 646 tacebat:
1531 592 1577 647 is
1603 604 1743 645 nunc
1771 603 1863 644 ve-

280 700 390 746 stro
407 690 540 743 mihi
567 690 889 742 reformatus
914 685 1108 740 affectu
1130 684 1194 738 ad
1210 682 1503 752 abjuratam
1532 681 1657 752 styli
1680 694 1863 735 curam

280 800 421 838 revei
438 783 523 837 tit.
561 782 714 850 Rogo
731 790 903 837 tamen
923 795 1016 834 vos
1042 789 1098 833 ut
1122 778 1398 833 maturetis
1424 777 1681 839 reditum;
1706 781 1796 827 aut
1817 771 1865 827 si

282 877 401 931 felix
432 890 585 933 mora
612 875 841 939 detinet,
865 873 1205 928 dilectionem
1238 868 1589 931 manifestetis
1610 867 1860 937 alloquio.

820 982 1149 1038 EPISTOLA
1190 982 1327 1036 XIV.

820 1109 1075 1151 ENNODIUS
1106 1108 1332 1149 FAUSTO.

349 1216 481 1283 Qua:
514 1228 660 1281 saepe
700 1211 1047 1266 mediocriter
1074 1209 1238 1278 gratis
1274 1207 1514 1276 impensa
1549 1213 1696 1272 sunt,
1728 1218 1864 1275 quo-

281 1308 415 1364 tiens
444 1306 779 1362 exhibentur
820 1303 981 1360 verba
1046 1300 1371 1371 conjunctis,
1415 1298 1667 1370 quidquid
1696 1297 1865 1351 favori

278 1401 590 1456 obsecutum
615 1406 719 1464 est,
744 1412 935 1452 sereno
991 1396 1329 1466 mancipetur
1366 1392 1597 1447 affectui.
1630 1390 1743 1446 Non
1774 1391 1869 1446 de-

280 1492 437 1564 pictis
468 1504 709 1544 amorem
742 1487 1001 1543 mentitur
1022 1487 1297 1557 alloquiis,
1326 1486 1414 1553 qui
1446 1484 1704 1556 perlaturi
1741 1497 1867 1539 caro

279 1582 555 1640 reddenda
588 1583 822 1645 dominis
862 1582 1060 1650 scripta
1103 1580 1412 1634 committit.
1449 1578 1505 1633 In
1532 1577 1777 1633 sublimis
1814 1584 1869 1631 et

280 1676 550 1747 magnifici
575 1675 676 1729 viri
708 1672 984 1728 Panfronii
1017 1672 1120 1727 mei
1150 1669 1638 1735 commendatione,
1670 1684 1765 1725 ore
1788 1669 1867 1723 fe-

279 1770 423 1826 riato
466 1784 618 1824 mens
671 1768 837 1822 dictat
878 1768 1183 1838 epistolam.
1241 1766 1434 1821 Nescio
1460 1767 1603 1821 enim
1631 1764 1682 1818 in
1712 1764 1869 1834 quale

2502 490 2829 547 EPISTOLA
2856 487 3000 547 XVI.

2372 586 2750 627 ENNODIUS
2800 586 3153 630 ΑϐΔΡῐτο.

2037 661 2165 718 Jure
2189 676 2505 730 responsum
2531 663 2911 730 multiplicibus
2934 674 3247 732 posceretur
3271 661 3544 733 alloquiis,

1966 754 2011 809 si
2042 769 2146 808 non
2180 754 2411 820 ingratas
2442 754 2718 807 exstitisse
2744 756 2960 823 paginas
2992 770 3141 811 meas
3165 758 3549 829 magnitudinis

1967 857 2071 901 ture
2087 847 2357 902 silentium
2378 855 2680 901 testaretur.
2698 846 3061 904 Claiuateiiim
3092 853 3428 908 taciturnitas
3453 865 3546 905 ve-

1964 947 2097 1003 stra,
2134 940 2401 1007 garrulum
2424 939 2711 1007 diSplicere
2738 957 2751 1004 ;
2778 949 2826 992 et
2853 955 3048 994 novum
3078 942 3326 995 vindictzc
3354 956 3547 1013 genus,

1965 1026 2259 1099 ut'opinor,
2288 1030 2527 1099 inquirit,
2556 1030 2773 1099 quando
2798 1045 2858 1085 se
2884 1047 2990 1086 non
3024 1030 3176 1085 videt
3213 1032 3550 1100 promovisse

1967 1123 2108 1192 quod
2131 1123 2296 1177 siluit.
2329 1120 2500 1191 Agitis
2523 1123 2797 1192 epiStolari
2826 1124 3170 1189 abstinentia,
3191 1140 3260 1179 ne
3287 1127 3352 1177 ab
3381 1127 3545 1196 impe-

1966 1215 2086 1267 ritis
2112 1212 2175 1266 ad
2203 1229 2294 1266 vos
2316 1213 2512 1282 scripta
2556 1215 2852 1267 mittantur.
2900 1213 3192 1283 Ademptus
3238 1225 3414 1272 tamen
3457 1229 3544 1271 est

1968 1302 2189 1357 effectus
2216 1321 2227 1354 :
2262 1302 2611 1370 providentia:
2632 1313 2821 1359 vestrae
2850 1304 3122 1372 profutura
3153 1314 3405 1361 tractate:
3428 1323 3546 1361 cre-

1968 1393 2119 1447 brior
2142 1396 2310 1448 factus
2339 1408 2481 1460 sum,
2515 1395 2563 1447 iu
2592 1396 2889 1465 scriptione
2909 1407 3271 1467 contemptus.
3295 1399 3400 1456 Sed
3424 1399 3550 1455 bre-

1970 1498 2090 1538 vem
2124 1499 2427 1540 sermonem
2455 1487 2607 1539 decet
2632 1486 2889 1541 cohibere
2920 1502 3065 1553 cum,
3110 1490 3197 1557 qui
3233 1505 3421 1559 magna
3454 1491 3554 1545 do.

1972 1574 2153 1630 luerit.
2182 1575 2455 1630 Cultorem
2480 1586 2714 1631 vestrum
2738 1577 3149 1635 lratremmeum
3178 1581 3552 1647 I‘aiifronittnt,

1971 1667 2274 1736 epistolaris
2324 1667 2464 1733 apud
2511 1669 2727 1724 culmen
2770 1679 3007 1725 vestrum
3058 1687 3183 1727 cura
3232 1676 3551 1730 comitatur:

1970 1762 2057 1815 cui
2106 1761 2365 1830 quidquid
2414 1765 2603 1830 gratiae
2636 1777 2955 1819 concessum
3006 1766 3183 1833 fuerit,
3216 1783 3302 1821 me
3342 1784 3554 1839 quoque

287 1864 504 1919 culmen
561 1860 746 1916 merita
769 1860 908 1930 apud
948 1875 1032 1916 me
1074 1860 1198 1926 viri,
1225 1874 1381 1929 quem
1419 1874 1534 1912 sum
1588 1856 1861 1927 praefatus,
1894 1874 1944 1936 Β
1973 1853 2337 1923 impensarum
2374 1855 2604 1909 vintulls
2636 1856 2891 1925 obligabit
2920 1875 2933 1911 :
2966 1858 3053 1912 cui
3085 1861 3246 1914 etiam
3277 1861 3455 1932 aliqua
3485 1862 3554 1917 de

281 1957 535 2010 extollam
586 1973 597 2008 :
650 1955 704 2009 in
735 1970 843 2025 quo
874 1955 1070 2024 liiigum
1113 1955 1315 2009 macies
1341 1953 1578 2009 debitum
1631 1952 1864 2023 pectoris

286 2049 470 2116 nequit
494 2046 821 2115 exprimere.
854 2045 961 2101 Sed
975 2045 1331 2100 abdicandum
1353 2053 1497 2101 esset
1525 2042 1676 2108 mihi,
1697 2042 1861 2099 etiam

277 2139 320 2193 si
372 2148 708 2208 suppeteret,
767 2137 1027 2191 facundia:
1074 2136 1396 2192 lenocinium
1444 2154 1457 2190 :
1498 2136 1619 2207 quia
1662 2149 1864 2206 pauper

286 2246 466 2286 sermo
500 2230 719 2287 uberem
765 2230 1093 2299 diligentiam
1134 2232 1331 2286 rectius
1374 2230 1697 2287 confitetur:
1733 2238 1785 2283 ct
1814 2230 1863 2287 si

280 2324 559 2378 elevamus
597 2339 692 2392 per
722 2321 919 2377 effusas
952 2324 1169 2392 patinas
1200 2322 1335 2386 illos,
1374 2338 1507 2393 quos
1537 2336 1729 2376 arcana
1766 2337 1862 2375 ne-

275 2418 617 2483 sciunt,jure
665 2416 940 2470 tribuenda
974 2414 1278 2470 amantibus
1334 2416 1388 2470 in
1437 2425 1610 2470 artum
1660 2415 1860 2470 tabella

275 2507 635 2561 concluditur.
650 2506 877 2561 Causam
912 2522 1039 2576 ergo
1080 2506 1280 2562 modici
1302 2508 1567 2562 sermonis
1596 2508 1858 2572 elocutus,

272 2597 594 2652 ftederatum
624 2597 843 2652 fratrem
873 2612 1175 2668 quanquam
1206 2598 1388 2668 paucis
1417 2599 1592 2652 verbis
1616 2597 1857 2654 insinuo:

274 2698 456 2744 tamen
503 2689 683 2744 multis
710 2689 983 2760 obsequiis
1036 2707 1047 2741 :
1104 2699 1162 2744 ut
1196 2688 1345 2759 jutus
1373 2689 1738 2761 magnitudine
1768 2705 1859 2744 ve-

270 2790 405 2848 stra,
466 2782 519 2834 in
570 2780 788 2851 negotio
836 2795 933 2835 suo
957 2780 1515 2851 circumstrepentium
1573 2780 1857 2851 aliquando

269 2873 521 2929 videatur
562 2888 846 2942 superasse
884 2884 1206 2928 commenta.
1254 2873 1405 2939 Quod
1444 2880 1631 2938 restat,
1688 2872 1857 2925 famu-

268 2964 473 3021 lanteni
507 2966 886 3021 salutationem
909 2965 1189 3030 exhibens,
1234 2980 1320 3019 me
1362 2965 1545 3020 valere
1576 2961 1851 3033 significo;

268 3057 311 3109 si
341 3066 523 3110 tamen
553 3070 805 3126 prospera
842 3067 1017 3110 vestra
1046 3056 1208 3111 certis
1233 3054 1444 3111 indiciis
1474 3055 1604 3111 mihi
1632 3054 1852 3127 dispen-

267 3151 408 3205 satio
434 3165 664 3221 superna
695 3148 974 3205 concedat.

825 3263 1152 3319 EPIS'I‘OLA
1186 3262 1302 3319 XV.

800 3369 1058 3409 ENNODIUS
1088 3369 1304 3409 FAUSTO.

339 3468 647 3525 Proclivior
667 3466 733 3522 ad
766 3464 1163 3533 impetrandum
1194 3466 1279 3519 via
1300 3474 1406 3530 est,
1433 3466 1679 3533 quotiens
1710 3478 1739 3518 a
1764 3479 1850 3520 rce

260 3564 464 3634 ligioso
493 3562 690 3631 aliquid
722 3562 888 3630 exigit
929 3559 1164 3629 abjectio
1204 3558 1545 3627 deprecantis
1576 3575 1589 3611 :
1632 3568 1850 3613 coactus

257 3656 412 3712 enim
445 3662 660 3722 praestat
688 3652 958 3715 affectum,
998 3653 1093 3723 qui
1147 3651 1379 3705 miseriis
1408 3650 1663 3719 supplicis
1705 3649 1849 3703 iuvi-

257 3757 412 3803 tatur
440 3764 455 3800 :
489 3760 592 3799 non
624 3753 797 3814 potest
821 3744 1015 3799 aﬂ'erre
1044 3742 1233 3799 obvias
1257 3757 1468 3809 manus,
1498 3742 1580 3795 cui
1623 3741 1849 3809 imperat

255 3839 607 3911 propositum
666 3837 892 3893 afﬁctos
953 3839 1158 3893 audire.
1210 3836 1451 3891 Pcrlator
1501 3836 1845 3905 praiseutiunt

253 3934 409 3987 avito
441 3945 505 3986 se
532 3932 731 3998 cespite
754 3928 919 3983 deflet
949 3930 1240 3996 abjectum,
1269 3927 1359 3995 qui
1394 3926 1508 3994 spei
1552 3943 1661 3981 sum
1706 3929 1847 3981 resi-

253 4027 433 4080 duum
473 4024 524 4078 iu
568 4032 746 4079 vestro
773 4022 918 4092 ponit
950 4020 1194 4075 examine
1220 4036 1233 4074 :
1264 4035 1331 4074 ne
1377 4019 1665 4073 adversarii
1732 4017 1847 4087 ejus

250 4118 515 4190 potentia
543 4117 608 4172 de
638 4117 783 4170 lucro
804 4126 859 4171 et
880 4116 1166 4170 securitate
1188 4113 1506 4182 gratuletur.
1537 4111 1642 4166 Vos
1672 4112 1846 4180 legum

250 4219 744 4277 sacramenta,vos
773 4209 1011 4264 defensio
1040 4209 1261 4278 respicit
1286 4208 1701 4262 submissorum.
1737 4208 1846 4274 Ego

248 4314 451 4372 partes
512 4315 656 4355 meas
720 4299 1185 4355 commendatione
1242 4299 1463 4354 munivi.
1524 4297 1840 4353 Venerabile

249 4413 391 4465 ergo
425 4410 623 4449 nomen
644 4403 832 4463 augete
860 4394 1131 4449 beneﬁciis
1173 4410 1186 4445 :
1236 4396 1357 4461 quia
1385 4393 1511 4445 dum
1557 4390 1697 4460 justa
1754 4390 1847 4444 tri-

244 4491 449 4553 buitis,
502 4503 599 4542 nec
655 4489 741 4543 illa
791 4504 910 4557 quae
959 4488 1025 4541 ad
1084 4484 1503 4542 misericordiam
1578 4484 1845 4553 pertinent

245 4580 626 4649 posthatietis.
656 4579 883 4633 Domine
913 4581 1003 4644 mi,
1050 4578 1402 4633 reverentiam
1446 4577 1656 4631 sa'utati
1700 4577 1841 4629 acci-

1970 1950 2184 2004 vicaria:
2210 1948 2470 2018 dignitate
2503 1950 2840 2017 suggerenda
2882 1951 3148 2006 commisi.
3190 1951 3296 2007 Vos
3340 1955 3554 2022 petitio-

1969 2060 2091 2100 nem
2117 2059 2292 2099 meam
2322 2042 2388 2096 ad
2422 2042 2671 2097 effectum
2707 2044 3022 2111 perducite;
3055 2047 3175 2114 quia
3210 2047 3395 2101 adsum
3430 2064 3552 2115 paro

1970 2140 2113 2194 tibus
2132 2140 2266 2194 meis
2292 2140 2540 2205 quotiens
2593 2137 2735 2206 apud
2766 2137 3235 2193 emeiidatissiinos
3276 2140 3551 2199 hominum

1967 2245 2129 2301 cogor
2158 2230 2339 2287 subire
2363 2230 2751 2294 testimonium,
2785 2231 2911 2283 dum
2944 2232 3107 2286 certis
3134 2232 3382 2288 exhibeo.

2505 2321 2835 2377 EPISTULA
2868 2321 3027 2377 XVII.

2436 2418 2691 2456 ENNODIUS
2732 2404 2748 2435 ¹
2792 2417 3086 2459 uscous'ro.

2037 2491 2203 2547 Recte
2216 2491 2454 2547 creditur
2470 2492 2798 2545 enuntiatrix
2827 2492 3007 2562 lingua
3031 2508 3153 2549 esse
3174 2496 3547 2567 penetralium,

1964 2599 2083 2655 qua;
2111 2585 2327 2640 latentis
2353 2593 2560 2639 secreta
2587 2585 2778 2638 animi:
2810 2585 2875 2639 ad
2904 2586 3077 2640 lucem
3098 2596 3254 2641 vocat
3280 2588 3497 2654 eloquio
3522 2607 3539 2645 :

1964 2680 2266 2733 nesciretur
2295 2692 2447 2732 amor
2476 2687 2780 2746 pectorum,
2825 2677 2929 2732 nisi
2960 2677 3107 2733 illum
3136 2679 3377 2747 proditor
3406 2681 3545 2737 indl-

1963 2783 2129 2830 caret.
2161 2774 2291 2829 Jure
2335 2780 2575 2826 veterum
2625 2773 2881 2840 sapientia
2937 2772 3176 2840 epi~to|is
3226 2788 3338 2830 usa.
3391 2776 3546 2844 quasi

1961 2868 2529 2936 clavibus,repositum
2559 2879 2757 2934 pereas
2774 2864 3011 2934 vulgavit
3042 2866 3314 2921 affectum.
3349 2868 3545 2925 Tracta

1962 2965 2045 3014 est
2073 2957 2124 3011 in
2168 2958 2537 3012 testimonium
2568 2955 2875 3023 scriptionis
2907 2970 3059 3009 mens
3088 2965 3281 3011 testata
3317 2958 3545 3027 diligen-

1962 3051 2125 3104 tiam:
2153 3048 2347 3103 mutari
2376 3049 2653 3101 caritatem
2678 3062 2781 3100 non
2818 3047 2986 3112 licuit,
3026 3062 3184 3118 quam
3225 3047 3541 3105 desiderans

1960 3144 2150 3212 pagina
2180 3141 2571 3195 interveniente
2599 3140 2957 3210 promisisset.
2994 3140 3128 3197 Huic
3164 3156 3251 3196 me
3280 3156 3380 3213 ego
3406 3155 3542 3198 con-

1880 3253 1927 3321 c
1958 3232 2229 3289 suetudini
2275 3232 2357 3286 vel
2393 3232 2494 3301 legi
2524 3233 2701 3301 potius
2740 3232 3070 3301 mancipavi,
3114 3246 3363 3288 asserens
3392 3236 3540 3293 litte-

1964 3341 2145 3379 rarum
2178 3323 2302 3387 tide,
2339 3323 2481 3392 quod
2523 3328 2590 3377 de
2618 3324 2986 3393 magnitudine
3037 3334 3124 3379 tua
3152 3325 3401 3380 sensibus
3428 3329 3541 3382 ino-

1957 3418 2105 3471 levit.
2141 3415 2246 3469 Vos
2274 3413 2320 3469 si
2350 3429 2565 3469 mecum
2602 3415 2714 3483 pari
2744 3431 2872 3469 cura
2906 3417 2960 3469 in
2990 3417 3384 3473 devinctionem
3412 3434 3540 3475 con-

1957 3511 2259 3572 venientes,
2297 3508 2339 3561 si
2369 3507 2468 3561 lida
2499 3508 2764 3575 interpres
2792 3508 3023 3563 amicitia
3052 3524 3110 3563 se
3139 3510 3407 3567 avstimaus
3446 3528 3538 3565 vo-

1961 3610 2068 3652 tum
2092 3599 2493 3664 videtalterius,
2516 3612 2831 3669 responsum
2854 3598 3106 3654 deferens
3127 3602 3312 3655 tabella
3336 3604 3537 3670 signifi-

1954 3701 2061 3743 cet.
2092 3692 2200 3758 ligo
2223 3705 2444 3745 tnunera
2464 3690 2803 3745 salutationis
2832 3690 3169 3759 impertiens,
3190 3690 3537 3748 dii-liberatio-

1956 3796 2077 3834 nem
2111 3794 2284 3836 nteant
2319 3794 2423 3834 non
2462 3792 2713 3848 tanquam
2749 3781 3033 3833 verborum
3072 3794 3265 3835 avarus
3302 3783 3531 3840 occului.

2457 3870 2795 3926 EPISTULA
2851 3870 3037 3924 XVIII.

2483 3977 2744 4017 ENNODIUS
2774 3976 2995 4016 FAl‘STO.

2023 4054 2078 4107 lii
2124 4054 2429 4109 assereudis
2453 4054 2647 4123 quibus
2677 4067 2834 4107 suum
2864 4069 2966 4106 nun
2999 4054 3228 4124 denegat
3274 4054 3531 4113 honestas

1951 4140 2105 4207 plena
2136 4139 2472 4211 suffragium,
2500 4139 2895 4208 multiplicibus
2926 4155 3031 4192 non
3066 4151 3187 4194 utor
3230 4140 3520 4209 alloquiis:

1951 4247 2018 4283 nc
2043 4231 2281 4299 prolixus
2310 4246 2488 4285 sermo
2514 4240 2767 4300 tanquam
2803 4246 2829 4283 a
2858 4241 3118 4299 negaturo
3147 4231 3394 4285 videatur
3424 4232 3531 4286 im-

1950 4333 2194 4391 petrasse
2254 4322 2576 4375 beneficium
2618 4338 2630 4375 :
2691 4320 2874 4374 soletis
2927 4323 3067 4373 enim
3100 4336 3218 4390 quae
3262 4324 3529 4390 poscenda

1951 4423 2092 4475 sunt,
2112 4412 2363 4481 precibus
2380 4411 2667 4464 anteferre.
2686 4409 2765 4464 Ad
2798 4410 3081 4463 sublimem
3106 4420 3161 4464 et
3185 4413 3526 4480 magniticum

1951 4504 2122 4556 \irum
2162 4502 2484 4570 Opilionem,
2520 4508 2770 4568 parentes
2797 4499 2912 4567 ejus
2942 4500 2994 4553 in
3026 4499 3202 4554 Africa
3226 4504 3528 4557 consisten-

1951 4603 2031 4648 tes
2048 4595 2364 4648 direxeruut
2386 4601 2587 4646 certam
2602 4590 2871 4657 diligentia
2901 4591 3196 4659 inspirante
3212 4606 3526 4658 personam:

242 4676 442 4743 piens,
476 4673 543 4724 ita
578 4672 823 4737 precibus
841 4671 973 4725 meis
990 4670 1236 4728 effectum
1271 4670 1462 4731 tribue,
1489 4679 1543 4722 ut
1571 4669 1842 4737 prOpriuttl

1966 4702 2054 4755 qua
2088 4685 2151 4739 ad
2188 4685 2413 4753 patrium
2460 4681 2629 4735 solum
2660 4689 2956 4743 remi-aute,
2992 4680 3090 4733 ItOc
3125 4681 3251 4733 mihi
3285 4686 3523 4738 muneris

241 4764 618 4826 desiderium,
651 4764 779 4817 dum
812 4766 1059 4815 honestas
1087 4762 1362 4826 asseritiir,
1394 4760 1561 4830 possit
1590 4760 1820 4828 impleri.

328 4903 348 4928 ³
395 4891 677 4961 Decorato]
714 4894 879 4960 Major
911 4894 995 4945 hic
1019 4904 1141 4945 natu
1174 4892 1338 4945 friter
1370 4892 1649 4956 Honorati,
1679 4901 1734 4945 ut
1765 4893 1845 4945 di-

239 4981 409 5023 etum
445 4974 533 5018 est
558 4966 619 5017 ad
651 4965 808 5031 epist.
838 4964 909 5017 ‘28
942 4965 1035 5017 lib.
1070 4980 1125 5016 ll.
1147 4965 1332 5017 Nobile
1358 4978 1451 5031 par
1492 4964 1710 5016 fratrum
1742 4965 1841 5017 ad-

236 5048 604 5097 vitcatorum,
631 5045 685 5088 et
718 5050 782 5088 ex
807 5034 1079 5089 advocatis
1108 5044 1455 5103 quaestorum.
1511 5034 1587 5087 De
1613 5049 1837 5102 quorum

237 5111 545 5175 utriusque
567 5105 807 5159 laudibus
836 5106 996 5159 multa
1030 5104 1388 5160 Tln-odericus
1412 5120 1501 5158 rex
1546 5104 1638 5175 lib.
1677 5122 1701 5153 v
1732 5104 1836 5157 Va-

236 5173 467 5234 Iiaruui
502 5176 656 5243 epist.
684 5178 718 5229 ’5
750 5184 805 5229 et
837 5177 869 5229 4
903 5176 1190 5229 Iliitiorato.
1239 5175 1337 5237 Tu,
1381 5176 1570 5243 inquit,
1618 5173 1836 5226 Decoru-

232 5263 337 5305 lus
366 5266 434 5303 ea:
460 5246 553 5299 illo
576 5264 649 5312 es,
684 5246 773 5300 ille
801 5245 1094 5298 Honoratus
1131 5262 1194 5298 ea:
1223 5257 1269 5298 te
1293 5256 1382 5298 est.
1434 5248 1561 5300 Item
1594 5245 1659 5297 de
1690 5261 1838 5312 qum—-

230 5333 409 5377 stiira
444 5318 722 5372 Dec-irati:
752 5316 871 5370 Tuli
906 5318 1061 5385 igitur
1104 5319 1270 5371 omine
1308 5315 1584 5369 Deroratus
1614 5318 1839 5379 coaluit:

226 5393 471 5453 evaluit,
498 5392 725 5456 inquom,
745 5404 807 5441 ac
830 5388 1166 5442 ulterioribus
1191 5389 1431 5455 palatinis
1448 5387 1841 5459 judiriiinos‘ro

229 5466 509 5519 laudatus
534 5460 830 5524 inim-seuit,
862 5460 1156 5525 dignitatem
1182 5474 1405 5519 sumens,
1438 5458 1585 5526 quam
1617 5458 1840 5509 solemus

228 5540 387 5588 dare
436 5532 791 5597 prudentibus.
834 5528 938 5582 Sed
963 5541 1197 5597 qui-sior
1226 5545 1342 5582 cuin
1374 5528 1439 5581 ad
1468 5543 1587 5582 eum
1630 5544 1716 5581 scr
1742 5534 1844 5597 psit

230 5605 564 5661 Ennoitiiis,
592 5603 830 5655 nondum
879 5608 1014 5655 erat.
1060 5601 1251 5653 Humili
1293 5602 1562 5653 Conditum
1595 5604 1841 5667 sepulcro

225 5680 429 5735 fuisse
458 5683 684 5728 ινειδιιιι·
714 5671 829 5741 ejus
851 5671 1199 5740 epitaphium,
1241 5673 1382 5739 quod
1412 5674 1550 5727 inter
1588 5669 1843 5726 CltriSLia-

224 5767 311 5805 na
357 5750 694 5799 monimenta
728 5744 921 5812 legitur
950 5741 1033 5795 liis
1059 5743 1261 5796 verbis:

300 5840 459 5891 lianc
493 5838 767 5889 Decoratus
788 5849 931 5893 opem
954 5834 1185 5899 subducta
1208 5834 1317 5899 luce
1343 5838 1533 5899 petivit,

386 5900 634 5955 Comteret
657 5900 843 5959 exiguo
860 5905 914 5949 ut
927 5909 1017 5949 sua
1038 5898 1256 5948 membra
1284 5896 1404 5957 loco.

1954 4776 2207 4853 praelatus
2229 4773 2479 4842 injunxit,
2513 4782 2560 4824 tit
2597 4771 2663 4824 ad
2693 4772 3033 4839 magnificum
3080 4771 3294 4825 virum'
3321 4774 3527 4842 Agnel-

2010 4930 2154 4992 Hinc,
2182 4926 2467 4989 Spoletane,
2493 4927 2651 4985 gemis
2674 4941 2687 4989 ;
2712 4929 2891 4992 pateris
2917 4928 3026 4977 hinc
3049 4930 3240 4992 damna,
3269 4936 3441 4989 viator,

2071 4990 2314 5039 Incassum
2334 5001 2561 5050 quaerens
2594 4992 2703 5048 quis
2725 4990 2746 5037 f
2777 4998 2848 5039 rat
2871 4994 3120 5040 auxilium.

2007 5054 2125 5102 Nam
2150 5054 2290 5099 fessis
2310 5054 2477 5099 tribuit
2498 5053 2743 5113 I't‘qult'm,
2770 5054 3073 5112 tiiigi-rosluc
3109 5052 3307 5105 levavit.

2067 5115 2278 5162 .ltistitite
2296 5113 2467 5170 cultor,
2498 5111 2659 5170 largus
2688 5122 2737 5161 et
2763 5115 2939 5173 Itoslies
2964 5111 3084 5163 Vrat.

2006 5177 2237 5240 Fascibus
2268 5175 2482 5235 insignis,
2511 5176 2711 5240 generis
2727 5189 2818 5223 nec
2836 5184 3094 5240 stemmate
3124 5180 3277 5240 pejor.

2068 5239 2159 5286 llic
2181 5237 2344 5285 lumen
2374 5240 2560 5296 patriae,
2590 5237 2666 5285 hic
2684 5236 2835 5286 decus
2858 5251 3003 5287 omne
3030 5236 3133 5287 fuit.

1948 5320 2141 5376 Fasces
2180 5320 2270 5372 ἰιιιι
2294 5318 2446 5385 lligit,
2472 5335 2629 5387 quam
2679 5319 2909 5374 diximus
2948 5331 3290 5385 qiimsturnm.
3328 5320 3521 5388 Spole-

1952 5396 2179 5445 tinorum
2234 5390 2474 5442 meminit
2532 5390 2654 5457 quia
2709 5392 2759 5443 iii
2816 5407 3001 5445 eorum
3032 5392 3283 5445 tribunali
3330 5404 3521 5443 causas

1952 5473 2153 5530 egerat,
2196 5473 2250 5514 tit
2309 5470 2427 5529 post
2461 5461 2631 5530 ipsum
2690 5462 3018 5529 liouoratus,
3064 5471 3281 5515 auctore
3324 5462 3521 5519 ibidem

1948 5532 2293 5588 Cassioiloro.

2018 5606 2038 5635 '
2078 5599 2367 5674 Agiiellum]
2402 5601 2709 5674 Patricium,
2733 5605 2822 5671 qui
2868 5603 2921 5656 in
2960 5599 3138 5674 {Africa
3180 5602 3519 5659 versabatur.

1950 5670 2315 5730 Theodericus
2346 5670 2439 5725 rex
2473 5672 2629 5725 Festo
2662 5670 2918 5736 patricio:
2951 5670 3155 5725 Idcirco
3201 5673 3519 5729 decernimus

1950 5756 2006 5799 ut
2033 5746 2214 5799 domus
2246 5744 2444 5810 patricii
2474 5741 2677 5813 Agitelli
2697 5743 2763 5813 asl
2815 5742 3045 5813 Africum
3087 5743 3407 5810 discedentia,
3437 5748 3519 5813 qui

1949 5832 2159 5885 regnum
2186 5824 2351 5878 petens
2374 5811 2879 5885 alteriitsiiostrisest
2903 5812 3209 5885 utilitatibus
3223 5811 3517 5885 serviturus.

1952 5836 2005 5871 re
2043 5836 2159 5869 num
2186 5836 2351 5878 petens
2374 5836 2781 5865 (ιιιενιιιδηυδιι-ιδ
2806 5836 2879 5865 est
2903 5836 3389 5871 uttiuatwusservut

1952 5836 2101 5943 salvis
2129 5884 2318 5954 legibus
2346 5894 2429 5935 tua
2461 5882 2669 5934 ttiitioite
2695 5880 2925 5935 valletur.
2958 5883 3072 5941 Lib.
3103 5901 3118 5940 ι
3148 5887 3269 5943 Var.
3307 5886 3389 5941 I5.
