3998 6362
426 362 499 422 79
1543 330 1817 396 ENNODII
1856 324 2168 390 EPISCOPI
2207 320 2578 382 TlClNENSlS
3618 314 3689 372 εο

426 505 537 561 lum
566 514 664 573 pro
690 490 1155 554 commendatione
1182 496 1400 539 suorum
1425 495 1452 534 a
1480 479 1635 534 vobis
1667 478 1865 546 scripta
1891 488 2007 528 me-

425 607 628 654 reatur.
662 593 831 660 Quam
862 601 971 641 rem
999 574 1423 636 emendatissimi
1470 573 1746 627 hominum
1780 583 1887 623 non
1911 580 2006 620 ne-

425 689 638 759 gabitis,
666 654 768 736 non
800 671 1036 732 contenti
1069 668 1455 736 benignitatem
1485 670 1723 716 vestram
1779 661 1919 712 solos
1949 654 2004 709 in

425 750 578 834 Italia
606 776 806 846 positos
826 766 1127 838 agnovisse.
1161 761 1311 815 Nune
1351 756 1611 824 obsequia
1658 768 1773 808 mea
1811 750 2005 805 litteris

424 842 676 934 reddens,
725 876 939 919 causam
993 853 1298 924 scriptionis
1322 849 1610 904 verborum
1667 842 2005 913 compendiis
2095 863 2099 866 ~

425 962 675 1023 iudicavi.
713 959 820 1014 Vos
855 954 1053 1012 dicenti
1086 965 1251 1021 pauca
1277 952 1525 1013 praestate
1557 937 1841 1016 praicipua.

959 1081 1290 1141 EPISTULA
1322 1076 1465 1132 XIX.

900 1214 1156 1256 ENNODII‘S
1194 1205 1533 1252 APOLLINARI.

495 1322 848 1385 Producendo
888 1319 1026 1374 circa
1056 1321 1323 1368 amantem
1358 1306 1518 1361 vestri
1547 1302 1759 1357 silentia
1806 1297 1875 1352 ad
1913 1296 2009 1351 ab-

425 1423 654 1481 sentiam
677 1413 1010 1482 curporalem
1034 1408 1267 1460 animum
1289 1395 1660 1456 tranSniisistis
1685 1410 1699 1447 :
1726 1388 2011 1447 retinendo

426 1516 671 1590 paginas,
703 1513 754 1563 in
786 1507 1108 1561 immensum
1131 1496 1326 1559 crevit,
1355 1506 1475 1562 quae
1519 1491 1782 1555 hactenus
1814 1482 2007 1537 divisio

428 1575 763 1665 hilvval‘cbat.
812 1601 915 1654 Res
946 1612 1011 1649 eo
1044 1592 1203 1648 I‘Cdill
1236 1604 1329 1658 per
1360 1583 1739 1639 abstinentiam
1792 1575 2012 1631 tabella-

428 1725 570 1773 rum,
599 1724 649 1761 ιιι
683 1702 880 1758 veteris
910 1700 1007 1752 aevi
1042 1688 1377 1765 providentia
1416 1684 1659 1739 conferat
1706 1679 1779 1733 nil
1806 1675 2002 1729 amori.

427 1769 713 1857 Ranci-ssit
741 1796 961 1856 caritas,
996 1802 1156 1856 quam
1213 1782 1502 1836 verborum
1543 1787 1737 1827 avarus
1784 1769 2013 1837 despicit

426 1889 725 1946 ventilare:
754 1885 870 1937 sine
909 1880 1116 1933 cultura
1173 1881 1259 1927 est
1311 1868 1586 1937 diligentia
1615 1863 1670 1917 in
1705 1877 1858 1916 usum
1907 1874 1977 1913 no

426 1980 647 2037 reducta
678 1990 775 2045 per
804 1971 1061 2042 paginas:
1095 1964 1216 2030 styli
1261 1961 1560 2030 frequentia
1600 1955 1776 2009 vivaci
1815 1953 2006 2023 pabulo

427 2076 643 2132 insitam
669 2066 975 2140 pectoribus
1000 2059 1165 2114 nutrit
1193 2054 1509 2109 alliILIlInm.
1541 2048 1798 2111 Facilius,
1826 2044 2014 2111 frater,

428 2168 605 2224 fuerat
624 2135 907 2218 desideriis
938 2154 1072 2207 meis
1125 2158 1179 2204 te
1221 2148 1367 2201 nullo
1398 2154 1644 2211 tempore
1702 2138 1879 2206 cupita
1924 2135 2018 2207 trie

427 2263 632 2325 buisse,
660 2269 819 2326 quam
864 2264 1006 2317 smpe
1059 2244 1263 2298 indulta
1302 2237 1661 2295 subtrahere:
1692 2230 1817 2300 quia
1848 2226 2017 2282 corda

426 2319 694 2413 nesciunt,
722 2360 841 2416 qua:
869 2342 1002 2396 cibis
1034 2337 1283 2393 dulcibus
1317 2339 1498 2402 pastor
1544 2323 1736 2380 artifex
1771 2319 2016 2375 irritasti.

428 2446 717 2514 Aliquanto
757 2437 901 2493 enim
952 2443 1193 2500 tempore
1244 2421 1610 2481 continuando
1646 2416 2016 2485 scriptionem,

429 2541 803 2595 immemorem
829 2547 917 2585 me
941 2525 1386 2598 sequestrationis
1426 2517 1707 2577 effeceras,
1738 2512 1863 2566 dum
1903 2507 2020 2563 efli-

428 2633 570 2703 giem
622 2624 981 2682 venerabilem
1042 2615 1257 2688 placido
1310 2611 1590 2667 iuserebas
1640 2603 1878 2672 alloquio
1917 2606 2021 2653 :at

428 2692 573 2778 nunc
600 2715 1018 2773 commeantium
1045 2721 1243 2762 vacuas
1283 2717 1475 2759 manus
1505 2699 1679 2753 nudus
1733 2692 2021 2762 inquisitor

428 2812 679 2880 lnSpicio.
716 2810 825 2878 Ego
854 2818 1027 2859 tamen
1059 2802 1182 2854 nolo
1212 2811 1398 2852 errore
1449 2806 1572 2847 meo
1598 2789 1806 2843 alienas
1832 2784 2019 2852 culpas

429 2918 695 2967 asserere,
728 2875 947 2968 utquod
971 2899 1165 2947 factum
1189 2883 1672 2952 doleo,adinisisse
1703 2875 2014 2931 convincar.

428 2996 626 3063 Accipe
645 3007 796 3061 ergo,
818 2983 1250 3044 emendatissime
1280 2968 1556 3033 hominum
1575 3014 1589 3039 ,
1620 2968 2017 3027 desideriorum

386 3116 387 3119 η
428 3057 642 3148 solatia,
674 3057 767 3152 per
784 3057 1069 3134 caelestem
1113 3072 1340 3142 gratiam
1387 3064 1699 3121 absentibus
1737 3057 2013 3120 attributa,

428 3186 488 3233 et
536 3174 849 3244 perlatores,
900 3166 947 3220 si
977 3165 1079 3218 mei
1107 3162 1236 3216 estis
1276 3171 1566 3222 memores,
1594 3152 1911 3211 sublevate;
1961 3154 2020 3200 ut

428 3241 675 3330 nesciant
698 3257 1147 3336 peregrinationis
1176 3251 1536 3316 incommoda,
1564 3248 1690 3304 dum
1723 3241 2016 3301 nominatis

429 3363 657 3437 patriam
681 3353 1077 3415 commendatio
1114 3352 1286 3407 amica
1331 3346 1643 3403 contulerit.
1673 3341 1877 3410 Quibus
1924 3351 2016 3391 re-

429 3436 756 3522 meantibus,
787 3451 973 3507 nuntio
1000 3463 1085 3503 me
1107 3456 1300 3501 vestrae
1325 3440 1645 3498 valetudinis
1670 3436 1969 3493 sublevate.

988 3558 1321 3617 EPISTOLA
1359 3555 1480 3611 XX.

894 3696 1151 3738 ENNODIUS
1189 3690 1407 3733 ιυιιΑΝο
1437 3689 1489 3728 ν.
1532 3687 1569 3726 ι.

505 3810 811 3866 Exercetur
831 3801 1122 3873 diligentiae
1148 3799 1347 3853 bonum
1377 3791 1672 3862 scriptione
1706 3782 2020 3854 multiplici:

434 3902 631 3972 linguae
672 3898 814 3953 enim
859 3893 1056 3950 indicio
1086 3891 1390 3945 animorum
1442 3890 1647 3939 secreta
1689 3877 2020 3949 panduntur.

433 3992 683 4052 Assiduis
707 4002 890 4043 curam
920 3982 1184 4053 impendit
1213 3978 1463 4048 eloquiis,
1491 3974 1582 4045 qui
1624 3972 1792 4025 otium
1838 3978 2024 4021 amore

436 4089 750 4141 commutat.
784 4078 910 4133 Ilaec
940 4068 1066 4131 sunt
1092 4073 1292 4137 officia,
1325 4086 1420 4139 per
1448 4083 1564 4137 quin
1598 4064 1787 4118 tacitu<
1814 4061 2029 4113 innote-

436 4175 541 4233 scit
569 4172 810 4227 alfectus.
846 4165 1150 4222 Familiaris
1170 4162 1423 4234 perlator,
1456 4158 1557 4213 nisi
1580 4152 1881 4210 reddendas
1910 4148 2027 4204 cul-

436 4266 573 4322 mini
602 4274 782 4319 veStro
808 4261 1026 4332 paginas
1056 4257 1376 4325 accepisset,
1414 4268 1499 4307 me
1522 4249 1744 4305 oblitum
1773 4259 2030 4301 reveren-

372 4406 377 4409 ς
438 4358 531 4414 tice
560 4365 753 4411 vestrae
783 4361 1091 4409 testaretur.
1125 4347 1315 4403 Nescio
1345 4346 1485 4400 enim
1513 4341 1755 4398 caritatis
1783 4351 1903 4393 esse
1932 4350 2030 4389 ne-

441 4449 669 4522 gligens,
700 4461 800 4501 nec
832 4452 1038 4514 partam
1085 4441 1269 4495 labore
1304 4436 1529 4507 gratiam
1574 4431 1738 4503 quieti
1779 4427 2028 4484 serviens

442 4520 697 4609 eﬁ'ngare.
723 4536 884 4590 Multa
903 4534 1082 4589 debeo
1111 4533 1272 4586 verba
1317 4527 1505 4582 foederi
1528 4543 1542 4580 :
1568 4523 1664 4579 sed
1695 4520 1761 4574 ad
1791 4520 2033 4573 brevita-

440 4606 723 4699 tem‘cogit
752 4626 997 4697 epistola.
1032 4624 1184 4687 Vale,
1218 4623 1288 4677 mi
1320 4620 1558 4681 domine,
1584 4616 1841 4669 honorem
1884 4611 2026 4663 salu-
2057 4606 2113 4666 D

442 4721 543 4777 tati
570 4719 856 4789 accipiens,
885 4730 937 4772 et
967 4717 1110 4771 circa
1156 4730 1241 4768 me
1300 4711 1533 4765 adultam
1563 4718 1719 4761 serva
1760 4702 2024 4772 dignatio-

442 4828 593 4870 nem.
627 4813 717 4867 Sic
747 4812 885 4866 bono
916 4812 969 4864 in
995 4808 1231 4863 taedium
1262 4806 1461 4860 ascitus
1493 4799 1821 4873 reipublicae,
1851 4797 1918 4853 de
1945 4794 2024 4851 fe-

444 4905 666 4963 licitatis
696 4916 799 4962 tua!
820 4904 1173 4963 diuturnitate
1204 4900 1510 4972 gratuleris.

996 5000 1328 5076 EPISTULA
1357 5017 1500 5074 xxn.

781 5132 1037 5174 ENNODIUS
1077 5128 1404 5170 CONSTANTIO
1443 5123 1708 5166 EPISCOPO.

530 5236 757 5310 Vigilius
779 5234 1144 5289 subdiaconus
1170 5240 1348 5287 vester
1375 5227 1612 5298 experiri
1646 5225 1811 5281 voluit
1837 5233 2033 5295 quanta

450 5333 582 5403 mihi
616 5347 644 5385 a
676 5328 842 5397 vobis
880 5328 1074 5382 caritas
1116 5324 1461 5387 redderetur;
1494 5329 1546 5374 et
1595 5318 1662 5373 ad
1691 5317 2030 5373 occasionem

454 5425 724 5495 profectus
762 5422 844 5477 sui
884 5419 1310 5488 coniunctionem
1341 5423 1577 5470 nostram
1608 5421 1829 5468 conatus
1858 5410 2031 5466 addu-

455 5532 598 5578 cere,
622 5530 817 5571 Statum
849 5514 990 5569 inter
1019 5527 1116 5566 nos
1145 5510 1410 5573 amicitiae,
1440 5508 1565 5562 dum
1594 5516 1816 5575 augetur
1845 5504 2031 5558 hono-

456 5610 949 5673 ribus,vultmetiri
978 5626 991 5664 :
1016 5617 1276 5677 quatenus
1300 5594 1368 5656 ad
1393 5604 1562 5671 ipsum
1596 5599 1799 5654 fructus
1830 5598 2033 5663 redeat,

458 5718 614 5773 quem
645 5718 708 5755 ex
739 5702 1028 5771 diligentiae
1058 5715 1234 5755 messe
1259 5698 1620 5753 condidimus.
1654 5694 1804 5749 llunc
1836 5692 1879 5746 si
1920 5706 2037 5747 me-

461 5811 606 5858 reor,
636 5794 700 5847 ad
733 5795 863 5847 diacc
890 5795 958 5848 nii
989 5805 1323 5850 Sacramenta
1368 5792 1644 5863 perducite
1676 5807 1688 5843 :
1724 5800 1777 5843 ut
1808 5789 2039 5855 dignitas

462 5886 666 5959 praefati
698 5885 761 5941 ad
789 5900 937 5956 spem
968 5887 1093 5940 mihi
1125 5887 1365 5957 proﬁciat
1396 5886 1600 5957 majora
1624 5881 1897 5953 poscendi.
1929 5880 2038 5940 Sed

2032 452 2080 509 Α
2110 457 2179 499 ne
2206 430 2518 509 petitionem
2540 442 2764 504 negatus
2789 431 3072 487 frustretur
3098 428 3341 493 effectus,
3364 427 3443 483 sic
3470 441 3694 485 conces-

2109 548 2229 589 sum
2258 529 2464 585 meritis
2492 526 2685 581 vestris
2709 523 2883 579 locum
2906 537 3000 593 per
3028 520 3184 591 longa
3208 531 3506 590 temporum
3530 521 3697 575 inter-

2107 623 2247 678 valla
2270 619 2516 678 teneatis.

2638 705 2973 764 EPISTOLA
3012 703 3178 764 XXII.

2516 816 2771 858 ENNODIUS
2809 812 3088 853 διωμοΗο
3124 810 3291 849 PAPE.

2182 897 2439 963 Quamvis
2475 890 2693 949 sublimi
2732 890 2849 945 viro
2886 888 3175 943 Laurentio
3211 885 3428 940 assistat
3472 899 3571 953 pro
3620 884 3702 954 pio

2111 1004 2335 1060 gnorum
2360 985 2827 1042 commendatione
2858 982 3096 1050 probitas
3124 994 3217 1033 sua
3236 1019 3251 1046 ,
3278 985 3334 1033 et
3368 980 3533 1046 patris
3570 993 3701 1047 pru-

2112 1080 2289 1136 dentia
2319 1093 2507 1135 causas
2548 1076 2747 1133 sobolis
2770 1082 3091 1143 exsequatur
3119 1089 3133 1125 :
3166 1080 3399 1126 attamen
3441 1070 3704 1125 sollicitu-

2124 1174 2249 1229 dine
2275 1172 2491 1244 genitali
2513 1170 2577 1225 ad
2611 1170 2868 1239 ampliora
2901 1165 3159 1237 procedit,
3186 1173 3240 1219 et
3276 1165 3366 1219 vix
3407 1163 3579 1218 credit
3608 1178 3706 1232 pro

2121 1267 2249 1321 filiis
2275 1264 2524 1321 suflicere
2552 1262 2692 1333 quod
2724 1267 2979 1316 meretur.
3010 1257 3336 1328 Adjutriccm
3366 1256 3418 1309 in
3451 1255 3709 1323 astipula-

2115 1359 2260 1412 tioue
2281 1358 2538 1428 germinis
2570 1353 2815 1424 paginam
2844 1352 3035 1421 qumrit
3075 1367 3089 1403 :
3138 1358 3193 1404 et
3242 1347 3541 1416 trepidante
3580 1345 3707 1401 dili-

2118 1452 2294 1521 gentia
2322 1461 2531 1518 patrum
2564 1448 2811 1502 ardorem
2843 1446 3028 1498 nititur
3056 1457 3176 1498 cum
3208 1440 3559 1496 universitate
3587 1454 3711 1509 par-

2115 1541 2239 1595 tiri:
2252 1541 2491 1610 Cogitate
2512 1540 2556 1594 si
2590 1542 2704 1593 viro
2730 1540 2931 1607 optimo
2959 1534 3138 1603 negari
3180 1533 3403 1588 effectus
3433 1532 3631 1600 potuit,
3656 1538 3711 1586 et

2115 1633 2199 1702 pia
2232 1641 2287 1689 et
2310 1633 2450 1701 justa
2484 1632 2747 1701 poscenti.
2773 1630 2993 1683 Tr.bnai
3021 1628 3269 1682 divinitas
3298 1627 3550 1682 ellectum
3582 1641 3709 1695 pre-

2117 1725 2269 1778 cibus
2291 1723 2430 1792 ejus,
2456 1732 2510 1778 et
2536 1725 2678 1777 hunc
2701 1721 3045 1778 beatitudinis
3061 1732 3251 1775 vestra:
3279 1719 3565 1773 nominatis
3583 1733 3712 1773 con-

1980 1810 2014 1911 ;
2046 1833 2093 1894 Β
2120 1818 2307 1871 ciliare
2342 1815 2596 1886 dignetur
2622 1814 2894 1877 allectum,
2927 1823 2984 1868 ut
3027 1814 3195 1882 erigat
3224 1812 3473 1882 parvulos
3519 1810 3713 1879 imploo

2121 1920 2235 1964 rata
2263 1922 2482 1964 corona:
2513 1916 2706 1962 vestra:
2746 1908 3020 1962 miseratio
3055 1924 3066 1959 ε
3106 1916 3367 1975 quatenus
3395 1904 3538 1958 anxii
3569 1905 3712 1958 circa

2122 2002 2266 2071 ἱρεος
2297 2000 2555 2069 genitoris
2595 2012 2716 2054 vota
2748 2008 3090 2069 superentur.
3125 1998 3351 2052 Domine
3390 2000 3463 2051 mi
3497 2036 3513 2062 ,
3552 2009 3712 2064 spero

2122 2103 2179 2148 ut
2207 2093 2467 2161 promissa
2497 2092 2695 2147 dudum
2728 2091 3029 2161 benignitas
3074 2091 3127 2143 in
3169 2104 3233 2145 ea
3281 2098 3431 2159 parte
3470 2087 3715 2141 testimo-

2122 2186 2269 2240 nium
2293 2178 2445 2251 ferat,
2480 2185 2524 2239 si
2547 2185 2953 2254 comprehensis
2990 2182 3236 2251 superius
3266 2182 3587 2251 geminatam
3616 2180 3714 2234 im-

2123 2278 2284 2349 pendi
2312 2279 2558 2349 gratiam,
2585 2279 2675 2346 qui
2707 2291 2803 2345 per
2833 2290 2919 2329 me
2959 2284 3226 2344 precatur,
3256 2272 3534 2343 intelligat.

2635 2365 2965 2421 EPISTULA
3010 2361 3195 2419 XXIII.

2586 2474 2841 2514 ENNODIUS
2898 2471 3246 2512 DOMINA'I‘ORI.

2195 2558 2518 2625 Oportuerat
2558 2554 2771 2624 quidem
2800 2552 3069 2607 desideria
3113 2559 3325 2615 vestra,
3367 2563 3487 2619 quze
3532 2547 3713 2603 lratris

2124 2648 2336 2717 Agnelli
2367 2644 2902 2717 patefecitallegatio,
2935 2650 2992 2696 ut
3022 2642 3215 2697 tabella
3244 2652 3532 2705 reseraret,
3565 2648 3620 2694 et
3643 2636 3712 2694 ad

2127 2740 2389 2795 elicienda
2438 2736 2699 2806 colloquia
2751 2735 2976 2789 fortnam
3010 2749 3185 2788 sermo
3232 2735 3460 2803 praevius
3485 2731 3714 2785 exhibe-

2130 2841 2214 2886 ret
2246 2849 2258 2883 :
2291 2832 2413 2900 quia
2440 2829 2606 2898 pomit
2644 2827 2735 2881 tibi
2768 2826 2975 2882 restitui
3015 2824 3154 2896 quod
3195 2824 3451 2879 debebis:
3479 2815 3577 2878 nec
3603 2822 3716 2877 ullo

2125 2939 2215 2979 me
2246 2923 2428 2977 colore
2459 2919 2825 2981 defenderem,
2857 2928 2907 2972 te
2944 2917 3215 2988 loquente,
3239 2931 3269 2970 a
3311 2916 3515 2986 paginis
3542 2913 3713 2967 absti-

2134 3016 2331 3072 nendo.
2366 3015 2419 3068 ln
2453 3022 2545 3068 tuo
2571 3013 2690 3082 jure
2713 3012 2829 3077 fuit,
2862 3011 3054 3080 linguae
3090 3019 3283 3064 nostra:
3318 3008 3478 3063 ferias
3507 3006 3715 3062 excrci-

2132 3111 2211 3164 tio
2240 3118 2591 3172 commutare,
2636 3114 2690 3160 et
2730 3103 3023 3175 rubiginem
3057 3102 3363 3158 rusticantis
3402 3100 3596 3169 eloquii
3636 3097 3717 3152 fa-

2048 3216 2096 3282 c
2127 3201 2350 3257 brilibus
2372 3200 2561 3256 studiis
2584 3213 2834 3254 amovere
2861 3216 2872 3249 :
2900 3197 3021 3268 quia
3044 3197 3179 3251 sicut
3199 3195 3451 3251 damnum
3475 3193 3715 3249 caritatis

2124 3295 2453 3364 estprimum
2475 3290 2707 3361 cupienti
2732 3306 2835 3344 non
2860 3289 3107 3345 dedicare
3136 3303 3441 3345 sermonem
3464 3303 3477 3339 :
3498 3288 3567 3340 ita
3592 3300 3719 3355 pro-

2124 3387 2375 3457 mulgataa
2404 3383 2682 3453 scriptioni
2726 3382 2999 3436 silentium
3035 3379 3280 3447 reddere,
3328 3394 3428 3434 nec
3463 3376 3719 3432 amicitiae

2127 3479 2321 3536 suadet
2345 3478 2602 3534 memoria
2626 3492 2724 3532 nec
2755 3476 2991 3544 pudoris.
3020 3474 3169 3529 Nunc
3191 3484 3367 3528 tamen
3394 3473 3620 3529 accessit
3648 3471 3719 3526 ad

2127 3573 2340 3643 genium
2366 3586 2562 3637 meum,
2595 3569 2737 3639 quod
2766 3569 2985 3637 paginas
3018 3565 3323 3636 imperasti;
3355 3574 3409 3620 et
3434 3565 3477 3618 si
3502 3564 3720 3619 subtra-

2128 3663 2275 3719 bitur
2304 3664 2632 3729 testimonio,
2662 3660 2803 3730 quod
2838 3673 3104 3730 nunquam
3134 3661 3187 3712 in
3229 3672 3413 3712 amore
3456 3657 3600 3711 vires
3638 3656 3723 3709 in-

2128 3764 2367 3824 terrogo.
2404 3754 2654 3809 Facessat
2691 3753 2758 3807 ab
2798 3751 3026 3822 ingeniis
3062 3750 3403 3819 liberalibus,
3441 3758 3498 3803 ut
3529 3748 3722 3803 credas

2130 3845 2331 3902 fascem
2350 3860 2473 3901 esse
2496 3843 2903 3903 intolerabilem.
2931 3858 3089 3913 quem
3122 3843 3325 3897 amicus
3363 3841 3605 3911 imponit.
3634 3839 3721 3893 Tu

2133 3946 2336 3993 tantum
2370 3949 2558 3991 exacta
2594 3934 2991 4004 complectere,
3033 3942 3089 3988 et
3121 3947 3401 3987 censuram
3450 3932 3722 4000 castigans

2134 4031 2354 4086 rancida
2378 4029 2730 4100 iudicantium
2764 4028 2973 4096 depone
3010 4026 3238 4080 fastidia.
3275 4026 3427 4080 Absit
3456 4041 3482 4078 a
3517 4036 3567 4080 te
3594 4038 3721 4079 eum

2138 4140 2245 4180 non
2272 4123 2454 4178 fovere
2481 4123 2571 4192 qui
2601 4122 2793 4189 paruit.
2828 4121 2884 4175 In
2924 4136 3071 4190 spem
3108 4120 3312 4175 altioris
3342 4120 3515 4174 meriti
3549 4118 3723 4172 trahi-

2138 4226 2249 4281 tur,
2280 4216 2490 4270 etiamsi
2523 4215 2700 4268 veniat
2729 4228 2758 4266 a
2790 4222 3000 4267 moneta
3034 4214 3260 4277 triviali,
3291 4213 3378 4281 qui
3431 4213 3521 4266 tibi
3551 4212 3726 4280 impo-

2136 4312 2296 4366 situm
2323 4311 2431 4365 oris
2457 4308 2778 4378 mancipavit
2806 4307 3140 4376 obsequium.
3168 4307 3309 4374 Ergo
3347 4306 3497 4369 vale,
3524 4307 3595 4358 mi
3625 4306 3726 4359 do-

2136 4403 2301 4467 mine,
2324 4402 2447 4471 quia
2478 4402 2602 4455 nolo
2636 4401 2750 4455 ﬁeri
2792 4399 3018 4469 prolixa,
3047 4413 3164 4468 quae
3196 4412 3300 4451 non
3341 4405 3467 4451 sunt
3494 4396 3557 4450 ad
3600 4411 3727 4464 per-

2139 4495 2479 4564 pendiculum
2518 4492 2774 4547 fabricata
2816 4490 3101 4558 colloquia.
3146 4489 3222 4543 Tu
3252 4504 3497 4545 messem
3533 4488 3725 4558 gratia:

2136 4588 2291 4658 juxta
2317 4586 2563 4641 fiduciam
2592 4601 2786 4651 meam,
2822 4578 3070 4655 tanquam
3098 4584 3229 4639 uber
3252 4585 3423 4637 solum
3453 4586 3676 4637 restitue
3708 4598 3725 4636 :

2138 4682 2263 4751 quia
2294 4681 2344 4734 in
2377 4689 2466 4733 tuo
2494 4678 2718 4749 posthac
2747 4682 2850 4733 erit
2878 4679 3132 4745 arbitrio,
3167 4678 3212 4733 si
3242 4678 3434 4732 crebro
3470 4676 3728 4744 epistolas

2140 4787 2289 4829 meas
2319 4771 2564 4841 accipere
2590 4770 2847 4836 volueris,
2879 4769 2959 4824 his
2989 4785 3075 4824 me
3097 4770 3292 4823 muniis
3319 4768 3561 4823 invitare.

2652 4860 2983 4917 EPISTULA
3026 4858 3212 4914 XXIV.

2681 4969 2932 5010 ENNODIUS
2970 4966 3195 5007 FAUSTO.

2218 5049 2385 5122 IEger
2406 5049 2616 5104 animus
2637 5046 2775 5102 sicut
2802 5043 3011 5099 silentia
3037 5058 3140 5099 non
3164 5042 3378 5113 patitur,
3414 5044 3483 5097 ita
3512 5055 3732 5119 proces-

2142 5158 2263 5200 sum
2293 5141 2614 5198 narrationis
2643 5138 2853 5206 abjurat
2884 5155 2897 5191 :
2938 5136 3311 5201 contestationi
3346 5134 3596 5190 mteroris
3628 5149 3731 5190 nec

2144 5236 2502 5299 taciturnitas,
2535 5246 2633 5287 nec
2661 5229 2922 5295 colloquia
2948 5228 3150 5297 prolixa
3179 5226 3734 5280 conveniuutzarcta-

2144 5339 2231 5385 tur
2256 5330 2474 5399 pagina,
2515 5326 2600 5382 cui
2630 5326 2717 5379 vix
2756 5324 2896 5378 inter
2923 5323 3153 5392 gemitus
3192 5321 3352 5375 verba
3400 5319 3734 5373 tribuuntur.

2143 5421 2251 5480 Sed
2278 5422 2401 5492 quid
2424 5434 2607 5475 assero
2630 5419 2822 5488 lingua:
2847 5417 3005 5470 ferias
3030 5417 3148 5486 plus
3176 5414 3467 5483 loquendo,
3502 5422 3556 5466 et
3605 5427 3737 5464 coa-

2143 5527 2283 5571 ctam
2317 5513 2637 5569 necessariis
2666 5510 2947 5581 epistolam
2980 5509 3225 5564 terminis
3242 5507 3552 5577 garrulitate
3577 5504 3738 5571 polli-

2143 5608 2303 5664 ceor?
2334 5606 2502 5660 Deum
2542 5618 2747 5672 quaeso,
2783 5612 2839 5656 ut
2878 5601 3133 5657 anxietati
3166 5614 3299 5655 meae
3342 5599 3409 5654 de
3448 5596 3739 5652 manifesto

2144 5696 2515 5770 prosperitatis
2553 5702 2746 5749 vestra:
2781 5706 3057 5748 succurrat
3098 5692 3323 5747 indicio.
3362 5690 3454 5744 Ille
3481 5687 3739 5742 admittat

2146 5792 2413 5860 lacrymas
2443 5802 2624 5851 meas,
2668 5787 2753 5842 cui
2795 5786 2974 5840 clausa
3022 5801 3115 5840 ora
3141 5784 3461 5838 fabulantur
3496 5798 3508 5833 :
3540 5780 3624 5834 cui
3664 5781 3737 5836 ad

2143 5887 2359 5959 plenam
2388 5884 2707 5955 legationem
2735 5884 2934 5941 sufticit
2956 5898 3021 5940 ex
3044 5881 3459 5951 compunctione
3483 5875 3739 5935 deﬂuens
