3998 6362
279 334 342 395 st
1534 327 2007 389 EPISTOLARUM
2046 328 2176 385 LIB.
2217 330 2305 385 tv.
3470 330 3539 386 32

280 415 453 505 imber
478 448 784 504 oculorum.
816 446 929 518 Ego
959 445 1327 505 labefactatam
1367 462 1473 504 non
1503 448 1675 502 solum
1714 445 1863 516 quie—
1886 444 1942 505 Α
1968 445 2223 514 principis
2252 443 2477 509 deﬁuat,
2501 445 2643 514 quod
2686 446 2737 501 in
2768 447 2919 503 vobis
2944 454 3177 504 aeternus
3204 445 3373 501 imber
3402 447 3543 502 infu-

283 553 387 598 tem
413 556 614 607 meam,
647 540 742 595 sed
765 550 815 594 et
842 540 1090 605 salutem,
1121 540 1452 593 inimicorum
1479 538 1783 592 valetudine
1806 545 1861 591 et

283 646 553 688 rumorum
582 629 834 699 procellis
856 642 1109 696 agnosco.
1137 628 1335 683 Potens
1370 637 1451 683 cst
1480 627 1733 682 divinitas
1764 628 1861 680 im-

281 740 480 779 mensae
503 723 837 792 tempestatis
868 723 1065 777 incerta
1092 722 1232 776 bono
1257 722 1560 777 serenitatis
1582 735 1857 776 amovere.

282 816 406 878 Vos,
432 815 576 870 side
606 814 717 869 Deo
747 829 985 881 mereor,
1019 814 1219 869 salvete
1254 829 1269 865 :
1303 824 1356 867 et
1396 812 1595 867 amanti
1627 813 1679 867 in
1712 805 1864 867 vobis

281 908 691 974 conscientiam,
731 921 837 962 non
869 906 1205 962 Ravennates
1227 905 1515 974 excubias,
1548 904 1861 961 tabellarum

282 1001 710 1071 promulgatione
730 999 1015 1055 consulite.

803 1089 1133 1146 EPISTULA
1172 1089 1312 1145 XXV
1324 1129 1336 1145 .

824 1199 1075 1239 suuootus
1107 1185 1123 1215 ¹
1154 1198 1329 1239 nsso.

350 1282 409 1337 Si
433 1288 593 1335 vetus
612 1277 884 1347 diligentia
905 1291 1024 1346 qua:
1050 1291 1080 1331 a
1108 1277 1419 1345 parentibus
1447 1276 1583 1331 meis
1602 1289 1725 1345 erga
1751 1290 1864 1329 am-

281 1372 597 1442 plitudinem
630 1379 773 1422 tuam
801 1367 1004 1422 fructus
1032 1367 1224 1422 uberes
1248 1367 1316 1421 de
1332 1367 1517 1435 gratiae
1538 1382 1711 1423 messe
1737 1382 1865 1423 con-

280 1463 462 1526 debat,
492 1462 635 1516 circa
665 1473 948 1529 personam
978 1473 1153 1513 meam
1185 1471 1282 1527 pro
1309 1456 1430 1513 ﬁdei
1462 1460 1717 1513 memoria
1743 1474 1862 1513 ser-

281 1568 523 1621 varetur,
553 1563 876 1610 monstraret
924 1552 1218 1623 frequentia
1259 1552 1577 1617 litterarum,
1622 1558 1677 1605 et
1723 1551 1865 1606 inse-

282 1650 486 1720 pultam
516 1647 793 1703 caritatem
818 1644 970 1699 testis
999 1644 1228 1713 pectoris
1256 1657 1433 1697 sermo
1455 1642 1771 1696 recluderet.
1793 1643 1865 1697 At

282 1755 427 1795 nunc
442 1740 662 1793 oblitum
684 1737 789 1791 mei
820 1746 870 1789 te
895 1736 1098 1798 sentio;
1124 1748 1223 1788 nec
1242 1734 1471 1799 aliquam
1504 1730 1741 1786 melioris
1763 1745 1862 1785 sa:-

1964 538 2123 594 derit.
2156 538 2296 594 Ecce
2319 554 2437 608 qum
2477 540 2634 594 debui
2669 550 2789 596 vota
2828 542 3162 611 rudimentis,
3190 541 3311 596 licet
3341 542 3541 595 coactis

1964 626 2017 681 in
2049 636 2219 681 artum
2246 628 2583 683 sermonibus
2601 671 2615 694 ,
2638 632 2904 686 enarravi.
2938 633 3045 688 Vos
3073 641 3398 687 mementote
3420 646 3545 700 pro-

1965 721 2110 774 missi
2140 720 2337 774 amoris
2365 729 2421 775 et
2444 721 2679 789 foederis,
2705 732 2761 776 tit
2784 724 2899 778 sine
2927 725 3231 779 mutationis
3252 723 3536 792 dispendio

1964 809 2201 865 debitum
2239 810 2367 864 mihi
2408 820 2674 882 qutestura
2705 813 2984 869 dissolvat.
3029 818 3070 869 Τ
3074 824 3229 871 enete
3274 817 3418 871 circa
3455 830 3545 871 me

1966 900 2233 956 ‘animum
2250 903 2551 958 decessoris
2569 905 2876 975 :jdignitatis
2899 917 3089 962 vestra:
3104 909 3415 977 pollicitatio
3438 925 3547 965 non

1965 990 2239 1059 frangatur
2268 993 2469 1047 Variata
2508 995 2772 1063 personis.
2807 996 3012 1051 Domini
3050 1000 3175 1063 mei,
3211 1000 3414 1055 salvete
3442 1014 3545 1070 pro

1965 1084 2232 1141 desiderio
2251 1088 2527 1157 supplicis,
2544 1098 2599 1144 et
2620 1090 2669 1143 in
2694 1105 2881 1159 magna
2904 1090 3283 1149 beneﬁciorum
3305 1096 3543 1164 promul-

1964 1178 2183 1247 gatione
2212 1179 2467 1249 suscipite
2492 1196 2649 1250 parca
2670 1184 2957 1253 colloquia.
2979 1183 3123 1241 Talis
3150 1188 3292 1241 enim
3320 1197 3399 1243 est
3418 1204 3545 1243 usus

1964 1270 2195 1328 felicium
2226 1281 2283 1328 et
2312 1282 2499 1329 natura
2527 1275 2839 1342 meliorum,
2870 1288 2927 1332 ut
2956 1278 3148 1350 lingua:
3171 1280 3353 1350 copias
3384 1281 3543 1337 rebus

1966 1374 2018 1420 et
2040 1366 2291 1434 przestitis
2310 1368 2649 1423 antecellunt.

2462 1457 2789 1514 EPISTOLA
2833 1459 3047 1517 XXVII.

2489 1565 2743 1606 ENNODIUS
2780 1568 3023 1609 SENAIIIO.

2038 1638 2327 1695 Festlnatio
2371 1642 2653 1711 perlatoris
2697 1645 2748 1698 iu
2789 1656 2959 1700 artum
3008 1649 3181 1717 coegit
3218 1649 3497 1718 epistolam
3527 1694 3543 1721 ,

1965 1729 2231 1785 dolentem
2269 1748 2455 1801 magna
2502 1734 2622 1789 fecit
2656 1751 2819 1804 pauca
2865 1738 3087 1794 dictare.
3121 1741 3272 1809 Apud
3312 1758 3431 1796 eum
3465 1755 3545 1797 ta.

288 1832 394 1887 culi
423 1832 645 1885 retinere
672 1826 1048 1889 concordiam;
1080 1824 1291 1895 quando
1321 1824 1466 1877 nulla
1504 1838 1623 1893 qua:
1654 1824 1855 1878 Sollici-
1884 1837 1934 1899 Β
1963 1836 2081 1876 men
2115 1826 2210 1877 ista
2240 1839 2343 1877 non
2372 1834 2621 1893 gravant,
2650 1829 2735 1895 qui
2771 1828 2912 1883 inter
2940 1846 3245 1885 sermonum
3277 1836 3546 1898 angustias

286 1926 525 1981 tudinem
556 1936 695 1976 tuam
730 1921 987 1990 resignet,
1017 1919 1215 1988 scripta
1260 1918 1578 1987 diriguntur.
1622 1917 1724 1971 Sed
1762 1931 1861 1985 ego

280 2014 537 2073 desiderii
571 2014 955 2083 impatientiam
994 2011 1060 2064 ad
1090 2010 1251 2065 verba
1289 2010 1532 2064 converti
1572 2024 1586 2062 :
1629 2008 1717 2078 qui
1748 2008 1860 2061 scio

280 2118 409 2164 tunc
445 2108 712 2163 novellam
741 2105 1029 2159 amicitiam
1068 2104 1264 2158 habere
1296 2102 1665 2167 dulcedinem,
1697 2101 1742 2155 si
1768 2116 1863 2153 an-

281 2216 411 2257 nosa
440 2209 716 2263 servetur;
743 2206 798 2252 et
822 2197 949 2251 illud
973 2210 1093 2251 esse
1119 2199 1171 2250 in
1192 2195 1473 2249 affectione
1501 2194 1703 2263 purius,
1720 2192 1862 2264 quod

280 2292 450 2349 nostri
484 2292 861 2347 esaminavere
891 2288 1120 2355 majores
1147 2304 1161 2340 :
1194 2287 1369 2342 sciens
1398 2290 1520 2356 quia
1542 2287 1563 2317 ’
1593 2286 1637 2340 si
1659 2284 1861 2339 Camil-

281 2384 384 2439 lum
415 2392 601 2437 mente
628 2382 853 2447 retines,
894 2378 1189 2433 Ennodium
1234 2391 1343 2432 non
1377 2377 1610 2432 omittes.
1646 2376 1758 2441 Qua
1795 2375 1864 2429 de

281 2491 337 2531 re
378 2474 727 2529 salutationis
769 2485 990 2526 munera
1028 2470 1301 2537 epistolari
1345 2484 1471 2525 cura
1518 2469 1861 2538 persolvens,

280 2581 473 2639 precor
551 2573 610 2619 ut
652 2563 888 2633 bajulum
937 2562 1309 2631 prtesentium,
1350 2561 1601 2618 clericum
1648 2574 1859 2624 meum,

280 2674 437 2730 quem
486 2656 557 2712 ad
597 2656 795 2712 Gallias
831 2664 885 2709 et
914 2668 1024 2709 suae
1061 2654 1303 2709 utilitatis
1339 2663 1393 2709 et
1436 2669 1569 2709 mete
1606 2652 1866 2723 ju~sionis

281 2765 441 2806 causa
472 2748 747 2818 perduxit,
778 2755 1083 2815 susceptum
1116 2747 1313 2800 habere
1338 2746 1592 2815 digneris.
1622 2745 1739 2811 Quo
1778 2760 1865 2799 re-

283 2852 492 2896 meante
516 2854 773 2908 prospera
804 2846 977 2893 vestra
1005 2839 1294 2907 scriptione
1323 2837 1563 2908 signate:
1587 2849 1644 2891 ut
1667 2839 1710 2891 si
1736 2836 1863 2907 quid

285 2934 333 2988 in
364 2947 554 2988 amore
582 2930 763 2986 damni
803 2928 931 2985 fecit
966 2930 1195 2998 oblivio,
1226 2930 1529 3000 epistolaris
1567 2929 1865 2986 sollicitudo

284 3026 547 3082 restituat.

806 3113 1131 3171 EPISTOLA
1161 3113 1353 3170 XXVI.

680 3201 936 3242 suaonws
976 3186 995 3216 ³
1034 3201 1293 3241 ευαεκετι
1334 3202 1385 3241 v.
1425 3202 1464 3241 ι.

1967 1915 2228 1981 interpres
2261 1925 2342 1969 est
2372 1931 2646 1971 scusoutn.
2691 1918 2862 1988 Super
2907 1919 3152 1977 tarditate
3192 1925 3331 1977 enim
3363 1926 3546 1982 domui

1966 2002 2143 2057 Fausti
2191 2014 2245 2059 et
2287 2005 2594 2071 Opiltiomlm
2634 2011 2889 2065 varietate
2926 2012 3241 2069 discrmior.
3281 2014 3387 2068 Vos
3427 2026 3547 2082 post

1966 2093 2132 2147 Deum
2164 2095 2415 2149 anxietati
2450 2112 2581 2151 mea:
2609 2099 2770 2154 celeri
2817 2102 3167 2170 rescriptione
3206 2108 3497 2160 succurrite
3530 2125 3544 2160 :

1965 2186 2087 2255 quia
2118 2186 2352 2241 deterius
2380 2196 2460 2242 est
2490 2189 2696 2245 incerta
2736 2195 2993 2248 macerari
3032 2210 3146 2262 spe.
3179 2213 3335 2267 quam
3378 2200 3548 2255 mani-

1966 2277 2157 2334 festam
2211 2280 2640 2350 desperationem
2700 2287 2895 2341 indicio
2950 2291 3178 2345 amantis
3232 2306 3544 2361 agnoscere.

1971 2368 2175 2435 Valete,
2204 2373 2273 2424 mi
2304 2372 2528 2438 domini,
2562 2385 2615 2429 et
2655 2377 2995 2433 advertentes
3040 2381 3163 2449 quid
3194 2386 3425 2452 cupiam,
3456 2400 3547 2438 vo-

1968 2460 2080 2515 tiva
2109 2462 2192 2516 vel
2218 2465 2521 2519 necessaria
2554 2470 2883 2538 p'omttlgate
2913 2471 3201 2542 colloquia.

2456 2558 2784 2615 EPISTULA
2827 2560 3061 2619 XXVIII.

2492 2644 2748 2684 ENNODIUS
2787 2647 3029 2688 AG\PITO.

2041 2713 2097 2769 Si
2128 2715 2255 2769 milii
2286 2731 2352 2773 ex
2382 2721 2642 2775 sententia
2674 2723 2786 2777 dies
2820 2724 3072 2790 ﬂuerent,
3114 2741 3218 2779 non
3258 2728 3549 2796 negotiosis

1969 2818 2187 2871 Operam
2223 2809 2429 2875 paginis
2467 2821 2640 2879 potus
2680 2831 2835 2880 quant
2872 2817 3284 2879 oltseqoentibos
3330 2820 3549 2874 exhibe-

1972 2910 2118 2961 rem;
2154 2913 2255 2953 nec
2283 2916 2475 2955 munus
2508 2903 2745 2958 caritatis
2769 2908 2833 2959 ad
2862 2907 3037 2961 ofticia
3065 2912 3337 2979 peregrina
3373 2924 3549 2966 trans-

1970 2988 2241 3045 ducerem.
2286 2993 2387 3047 Sed
2428 3007 2645 3050 coactos
2699 3014 2811 3053 rem
2882 3000 3169 3070 diligentoaa
3226 3007 3548 3061 necessariis

1972 3086 2319 3139 commutavi.
2361 3087 2617 3144 Sublimis
2656 3092 2798 3144 enim
2843 3104 2897 3148 et
2948 3096 3258 3160 magntﬁcus
3316 3098 3400 3152 vir
3458 3114 3550 3167 pro

1973 3173 2171 3229 dolosis
2199 3176 2531 3233 inimicorum
2565 3181 2765 3235 laborat
2791 3183 2996 3239 insidiis
3020 3203 3032 3239 :
3056 3188 3144 3253 qui
3170 3202 3262 3253 per
3279 3203 3362 3243 me
3385 3191 3551 3258 aequi-

680 3236 933 3242 ___.-_--_
1034 3236 1293 3241 _-__-.-_-
1344 3236 1383 3241 --
1425 3236 1463 3241 _-
2953 3236 3030 3239 ἡ.
3074 3236 3250 3253 ,_-,--
3280 3236 3521 3258 η--

351 3280 611 3335 Faustum
636 3280 774 3335 caelo
794 3294 951 3334 omen
974 3279 1265 3334 adveniens
1294 3280 1527 3347 auspicia
1551 3288 1723 3336 vestra
1745 3294 1869 3335 cor-
1892 3236 1940 3301 ϐ
1974 3266 2097 3319 mis
2117 3278 2311 3322 νθείτίῐε
2340 3268 2593 3337 ίηιβιυτθῑ
2629 3275 3009 3340 Patrocinium;
3046 3292 3111 3330 ne
3142 3293 3299 3346 prava
3327 3282 3551 3335 conciu-

286 3372 522 3439 roboret,
568 3382 624 3427 et
672 3372 913 3426 tirocinia
960 3386 1108 3426 cana:
1157 3370 1429 3441 dignitatis
1467 3373 1579 3426 suis
1625 3374 1867 3429 muniant

287 3465 458 3520 divina
480 3464 743 3520 consiliis.
767 3464 869 3519 Per
898 3478 992 3518 vos
1026 3478 1288 3533 supernus
1320 3463 1467 3518 favor
1509 3477 1655 3535 regat
1695 3464 1866 3520 domi-

285 3573 407 3613 num
435 3556 704 3614 libertatis
734 3574 747 3609 :
773 3564 832 3611 ut
864 3571 930 3611 ex
962 3557 1194 3626 pectoris
1229 3558 1392 3613 vestri
1419 3558 1565 3614 fonte
1604 3558 1670 3614 ad
1709 3573 1868 3614 aures

353 3693 372 3724 ⁸
400 3690 592 3762 Basso]
624 3688 863 3762 GalloV.
892 3689 953 3744 C.
985 3689 1075 3747 Sic
1100 3691 1240 3744 enim
1273 3691 1557 3760 appellavit
1585 3693 1741 3759 epist.
1771 3693 1864 3758 ΞΟ,

285 3762 374 3817 lib.
408 3777 450 3827 ι,
482 3761 721 3815 cuicum
750 3761 981 3816 Ennodii
1023 3762 1331 3831 parentibus
1372 3776 1527 3817 vetus
1562 3762 1737 3818 fuerat
1774 3780 1869 3821 ne-

285 3833 577 3887 cessitudo.

349 3903 373 3934 ⁸
404 3902 468 3958 Si
489 3902 763 3957 Camillum
791 3912 953 3958 mente
971 3901 1176 3974 retines]
1200 3903 1298 3970 Qui
1324 3910 1528 3971 patrem
1558 3905 1768 3971 amasti,
1802 3906 1866 3963 ﬁ-

284 3972 414 4026 lium
446 3990 557 4027 non
588 3989 832 4042 spernes.
865 3974 1089 4028 Eunodii
1119 3972 1245 4041 ergo
1273 3983 1425 4043 pater
1445 3974 1717 4030 Camillus.
1749 3976 1867 4031 1am

285 4043 521 4097 Ennodii
564 4053 815 4109 parentes
856 4044 1036 4099 Gallos
1080 4045 1244 4099 fuisse
1282 4047 1482 4100 scimus
1520 4064 1551 4100 e
1596 4047 1868 4112 provincia

286 4114 645 4180 Narbonensi,
661 4115 932 4186 laremque
948 4118 1001 4169 in
1022 4131 1084 4170 ea
1110 4117 1360 4171 habuisse
1378 4126 1540 4171 totam
1564 4118 1679 4186 ejus
1701 4118 1867 4173 ferme

287 4188 683 4254 cognationem.
721 4184 924 4253 Quibus
961 4201 1090 4239 sane
1139 4188 1496 4254 argumentis,
1542 4184 1605 4243 ac
1640 4188 1868 4244 duorum

288 4257 440 4310 simul
484 4255 717 4311 Ennodii
777 4257 1160 4324 prtenominum
1201 4258 1503 4326 conjectura
1550 4258 1748 4323 ducor,
1811 4269 1870 4312 ut

288 4340 517 4391 augurer
546 4326 831 4381 Camillum
877 4329 993 4394 ejus
1036 4336 1237 4398 patrem
1282 4330 1427 4381 ilium
1471 4329 1638 4398 ipsum
1667 4330 1865 4397 fuisse,

288 4410 443 4465 quem
472 4398 729 4453 Sidonius
755 4412 992 4453 carmine
1031 4399 1097 4451 ad
1125 4397 1379 4461 Felicem,
1409 4397 1676 4453 summum
1705 4402 1870 4467 ipsius

289 4468 610 4540 patruelium
642 4478 814 4540 vocat.
844 4469 992 4540 Felix
1018 4469 1294 4540 siquidem
1339 4469 1475 4540 lilius
1513 4470 1609 4524 fuit
1652 4471 1822 4540 Magni
1852 4489 1864 4525 :

291 4550 439 4607 pater
472 4538 713 4605 Camilli,
738 4539 975 4607 ejusdem
1014 4538 1183 4605 Magni
1219 4539 1401 4594 frater.
1439 4539 1689 4596 Sidonius
1727 4538 1866 4599 idem

1971 3360 2116 3412 natio
2146 3362 2449 3429 opinionem
2481 3364 2593 3433 vjus
2625 3368 2960 3432 permittatur
2982 3370 3278 3436 incessere,
3308 3383 3360 3424 et
3390 3372 3552 3427 fabri-

1970 3449 2074 3502 cati
2106 3450 2337 3505 rumoris
2380 3452 2518 3507 ferat
2554 3453 2691 3510 forte
2735 3460 3133 3527 compendium.
3179 3460 3403 3516 Domine
3450 3463 3547 3529 mi,

1969 3542 2342 3598 salutationem
2373 3545 2722 3616 largissimam
2751 3550 2935 3606 dicens
2960 3552 3241 3623 deprecor,
3263 3564 3316 3608 ut
3341 3555 3428 3610 ille
3454 3558 3548 3625 qui

1975 3683 2057 3730 est
2073 3675 2175 3753 lib.
2212 3692 2225 3729 1
2258 3675 2465 3753 varinr.
2502 3719 2517 3742 ,
2550 3679 2707 3753 epiSt.
2747 3682 2811 3734 I2
2852 3690 2905 3735 et
2945 3683 3037 3747 13,
3072 3684 3123 3735 in
3153 3684 3345 3753 quibus
3383 3687 3553 3749 Euge-

1976 3748 2116 3819 netis
2145 3748 2384 3819 doctrina
2410 3763 2529 3803 cum
2557 3751 2857 3817 eloquentia
2880 3755 3139 3819 singulari
3167 3748 3430 3816 iura-couio
3459 3748 3552 3812 tie-

1973 3817 2509 3892 leltratttr.‘lt_emque
2543 3819 2611 3892 ab
2653 3824 2893 3875 l‘lnnodio
2916 3818 3135 3877 ibidem.
3168 3824 3375 3879 Eteoitn
3404 3829 3553 3892 priu-

1973 3888 2119 3964 (iipes
2156 3886 2254 3941 fori
2288 3886 2511 3964 Romani
2551 3891 3001 3964 intg-r‘advttcatos
3030 3893 3198 3947 fuerat
3223 3886 3469 3964 Olybrius
3494 3905 3555 3951 et

1976 3958 2221 4026 Eugeues
2257 3975 2269 4010 :
2305 3959 2443 4012 unde
2482 3960 2821 4016 Atltalat‘icus
2862 3963 2997 4029 apud
3037 3958 3411 4019 Cassiodo'rtttn
3457 3968 3551 4022 lib.

1972 4032 2270 4104 vn.__epi8t.
2304 4030 2391 4104 _l9A
2419 4029 2486 4085 de
2524 4030 2713 4085 Felicis
2748 4033 2813 4104 ad
2857 4044 3177 4101 quaesturam
3221 4037 3555 4104 promotiooe

1971 4098 2213 4173 scribens
2254 4099 2614 4173 adVSenatum
2658 4120 2669 4156 :
2704 4098 3085 4168 Advocationis,
3124 4098 3317 4173 inquit,
3351 4107 3555 4160 laudem

1972 4170 2105 4245 inter
2136 4172 2405 4234 primarios
2442 4172 2743 4245 eloquentia?
2784 4175 3068 4245 frequenter
3098 4170 3278 4230 meruit
3308 4178 3551 4231 invenire.

1972 4238 2031 4293 Is
2062 4249 2239 4317 contra
2268 4238 2507 4317 magnum
2550 4238 2820 4317 Olybrium
2849 4238 2983 4300 stetit
3003 4290 3016 4313 ,
3048 4249 3093 4302 is
3121 4250 3405 4317 palmarum
3441 4247 3555 4301 Eu-

1971 4314 2165 4387 geuetis
2193 4313 2382 4387 lngua:
2418 4313 2641 4367 ubertate
2679 4316 2913 4387 suffecit;
2956 4332 3003 4370 et
3040 4313 3142 4370 illis
3168 4333 3263 4383 par
3294 4318 3390 4387 [uit
3427 4335 3556 4385 quos

1971 4380 2459 4456 singularesiliorna
2481 4380 2765 4456 cognovit.
2795 4386 2962 4441 Porro
3012 4380 3264 4456 Eugeneti
3294 4380 3409 4454 'pro
3440 4380 3556 4442 Ἐυ-

1973 4452 2094 4519 geni
2136 4460 2337 4507 mutata
2377 4451 2732 4525 declinatione
2772 4470 2837 4511 eo
2876 4471 3069 4524 genere
3093 4451 3436 4525 'metaplasmi
3468 4461 3554 4512 di-

1972 4529 2115 4598 ctum
2148 4531 2248 4587 est,
2281 4538 2386 4592 quo
2418 4524 2791 4598 Etttycltetem,
2822 4527 3181 4598 Diogenetem,
3208 4524 3552 4594 Eusebetem,

289 4591 339 4681 ip
368 4591 734 4681 descriptione
747 4591 861 4663 ⁷ἷῖοὴ
872 4591 994 4663 vivii
1017 4591 1369 4681 'arétatéhisii'
1383 4591 1492 4664 libi
1504 4591 1555 4678 i,
1570 4591 1715 4681 epist
1729 4591 1863 4670 ἶ

1974 4591 2739 4681 [Ἲίεἰθιθιιι.³ρμ·ο.Εειιῇριιθιῃ,
2786 4591 3097 4680 Diogettem,
3142 4600 3424 4665 Eusebetn,
3456 4591 3553 4681 Ni;

289 4676 635 4750 iiscumbente
653 4687 762 4745 post
785 4695 857 4743 se,
886 4687 1009 4748 post
1034 4680 1272 4748 Magnum
1303 4681 1506 4737 scilicet
1534 4676 1822 4740 exconsule
1840 4726 1855 4750 ,

290 4748 510 4826 Camillo
534 4748 643 4826 ﬁlio
671 4749 864 4818 fratris,
885 4751 971 4817 qui
998 4751 1193 4803 duabus
1215 4754 1544 4826 dignitatibus
1566 4764 1612 4807 et
1638 4756 1747 4826 ipse
1771 4748 1860 4809 de;

289 4822 469 4898 cursis_
487 4821 1435 4898 pariterﬁornaverat“proconsulatum
1473 4826 1631 4895 patris
1645 4821 1669 4893 ,’
1686 4827 1859 4898 patrui

292 4891 633 4943 consulatum.
676 4889 848 4956 Quare
902 4890 1049 4945 Felix
1085 4900 1141 4945 et
1181 4890 1435 4951 Camillus
1473 4889 1663 4951 fratres
1686 4889 1861 4951 'eraut

291 4963 581 5031 patrueles.
606 4959 857 5031 fratribus
888 4963 1149 5031 prognati.
1173 4962 1378 5020 Camilli
1404 4977 1580 5020 autem
1600 5007 1614 5031 ,
1642 4978 1699 5021 ut
1725 4982 1857 5021 con-

288 5028 432 5107 jicio,
464 5031 607 5084 ﬁlius
641 5028 911 5085 Ennudius
940 5028 1144 5107 noster,
1180 5038 1266 5103 qui
1296 5035 1466 5107 Magni
1496 5028 1689 5107 Felicis
1721 5052 1861 5107 prte-

292 5101 505 5173 pomina
545 5116 577 5154 a
608 5111 895 5170 propatruo
932 5103 1154 5173 ejusque
1193 5101 1299 5159 tilio
1335 5101 1608 5161 derivarit.
1662 5101 1858 5161 Vérutn

290 5168 407 5224 hac
434 5168 619 5225 nOStra
653 5168 853 5226 tantum
881 5168 1261 5228 cst'div'inatio.

358 5240 380 5270 ³
410 5239 669 5315 Eugeneti
695 5242 759 5297 V.
778 5242 854 5315 1.]
877 5244 1337 5312 Quaestoripalatii
1366 5244 1680 5303 Theoderici
1703 5249 1861 5315 regis.

292 5308 439 5366 Hanc
467 5308 614 5367 enim
658 5313 736 5388 illi
777 5308 1418 5388 dignitatemgratulatur
1461 5334 1664 5388 :quam
1704 5308 1865 5374 etiam

292 5393 555 5449 expressit
573 5385 811 5439 carmine
835 5385 891 5451 2,
916 5385 1058 5452 quod
1087 5385 1153 5440 de
1180 5386 1447 5454 Eugenete
1472 5385 1587 5458 ipso
1609 5390 1864 5459 scriptum

292 5462 415 5506 est:

354 5522 456 5588 Vo}
480 5525 602 5588 justi
636 5532 874 5586 quaestor,
896 5525 1065 5588 legum
1083 5526 1375 5587 substantia,
1399 5529 1537 5577 nobis

418 5583 518 5634 Ceu
548 5583 763 5636 Phoebus
785 5583 1205 5649 mittet—carmina,
1229 5583 1429 5650 plectra,
1452 5590 1619 5653 lyram.

296 5666 413 5721 Fuit
470 5671 629 5724 etiam
690 5681 875 5741 postea
915 5674 1169 5743 magister
1217 5675 1540 5741 ofﬁciorum,
1592 5685 1651 5732 ut
1686 5678 1870 5734 videre

329 5781 513 5861 βοὲ
536 5791 631 5861 εει.
648 5786 708 5861 ξεί
746 5783 988 5861 literary
1007 5784 1671 5861 .{nswrleleinterna.quare
1693 5805 1767 5861 me.
1782 5791 1870 5861 iu-

292 5847 468 5894 niorem
488 5847 693 5906 rapuisti
714 5847 899 5899 subito?
927 5850 1051 5907 Quid
1068 5847 1260 5913 festinas
1281 5849 1305 5900 ?
1328 5847 1437 5903 Non
1454 5847 1544 5903 tibi
1559 5866 1715 5904 omnes
1734 5847 1872 5904 de'be-

1971 4664 2112 4748 ciam.
2141 4663 2281 4732 apud
2322 4663 2594 4748 inferioris
2621 4668 2719 4748 arvi
2748 4663 3035 4748 scriptores
3065 4663 3441 4748 nonnunquam
3467 4668 3553 4724 of-

1968 4733 2345 4812 fendimusLet
2390 4738 2441 4790 in
2488 4737 2719 4809 antiquis
2760 4733 3195 4811 inscriptionibus
3231 4733 3550 4812 saepissime,

1968 4813 2029 4859 ut
2055 4806 2109 4860 in
2133 4806 2233 4862 bac
2251 4804 2490 4863 Romana
2510 4820 2526 4857 :

2112 5432 2386 5515 ᾉΤτλήρῳέ
2411 5435 2560 5515 ἀΐδηι
2578 5440 2629 5491 τί
2657 5460 2717 5510 με
2739 5444 2907 5515 νήπιον
2927 5444 3167 5515 ἥρπασας
3191 5441 3357 5515 ἄφνως

2113 5506 2177 5557 Ti
2200 5503 2469 5573 anst'idstg;
2500 5506 2560 5562 οὔ
2592 5503 2675 5564 σοὶ
2703 5514 2887 5572 πάντες
2917 5503 3194 5586 ὁῷειλὸμεθα
3212 5503 3253 5567 ⁹”.

2042 5613 2065 5645 ⁸
2084 5611 2323 5668 Animum
2364 5616 2665 5698 decessoris]
2694 5619 2904 5698 Fausti,
2930 5621 3168 5698 opinor:
3198 5636 3355 5693 quem
3391 5639 3552 5698 supra

1972 5696 2296 5755 quaestorem
2326 5687 2553 5744 vidimus
2585 5687 2679 5744 lib.
2712 5705 2771 5754 Il,
2805 5690 2963 5754 epist.
2990 5688 3080 5744 25.

1971 5809 2102 5857 mur,
2146 5804 2239 5866 aut.
2268 5795 2395 5845 forte
2413 5798 2600 5866 _p_9tins
2640 5810 2746 5848 cum
2767 5800 2943 5860 puncto
2982 5799 3327 5866 interroganti,
3353 5816 3446 5855 nou
3466 5803 3554 5855 tibi

1975 5869 2136 5908 omnes
2159 5856 2386 5907 debemur
2411 5856 2587 5909 {Eum
