3998 6362
465 316 538 374 83
1592 309 1860 368 ENNODII
1898 303 2200 366 EPISCOPI
2237 302 2611 361 TlClNENSIS
3646 302 3716 360 84

462 431 518 487 in
543 417 696 486 vobis
717 437 875 488 notus
903 437 984 485 est
1010 429 1156 498 visor
1180 432 1441 495 assurgat.
1486 432 1539 480 et
1567 423 1707 494 quod
1736 438 1765 477 ε
1798 422 2036 492 patrihus
2062 423 2119 486 Α
2144 441 2353 512 pudeat.
2386 440 2545 497 Nefas
2574 447 2655 495 est
2684 439 2827 495 enim
2857 438 3163 494 credentem
3191 438 3255 493 ad
3280 437 3494 508 obliqua
3523 453 3718 509 provo-

462 523 655 577 vestris
683 522 918 591 poscitur
947 518 1048 573 mei
1074 517 1336 572 sermonis
1376 516 1654 586 obsequio,
1684 516 1748 569 ad
1780 514 2038 584 impetra-

463 614 659 669 tionem
690 626 978 682 congmam
1004 609 1347 680 perducatur.

966 699 1297 756 EPISTULA
1335 696 1525 753 XXIX.

994 795 1007 824 ³
1049 806 1300 849 emotus
1337 806 1504 846 pars.
1840 858 1845 867 .

530 888 771 944 leestis
792 888 1071 943 utilitatem
1093 887 1399 958 sequacium
1422 898 1548 941 cura
1577 882 1828 952 disponit.
1848 883 1867 914 ¹
1885 882 2039 938 [nau-

458 982 657 1051 spicata
688 981 822 1034 bene
848 979 916 1036 de
946 980 1054 1034 Deo
1076 979 1405 1034 merentibus
1435 978 1570 1031 dona
1603 976 1928 1031 tribuuntur.
1950 978 2038 1031 Iti-

455 1074 593 1143 gerit
622 1088 852 1144 superna
878 1073 1208 1144 dispensatio
1232 1072 1391 1127 etiam
1429 1071 1567 1140 quod
1599 1070 1894 1140 supplicare
1934 1069 2037 1124 hii-

456 1166 685 1221 manitas
716 1182 819 1220 non
853 1166 1143 1237 praisuinit.
1170 1166 1515 1234 Agnoverunt
1554 1163 1847 1218 adversarii
1893 1163 2037 1219 sedis

455 1271 669 1324 vestrae,
696 1273 805 1329 quo
845 1268 1208 1328 propugnante
1252 1256 1531 1311 vincantur
1562 1272 1575 1310 :
1607 1256 1748 1326 quod
1791 1256 2038 1326 proxime

454 1351 523 1405 de
553 1353 878 1422 Aquileiensi
914 1352 1222 1421 redemptor
1260 1363 1446 1406 noster
1486 1366 1713 1421 persona
1759 1351 2033 1406 reseravit.

456 1442 528 1496 Et
556 1445 675 1499 ideo
706 1446 844 1498 inter
872 1444 1185 1499 excellentia
1237 1458 1518 1498 munerum
1547 1442 1854 1496 divinorum
1890 1450 2030 1510 peto,

454 1545 515 1591 ut
545 1537 649 1591 mei
676 1552 870 1591 corona
900 1546 1077 1592 vestra
1106 1537 1414 1593 meminisse
1443 1551 1548 1591 non
1593 1535 1808 1589 abnuat.
1850 1534 2039 1591 Invitat

454 1627 594 1681 enim
636 1626 703 1681 ad
741 1626 1100 1681 famulandum
1148 1628 1425 1698 plurimos,
1472 1625 1563 1697 qui
1606 1626 1849 1696 quamvis
1880 1626 2037 1697 longe

453 1720 682 1790 positum
710 1717 881 1791 diligit
910 1718 1316 1789 obsequentem.
1351 1720 1501 1774 Vale.

972 1812 1304 1869 EPISTULA
1345 1811 1513 1867 XXX.

886 1918 1141 1957 ENNODIUS
1178 1919 1435 1963 EUGENETI
1474 1918 1529 1959 ν.
1570 1918 1608 1957 Ι.

521 1994 810 2067 Postquam
853 1996 1022 2065 prima
1054 1997 1167 2065 spei
1207 2011 1342 2052 mere
1370 1996 1615 2051 effectum
1646 1994 1843 2051 dedere
1866 1994 2036 2050 collo-

451 2088 596 2157 quia,
626 2088 692 2142 ad
738 2103 892 2143 usum
937 2089 1202 2143 sermonis
1228 2103 1320 2143 ora
1352 2089 1443 2143 diu
1474 2088 1657 2144 feriata
1686 2087 1878 2143 laxavi.
1907 2087 2038 2143 Ani-

451 2189 627 2234 matur
655 2179 797 2233 enim
831 2181 1183 2247 successibus,
1215 2183 1375 2236 etiam
1415 2183 1501 2236 cui
1532 2197 1628 2251 per
1651 2182 2033 2238 conscientiam

452 2285 561 2324 non
599 2271 832 2339 suppetit
876 2271 1103 2327 Latiaris
1144 2272 1396 2327 eruditio.
1447 2271 1793 2329 Cessantibus
1845 2274 2035 2329 studiis

453 2374 595 2430 saepe
627 2360 906 2416 facundum
939 2364 1129 2431 gaudia
1155 2365 1500 2420 reddiderunt
1530 2384 1542 2417 :
1574 2366 1822 2421 mteroris
1852 2366 2033 2421 nubila

453 2453 692 2517 hilaritas
733 2456 982 2526 depellit,
1028 2472 1153 2513 mox
1202 2458 1470 2513 rutilantia
1517 2474 1613 2529 per
1650 2458 1840 2514 sudum
1872 2460 2033 2516 verba

454 2546 779 2602 discurrunt.
805 2548 988 2617 Itaque
1013 2561 1098 2604 aut
1130 2551 1396 2619 perfectos
1424 2564 1520 2605 nos
1541 2550 1723 2606 laetitia
1746 2560 2029 2618 monstrat,

454 2646 550 2692 aut
576 2638 808 2695 infantes
834 2638 959 2695 facit
998 2641 1314 2697 adversitas.
1341 2642 1487 2707 Haec,
1520 2644 1590 2697 mi
1622 2642 1857 2708 domine,
1881 2644 2033 2699 vobis

455 2730 616 2785 etiam
642 2732 1050 2800 astipulantibus
1074 2736 1479 2789 conlirntantur.
1510 2736 1650 2805 Ergo
1675 2745 1883 2804 tempus
1910 2750 2034 2806 pro-

454 2823 725 2891 speritatis
751 2824 1050 2892 amplexus,
1082 2825 1251 2880 reddo
1279 2826 1538 2882 debendte
1568 2828 1907 2882 salutationis
1950 2827 2034 2881 af-

454 2912 682 2981 fectum;
709 2930 931 2985 sperans
955 2926 1010 2973 ut
1038 2918 1176 2972 circa
1206 2934 1291 2973 me
1320 2918 1512 2974 nobilis
1540 2920 1824 2988 promissio
1849 2934 1969 2990 qua:
2002 2935 2033 2976 a

452 3002 781 3071 plenitudine
822 3005 1006 3076 gratias
1045 3011 1273 3076 sumpsit
1313 3010 1623 3077 exordium,
1666 3010 1818 3079 quasi
1860 3010 2035 3066 incre-

454 3096 649 3151 mentis
670 3109 835 3165 egena
858 3096 1175 3166 geminetur.
1213 3096 1361 3153 Vale.

874 3258 879 3261 δ
972 3188 1300 3245 EPISTULA
1342 3189 1533 3244 xxxr.

1010 3296 1265 3337 ENNODIUS
1301 3297 1479 3338 Ανιτο.

531 3368 681 3425 Licet
708 3369 929 3426 multam
971 3371 1126 3427 nobis
1160 3388 1251 3441 per
1282 3374 1485 3428 litteras
1521 3374 1900 3440 magnitudinis
1939 3384 2044 3431 tua:

458 3463 795 3519 occasionem
821 3464 1003 3530 gaudii
1027 3464 1288 3520 elementi
1323 3479 1678 3534 pepererunt,
1701 3483 1824 3523 cuin
1854 3468 1920 3523 ad
1963 3469 2044 3522 lii-

460 3551 691 3607 laritatis
728 3553 1040 3624 obsequium
1078 3556 1233 3611 index
1267 3555 1466 3611 funeris
1494 3573 1674 3612 scrmo
1715 3560 2038 3625 militasset,

460 3656 566 3696 non
598 3652 774 3698 tamen
798 3662 892 3715 par
924 3646 1171 3717 lacryniis
1194 3648 1502 3718 jncunditas
1522 3652 1759 3721 contigit,
1794 3668 1891 3705 nec
1914 3668 2043 3707 moe-

459 3736 598 3789 roris
621 3738 888 3792 turbidum
920 3754 983 3794 ex
1032 3749 1142 3795 toto
1180 3743 1433 3812 colloquii
1480 3760 1668 3799 serena
1703 3747 2039 3814 depulerunt.

458 3824 677 3884 Retinet
700 3828 1044 3887 afflictionem
1073 3848 1224 3888 mens
1260 3834 1326 3889 de
1367 3838 1494 3889 tanti
1527 3835 1548 3867 ³
1573 3837 1885 3893 decessione
1912 3854 2045 3908 pon-

457 3921 637 3989 tiﬁcis,
662 3923 822 3977 etiam
857 3936 975 3993 post
1001 3927 1299 3986 desiderata
1328 3931 1592 4001 colloquia
1626 3949 1640 3990 :
1674 3934 1738 3986 ab
1769 3933 1887 3997 hoc,
1921 3935 2042 4005 quia

458 4025 649 4070 natura
680 4032 857 4070 rerum
888 4027 988 4081 est,
1021 4028 1076 4072 ut
1110 4020 1360 4088 quaslibet
1388 4023 1568 4077 Imtilia
1612 4026 1696 4076 vel
1730 4026 1920 4079 modici
1950 4042 2046 4079 an-

457 4108 605 4177 goris
628 4107 916 4163 collatione
945 4122 1245 4178 superetur.
1274 4113 1377 4169 Sed
1401 4115 1525 4182 quid
1552 4131 1689 4170 nova
1718 4132 2045 4172 commemo-

458 4199 671 4252 ratione
705 4198 951 4267 faciinus,
980 4218 1098 4270 quae
1138 4207 1373 4259 animum
1420 4206 1745 4263 clandestina
1788 4209 2044 4267 hactenus

457 4287 746 4358 iactatione
777 4291 1135 4349 domuerunt?
1169 4296 1315 4352 Votis
1347 4298 1549 4354 vestris
1570 4279 1689 4353 cum
1717 4301 1805 4355 Dei
1836 4303 2046 4371 adjuto-

460 4381 544 4437 rio
587 4386 835 4439 comitem
886 4403 970 4442 me
1015 4393 1271 4458 promitto
1311 4409 1324 4445 :
1358 4393 1648 4448 dummodo
1687 4397 1829 4450 salva
1864 4397 2047 4451 domui

462 4488 614 4543 pupa:
646 4479 814 4530 nostri
846 4479 1097 4535 incolumi
1127 4491 1241 4546 ate,
1274 4484 1431 4537 tali-ui
1470 4501 1566 4540 vos
1593 4487 1816 4555 elegisse
1844 4504 2044 4559 cogno-

2140 547 2285 597 care,
2308 540 2361 589 et
2384 548 2539 603 quem
2560 530 2749 587 affectu
2771 530 3068 600 obligastis,
3093 545 3189 599 per
3211 531 3405 586 incerta
3428 530 3715 588 deducere.

2140 624 2292 682 vale.
2636 713 2964 770 EPISTULA
3000 711 3215 769 XXXII.

2637 820 2892 861 ENNODIUS
2930 821 3211 861 EUGENBTI.

2210 897 2325 954 Non
2353 898 2561 952 mstimo
2583 911 2695 953 rem
2723 898 2964 966 obsequii
2994 896 3296 966 frequentia
3324 912 3485 968 posse
3507 914 3724 960 rauca.

2138 1004 2259 1046 sere
2293 1006 2308 1043 :
2337 1003 2436 1044 nec
2457 988 2720 1044 culturam
2737 988 3027 1058 diligentias
3050 988 3179 1043 vitio
3203 992 3532 1058 garrulitatis
3559 995 3725 1049 acori-

2139 1082 2215 1138 bi.
2243 1081 2503 1152 Suppetat
2528 1081 2664 1136 forte
2693 1080 2761 1135 de
2798 1082 3119 1136 abstinentia
3150 1083 3462 1137 tabellarum
3494 1100 3724 1142 excusa-

2140 1173 2214 1227 tio
2244 1173 2373 1241 illis,
2418 1172 2509 1242 qui
2554 1172 2779 1241 publica
2818 1172 3058 1225 utilitatis
3097 1172 3292 1227 muniis
3337 1187 3670 1244 occupantur
3708 1194 3724 1231 :

2138 1264 2349 1319 veniam
2381 1276 2487 1318 non
2513 1273 2773 1329 meretur,
2804 1263 2849 1316 si
2880 1276 2909 1315 a
2934 1262 3241 1330 scriptionis
3261 1263 3573 1320 assiduitate
3598 1278 3724 1322 tem-

2139 1368 2289 1429 peret
2316 1356 2616 1413 absolutus.
2648 1356 2876 1425 Liquido
2903 1356 3187 1413 confitetur
3215 1359 3415 1415 amoris
3447 1360 3725 1429 negligen-

2140 1453 2289 1519 tiam,
2310 1452 2538 1521 quicum
2568 1450 2757 1520 possit,
2783 1449 3039 1519 epistolas
3067 1452 3117 1504 in
3147 1450 3341 1519 quibus
3366 1460 3451 1508 est
3480 1453 3727 1509 affectio.

2146 1543 2230 1597 nis
2259 1542 2535 1610 pabulum,
2570 1556 2674 1596 non
2703 1542 2969 1596 ministrat
2994 1560 3006 1595 :
3036 1555 3189 1597 error
3214 1543 3370 1596 otiosi
3399 1551 3499 1605 est,
3519 1547 3562 1598 si
3587 1545 3725 1601 bene

2138 1645 2409 1702 comperta
2438 1647 2590 1688 mens
2616 1647 2711 1700 per
2739 1633 2927 1702 lingu.»
2956 1633 3116 1687 ferias
3138 1633 3456 1691 desideratis
3480 1644 3726 1693 attenue~

2141 1736 2228 1780 tur
2254 1726 2479 1795 impaSLa
2509 1725 2809 1792 colloquiis.
2838 1724 2940 1779 Sed
2969 1724 3106 1779 sicut
3143 1739 3241 1780 nos
3266 1726 3577 1796 religionem
3605 1743 3725 1797 gra-

2065 1799 2116 1877 Β
2143 1818 2232 1885 tiae
2256 1817 2437 1871 fovere
2464 1816 2732 1883 convenit,
2765 1815 2909 1869 curis
2937 1815 3284 1871 saecularibus
3310 1818 3385 1872 nil
3422 1818 3682 1875 debentes
3708 1837 3724 1875 :

2141 1910 2213 1964 ita
2243 1908 2346 1963 nisi
2376 1906 2684 1976 magnitudo
2702 1915 2882 1962 vestra
2918 1909 3156 1975 partibus
3191 1908 3303 1964 suis
3329 1910 3558 1965 adfuerit
3601 1926 3725 1980 pro-

2139 2000 2466 2069 mulgatione
2489 2000 2759 2069 responsi,
2785 2000 3053 2059 damnatis
3075 2000 3239 2067 probe
3261 2000 3398 2056 facta
3414 2003 3721 2058 reticendo:

2139 2095 2263 2165 quia
2292 2097 2338 2149 si
2368 2094 2626 2148 tollantur
2655 2093 2944 2147 virtutibus
2986 2096 3232 2160 praemia,
3261 2110 3418 2162 quem
3450 2095 3726 2153 laborasse

2139 2202 2245 2242 non
2274 2186 2503 2256 pudeat?
2542 2185 2680 2240 Ecce
2706 2192 2985 2253 quantum,
3022 2186 3260 2250 aestimo,
3305 2187 3452 2242 brevi
3480 2188 3727 2243 eI-cutus

2140 2290 2491 2349 utrorumque
2516 2280 2883 2348 propositum;
2910 2278 3089 2332 animo
3116 2293 3235 2335 meo
3274 2280 3413 2335 male
3449 2295 3570 2336 esse
3596 2296 3728 2337 con-

2137 2373 2316 2440 flteor,
2334 2370 2477 2441 quod
2499 2379 2776 2427 remeante
2804 2370 3155 2437 Montanario,
3181 2385 3300 2425 cum
3330 2372 3598 2428 dedissem
3631 2387 3728 2443 pa-

2133 2466 2309 2535 ginas,
2335 2478 2441 2519 non
2473 2465 2646 2531 recepi
2680 2461 2859 2531 :quod
2884 2462 3119 2517 debitum
3147 2477 3311 2531 posco
3339 2464 3455 2534 lege
3484 2466 3727 2529 restitui,

2137 2557 2344 2627 pudore
2371 2556 2656 2626 geminari.
2686 2555 2838 2610 Nunc
2863 2554 3009 2619 vale,
3040 2555 3109 2609 mi
3132 2555 3377 2621 domine,
3410 2566 3465 2610 et
3493 2566 3728 2612 vestram

2135 2660 2417 2716 quaerens,
2450 2648 2719 2716 propriam
2751 2647 3003 2699 nuntians
3031 2645 3339 2713 SOSpilalelIl
3362 2687 3379 2712 ,
3405 2645 3571 2701 Deum
3603 2661 3728 2712 pre-

2137 2752 2262 2802 cor,
2292 2749 2349 2794 ut
2375 2739 2421 2793 si
2448 2738 2553 2794 mei
2588 2751 2793 2793 memor
2826 2747 2940 2803 est,
2972 2750 3226 2806 prospera
3257 2747 3435 2793 vestra
3466 2737 3731 2807 multipli-

2134 2840 2240 2895 ca.
2618 2919 2954 2976 EPISTULA
2996 2918 3233 2976 XXXIII.

2659 3027 2915 3068 ENNODIUS
2954 3027 3195 3068 BENARIO.

2215 3106 2271 3162 Si
2304 3120 2455 3160 amor
2476 3105 2666 3175 pudori
2695 3106 3083 3175 acquiesceret,
3110 3110 3151 3160 si
3176 3104 3417 3159 caritatis
3447 3104 3731 3173 impatien-

2068 3177 2116 3249 (ἶ
2153 3201 2223 3253 tia
2254 3198 2590 3255 verecundia:
2616 3199 2734 3268 lege
2762 3206 3057 3263 teneretur,
3100 3213 3130 3251 a
3170 3188 3496 3266 paginalilius
3538 3197 3732 3253 officiis

2152 3304 2533 3365 temperarem,
2560 3303 2612 3347 et
2636 3292 2830 3347 silentii
2855 3290 3080 3345 formam
3109 3291 3271 3345 vestri
3312 3289 3547 3343 imitator
3581 3303 3734 3342 assu.

2150 3402 2353 3443 merem
2395 3401 2542 3441 :non
2594 3385 2925 3452 improvidus
2970 3385 3263 3438 aestimator
3290 3382 3601 3450 conjiciens,
3640 3382 3734 3438 illa

2148 3480 2341 3549 quibus
2370 3480 2730 3533 remuneratio
2761 3491 2788 3529 a
2823 3477 2972 3530 \ohis
2993 3476 3323 3530 subtrahitur
3343 3517 3357 3541 ,
3388 3490 3490 3528 non
3516 3476 3685 3531 amari
3719 3494 3735 3533 :

2147 3585 2248 3625 nec
2279 3568 2494 3623 suaderi
2528 3567 2738 3621 facilius
2770 3566 3084 3621 t‘abellariim
3124 3565 3501 3619 abstinentiam
3526 3605 3539 3627 ,
3573 3581 3735 3635 quam

2148 3660 2375 3716 tacendo
2405 3678 2418 3713 :
2446 3659 2466 3689 ⁸
2500 3660 2642 3714 viros
2687 3657 3051 3713 comitatensis
3102 3656 3343 3711 exercitii
3394 3672 3489 3726 per
3538 3656 3735 3723 linguai

2157 3755 2316 3809 ferias
2343 3754 2595 3813 clamare,
2627 3750 2752 3820 quid
2797 3758 3071 3819 respuant.
3112 3748 3220 3805 Sed
3259 3763 3365 3803 non
3399 3748 3472 3802 ita
3502 3756 3584 3801 est
3619 3762 3736 3802 ma.

2149 3846 2370 3918 gnitudo
2400 3855 2485 3899 tua
2514 3845 2666 3898 lineis
2711 3843 2968 3913 quadrata
3013 3841 3331 3910 fabrilibus,
3386 3852 3445 3896 ut
3492 3842 3737 3910 quolibet

2151 3948 2285 3993 tecta
2314 3936 2579 3991 velamine
2625 3935 2852 3990 amantis
2892 3934 3074 3989 oculos
3105 3935 3271 4004 possit
3296 3931 3531 4004 effugere
3561 3950 3576 3988 :
3606 3935 3737 4003 quia

2146 4031 2263 4085 sine
2288 4029 2563 4083 obstaculo
2585 4027 2821 4082 vestium
2850 4028 3141 4096 penetralia
3169 4028 3390 4095 respicit
3415 4042 3567 4082 mens
3595 4028 3738 4083 ami-

2148 4124 2216 4175 ci.
2242 4121 2410 4177 Nemo
2438 4121 2688 4184 azstimet,
2710 4118 2851 4188 quod
2882 4120 3096 4173 latentis
3124 4118 3331 4173 interna
3357 4117 3566 4171 consilii
3588 4119 3738 4186 apud

2148 4230 2303 4269 caros
2330 4214 2517 4268 aulicis
2544 4222 2763 4267 excocta
2796 4211 3100 4266 fornacibus
3129 4210 3271 4266 celet
3298 4210 3596 4265 urbanitas.
3622 4210 3738 4267 Sed

2150 4305 2333 4371 credo,
2363 4304 2595 4375 querelis
2619 4305 2749 4357 meis
2770 4302 2899 4357 illud
2931 4303 3135 4358 ordinis
3160 4302 3321 4358 vestri
3350 4313 3532 4371 aptum
3562 4316 3739 4356 excu-

2149 4398 2445 4454 sationibus
2486 4412 2655 4461 genus
2698 4410 2939 4465 opponas
2971 4411 2984 4447 :
3015 4394 3129 4448 Non
3161 4401 3309 4449 recte
3346 4393 3415 4447 ab
3456 4394 3739 4461 occupatis

2150 4491 2441 4544 otiosorum
2471 4488 2649 4541 munia
2682 4486 2937 4556 postulari
2962 4502 2976 4552 ;
3000 4485 3087 4539 vix
3115 4487 3178 4539 ad
3208 4484 3324 4539 haec
3349 4482 3530 4538 officia
3566 4499 3739 4555 posse

461 4581 628 4631 scam,
654 4584 811 4638 quem
841 4587 961 4625 eum
994 4576 1075 4628 cui
1122 4578 1314 4631 animae
1357 4593 1479 4633 cura
1526 4589 1628 4645 est,
1678 4553 1895 4635 laudare
1910 4553 2045 4639 ⁷ηοη
2074 4553 2127 4614 D
2150 4581 2479 4637 descendere
2506 4553 2777 4648 obsequiis
2808 4577 3188 4649 principalibus
3227 4553 3580 4632 adhterentes.
3612 4577 3739 4641 Au-

534 4684 551 4715 ¹
586 4684 849 4738 Ennodt‘us
879 4686 1050 4762 papa]
1077 4690 1398 4758 Symmacho
1427 4708 1439 4743 :
1471 4706 1623 4757 quem
1656 4706 1806 4762 papa:
1832 4694 2044 4750 nomine

461 4769 717 4824 perpetuo
756 4760 1019 4832 significat
1061 4777 1073 4811 :
1120 4778 1305 4813 «mines
1347 4763 1606 4831 siquidem
1660 4760 1923 4832 epistolas
1954 4775 2045 4820 aut

464 4840 813 4898 pene-omnes
842 4829 930 4879 illo
960 4834 1247 4893 superstite
1272 4829 1504 4898 scripsit.

530 4896 962 4976 'Hlnatupicata]
1007 4900 1151 4952 N»va
1204 4896 1595 4976 significatione
1654 4904 2037 4973 inauspicatum

459 4966 735 5041 meliorem
770 4970 819 5021 in
864 4966 1061 5033 partem
1099 4966 1275 5039 po~uit
1307 4989 1401 5037 pro
1439 4976 1728 5038 improviso
1769 4966 1821 5028 et
1861 4978 2039 5041 iustic-

458 5045 574 5110 rato
604 5038 761 5110 bono.
794 5040 934 5104 quod
964 5053 1154 5096 ttrmler
1184 5058 1330 5110 spem
1353 5054 1405 5097 et
1427 5048 1878 5109 exsiiecmtionetn
1910 5038 2036 5101 eve-

460 5108 590 5160 niat.
622 5107 710 5160 Sic
741 5109 832 5189 III):
867 5125 903 5167 t.
935 5122 1094 5179 epist.
1126 5112 1161 5167 5
1194 5107 1226 5165 ε’
1253 5107 1595 5181 lnuuspicatis
1623 5117 1933 5170 surcessibus
1962 5119 2039 5171 illi

458 5189 779 5255 praecutiunt
808 5194 1114 5255 incrementa
1137 5196 1345 5238 ventura
1374 5195 1491 5239 sunt
1510 5225 1524 5243 .
1558 5203 1701 5255 quem
1730 5190 1936 5255 cwpisse
1967 5192 2038 5241 v5-

457 5249 636 5301 demtts
662 5250 963 5325 q_fa_scibtts.
997 5252 1124 5325 Item
1165 5255 1257 5307 lib.
1308 5270 1359 5309 ix
1391 5257 1454 5323 ad
1492 5249 1779 5310 Ctesaritttti
1805 5249 2035 5325 'cpisco-

458 5333 623 5395 puni;
662 5318 810 5374 Unde
843 5324 1138 5395 parentibus
1185 5327 1306 5378 meis
1347 5320 1665 5395 inaespicata
1709 5318 2038 5383 subliiititns?

456 5398 511 5471 et
536 5391 653 5471 aliis
672 5408 892 5471 quoque
939 5392 1070 5471 lqcis
1114 5412 1131 5471 ε
1171 5411 1290 5449 cum
1337 5391 1724 5471 inauspicatum
1757 5410 1938 5471 contra
1986 5402 2033 5453 id

458 5457 559 5538 dici
608 5457 822 5526 soleat;
856 5464 995 5538 quod
1026 5464 1298 5520 sinistrum
1333 5475 1387 5521 et
1420 5457 1705 5522 infaustum
1728 5509 1741 5534 ,
1776 5479 1833 5523 iit
1864 5470 2035 5524 I’Iinio

457 5526 553 5603 lib.
584 5546 770 5603 x_xvut,
796 5526 915 5603 cap.
940 5535 995 5591 2.

531 5598 552 5681 ξ
586 5598 883 5681 Decessione
914 5607 1194 5681 pontiﬁcis}
1228 5609 1605 5681 Aquileiensis.
1638 5610 1713 5666 Ibi
1742 5611 1883 5669 enim
1908 5626 2032 5667 ver-

459 5669 673 5750 sabatur
702 5677 885 5731 Avitus
914 5669 1009 5733 Iib.
1044 5669 1093 5747 ὖ,
1122 5669 1391 5750 epi~t."20.

528 5740 549 5771 ⁸
593 5740 1100 5825 Viros-comitatensis
1127 5740 1376 5825 eiceret'tii]
1405 5752 1554 5825 Quod
1589 5768 1780 5825 munus
1808 5753 2032 5825 comita-

460 5820 610 5877 tense
644 5814 838 5870 dicitur
884 5818 985 5887 leg.
1024 5820 1091 5876 38
1125 5823 1247 5879 cod.
1277 5814 1482 5880 Thiaod.
1514 5823 1581 5881 de
1630 5824 2031 5883 Decurlonibus.

2149 4695 2568 4756 Comitatenses,
2610 4693 2747 4745 sicut
2791 4690 3052 4756 Palatini,
3096 4692 3417 4759 generaliter
3461 4691 3740 4749 interdum

2148 4773 2408 4817 vocantur
2438 4778 2623 4816 omnes
2645 4763 2734 4829 qui
2761 4763 2811 4814 in
2844 4777 2997 4815 sacro
3029 4764 3223 4827 palatio
3251 4762 3482 4816 militant
3504 4764 3554 4815 in
3584 4762 3742 4830 prin—

2144 4837 2275 4903 cipis
2327 4835 2597 4886 comitaiii.
2639 4834 2757 4899 Quo
2787 4847 2944 4886 sensu
2990 4838 3356 4886 comitatensis
3386 4833 3505 4901 jure
3534 4833 3743 4889 dicitur

2144 4907 2415 4968 Senarius,
2451 4919 2606 4973 quem
2648 4907 2699 4959 in
2743 4919 2882 4971 regis
2926 4904 3184 4972 obsequio
3233 4904 3369 4956 inter
3412 4915 3741 4970 exceptnres

2150 4978 2410 5031 meruisse
2437 4988 2708 5029 osmusutn
2739 4984 2821 5028 est
2847 4974 2909 5025 ad
2934 4975 3090 5039 epist.
3122 4976 3201 5037 II,
3232 4976 3321 5027 lib.
3356 4990 3429 5028 tu.
3458 4976 3736 5027 Interdum

2150 5048 2369 5103 Palatini
2416 5047 2755 5114 peculiariter
2801 5044 3089 5109 appellati,
3136 5045 3224 5108 qui
3266 5044 3318 5097 in
3357 5045 3531 5098 officio
3571 5055 3742 5099 erant
3790 5054 3791 5057 “

2141 5120 2421 5186 utriusque
2473 5116 2682 5170 comitis
2728 5116 3086 5177 largitionum.
3118 5116 3354 5178 Quorum
3383 5131 3443 5186 ex
3477 5129 3734 5181 numero,

2140 5200 2195 5242 ut
2222 5185 2605 5257 antiqu:ejuris
2631 5188 2822 5255 glossae
2852 5186 3075 5257 docenti.
3105 5186 3193 5253 qui
3234 5187 3283 5239 in
3327 5185 3521 5252 palatio
3551 5188 3743 5257 subsi-

2142 5255 2382 5323 stebant",
2423 5258 2799 5312 comitatenses
2837 5256 3272 5317 nominabantur;
3305 5257 3389 5323 qui
3434 5257 3483 5309 in
3512 5255 3739 5324 provin-

2140 5331 2251 5383 cias
2279 5329 2662 5398 dirigebantur,
2691 5328 3035 5381 mittendarii.
3067 5328 3155 5379 Sic
3185 5327 3324 5381 enim
3346 5327 3681 5393 distinguunt
3717 5346 3731 5381 ε

2140 5402 2411 5460 Παλατῖνος
2442 5399 2467 5453 ὁ
2499 5400 2805 5457 παλατιανὸς
2839 5400 3114 5471 ὑπηρέτης.
3157 5399 3738 5471 Παλατῖνοινγὰρλκοινῷ

2142 5472 2349 5541 ὀνόματι
2390 5474 2576 5529 πάντες
2620 5470 2882 5523 ἐκαλοῦντο
2923 5468 2967 5523 οῗ
3008 5470 3055 5521 ἐν
3082 5480 3193 5530 τοῖς
3220 5471 3350 5541 utarei
3388 5468 3739 5541 concienda

2138 5538 2417 5616 θηάαυροῖς
2457 5542 2829 5616 ὑπηρετοῦντες
2874 5541 3146 5616 τᾳξεῶται·
3198 5538 3300 5593 ἀλλ’
3332 5542 3377 5590 οἷ
3414 5542 3503 5608 μέν
3531 5540 3609 5591 ἀεὶ
3648 5549 3737 5613 τῷ

2138 5611 2369 5682 παὶατῖῳ
2404 5611 2859 5700 ιιτροῆεδρειξοντξς·ἑ
2888 5611 3131 5700 Ιἔλέγρπιςεζο
3178 5613 3536 5700 (ομιτατξσξοι.
3562 5611 3740 5697 mepte-

2137 5686 2288 5757 Δζ’άιίττσν
2313 5679 2410 5757 γὰρ
2436 5679 2462 5736 ὃ
2486 5679 2642 5757 τόπρς
2672 5682 2718 5732 ἐν
2751 5679 2790 5753 ᾧ
2824 5679 3037 5757 διάγεέρ
3068 5679 3335 5757 ﬁam)th
3366 5680 3499 5757 eiad
3529 5681 3599 5757 ti;
3629 5683 3736 5741 τὰς·

2139 5751 2402 5876 ἐπίίρλχὶαέ
2434 5751 2774 5824 πεμπόμενος
2820 5751 3130 5824 μιτὲνδάριοι
3151 5769 3161 5780 ·
3195 5756 3331 5808 Mirer
3363 5754 3463 5827 γὰρ
3492 5754 3548 5806 τὸ
3574 5759 3737 5809 Ἀπο-

2139 5841 2257 5876 στι).
2288 5846 2345 5876 ω.

2138 5845 2227 5879 στι
2234 5841 2325 5876 ΑΑω
2333 5864 2345 5877 .
