3998 6362
250 332 321 390 85

1560 336 2040 395 EPISTOLABUM
2078 337 2209 394 LIB.
2236 338 2301 395 ν.

3466 350 3537 407 86

255 450 360 506 divi
398 450 621 521 quidem
671 466 814 523 saepe
843 451 964 508 talia
998 470 1012 507 :
1049 454 1143 509 sed
1164 453 1439 518 confiteor,
1465 468 1570 508 non
1614 456 1792 523 recepi
1824 472 1838 509 :
1871 462 1926 523 Α
1950 458 2096 511 frons
2129 457 2269 526 picta
2314 460 2589 529 proposito
2616 476 2631 517 :
2657 474 2757 517 nos
2800 460 2868 517 ad
2910 461 3049 520 hanc
3094 464 3348 522 fabricam
3390 470 3533 525 nulla

263 547 381 618 quia
414 546 732 615 frequentes
773 549 1119 603 necessitates
1145 547 1409 603 desideria
1440 549 1848 616 transcendunt,

261 652 313 697 et
341 641 457 695 sine
498 638 914 695 intermissione
956 640 1114 695 timor
1144 640 1286 695 cedit
1320 640 1550 700 aﬂ‘ectui,
1594 639 1853 695 Voluntas

263 738 314 794 in
335 738 491 806 culpa
521 746 630 803 est,
660 751 783 803 quae
810 737 1127 793 concinnata
1147 738 1495 793 excusatione
1523 736 1847 792 defenditur.

260 829 423 895 Ecce,
451 830 524 884 mi
552 830 793 895 domine,
824 846 983 898 quam
1015 846 1203 899 magna
1233 831 1475 897 doleam.
1513 844 1636 884 cum
1665 830 1847 883 officio

258 921 599 976 salutationis
628 922 865 988 asserui;
912 922 1230 992 perlatorem
1264 924 1472 992 utrique
1515 937 1725 987 earum,
1751 936 1850 991 pro

261 1015 363 1069 (ide
386 1029 486 1070 sua
516 1024 573 1071 et
604 1016 885 1071 nobilitate
912 1017 1316 1077 commendans.
1350 1025 1409 1070 ut
1439 1016 1703 1070 beneﬁcio
1728 1015 1847 1069 cul-

259 1106 416 1161 minis
460 1106 625 1162 vestri
672 1107 1012 1162 inimicorum
1059 1106 1343 1163 insolentia
1372 1108 1582 1161 teclmis
1612 1105 1726 1161 suis
1748 1119 1849 1176 op-

260 1212 445 1267 pressa
470 1197 771 1267 subiaceat.
810 1198 958 1254 Vale.

750 1288 1079 1345 EPISTULA
1118 1286 1357 1347 XXXIV.

727 1396 984 1437 INNODIUJS
1025 1381 1043 1415 ⁸
1086 1396 1383 1437 nonntsnsz.

329 1474 620 1541 Postquam
662 1473 841 1527 votiva
883 1473 1013 1527 mihi
1043 1473 1335 1528 necessitas
1372 1480 1547 1528 vestra
1584 1474 1847 1529 beneﬂcio

258 1565 619 1635 proximitatis
641 1564 894 1619 desiderii
939 1566 1100 1632 cmpit
1138 1564 1404 1633 spondere
1430 1565 1701 1631 effectum,
1733 1567 1847 1619 ani-

258 1672 347 1711 mo
380 1658 447 1710 ad
495 1657 739 1725 longiora
789 1656 1105 1720 transiistis;
1150 1667 1205 1711 et
1244 1672 1363 1711 cum
1407 1657 1675 1726 Liguriam
1709 1672 1845 1727 pene

257 1765 424 1804 manu
458 1749 789 1816 contingitis,
838 1748 1069 1815 linguam
1118 1747 1265 1803 feriis
1306 1752 1625 1818 deptttastis.
1674 1750 1846 1803 Minus

1956 550 2370 619 praaccdentium
2416 554 2715 609 studiorum
2765 555 2887 609 lima
2932 559 3233 625 composuit
3278 578 3289 613 :
3339 564 3536 617 nudam

1954 642 2153 696 scimus
2181 642 2246 697 ad
2276 644 2708 714 conjunctionem
2738 646 2927 703 alferre
2952 652 3289 706 concordiam
3325 669 3338 707 :
3372 654 3534 708 urba-

1953 735 2176 786 nitatem
2218 733 2357 788 inter
2386 749 2541 790 caros
2576 747 2632 789 ut
2669 751 2873 792 venena
2908 742 3231 808 respuimus.
3260 744 3431 813 Ergo,
3459 744 3534 799 nti

1952 825 2197 892 domine,
2234 827 2609 883 salutationem
2637 830 2929 900 accipiens,
2953 844 3217 889 amantem
3248 836 3323 889 tui
3356 838 3405 890 in
3432 837 3533 891 hac

1954 916 2129 984 potius
2155 926 2303 986 parte
2326 929 2555 986 sectare,
2582 930 2636 973 et
2656 930 2713 975 ut
2733 922 2997 978 culturam
3022 924 3141 980 lidei
3169 940 3265 996 per
3285 927 3537 997 frequen-

1951 1008 2078 1063 tiam
2101 1012 2365 1065 sermonis
2398 1013 2699 1081 impendas,
2733 1024 2789 1069 et
2814 1030 2882 1069 ex
2909 1027 3119 1073 secreto
3146 1022 3376 1089 pectoris
3402 1021 3537 1077 iniu.

1950 1112 2067 1157 cata
2092 1106 2423 1173 exspectanti
2456 1107 2617 1161 verba
2640 1108 2923 1163 concedas.
2958 1108 3105 1165 Vale.

2448 1198 2778 1254 EPISTOLA
2822 1200 3039 1256 XXXV.

2417 1305 2670 1344 essemus
2699 1291 2719 1321 ²
2757 1306 3073 1348 annoanno.

2022 1376 2080 1432 in
2100 1392 2199 1434 usu
2221 1388 2302 1436 est
2323 1378 2453 1435 viris
2476 1396 2683 1435 morum
2712 1381 2955 1438 claritate
2978 1381 3302 1453 fulgentibus
3324 1384 3537 1453 religio-

1950 1485 2071 1524 nem
2102 1470 2347 1524 amicitim
2376 1486 2473 1540 per
2501 1474 2762 1526 culturam
2787 1475 2990 1529 nutrire
3016 1474 3269 1544 colloquii
3292 1493 3306 1529 :
3327 1485 3384 1530 ut
3409 1478 3537 1529 dum

1949 1561 2135 1632 gratiae
2165 1564 2406 1632 germina
2442 1562 2551 1619 fotu
2595 1563 3047 1622 confabulationis
3091 1570 3428 1635 animantur,
3470 1568 3539 1622 ad

1952 1669 2182 1708 messem
2210 1654 2515 1724 conjunctio
2534 1654 2789 1712 foederata
2809 1658 3103 1726 perveniat.
3130 1658 3232 1713 Per
3256 1660 3367 1713 haec
3392 1660 3539 1713 enirn

1950 1744 2131 1798 munia
2162 1744 2331 1799 voluit
2368 1745 2548 1799 senior
2586 1748 2926 1816 providentia
2955 1749 3213 1804 absentiae
3251 1748 3322 1802 nil
3337 1748 3536 1827 licere.

261 1844 421 1899 licuit
451 1843 701 1897 absentia:
728 1842 854 1894 dum
878 1842 1211 1896 sanctitatem
1247 1852 1476 1897 vestram
1506 1842 1707 1910 prolixa
1730 1842 1843 1896 via-
1876 1835 1924 1901 Β
1951 1838 2139 1893 Merito
2170 1839 2235 1892 de
2273 1838 2425 1893 vobis
2473 1840 2945 1895 emendatissinius
2989 1843 3265 1896 hominum
3309 1842 3539 1897 domnus

257 1949 381 1991 rum
408 1935 680 1989 intervalla
709 1943 995 1989 tenuerunt
1027 1951 1037 1985 :
1074 1936 1330 2003 pensabat
1351 1936 1710 1990 confabulatio
1736 1936 1847 1990 dis-

256 2028 455 2097 pendia
484 2026 725 2091 νὶεεοηίε,
758 2034 811 2079 ct
842 2027 893 2080 in
918 2026 1168 2080 remediis
1196 2028 1405 2093 provisa
1436 2027 1724 2097 diligentiae
1752 2028 1844 2081 lit-

258 2131 493 2171 terarum
528 2118 850 2172 commercia
894 2119 1282 2185 pra-stabantur
1332 2134 1346 2170 :
1390 2134 1485 2186 per
1510 2133 1630 2187 quin
1666 2118 1840 2174 officia

257 2210 398 2264 inter
430 2210 761 2264 habitatione
792 2210 1051 2263 discretos
1081 2212 1152 2263 nil
1198 2211 1400 2278 peribat
1451 2209 1529 2264 ait“
1553 2212 1684 2265 ctui.
1714 2212 1843 2278 Sed,

256 2304 441 2369 credo,
473 2303 670 2369 eligits
713 2303 899 2356 amicis
943 2302 1243 2356 difliciliora
1292 2302 1526 2358 tribuere
1560 2321 1571 2355 :
1612 2318 1718 2357 non
1752 2320 1847 2369 pu-

258 2404 435 2449 tantes
463 2393 806 2458 beneficium,
837 2395 880 2447 si
910 2408 1096 2462 pascar
1126 2396 1176 2447 in
1209 2403 1350 2449 tanta
1382 2396 1565 2449 vicinit
1586 2405 1655 2449 ite
1677 2394 1847 2450 eullo-

260 2486 414 2557 quiis.
466 2489 534 2541 At
580 2502 707 2555 ergo
747 2501 928 2541 casum
963 2503 1141 2543 meum
1172 2503 1324 2545 versa
1351 2490 1710 2545 mstimatione
1731 2503 1849 2543 sus-

260 2582 394 2645 piro.
427 2593 497 2633 ne
524 2578 800 2633 beatitudo
829 2587 914 2633 tua
940 2582 1180 2635 retulerit
1204 2580 1269 2635 ad
1290 2580 1574 2648 judicium,
1596 2580 1734 2649 quod
1756 2595 1850 2635 ex-

261 2670 434 2725 hibuit
465 2670 882 2736 blandimentis;
932 2671 1059 2726 dum
1107 2674 1247 2741 quod
1293 2673 1587 2740 praecessit,
1633 2672 1850 2729 ascribit

262 2770 513 2831 tempori,
545 2775 653 2815 non
691 2762 885 2815 amori.
914 2762 1163 2817 Facessat
1197 2778 1227 2818 a
1277 2774 1463 2819 nostro
1508 2764 1561 2818 in
1599 2764 1848 2821 amicitiis

331 2900 345 2929 ¹
387 2896 703 2967 Hormisda']
737 2898 985 2953 Diacono.
1019 2897 1134 2952 Lib.
1163 2914 1275 2964 vm,
1305 2902 1461 2968 epist.
1488 2901 1577 2956 55.

331 2971 352 3000 ⁸
381 2969 706 3040 Aproniano]
737 2969 795 3021 γ.
828 2969 866 3023 Ι.
898 2970 1074 3023 comiti
1102 2972 1177 3024 rei
1214 2974 1451 3038 privatre.
1494 2970 1848 3025 Cassiodorus

265 3039 352 3093 lib.
385 3051 498 3101 vin,
527 3039 903 3107 epist.’uitima
940 3058 951 3091 :
997 3041 1293 3108 Aproniano
1322 3042 1430 3095 viro
1462 3044 1656 3097 illustri
1682 3042 1850 3095 comiti

1878 3030 1925 3095 C

1954 1930 2183 1985 Faustus
2210 1931 2464 2000 pra-dicat
2492 1932 2762 2002 singulare
2792 1934 3177 1989 testimonium.
3224 1934 3351 1989 Sine
3398 1934 3539 1988 nube

1952 2021 2108 2075 datur
2137 2030 2377 2091 agnosci.
2410 2024 2540 2078 nihil
2568 2024 2634 2079 de
2660 2040 2724 2079 eo
2752 2025 3124 2089 dubitandum,
3158 2040 3317 2094 quem
3344 2025 3536 2093 proba-

1953 2124 2038 2170 tus
2067 2118 2284 2172 attollit.
2310 2118 2414 2173 Sed
2446 2135 2584 2173 nunc
2607 2119 2671 2173 ad
2696 2121 2934 2185 epistola:
2963 2120 3231 2189 angustias
3257 2134 3344 2173 me
3374 2117 3538 2172 redu-

1954 2226 2115 2273 cens,
2148 2212 2368 2265 secretis
2397 2212 2629 2267 debitam
2671 2212 2880 2265 laudem
2922 2212 3110 2266 claudo
3154 2212 3538 2279 penetralibus,

1954 2320 2023 2359 ne
2050 2307 2187 2373 quod
2220 2306 2354 2375 apud
2383 2315 2630 2360 externos
2661 2303 2961 2360 faciendum
2991 2315 3069 2360 est
3089 2347 3107 2373 ,
3140 2306 3278 2373 apud
3315 2319 3413 2359 vos
3438 2304 3540 2358 im-

1955 2397 2279 2465 portunitate
2296 2405 2590 2452 rancescat.
2624 2396 2774 2467 Vale,
2802 2398 2871 2451 ttti
2895 2397 3128 2462 domine,
3158 2396 3534 2450 salutationem

1957 2486 2494 2559 obsequentissimam
2536 2490 2806 2559 accipiens
2839 2507 2850 2542 :
2887 2490 3051 2546 Deum
3089 2504 3300 2559 precor,
3334 2498 3389 2542 ιιι
3420 2504 3540 2558 pros

1956 2596 2114 2651 spera
2145 2593 2320 2638 vestra
2359 2584 2411 2638 in
2443 2585 2655 2653 longum
2684 2584 2988 2654 producens
3008 2626 3023 2649 ,
3057 2584 3184 2638 mihi
3212 2596 3423 2654 quoque
3446 2597 3540 2640 se-

1957 2673 2146 2728 cundis
2181 2675 2475 2730 amicorum
2520 2675 2863 2731 successibus
2902 2674 3163 2746 spondeat
3212 2676 3537 2731 auctionem.

1962 2762 2108 2821 Vale.

2027 2900 2292 3023 i‘tllatarum.
2323 2899 2425 2957 Sed
2456 2901 2713 2971 nondum,
2745 2902 2954 2971 opinor,
2986 2902 3089 2958 hoc
3117 2900 3321 2958 honore
3349 2902 3538 2973 funge-

2091 2987 2133 3023 Γ.

1996 2987 2133 3026 atur.

279 3136 3527 3164 mw

1364 3204 1745 3305 LIBER
1834 3200 2445 3326 QUINTUS.

752 3415 1085 3472 EPISTOLA
1122 3414 1353 3474 PRIMA.

621 3523 875 3563 ISNODIUS
916 3510 930 3539 ¹
972 3523 1180 3564 Ltesato
1226 3521 1487 3563 cantato.

334 3604 465 3655 Dum
500 3615 600 3671 pro
646 3599 965 3655 venerandae
1008 3600 1267 3670 religione
1302 3598 1647 3655 conscientia:
1684 3599 1848 3656 verba

266 3695 487 3765 dirigitis
520 3696 572 3749 in
600 3695 961 3764 Aquileiensis
983 3694 1246 3749 electione
1264 3694 1548 3761 pontiﬁcis,
1581 3700 1636 3748 et
1656 3693 1849 3749 divinis

267 3788 465 3841 initiata
490 3788 667 3855 lingua
694 3787 923 3839 cnltilius
960 3786 1147 3840 militat
1178 3786 1571 3849 consecrando,
1600 3786 1650 3838 in
1685 3786 1850 3854 ignoti

271 3893 365 3932 nos
386 3878 662 3947 diligentia
702 3891 1008 3932 sermonum
1032 3876 1238 3931 vincula
1269 3885 1555 3929 tenuerunt
1582 3892 1593 3927 :
1619 3876 1739 3942 quia
1770 3875 1849 3928 ni-

266 3971 337 4025 hil
360 3983 582 4039 superat
601 3969 838 4039 judiciis,
867 3969 1113 4036 quotiens
1141 3969 1339 4038 aliquid
1374 3969 1625 4038 probatus
1645 3970 1849 4024 extule-

265 4068 348 4121 rit.
398 4064 541 4132 Quid
592 4064 736 4119 enim
793 4066 1071 4118 sententiae
1127 4066 1429 4134 sequacium
1485 4065 1849 4132 derelinquat,

265 4154 475 4226 quando
496 4154 724 4225 iustitia:
754 4156 1088 4224 obsequitur,
1120 4156 1273 4226 cujus
1302 4158 1353 4210 in
1388 4171 1617 4211 examen
1658 4156 1849 4211 defini-

266 4251 336 4301 tio
366 4262 473 4301 non
494 4245 753 4300 vocatur?
776 4246 945 4313 Agitis
976 4250 1113 4301 lono
1141 4248 1484 4303 censcientize
1507 4247 1645 4316 quod
1673 4258 1847 4304 vestro

264 4338 345 4392 vis
376 4345 669 4405 negaretur
698 4336 944 4403 imperio.
976 4337 1225 4392 Exhibuit
1247 4339 1266 4369 ³
1298 4337 1438 4394 inter
1464 4341 1694 4395 arbitros
1712 4340 1849 4395 Mar-

264 4428 439 4483 cellini
464 4427 789 4482 venerabilis
818 4429 1074 4498 collegam
1106 4430 1371 4483 maximus
1411 4431 1709 4497 hominum,
1748 4432 1850 4486 hu-

265 4520 491 4576 militate
532 4520 851 4575 sublimior:
897 4532 950 4576 et
992 4538 1059 4576 ne
1102 4522 1353 4590 potestati
1399 4521 1552 4577 favor
1600 4539 1693 4592 per
1719 4524 1856 4581 obli-

267 4628 402 4682 quos
430 4610 797 4666 ascriberetur
836 4612 1180 4681 interpretes,
1226 4610 1367 4681 quod
1414 4612 1481 4667 de
1520 4611 1730 4682 proprio
1760 4614 1855 4670 de-

264 4704 464 4773 cerpsit
517 4702 710 4772 genio,
758 4702 955 4757 laudati
1001 4704 1177 4771 jttnsit
1227 4703 1293 4757 ad
1347 4704 1598 4772 pretium.
1654 4704 1851 4773 Egistis

335 4840 353 4870 ⁸
387 4837 595 4891 Libeiio
622 4836 861 4909 patricio]
883 4836 936 4891 ln
963 4837 1168 4909 synodo
1190 4838 1512 4892 Arausicana
1544 4853 1579 4893 ll
1604 4840 1851 4909 omnibus

263 4908 374 4963 suis
406 4907 712 4963 nominibus
742 4907 1025 4962 subscribit
1056 4927 1069 4961 :
1101 4907 1303 4962 Pirrnus
1336 4909 1653 4964 Mancuws
1686 4908 1849 4965 FEle

266 4978 517 5033 LlBBBtUS
544 4978 603 5032 V.
635 4982 694 5031 (λ.
741 4995 806 5033 ΕΤ
839 4995 941 5033 INL.
974 4985 1286 5034 PREFECTUS
1324 4995 1601 5033 PlizETllRlO
1630 4995 1852 5035 GALLIA‘

268 5063 371 5103 λυ.
418 5064 594 5111 ATQUE
632 5064 907 5103 PATRICIUS
954 5065 1302 5104 CONSBNTIENS
1345 5065 1655 5104 SUBSCRIPSI.

266 5120 451 5175 habuit
494 5130 627 5174 atas
670 5121 755 5172 illa
801 5120 1000 5174 Liberii
1047 5126 1257 5174 nomine
1297 5120 1582 5175 iilu~tiins.
1611 5120 1845 5175 Primum

263 5194 407 5244 enim
450 5206 548 5256 pro
593 5190 835 5245 Odoacre
870 5192 1127 5246 adversus
1178 5190 1565 5246 Theoilericnm
1620 5192 1846 5246 fideliter

265 5263 412 5314 stetit
447 5280 458 5313 :
492 5272 616 5330 post
645 5262 734 5314 tllo
763 5263 973 5315 devicto
1007 5262 1105 5315 sub
1140 5261 1500 5324 Theoderico,
1541 5263 1771 5329 quamliu
1805 5263 1850 5317 is

266 5333 533 5397 regnavit,
564 5332 789 5385 summis
815 5340 950 5399 togm
980 5332 1286 5400 militiaeque
1311 5332 1604 5386 honoribus
1634 5333 1850 5400 perfun-

266 5412 404 5465 ctus,
443 5403 613 5456 mnlta
658 5404 710 5455 in
753 5404 895 5456 Italia
939 5412 991 5455 et
1034 5403 1199 5456 Gallia
1245 5404 1499 5471 prmclara
1532 5419 1653 5458 cum
1696 5404 1851 5459 laude

267 5476 433 5539 gessit
465 5490 479 5525 :
514 5474 750 5542 itemque
779 5477 875 5527 sub
902 5474 1228 5528 Athalarico.
1260 5474 1514 5528 'l‘hcodati
1557 5477 1715 5528 etiam
1763 5490 1850 5528 re-

265 5543 349 5610 gis
372 5544 577 5613 legatus
602 5547 665 5596 atl
698 5544 1049 5599 JuStiniannm
1078 5546 1318 5611 imperat.
1346 5546 1581 5597 delectus
1602 5562 1613 5597 :
1638 5564 1663 5598 a
1688 5545 1853 5598 Just?-

271 5613 430 5666 niano
468 5617 700 5682 denique
740 5619 855 5679 ipso
896 5616 1212 5668 militaribus
1256 5618 1372 5679 copi
1400 5632 1423 5667 s
1463 5618 1717 5669 adversus
1746 5616 1852 5669 Go-

265 5683 461 5739 thosiu
492 5686 637 5761 italia
653 5696 720 5761 ‘et
734 5686 905 5740 Sicilia
938 5690 1271 5761 pra-._pn§iti:s,
1298 5689 1443 5761 ᾁνήρ,
1469 5697 1521 5761 ut
1542 5688 1854 5761 i’rocoiiitts.

270 5766 515 5829 te-tatur,
545 5758 697 5818 καλός
721 5778 773 5812 τε
799 5762 875 5811 καὶ
905 5759 1087 5828 ἀγαθὸς
1119 5757 1469 5829 διαφερόντὼς,
1503 5759 1646 5829 λόγου
1676 5779 1729 5811 τε
1759 5763 1850 5812 τοῦ

266 5826 481 5891 ἀληθοῦς
520 5829 861 5898 ἐπιμελεῖσθαι
902 5826 1309 5895 ἑξεπιστάμελιος.
1339 5826 1572 5894 Quorum
1610 5831 1851 5883 omnium

1877 4652 1935 4715 D

1958 3417 2307 3483 mediocrem,
2353 3431 2418 3472 ne
2458 3415 2699 3484 praecelsi
2738 3424 2882 3472 esset
2926 3424 3171 3485 suspecta
3209 3415 3538 3485 pradicatio.

1957 3508 2383 3563 Clarissimorum
2414 3506 2712 3561 testimonia
2745 3515 2801 3559 ut
2826 3505 2968 3561 vires
2992 3507 3275 3574 accipiant,
3308 3507 3541 3563 culmina

1956 3599 2305 3670 castigantur.
2345 3597 2490 3652 Felix
2538 3597 2894 3652 sacerdotium
2921 3638 2935 3661 ,
2973 3600 3057 3652 cui
3101 3598 3268 3652 facem
3312 3598 3541 3667 prmiulit

1958 3692 2111 3760 plena
2143 3704 2292 3746 mens
2327 3690 2564 3744 luminis.
2607 3691 2766 3744 Beata
2802 3692 3160 3757 conversatio,
3195 3706 3313 3759 qua:
3342 3693 3541 3746 idcirco

1958 3783 2011 3836 in
2040 3780 2423 3836 discussionem
2454 3779 2682 3836 deducta
2705 3791 2807 3847 est,
2833 3792 2885 3835 ttt
2911 3791 3057 3835 tanto
3077 3784 3195 3835 viro
3217 3784 3541 3848 astipulante

1958 3883 2237 3944 superaret
2267 3892 2278 3926 :
2314 3888 2433 3941 quae
2457 3887 2558 3926 non
2582 3872 2856 3928 didicisset
2883 3888 3127 3940 saporem
3153 3874 3409 3936 vit-terim,
3436 3873 3539 3929 nisi

1957 3966 2311 4035 suhjacuissct
2348 3966 2586 4020 incertis.
2628 3964 2853 4032 Semper
2896 3965 3271 4019 innocentibus
3312 3967 3538 4033 gleriam

1958 4061 2181 4113 adversa
2212 4065 2534 4127 pepererunt
2562 4074 2575 4113 :
2606 4056 2849 4124 providet
2883 4056 3195 4125 defensores
3217 4056 3537 4111 fortissimos
3608 4104 3613 4109 .

1957 4148 2245 4205 mediocris
2292 4149 2639 4217 impugnatio.
2680 4147 2785 4202 Sed
2832 4146 2954 4216 quid
2994 4146 3239 4214 epistolae
3282 4147 3539 4201 terminos

1954 4243 2274 4314 loquacitate
2303 4239 2547 4309 produxi,
2580 4250 2795 4293 coactas
2822 4238 2938 4305 lege
2970 4238 3189 4307 paginas
3225 4240 3275 4291 in
3307 4237 3537 4294 humana

1954 4336 2365 4391 concinnatione
2390 4330 2791 4401 transgressus?
2822 4330 2994 4397 Jungu
3026 4340 3080 4382 et
3108 4343 3228 4397 ego,
3261 4330 3533 4399 amplissi-

1958 4426 2055 4491 mi,
2080 4422 2319 4492 partibus
2347 4422 2540 4476 vestris
2572 4435 2669 4489 pro
2698 4419 2914 4473 modulo
2944 4417 3252 4486 exiguitatis
3280 4422 3537 4489 propriae,

1956 4516 2096 4572 coelo
2126 4514 2275 4569 vobis
2301 4513 2652 4581 obsequcute,
2680 4523 3001 4563 consensum
3029 4515 3115 4561 :et
3130 4509 3269 4576 quod
3296 4509 3540 4563 mirabile

1957 4609 2098 4664 inter
2125 4606 2368 4661 homines
2392 4602 2636 4669 habetur,
2663 4599 3089 4654 consideratione
3112 4599 3273 4652 vestri
3298 4602 3540 4652 attrahor

1956 4700 2024 4755 ad
2069 4712 2329 4752 amorem.
2366 4694 2627 4763 lnspirata
2666 4691 2795 4746 mihi
2840 4706 2934 4760 per
2980 4691 3208 4745 alterum
3254 4690 3424 4759 placet
3461 4689 3540 4744 af-

1955 4843 2200 4889 auctores
2222 4831 2375 4885 nobis
2399 4826 2747 4883 Cassiodorus
2772 4826 2861 4879 lib.
2884 4842 2918 4879 ιι
2945 4825 3145 4881 Variar.
3173 4825 3227 4878 il
3254 4833 3306 4877 et
3324 4822 3417 4887 l5;
3443 4825 3535 4880 lib.

1955 4922 2069 4969 vnt,
2090 4905 2247 4971 epiSt.
2275 4904 2331 4965 6,
2359 4910 2411 4955 et
2435 4903 2524 4955 lib.
2552 4914 2623 4959 XI,
2649 4897 2806 4971 epilt.
2840 4897 3203 4971 l.i_’rocopiu_s
3229 4894 3366 4948 idem
3395 4896 3486 4971 liii.
3520 4912 3539 4950 ι

1955 4989 2004 5032 et
2032 4966 2085 5029 nt
2104 4966 2170 5028 de
2196 4973 2339 5027 Bello
2361 4970 2587 5026 Gothico
2616 4988 2623 5021 :
2655 4982 2701 5024 et
2730 4968 3004 5023 Ennodins
3029 4971 3139 5036 ipse
3158 4966 3245 5020 lih.
3274 4981 3349 5029 is,
3374 4966 3535 5034 epist.

1954 5047 2028 5103 3'5
2057 5055 2111 5100 et
2136 5044 2229 5109 29,
2252 5043 2341 5097 ubi
2370 5044 2517 5109 plura
2539 5041 2606 5096 de
2634 5039 2865 5094 Liberio.
2899 5040 3043 5091 lianc
3070 5052 3229 5109 porro
3255 5036 3537 5109 epistulam

1956 5105 2225 5185 tanquam'
2258 5105 2565 5185 Symmachi
2614 5112 2848 5185 nomine
2877 5110 3126 5167 scriptam
3186 5108 3255 5163 ab
3299 5105 3538 5162 Ennodio

1957 5181 2095 5242 inter
2126 5181 2431 5256 Symmachi
2459 5181 3098 5256 epistolascollocarunt.
3303 5246 3351 5256 __
3390 5245 3422 5256 η

2024 5259 2044 5289 ²
2090 5245 2234 5310 1ηἶεν
2280 5245 2508 5308 ανὸἰινοί
2544 5247 2868 5319 Marcellini]
2919 5253 3215 5305 Ilonoratos
3268 5245 3535 5319 videlicet,

1954 5343 2182 5397 quorum
2207 5325 2485 5381 arbitrium
2518 5323 2569 5376 in
2594 5323 2825 5397 antiquis
2856 5316 3229 5397 episcoporum
3260 5316 3537 5397 electioni-

1956 5389 2058 5454 lius
2082 5414 2143 5452 ac
2174 5398 2532 5449 testiinonium
2564 5389 3093 5461 esqnirehaturLLco
3115 5389 3381 5457 episcopis
3413 5403 3535 5453 ιπυι

1962 5470 2148 5525 vincite
2175 5468 2488 5523 Viennensis
2524 5460 2745 5529 epistola
2776 5463 2843 5517 89
2888 5481 2900 5514 :
2946 5460 3369 5529 Ea‘spectarcrttur
3408 5469 3536 5511 (εγω

1957 5552 2070 5595 vota
2098 5539 2304 5603 civium,
2333 5538 2621 5591 testimonia
2650 5535 2957 5604 populorum
2990 5546 3006 5583 :
3036 5537 3346 5599 quaereretur
3373 5529 3536 5581 ItOIlO-

1956 5621 2183 5664 rotorum
2216 5610 2514 5670 arbitrium,
2550 5606 2727 5658 electio
2770 5604 3086 5661 clericorum,
3134 5614 3248 5667 quw
3284 5615 3348 5670 ιηΔ
3370 5615 3535 5653 δασεῖς

1959 5685 2127 5737 datum
2164 5681 2325 5733 solent
2367 5667 2768 5732 ordinationibus
2811 5671 2873 5725 ab
2903 5672 2964 5724 iis
2990 5670 3073 5738 qui
3104 5681 3286 5725 norunt
3321 5667 3535 5727 Patrum

1956 5752 2157 5825 regulas
2186 5748 2449 5805 custodiri.
