  <div class='ocr_page' id='page_1' title='image "/cluster/home/n/w/nwhite01/storage/ocr_20150623/63/hvd.32044015469307/049.png"; bbox 0 0 3998 6362; ppageno 0'>
   <div class='ocr_carea' id='block_1_1' title="bbox 436 334 3695 401">
    <p class='ocr_par' dir='ltr' id='par_1_1' title="bbox 436 334 3695 401">
     <span class='ocr_line' id='line_1_1' title="bbox 436 334 3695 401; baseline 0.003 -9"><span class='ocrx_word' id='word_1_1' title='bbox 436 335 506 393; x_wconf 88' lang='lat'><strong>87</strong></span> <span class='ocrx_word' id='word_1_2' title='bbox 1558 335 1831 393; x_wconf 83' lang='lat' dir='ltr'><strong>ENNODII</strong></span> <span class='ocrx_word' id='word_1_3' title='bbox 1873 334 2172 393; x_wconf 84' lang='lat' dir='ltr'><strong>EPISCOPI</strong></span> <span class='ocrx_word' id='word_1_4' title='bbox 2209 335 2582 397; x_wconf 82' lang='lat' dir='ltr'><strong>TICINENSIS</strong></span> <span class='ocrx_word' id='word_1_5' title='bbox 3625 344 3695 401; x_wconf 81' lang='lat'><strong>88</strong></span> 
     </span>
    </p>
   </div>
   <div class='ocr_carea' id='block_1_2' title="bbox 440 451 2101 520">
    <p class='ocr_par' dir='ltr' id='par_1_2' title="bbox 440 451 2101 520">
     <span class='ocr_line' id='line_1_2' title="bbox 440 451 2101 520; baseline 0.001 -12"><span class='ocrx_word' id='word_1_6' title='bbox 440 454 637 520; x_wconf 86' lang='lat' dir='ltr'><strong>lectio;</strong></span> <span class='ocrx_word' id='word_1_7' title='bbox 677 452 803 510; x_wconf 91' lang='lat' dir='ltr'><strong>dum</strong></span> <span class='ocrx_word' id='word_1_8' title='bbox 841 460 1020 510; x_wconf 91' lang='lat' dir='ltr'><strong>manet</strong></span> <span class='ocrx_word' id='word_1_9' title='bbox 1064 452 1258 509; x_wconf 89' lang='lat' dir='ltr'><strong>caritas</strong></span> <span class='ocrx_word' id='word_1_10' title='bbox 1300 451 1421 508; x_wconf 83' lang='lat' dir='ltr'><strong>imis</strong></span> <span class='ocrx_word' id='word_1_11' title='bbox 1480 454 1679 510; x_wconf 90' lang='lat' dir='ltr'><strong>inserta</strong></span> <span class='ocrx_word' id='word_1_12' title='bbox 1724 455 2020 509; x_wconf 82' lang='lat' dir='ltr'><strong>visceribus</strong></span> <span class='ocrx_word' id='word_1_13' title='bbox 2045 456 2101 517; x_wconf 75' lang='grc' dir='ltr'><strong>Α</strong></span> 
     </span>
    </p>
   </div>
   <div class='ocr_carea' id='block_1_3' title="bbox 438 543 2019 617">
    <p class='ocr_par' dir='ltr' id='par_1_3' title="bbox 438 543 2019 617">
     <span class='ocr_line' id='line_1_3' title="bbox 438 543 2019 617; baseline 0.001 -17"><span class='ocrx_word' id='word_1_14' title='bbox 438 548 811 617; x_wconf 76' lang='lat' dir='ltr'><strong>peregrinante</strong></span> <span class='ocrx_word' id='word_1_15' title='bbox 853 561 1101 616; x_wconf 86' lang='lat' dir='ltr'><strong>persona.</strong></span> <span class='ocrx_word' id='word_1_16' title='bbox 1153 543 1415 600; x_wconf 80' lang='lat' dir='ltr'><strong>Comitem</strong></span> <span class='ocrx_word' id='word_1_17' title='bbox 1462 560 1521 601; x_wconf 89' lang='lat' dir='ltr'><strong>se</strong></span> <span class='ocrx_word' id='word_1_18' title='bbox 1553 556 1732 601; x_wconf 91' lang='lat' dir='ltr'><strong>tamen</strong></span> <span class='ocrx_word' id='word_1_19' title='bbox 1779 546 2019 601; x_wconf 67' lang='lat' dir='ltr'><strong>caelestis</strong></span> 
     </span>
    </p>
   </div>
   <div class='ocr_carea' id='block_1_4' title="bbox 436 637 2015 708">
    <p class='ocr_par' dir='ltr' id='par_1_4' title="bbox 436 637 2015 708">
     <span class='ocr_line' id='line_1_4' title="bbox 436 637 2015 708; baseline 0 -16"><span class='ocrx_word' id='word_1_20' title='bbox 436 638 604 706; x_wconf 84' lang='lat' dir='ltr'><strong>gratia</strong></span> <span class='ocrx_word' id='word_1_21' title='bbox 635 638 913 693; x_wconf 85' lang='lat' dir='ltr'><strong>desideriis</strong></span> <span class='ocrx_word' id='word_1_22' title='bbox 937 637 1124 708; x_wconf 79' lang='lat' dir='ltr'><strong>jungat</strong></span> <span class='ocrx_word' id='word_1_23' title='bbox 1159 655 1171 690; x_wconf 91' lang='lat'><strong>:</strong></span> <span class='ocrx_word' id='word_1_24' title='bbox 1204 646 1257 692; x_wconf 92' lang='lat' dir='ltr'><strong>et</strong></span> <span class='ocrx_word' id='word_1_25' title='bbox 1288 637 1413 692; x_wconf 90' lang='lat' dir='ltr'><strong>dum</strong></span> <span class='ocrx_word' id='word_1_26' title='bbox 1453 639 1647 707; x_wconf 89' lang='lat' dir='ltr'><strong>cupitis</strong></span> <span class='ocrx_word' id='word_1_27' title='bbox 1687 638 1844 692; x_wconf 90' lang='lat' dir='ltr'><strong>datur</strong></span> <span class='ocrx_word' id='word_1_28' title='bbox 1880 638 2015 692; x_wconf 83' lang='lat' dir='ltr'><strong>cﬁ‘e-</strong></span> 
     </span>
    </p>
   </div>
   <div class='ocr_carea' id='block_1_5' title="bbox 437 728 2014 799">
    <p class='ocr_par' dir='ltr' id='par_1_5' title="bbox 437 728 2014 799">
     <span class='ocr_line' id='line_1_5' title="bbox 437 728 2014 799; baseline 0.001 -16"><span class='ocrx_word' id='word_1_29' title='bbox 437 740 578 796; x_wconf 84' lang='lat' dir='ltr'><strong>etus,</strong></span> <span class='ocrx_word' id='word_1_30' title='bbox 640 736 731 781; x_wconf 92' lang='lat' dir='ltr'><strong>aut</strong></span> <span class='ocrx_word' id='word_1_31' title='bbox 774 728 1010 782; x_wconf 75' lang='lat' dir='ltr'><strong>inveniat</strong></span> <span class='ocrx_word' id='word_1_32' title='bbox 1062 730 1258 782; x_wconf 89' lang='lat' dir='ltr'><strong>bonum</strong></span> <span class='ocrx_word' id='word_1_33' title='bbox 1303 729 1672 799; x_wconf 90' lang='lat' dir='ltr'><strong>pontiﬁcatus,</strong></span> <span class='ocrx_word' id='word_1_34' title='bbox 1704 736 1797 783; x_wconf 89' lang='lat' dir='ltr'><strong>aut</strong></span> <span class='ocrx_word' id='word_1_35' title='bbox 1836 728 2014 784; x_wconf 79' lang='lat' dir='ltr'><strong>faciat.</strong></span> 
     </span>
    </p>
   </div>
   <div class='ocr_carea' id='block_1_6' title="bbox 440 822 2015 891">
    <p class='ocr_par' dir='ltr' id='par_1_6' title="bbox 440 822 2015 891">
     <span class='ocr_line' id='line_1_6' title="bbox 440 822 2015 891; baseline 0.004 -16"><span class='ocrx_word' id='word_1_36' title='bbox 440 823 481 891; x_wconf 81' lang='grc'><strong>(¹</strong></span> <span class='ocrx_word' id='word_1_37' title='bbox 502 822 705 887; x_wconf 90' lang='lat' dir='ltr'><strong>Valete,</strong></span> <span class='ocrx_word' id='word_1_38' title='bbox 732 822 800 875; x_wconf 94' lang='lat' dir='ltr'><strong>mi</strong></span> <span class='ocrx_word' id='word_1_39' title='bbox 820 823 1053 890; x_wconf 84' lang='lat' dir='ltr'><strong>domine,</strong></span> <span class='ocrx_word' id='word_1_40' title='bbox 1084 833 1417 880; x_wconf 85' lang='lat' dir='ltr'><strong>etantantem</strong></span> <span class='ocrx_word' id='word_1_41' title='bbox 1444 825 1609 880; x_wconf 88' lang='lat' dir='ltr'><strong>vestri</strong></span> <span class='ocrx_word' id='word_1_42' title='bbox 1640 826 1842 881; x_wconf 86' lang='lat' dir='ltr'><strong>crebris</strong></span> <span class='ocrx_word' id='word_1_43' title='bbox 1871 828 2015 881; x_wconf 85' lang='lat' dir='ltr'><strong>rele-</strong></span> 
     </span>
    </p>
   </div>
   <div class='ocr_carea' id='block_1_7' title="bbox 438 910 2018 989">
    <p class='ocr_par' dir='ltr' id='par_1_7' title="bbox 438 910 2018 989">
     <span class='ocr_line' id='line_1_7' title="bbox 438 910 2018 989; baseline 0.005 -25"><span class='ocrx_word' id='word_1_44' title='bbox 438 922 557 966; x_wconf 86' lang='lat' dir='ltr'><strong>vate</strong></span> <span class='ocrx_word' id='word_1_45' title='bbox 585 914 861 981; x_wconf 77' lang='lat' dir='ltr'><strong>colloquiis</strong></span> <span class='ocrx_word' id='word_1_46' title='bbox 890 932 905 969; x_wconf 89' lang='lat'><strong>:</strong></span> <span class='ocrx_word' id='word_1_47' title='bbox 940 924 996 969; x_wconf 92' lang='lat' dir='ltr'><strong>ut</strong></span> <span class='ocrx_word' id='word_1_48' title='bbox 1022 917 1065 969; x_wconf 91' lang='lat' dir='ltr'><strong>si</strong></span> <span class='ocrx_word' id='word_1_49' title='bbox 1096 932 1200 969; x_wconf 84' lang='lat' dir='ltr'><strong>non</strong></span> <span class='ocrx_word' id='word_1_50' title='bbox 1232 918 1409 985; x_wconf 79' lang='lat' dir='ltr'><strong>exigat</strong></span> <span class='ocrx_word' id='word_1_51' title='bbox 1436 918 1737 989; x_wconf 86' lang='lat' dir='ltr'><strong>negotiosas</strong></span> <span class='ocrx_word' id='word_1_52' title='bbox 1768 910 2018 987; x_wconf 86' lang='lat' dir='ltr'><strong>frequen-</strong></span> 
     </span>
    </p>
   </div>
   <div class='ocr_carea' id='block_1_8' title="bbox 438 1002 1411 1077">
    <p class='ocr_par' dir='ltr' id='par_1_8' title="bbox 438 1002 1411 1077">
     <span class='ocr_line' id='line_1_8' title="bbox 438 1002 1411 1077; baseline 0.006 -22"><span class='ocrx_word' id='word_1_53' title='bbox 438 1004 505 1056; x_wconf 85' lang='lat' dir='ltr'><strong>tia</strong></span> <span class='ocrx_word' id='word_1_54' title='bbox 536 1002 771 1073; x_wconf 75' lang='lat' dir='ltr'><strong>paginas,</strong></span> <span class='ocrx_word' id='word_1_55' title='bbox 806 1014 1126 1075; x_wconf 73' lang='lat' dir='ltr'><strong>praestentur</strong></span> <span class='ocrx_word' id='word_1_56' title='bbox 1153 1006 1411 1077; x_wconf 84' lang='lat' dir='ltr'><strong>aﬁ&#39;ectui.)</strong></span> 
     </span>
    </p>
   </div>
   <div class='ocr_carea' id='block_1_9' title="bbox 1015 1118 1447 1175">
    <p class='ocr_par' dir='ltr' id='par_1_9' title="bbox 1015 1118 1447 1175">
     <span class='ocr_line' id='line_1_9' title="bbox 1015 1118 1447 1175; baseline 0 0"><span class='ocrx_word' id='word_1_57' title='bbox 1015 1118 1345 1175; x_wconf 80' lang='lat' dir='ltr'><strong>EPISTULA</strong></span> <span class='ocrx_word' id='word_1_58' title='bbox 1385 1120 1447 1175; x_wconf 88' lang='lat' dir='ltr'><strong>ll.</strong></span> 
     </span>
    </p>
   </div>
   <div class='ocr_carea' id='block_1_10' title="bbox 908 1213 1546 1267">
    <p class='ocr_par' dir='ltr' id='par_1_10' title="bbox 908 1213 1546 1267">
     <span class='ocr_line' id='line_1_10' title="bbox 908 1213 1546 1267; baseline 0.005 -3"><span class='ocrx_word' id='word_1_59' title='bbox 908 1225 1162 1266; x_wconf 75' lang='lat' dir='ltr'><strong>ENNODIUS</strong></span> <span class='ocrx_word' id='word_1_60' title='bbox 1200 1213 1219 1242; x_wconf 84' lang='grc'>³</span> <span class='ocrx_word' id='word_1_61' title='bbox 1260 1227 1546 1267; x_wconf 67' lang='grc' dir='ltr'><strong>κληοιΑΝο.</strong></span> 
     </span>
    </p>
   </div>
   <div class='ocr_carea' id='block_1_11' title="bbox 506 1296 2014 1368">
    <p class='ocr_par' dir='ltr' id='par_1_11' title="bbox 506 1296 2014 1368">
     <span class='ocr_line' id='line_1_11' title="bbox 506 1296 2014 1368; baseline 0.005 -18"><span class='ocrx_word' id='word_1_62' title='bbox 506 1296 641 1350; x_wconf 89' lang='lat' dir='ltr'><strong>Dum</strong></span> <span class='ocrx_word' id='word_1_63' title='bbox 669 1297 810 1354; x_wconf 88' lang='lat' dir='ltr'><strong>inter</strong></span> <span class='ocrx_word' id='word_1_64' title='bbox 836 1314 984 1368; x_wconf 88' lang='lat' dir='ltr'><strong>spem</strong></span> <span class='ocrx_word' id='word_1_65' title='bbox 1012 1314 1065 1355; x_wconf 91' lang='lat' dir='ltr'><strong>et</strong></span> <span class='ocrx_word' id='word_1_66' title='bbox 1098 1310 1294 1357; x_wconf 91' lang='lat' dir='ltr'><strong>metum</strong></span> <span class='ocrx_word' id='word_1_67' title='bbox 1327 1302 1538 1357; x_wconf 90' lang='lat' dir='ltr'><strong>animus</strong></span> <span class='ocrx_word' id='word_1_68' title='bbox 1567 1317 1717 1357; x_wconf 84' lang='lat' dir='ltr'><strong>meus</strong></span> <span class='ocrx_word' id='word_1_69' title='bbox 1747 1302 1813 1357; x_wconf 88' lang='lat' dir='ltr'><strong>de</strong></span> <span class='ocrx_word' id='word_1_70' title='bbox 1839 1311 1891 1358; x_wconf 91' lang='lat' dir='ltr'><strong>te</strong></span> <span class='ocrx_word' id='word_1_71' title='bbox 1917 1318 2014 1357; x_wconf 80' lang='lat' dir='ltr'><strong>an-</strong></span> 
     </span>
    </p>
   </div>
   <div class='ocr_carea' id='block_1_12' title="bbox 437 1389 2017 1462">
    <p class='ocr_par' dir='ltr' id='par_1_12' title="bbox 437 1389 2017 1462">
     <span class='ocr_line' id='line_1_12' title="bbox 437 1389 2017 1462; baseline 0.002 -18"><span class='ocrx_word' id='word_1_72' title='bbox 437 1389 527 1444; x_wconf 77' lang='lat' dir='ltr'><strong>xio</strong></span> <span class='ocrx_word' id='word_1_73' title='bbox 563 1391 857 1457; x_wconf 73' lang='lat' dir='ltr'><strong>iactaretur</strong></span> <span class='ocrx_word' id='word_1_74' title='bbox 897 1393 1137 1457; x_wconf 87' lang='lat' dir='ltr'><strong>incerto,</strong></span> <span class='ocrx_word' id='word_1_75' title='bbox 1183 1393 1352 1447; x_wconf 86' lang='lat' dir='ltr'><strong>solida</strong></span> <span class='ocrx_word' id='word_1_76' title='bbox 1402 1392 1668 1462; x_wconf 82' lang='lat' dir='ltr'><strong>profectus</strong></span> <span class='ocrx_word' id='word_1_77' title='bbox 1710 1394 1785 1447; x_wconf 91' lang='lat' dir='ltr'><strong>tui</strong></span> <span class='ocrx_word' id='word_1_78' title='bbox 1824 1393 2017 1447; x_wconf 62' lang='lat' dir='ltr'><strong>iudicia</strong></span> 
     </span>
    </p>
   </div>
   <div class='ocr_carea' id='block_1_13' title="bbox 437 1479 2018 1553">
    <p class='ocr_par' dir='ltr' id='par_1_13' title="bbox 437 1479 2018 1553">
     <span class='ocr_line' id='line_1_13' title="bbox 437 1479 2018 1553; baseline 0.004 -20"><span class='ocrx_word' id='word_1_79' title='bbox 437 1479 689 1547; x_wconf 82' lang='lat' dir='ltr'><strong>Colloquii</strong></span> <span class='ocrx_word' id='word_1_80' title='bbox 734 1482 889 1533; x_wconf 66' lang='lat' dir='ltr'><strong>melle</strong></span> <span class='ocrx_word' id='word_1_81' title='bbox 938 1484 1232 1536; x_wconf 87' lang='lat' dir='ltr'><strong>reserasti:</strong></span> <span class='ocrx_word' id='word_1_82' title='bbox 1275 1483 1396 1551; x_wconf 91' lang='lat' dir='ltr'><strong>quia</strong></span> <span class='ocrx_word' id='word_1_83' title='bbox 1433 1482 1777 1537; x_wconf 76' lang='lat' dir='ltr'><strong>domesticam</strong></span> <span class='ocrx_word' id='word_1_84' title='bbox 1826 1485 2018 1553; x_wconf 81' lang='lat' dir='ltr'><strong>origini</strong></span> 
     </span>
    </p>
   </div>
   <div class='ocr_carea' id='block_1_14' title="bbox 439 1571 2016 1645">
    <p class='ocr_par' dir='ltr' id='par_1_14' title="bbox 439 1571 2016 1645">
     <span class='ocr_line' id='line_1_14' title="bbox 439 1571 2016 1645; baseline 0.004 -20"><span class='ocrx_word' id='word_1_85' title='bbox 439 1579 543 1625; x_wconf 69' lang='lat' dir='ltr'><strong>tum</strong></span> <span class='ocrx_word' id='word_1_86' title='bbox 569 1571 865 1627; x_wconf 81' lang='lat' dir='ltr'><strong>facundiam</strong></span> <span class='ocrx_word' id='word_1_87' title='bbox 892 1574 1061 1629; x_wconf 88' lang='lat' dir='ltr'><strong>ﬁdelis</strong></span> <span class='ocrx_word' id='word_1_88' title='bbox 1087 1575 1343 1629; x_wconf 68' lang='lat' dir='ltr'><strong>doctrinae</strong></span> <span class='ocrx_word' id='word_1_89' title='bbox 1372 1577 1541 1630; x_wconf 80' lang='lat' dir='ltr'><strong>haeres</strong></span> <span class='ocrx_word' id='word_1_90' title='bbox 1568 1575 1881 1645; x_wconf 86' lang='lat' dir='ltr'><strong>insequeris.</strong></span> <span class='ocrx_word' id='word_1_91' title='bbox 1901 1577 2016 1632; x_wconf 85' lang='lat' dir='ltr'><strong>Non</strong></span> 
     </span>
    </p>
   </div>
   <div class='ocr_carea' id='block_1_15' title="bbox 436 1662 2017 1738">
    <p class='ocr_par' dir='ltr' id='par_1_15' title="bbox 436 1662 2017 1738">
     <span class='ocr_line' id='line_1_15' title="bbox 436 1662 2017 1738; baseline 0.004 -21"><span class='ocrx_word' id='word_1_92' title='bbox 436 1662 744 1733; x_wconf 83' lang='lat' dir='ltr'><strong>degenerat,</strong></span> <span class='ocrx_word' id='word_1_93' title='bbox 780 1674 835 1719; x_wconf 78' lang='lat' dir='ltr'><strong>ut</strong></span> <span class='ocrx_word' id='word_1_94' title='bbox 861 1666 1036 1733; x_wconf 84' lang='lat' dir='ltr'><strong>video,</strong></span> <span class='ocrx_word' id='word_1_95' title='bbox 1072 1683 1199 1721; x_wconf 84' lang='lat' dir='ltr'><strong>vena</strong></span> <span class='ocrx_word' id='word_1_96' title='bbox 1223 1667 1556 1737; x_wconf 88' lang='lat' dir='ltr'><strong>linguarum;</strong></span> <span class='ocrx_word' id='word_1_97' title='bbox 1586 1678 1637 1722; x_wconf 90' lang='lat' dir='ltr'><strong>et</strong></span> <span class='ocrx_word' id='word_1_98' title='bbox 1665 1672 1870 1738; x_wconf 75' lang='lat' dir='ltr'><strong>peritia:</strong></span> <span class='ocrx_word' id='word_1_99' title='bbox 1896 1685 2017 1725; x_wconf 89' lang='lat' dir='ltr'><strong>suc-</strong></span> 
     </span>
    </p>
   </div>
   <div class='ocr_carea' id='block_1_16' title="bbox 434 1756 2014 1828">
    <p class='ocr_par' dir='ltr' id='par_1_16' title="bbox 434 1756 2014 1828">
     <span class='ocr_line' id='line_1_16' title="bbox 434 1756 2014 1828; baseline 0.005 -18"><span class='ocrx_word' id='word_1_100' title='bbox 434 1756 607 1810; x_wconf 82' lang='lat' dir='ltr'><strong>cessio</strong></span> <span class='ocrx_word' id='word_1_101' title='bbox 641 1756 728 1809; x_wconf 92' lang='lat' dir='ltr'><strong>illo</strong></span> <span class='ocrx_word' id='word_1_102' title='bbox 772 1773 876 1825; x_wconf 89' lang='lat' dir='ltr'><strong>quo</strong></span> <span class='ocrx_word' id='word_1_103' title='bbox 929 1760 1241 1826; x_wconf 88' lang='lat' dir='ltr'><strong>patrimonia</strong></span> <span class='ocrx_word' id='word_1_104' title='bbox 1284 1759 1405 1828; x_wconf 88' lang='lat' dir='ltr'><strong>jure</strong></span> <span class='ocrx_word' id='word_1_105' title='bbox 1450 1759 1720 1816; x_wconf 87' lang='lat' dir='ltr'><strong>discurrit.</strong></span> <span class='ocrx_word' id='word_1_106' title='bbox 1759 1762 2014 1817; x_wconf 87' lang='lat' dir='ltr'><strong>Putabam</strong></span> 
     </span>
    </p>
   </div>
   <div class='ocr_carea' id='block_1_17' title="bbox 2687 457 3143 516">
    <p class='ocr_par' dir='ltr' id='par_1_17' title="bbox 2687 457 3143 516">
     <span class='ocr_line' id='line_1_17' title="bbox 2687 457 3143 516; baseline 0.004 -2"><span class='ocrx_word' id='word_1_107' title='bbox 2687 457 3015 515; x_wconf 73' lang='lat' dir='ltr'><strong>EPISTOLA</strong></span> <span class='ocrx_word' id='word_1_108' title='bbox 3056 460 3143 516; x_wconf 92' lang='lat' dir='ltr'><strong>lll.</strong></span> 
     </span>
    </p>
   </div>
   <div class='ocr_carea' id='block_1_18' title="bbox 2536 538 3279 598">
    <p class='ocr_par' dir='ltr' id='par_1_18' title="bbox 2536 538 3279 598">
     <span class='ocr_line' id='line_1_18' title="bbox 2536 538 3279 598; baseline 0.008 -7"><span class='ocrx_word' id='word_1_109' title='bbox 2536 553 2791 592; x_wconf 71' lang='lat' dir='ltr'><strong>summus</strong></span> <span class='ocrx_word' id='word_1_110' title='bbox 2828 538 2851 569; x_wconf 69' lang='grc'><strong>⁸</strong></span> <span class='ocrx_word' id='word_1_111' title='bbox 2886 555 3108 595; x_wconf 79' lang='lat' dir='ltr'><strong>OPILIONI</strong></span> <span class='ocrx_word' id='word_1_112' title='bbox 3149 556 3200 596; x_wconf 93' lang='lat' dir='ltr'><strong>v.</strong></span> <span class='ocrx_word' id='word_1_113' title='bbox 3242 557 3279 598; x_wconf 88' lang='lat' dir='ltr'><strong>t.</strong></span> 
     </span>
    </p>
   </div>
   <div class='ocr_carea' id='block_1_19' title="bbox 2189 625 3700 705">
    <p class='ocr_par' dir='ltr' id='par_1_19' title="bbox 2189 625 3700 705">
     <span class='ocr_line' id='line_1_19' title="bbox 2189 625 3700 705; baseline 0.01 -25"><span class='ocrx_word' id='word_1_114' title='bbox 2189 625 2369 681; x_wconf 87' lang='lat' dir='ltr'><strong>Debeo</strong></span> <span class='ocrx_word' id='word_1_115' title='bbox 2398 628 2642 697; x_wconf 87' lang='lat' dir='ltr'><strong>equidem</strong></span> <span class='ocrx_word' id='word_1_116' title='bbox 2685 631 2951 699; x_wconf 84' lang='lat' dir='ltr'><strong>prioribus</strong></span> <span class='ocrx_word' id='word_1_117' title='bbox 2992 647 3251 702; x_wconf 84' lang='lat' dir='ltr'><strong>responsa</strong></span> <span class='ocrx_word' id='word_1_118' title='bbox 3288 634 3601 705; x_wconf 81' lang='lat' dir='ltr'><strong>colloquiis,</strong></span> <span class='ocrx_word' id='word_1_119' title='bbox 3644 648 3700 695; x_wconf 88' lang='lat' dir='ltr'><strong>et</strong></span> 
     </span>
    </p>
   </div>
   <div class='ocr_carea' id='block_1_20' title="bbox 2119 716 3699 798">
    <p class='ocr_par' dir='ltr' id='par_1_20' title="bbox 2119 716 3699 798">
     <span class='ocr_line' id='line_1_20' title="bbox 2119 716 3699 798; baseline 0.01 -29"><span class='ocrx_word' id='word_1_120' title='bbox 2119 716 2171 770; x_wconf 94' lang='lat' dir='ltr'><strong>in</strong></span> <span class='ocrx_word' id='word_1_121' title='bbox 2200 717 2457 785; x_wconf 89' lang='lat' dir='ltr'><strong>obsequio</strong></span> <span class='ocrx_word' id='word_1_122' title='bbox 2490 720 2744 788; x_wconf 89' lang='lat' dir='ltr'><strong>propositi</strong></span> <span class='ocrx_word' id='word_1_123' title='bbox 2780 723 2859 777; x_wconf 88' lang='lat' dir='ltr'><strong>vel</strong></span> <span class='ocrx_word' id='word_1_124' title='bbox 2905 722 3143 790; x_wconf 78' lang='lat' dir='ltr'><strong>pudmis,</strong></span> <span class='ocrx_word' id='word_1_125' title='bbox 3175 726 3275 779; x_wconf 90' lang='lat' dir='ltr'><strong>nisi</strong></span> <span class='ocrx_word' id='word_1_126' title='bbox 3318 727 3504 798; x_wconf 87' lang='lat' dir='ltr'><strong>pagina</strong></span> <span class='ocrx_word' id='word_1_127' title='bbox 3534 732 3699 785; x_wconf 81' lang='lat' dir='ltr'><strong>rusti-</strong></span> 
     </span>
    </p>
   </div>
   <div class='ocr_carea' id='block_1_21' title="bbox 2118 807 3701 886">
    <p class='ocr_par' dir='ltr' id='par_1_21' title="bbox 2118 807 3701 886">
     <span class='ocr_line' id='line_1_21' title="bbox 2118 807 3701 886; baseline 0.009 -27"><span class='ocrx_word' id='word_1_128' title='bbox 2118 816 2273 860; x_wconf 92' lang='lat' dir='ltr'><strong>cante</strong></span> <span class='ocrx_word' id='word_1_129' title='bbox 2293 807 2633 876; x_wconf 85' lang='lat' dir='ltr'><strong>displiceam,</strong></span> <span class='ocrx_word' id='word_1_130' title='bbox 2664 820 2882 880; x_wconf 89' lang='lat' dir='ltr'><strong>accepta</strong></span> <span class='ocrx_word' id='word_1_131' title='bbox 2910 813 3213 881; x_wconf 86' lang='lat' dir='ltr'><strong>geminare;</strong></span> <span class='ocrx_word' id='word_1_132' title='bbox 3261 830 3329 870; x_wconf 90' lang='lat' dir='ltr'><strong>ne</strong></span> <span class='ocrx_word' id='word_1_133' title='bbox 3364 818 3588 886; x_wconf 90' lang='lat' dir='ltr'><strong>potioris</strong></span> <span class='ocrx_word' id='word_1_134' title='bbox 3615 821 3701 875; x_wconf 62' lang='lat' dir='ltr'><strong>dit</strong></span> 
     </span>
    </p>
   </div>
   <div class='ocr_carea' id='block_1_22' title="bbox 2117 899 3700 976">
    <p class='ocr_par' dir='ltr' id='par_1_22' title="bbox 2117 899 3700 976">
     <span class='ocr_line' id='line_1_22' title="bbox 2117 899 3700 976; baseline 0.011 -27"><span class='ocrx_word' id='word_1_135' title='bbox 2117 899 2298 966; x_wconf 90' lang='lat' dir='ltr'><strong>gnatio</strong></span> <span class='ocrx_word' id='word_1_136' title='bbox 2336 900 2402 952; x_wconf 89' lang='lat' dir='ltr'><strong>ad</strong></span> <span class='ocrx_word' id='word_1_137' title='bbox 2437 901 2803 969; x_wconf 73' lang='lat' dir='ltr'><strong>pcenitentiam</strong></span> <span class='ocrx_word' id='word_1_138' title='bbox 2840 903 3025 958; x_wconf 90' lang='lat' dir='ltr'><strong>redeat</strong></span> <span class='ocrx_word' id='word_1_139' title='bbox 3067 904 3135 961; x_wconf 92' lang='lat' dir='ltr'><strong>de</strong></span> <span class='ocrx_word' id='word_1_140' title='bbox 3171 906 3512 976; x_wconf 86' lang='lat' dir='ltr'><strong>abjurat&#39;one</strong></span> <span class='ocrx_word' id='word_1_141' title='bbox 3548 910 3700 966; x_wconf 87' lang='lat' dir='ltr'><strong>fasti-</strong></span> 
     </span>
    </p>
   </div>
   <div class='ocr_carea' id='block_1_23' title="bbox 2119 988 3698 1073">
    <p class='ocr_par' dir='ltr' id='par_1_23' title="bbox 2119 988 3698 1073">
     <span class='ocr_line' id='line_1_23' title="bbox 2119 988 3698 1073; baseline 0.011 -30"><span class='ocrx_word' id='word_1_142' title='bbox 2119 988 2213 1044; x_wconf 89' lang='lat' dir='ltr'><strong>dii.</strong></span> <span class='ocrx_word' id='word_1_143' title='bbox 2244 989 2439 1046; x_wconf 84' lang='lat' dir='ltr'><strong>Nostro</strong></span> <span class='ocrx_word' id='word_1_144' title='bbox 2466 992 2607 1047; x_wconf 91' lang='lat' dir='ltr'><strong>enim</strong></span> <span class='ocrx_word' id='word_1_145' title='bbox 2636 995 2767 1049; x_wconf 91' lang='lat' dir='ltr'><strong>vitio</strong></span> <span class='ocrx_word' id='word_1_146' title='bbox 2794 995 2846 1049; x_wconf 94' lang='lat' dir='ltr'><strong>in</strong></span> <span class='ocrx_word' id='word_1_147' title='bbox 2870 997 3104 1052; x_wconf 90' lang='lat' dir='ltr'><strong>culmine</strong></span> <span class='ocrx_word' id='word_1_148' title='bbox 3128 999 3400 1056; x_wconf 88' lang='lat' dir='ltr'><strong>constituti</strong></span> <span class='ocrx_word' id='word_1_149' title='bbox 3421 1005 3698 1073; x_wconf 82' lang='lat' dir='ltr'><strong>supercilii</strong></span> 
     </span>
    </p>
   </div>
   <div class='ocr_carea' id='block_1_24' title="bbox 2117 1082 3700 1163">
    <p class='ocr_par' dir='ltr' id='par_1_24' title="bbox 2117 1082 3700 1163">
     <span class='ocr_line' id='line_1_24' title="bbox 2117 1082 3700 1163; baseline 0.01 -27"><span class='ocrx_word' id='word_1_150' title='bbox 2117 1082 2429 1137; x_wconf 89' lang='lat' dir='ltr'><strong>memoriam</strong></span> <span class='ocrx_word' id='word_1_151' title='bbox 2457 1099 2562 1139; x_wconf 90' lang='lat' dir='ltr'><strong>non</strong></span> <span class='ocrx_word' id='word_1_152' title='bbox 2590 1086 2869 1155; x_wconf 89' lang='lat' dir='ltr'><strong>amittunt,</strong></span> <span class='ocrx_word' id='word_1_153' title='bbox 2901 1089 2948 1143; x_wconf 86' lang='lat' dir='ltr'><strong>si</strong></span> <span class='ocrx_word' id='word_1_154' title='bbox 2980 1090 3108 1144; x_wconf 88' lang='lat' dir='ltr'><strong>illttd</strong></span> <span class='ocrx_word' id='word_1_155' title='bbox 3141 1093 3280 1147; x_wconf 90' lang='lat' dir='ltr'><strong>male</strong></span> <span class='ocrx_word' id='word_1_156' title='bbox 3306 1108 3473 1163; x_wconf 77' lang='lat' dir='ltr'><strong>genus</strong></span> <span class='ocrx_word' id='word_1_157' title='bbox 3503 1095 3700 1152; x_wconf 86' lang='lat' dir='ltr'><strong>sectari</strong></span> 
     </span>
    </p>
   </div>
   <div class='ocr_carea' id='block_1_25' title="bbox 2119 1176 3700 1250">
    <p class='ocr_par' dir='ltr' id='par_1_25' title="bbox 2119 1176 3700 1250">
     <span class='ocr_line' id='line_1_25' title="bbox 2119 1176 3700 1250; baseline 0.011 -19"><span class='ocrx_word' id='word_1_158' title='bbox 2119 1186 2175 1231; x_wconf 93' lang='lat' dir='ltr'><strong>et</strong></span> <span class='ocrx_word' id='word_1_159' title='bbox 2217 1176 2444 1234; x_wconf 85' lang='lat' dir='ltr'><strong>humiles</strong></span> <span class='ocrx_word' id='word_1_160' title='bbox 2484 1182 2842 1250; x_wconf 77' lang='lat' dir='ltr'><strong>suspicentur.</strong></span> <span class='ocrx_word' id='word_1_161' title='bbox 2874 1184 3006 1240; x_wconf 89' lang='lat' dir='ltr'><strong>Cum</strong></span> <span class='ocrx_word' id='word_1_162' title='bbox 3052 1188 3192 1241; x_wconf 90' lang='lat' dir='ltr'><strong>enim</strong></span> <span class='ocrx_word' id='word_1_163' title='bbox 3245 1190 3700 1250; x_wconf 86' lang='lat' dir='ltr'><strong>eminentissimos</strong></span> 
     </span>
    </p>
   </div>
   <div class='ocr_carea' id='block_1_26' title="bbox 2119 1268 3700 1348">
    <p class='ocr_par' dir='ltr' id='par_1_26' title="bbox 2119 1268 3700 1348">
     <span class='ocr_line' id='line_1_26' title="bbox 2119 1268 3700 1348; baseline 0.013 -29"><span class='ocrx_word' id='word_1_164' title='bbox 2119 1268 2327 1321; x_wconf 71' lang='lat' dir='ltr'><strong>attollat</strong></span> <span class='ocrx_word' id='word_1_165' title='bbox 2353 1270 2629 1339; x_wconf 75' lang='lat' dir='ltr'><strong>castigatio</strong></span> <span class='ocrx_word' id='word_1_166' title='bbox 2658 1288 2776 1343; x_wconf 85' lang='lat' dir='ltr'><strong>sua,</strong></span> <span class='ocrx_word' id='word_1_167' title='bbox 2796 1283 2851 1329; x_wconf 89' lang='lat' dir='ltr'><strong>et</strong></span> <span class='ocrx_word' id='word_1_168' title='bbox 2876 1276 3135 1331; x_wconf 85' lang='lat' dir='ltr'><strong>honorum</strong></span> <span class='ocrx_word' id='word_1_169' title='bbox 3165 1278 3439 1348; x_wconf 90' lang='lat' dir='ltr'><strong>plenitudo</strong></span> <span class='ocrx_word' id='word_1_170' title='bbox 3470 1285 3700 1339; x_wconf 63' lang='lat' dir='ltr'><strong>sarcula-</strong></span> 
     </span>
    </p>
   </div>
   <div class='ocr_carea' id='block_1_27' title="bbox 2118 1358 3700 1441">
    <p class='ocr_par' dir='ltr' id='par_1_27' title="bbox 2118 1358 3700 1441">
     <span class='ocr_line' id='line_1_27' title="bbox 2118 1358 3700 1441; baseline 0.012 -30"><span class='ocrx_word' id='word_1_171' title='bbox 2118 1358 2255 1411; x_wconf 84' lang='lat' dir='ltr'><strong>riutn</strong></span> <span class='ocrx_word' id='word_1_172' title='bbox 2295 1358 2396 1413; x_wconf 90' lang='lat' dir='ltr'><strong>hoc</strong></span> <span class='ocrx_word' id='word_1_173' title='bbox 2425 1361 2541 1416; x_wconf 91' lang='lat' dir='ltr'><strong>solo</strong></span> <span class='ocrx_word' id='word_1_174' title='bbox 2576 1364 2801 1419; x_wconf 86' lang='lat' dir='ltr'><strong>artiﬁcio</strong></span> <span class='ocrx_word' id='word_1_175' title='bbox 2831 1367 3061 1436; x_wconf 89' lang='lat' dir='ltr'><strong>patiatur</strong></span> <span class='ocrx_word' id='word_1_176' title='bbox 3099 1380 3411 1441; x_wconf 88' lang='lat' dir='ltr'><strong>augmenta,</strong></span> <span class='ocrx_word' id='word_1_177' title='bbox 3451 1376 3700 1430; x_wconf 88' lang='lat' dir='ltr'><strong>conside-</strong></span> 
     </span>
    </p>
   </div>
   <div class='ocr_carea' id='block_1_28' title="bbox 2119 1450 3699 1535">
    <p class='ocr_par' dir='ltr' id='par_1_28' title="bbox 2119 1450 3699 1535">
     <span class='ocr_line' id='line_1_28' title="bbox 2119 1450 3699 1535; baseline 0.014 -33"><span class='ocrx_word' id='word_1_178' title='bbox 2119 1450 2345 1504; x_wconf 90' lang='lat' dir='ltr'><strong>randum</strong></span> <span class='ocrx_word' id='word_1_179' title='bbox 2388 1460 2473 1507; x_wconf 90' lang='lat' dir='ltr'><strong>est</strong></span> <span class='ocrx_word' id='word_1_180' title='bbox 2517 1456 2640 1524; x_wconf 92' lang='lat' dir='ltr'><strong>quid</strong></span> <span class='ocrx_word' id='word_1_181' title='bbox 2685 1457 2908 1524; x_wconf 69' lang='lat' dir='ltr'><strong>abiectis</strong></span> <span class='ocrx_word' id='word_1_182' title='bbox 2953 1460 3263 1517; x_wconf 87' lang='lat' dir='ltr'><strong>detrimenti</strong></span> <span class='ocrx_word' id='word_1_183' title='bbox 3312 1466 3485 1535; x_wconf 86' lang='lat' dir='ltr'><strong>pariat</strong></span> <span class='ocrx_word' id='word_1_184' title='bbox 3526 1477 3699 1524; x_wconf 84' lang='lat' dir='ltr'><strong>status</strong></span> 
     </span>
    </p>
   </div>
   <div class='ocr_carea' id='block_1_29' title="bbox 2120 1544 3697 1625">
    <p class='ocr_par' dir='ltr' id='par_1_29' title="bbox 2120 1544 3697 1625">
     <span class='ocr_line' id='line_1_29' title="bbox 2120 1544 3697 1625; baseline 0.014 -31"><span class='ocrx_word' id='word_1_185' title='bbox 2120 1544 2360 1611; x_wconf 84' lang='lat' dir='ltr'><strong>angustia</strong></span> <span class='ocrx_word' id='word_1_186' title='bbox 2390 1561 2495 1600; x_wconf 86' lang='lat' dir='ltr'><strong>non</strong></span> <span class='ocrx_word' id='word_1_187' title='bbox 2526 1548 2715 1603; x_wconf 87' lang='lat' dir='ltr'><strong>tnetiti.</strong></span> <span class='ocrx_word' id='word_1_188' title='bbox 2744 1550 2886 1620; x_wconf 89' lang='lat' dir='ltr'><strong>Ergo</strong></span> <span class='ocrx_word' id='word_1_189' title='bbox 2920 1553 3152 1609; x_wconf 90' lang='lat' dir='ltr'><strong>sufﬁciat</strong></span> <span class='ocrx_word' id='word_1_190' title='bbox 3195 1560 3543 1625; x_wconf 87' lang='lat' dir='ltr'><strong>magnitudini</strong></span> <span class='ocrx_word' id='word_1_191' title='bbox 3597 1557 3697 1616; x_wconf 66' lang='lat' dir='ltr'><strong>ite-</strong></span> 
     </span>
    </p>
   </div>
   <div class='ocr_carea' id='block_1_30' title="bbox 2118 1638 3699 1724">
    <p class='ocr_par' dir='ltr' id='par_1_30' title="bbox 2118 1638 3699 1724">
     <span class='ocr_line' id='line_1_30' title="bbox 2118 1638 3699 1724; baseline 0.014 -36"><span class='ocrx_word' id='word_1_192' title='bbox 2118 1644 2243 1689; x_wconf 68' lang='lat' dir='ltr'><strong>strae</strong></span> <span class='ocrx_word' id='word_1_193' title='bbox 2269 1638 2409 1705; x_wconf 91' lang='lat' dir='ltr'><strong>quod</strong></span> <span class='ocrx_word' id='word_1_194' title='bbox 2443 1651 2558 1707; x_wconf 78' lang='lat' dir='ltr'><strong>past</strong></span> <span class='ocrx_word' id='word_1_195' title='bbox 2580 1640 2847 1710; x_wconf 88' lang='lat' dir='ltr'><strong>duplicem</strong></span> <span class='ocrx_word' id='word_1_196' title='bbox 2873 1644 3214 1714; x_wconf 88' lang='lat' dir='ltr'><strong>scriptionem</strong></span> <span class='ocrx_word' id='word_1_197' title='bbox 3238 1651 3413 1705; x_wconf 88' lang='lat' dir='ltr'><strong>sentio</strong></span> <span class='ocrx_word' id='word_1_198' title='bbox 3443 1654 3567 1722; x_wconf 92' lang='lat' dir='ltr'><strong>quid</strong></span> <span class='ocrx_word' id='word_1_199' title='bbox 3605 1670 3699 1724; x_wconf 88' lang='lat' dir='ltr'><strong>per</strong></span> 
     </span>
    </p>
   </div>
   <div class='ocr_carea' id='block_1_31' title="bbox 2120 1728 3697 1812">
    <p class='ocr_par' dir='ltr' id='par_1_31' title="bbox 2120 1728 3697 1812">
     <span class='ocr_line' id='line_1_31' title="bbox 2120 1728 3697 1812; baseline 0.014 -34"><span class='ocrx_word' id='word_1_200' title='bbox 2120 1728 2390 1783; x_wconf 87' lang='lat' dir='ltr'><strong>silentium</strong></span> <span class='ocrx_word' id='word_1_201' title='bbox 2434 1733 2635 1787; x_wconf 87' lang='lat' dir='ltr'><strong>erroris</strong></span> <span class='ocrx_word' id='word_1_202' title='bbox 2679 1734 3015 1789; x_wconf 90' lang='lat' dir='ltr'><strong>incurrerim.</strong></span> <span class='ocrx_word' id='word_1_203' title='bbox 3061 1737 3168 1793; x_wconf 90' lang='lat' dir='ltr'><strong>Sed</strong></span> <span class='ocrx_word' id='word_1_204' title='bbox 3209 1740 3381 1807; x_wconf 91' lang='lat' dir='ltr'><strong>timui,</strong></span> <span class='ocrx_word' id='word_1_205' title='bbox 3413 1746 3697 1812; x_wconf 87' lang='lat' dir='ltr'><strong>conﬁteor,</strong></span> 
     </span>
    </p>
   </div>
   <div class='ocr_carea' id='block_1_32' title="bbox 432 1822 3696 1921">
    <p class='ocr_par' dir='ltr' id='par_1_32' title="bbox 432 1822 3696 1921">
     <span class='ocr_line' id='line_1_32' title="bbox 432 1822 3696 1921; baseline 0.004 -20"><span class='ocrx_word' id='word_1_206' title='bbox 432 1848 672 1903; x_wconf 74' lang='lat' dir='ltr'><strong>scientite</strong></span> <span class='ocrx_word' id='word_1_207' title='bbox 697 1849 847 1904; x_wconf 75' lang='lat' dir='ltr'><strong>dozes</strong></span> <span class='ocrx_word' id='word_1_208' title='bbox 875 1866 985 1905; x_wconf 90' lang='lat' dir='ltr'><strong>rem</strong></span> <span class='ocrx_word' id='word_1_209' title='bbox 1020 1860 1220 1906; x_wconf 84' lang='lat' dir='ltr'><strong>tantum</strong></span> <span class='ocrx_word' id='word_1_210' title='bbox 1267 1851 1602 1921; x_wconf 89' lang='lat' dir='ltr'><strong>ingeniorum</strong></span> <span class='ocrx_word' id='word_1_211' title='bbox 1633 1870 1773 1919; x_wconf 50' lang='lat' dir='ltr'><strong>esse,</strong></span> <span class='ocrx_word' id='word_1_212' title='bbox 1804 1871 1910 1908; x_wconf 92' lang='lat' dir='ltr'><strong>non</strong></span> <span class='ocrx_word' id='word_1_213' title='bbox 1936 1856 2014 1910; x_wconf 83' lang='lat' dir='ltr'><strong>fa—</strong></span> <span class='ocrx_word' id='word_1_214' title='bbox 2045 1828 2094 1888; x_wconf 81' lang='grc' dir='ltr'><strong>Β</strong></span> <span class='ocrx_word' id='word_1_215' title='bbox 2121 1835 2187 1921; x_wconf 56' lang='grc' dir='ltr'><strong>’ξθ</strong></span> <span class='ocrx_word' id='word_1_216' title='bbox 2216 1822 2279 1874; x_wconf 67' lang='lat' dir='ltr'><strong>ad</strong></span> <span class='ocrx_word' id='word_1_217' title='bbox 2312 1823 2500 1921; x_wconf 42' lang='lat' dir='ltr'><strong>vim”?</strong></span> <span class='ocrx_word' id='word_1_218' title='bbox 2548 1827 2887 1921; x_wconf 29' lang='lat' dir='ltr'><strong>&quot;mamma</strong></span> <span class='ocrx_word' id='word_1_219' title='bbox 2923 1827 3042 1896; x_wconf 50' lang='lat'><strong>{&quot;33</strong></span> <span class='ocrx_word' id='word_1_220' title='bbox 3076 1831 3381 1899; x_wconf 48' lang='lat' dir='ltr'><strong>culparum;</strong></span> <span class='ocrx_word' id='word_1_221' title='bbox 3423 1843 3476 1887; x_wconf 68' lang='grc' dir='ltr'>εί</span> <span class='ocrx_word' id='word_1_222' title='bbox 3515 1851 3696 1892; x_wconf 58' lang='lat' dir='ltr'><strong>sermo</strong></span> 
     </span>
    </p>
   </div>
   <div class='ocr_carea' id='block_1_33' title="bbox 431 1940 2012 2015">
    <p class='ocr_par' dir='ltr' id='par_1_33' title="bbox 431 1940 2012 2015">
     <span class='ocr_line' id='line_1_33' title="bbox 431 1940 2012 2015; baseline 0.006 -22"><span class='ocrx_word' id='word_1_223' title='bbox 431 1940 613 2009; x_wconf 68' lang='lat' dir='ltr'><strong>milite,</strong></span> <span class='ocrx_word' id='word_1_224' title='bbox 672 1957 771 1995; x_wconf 92' lang='lat' dir='ltr'><strong>nec</strong></span> <span class='ocrx_word' id='word_1_225' title='bbox 812 1943 933 1997; x_wconf 91' lang='lat' dir='ltr'><strong>duci</strong></span> <span class='ocrx_word' id='word_1_226' title='bbox 980 1959 1075 2013; x_wconf 90' lang='lat' dir='ltr'><strong>per</strong></span> <span class='ocrx_word' id='word_1_227' title='bbox 1121 1953 1400 2000; x_wconf 88' lang='lat' dir='ltr'><strong>stemmata</strong></span> <span class='ocrx_word' id='word_1_228' title='bbox 1449 1946 1590 2015; x_wconf 90' lang='lat' dir='ltr'><strong>quod</strong></span> <span class='ocrx_word' id='word_1_229' title='bbox 1641 1947 1790 2001; x_wconf 90' lang='lat' dir='ltr'><strong>labor</strong></span> <span class='ocrx_word' id='word_1_230' title='bbox 1838 1950 2012 2003; x_wconf 86' lang='lat' dir='ltr'><strong>conti-</strong></span> 
     </span>
    </p>
   </div>
   <div class='ocr_carea' id='block_1_34' title="bbox 430 2034 2013 2109">
    <p class='ocr_par' dir='ltr' id='par_1_34' title="bbox 430 2034 2013 2109">
     <span class='ocr_line' id='line_1_34' title="bbox 430 2034 2013 2109; baseline 0.006 -22"><span class='ocrx_word' id='word_1_231' title='bbox 430 2048 566 2087; x_wconf 79' lang='lat' dir='ltr'><strong>nuus</strong></span> <span class='ocrx_word' id='word_1_232' title='bbox 595 2044 648 2088; x_wconf 91' lang='lat' dir='ltr'><strong>et</strong></span> <span class='ocrx_word' id='word_1_233' title='bbox 677 2034 975 2089; x_wconf 83' lang='lat' dir='ltr'><strong>indefessus</strong></span> <span class='ocrx_word' id='word_1_234' title='bbox 1025 2036 1187 2090; x_wconf 84' lang='lat' dir='ltr'><strong>sudor</strong></span> <span class='ocrx_word' id='word_1_235' title='bbox 1231 2036 1559 2106; x_wconf 80' lang='lat' dir='ltr'><strong>adipiscitur.</strong></span> <span class='ocrx_word' id='word_1_236' title='bbox 1601 2038 1726 2104; x_wconf 89' lang='lat' dir='ltr'><strong>Sed,</strong></span> <span class='ocrx_word' id='word_1_237' title='bbox 1759 2050 2013 2109; x_wconf 89' lang='lat' dir='ltr'><strong>quantum</strong></span> 
     </span>
    </p>
   </div>
   <div class='ocr_carea' id='block_1_35' title="bbox 430 2126 2015 2201">
    <p class='ocr_par' dir='ltr' id='par_1_35' title="bbox 430 2126 2015 2201">
     <span class='ocr_line' id='line_1_35' title="bbox 430 2126 2015 2201; baseline 0.006 -22"><span class='ocrx_word' id='word_1_238' title='bbox 430 2133 673 2194; x_wconf 88' lang='lat' dir='ltr'><strong>apparet,</strong></span> <span class='ocrx_word' id='word_1_239' title='bbox 698 2126 918 2182; x_wconf 88' lang='lat' dir='ltr'><strong>ordines</strong></span> <span class='ocrx_word' id='word_1_240' title='bbox 948 2141 1075 2181; x_wconf 91' lang='lat' dir='ltr'><strong>suos</strong></span> <span class='ocrx_word' id='word_1_241' title='bbox 1093 2135 1270 2181; x_wconf 71' lang='lat' dir='ltr'><strong>servat</strong></span> <span class='ocrx_word' id='word_1_242' title='bbox 1298 2128 1620 2196; x_wconf 76' lang='lat' dir='ltr'><strong>eloquentia,</strong></span> <span class='ocrx_word' id='word_1_243' title='bbox 1652 2141 1705 2185; x_wconf 90' lang='lat' dir='ltr'><strong>et</strong></span> <span class='ocrx_word' id='word_1_244' title='bbox 1731 2133 1839 2186; x_wconf 93' lang='lat' dir='ltr'><strong>oris</strong></span> <span class='ocrx_word' id='word_1_245' title='bbox 1868 2148 2015 2201; x_wconf 89' lang='lat' dir='ltr'><strong>pom-</strong></span> 
     </span>
    </p>
   </div>
   <div class='ocr_carea' id='block_1_36' title="bbox 430 2220 2010 2293">
    <p class='ocr_par' dir='ltr' id='par_1_36' title="bbox 430 2220 2010 2293">
     <span class='ocr_line' id='line_1_36' title="bbox 430 2220 2010 2293; baseline 0.004 -21"><span class='ocrx_word' id='word_1_246' title='bbox 430 2232 499 2288; x_wconf 91' lang='lat' dir='ltr'><strong>pa</strong></span> <span class='ocrx_word' id='word_1_247' title='bbox 531 2234 646 2287; x_wconf 79' lang='lat' dir='ltr'><strong>qua:</strong></span> <span class='ocrx_word' id='word_1_248' title='bbox 678 2220 965 2274; x_wconf 80' lang='lat' dir='ltr'><strong>exundavit</strong></span> <span class='ocrx_word' id='word_1_249' title='bbox 993 2221 1046 2273; x_wconf 92' lang='lat' dir='ltr'><strong>in</strong></span> <span class='ocrx_word' id='word_1_250' title='bbox 1076 2221 1340 2275; x_wconf 63' lang='lat' dir='ltr'><strong>veteribus</strong></span> <span class='ocrx_word' id='word_1_251' title='bbox 1361 2263 1374 2287; x_wconf 93' lang='lat'><strong>,</strong></span> <span class='ocrx_word' id='word_1_252' title='bbox 1408 2222 1599 2291; x_wconf 85' lang='lat' dir='ltr'><strong>migrat</strong></span> <span class='ocrx_word' id='word_1_253' title='bbox 1623 2224 1688 2277; x_wconf 90' lang='lat' dir='ltr'><strong>ad</strong></span> <span class='ocrx_word' id='word_1_254' title='bbox 1721 2234 1964 2293; x_wconf 90' lang='lat' dir='ltr'><strong>posteros</strong></span> <span class='ocrx_word' id='word_1_255' title='bbox 1998 2245 2010 2279; x_wconf 92' lang='lat'><strong>:</strong></span> 
     </span>
    </p>
   </div>
   <div class='ocr_carea' id='block_1_37' title="bbox 432 2311 2015 2382">
    <p class='ocr_par' dir='ltr' id='par_1_37' title="bbox 432 2311 2015 2382">
     <span class='ocr_line' id='line_1_37' title="bbox 432 2311 2015 2382; baseline 0.006 -19"><span class='ocrx_word' id='word_1_256' title='bbox 432 2311 722 2363; x_wconf 78' lang='lat' dir='ltr'><strong>concordat</strong></span> <span class='ocrx_word' id='word_1_257' title='bbox 743 2312 981 2366; x_wconf 71' lang='lat' dir='ltr'><strong>scientia:</strong></span> <span class='ocrx_word' id='word_1_258' title='bbox 1009 2326 1198 2366; x_wconf 87' lang='lat' dir='ltr'><strong>cursus</strong></span> <span class='ocrx_word' id='word_1_259' title='bbox 1226 2323 1279 2367; x_wconf 94' lang='lat' dir='ltr'><strong>et</strong></span> <span class='ocrx_word' id='word_1_260' title='bbox 1308 2312 1584 2367; x_wconf 82' lang='lat' dir='ltr'><strong>ﬂuminum</strong></span> <span class='ocrx_word' id='word_1_261' title='bbox 1620 2333 1631 2366; x_wconf 92' lang='lat'>:</span> <span class='ocrx_word' id='word_1_262' title='bbox 1668 2330 1761 2382; x_wconf 91' lang='lat' dir='ltr'><strong>per</strong></span> <span class='ocrx_word' id='word_1_263' title='bbox 1789 2332 2015 2373; x_wconf 42' lang='lat' dir='ltr'><strong>consue-</strong></span> 
     </span>
    </p>
   </div>
   <div class='ocr_carea' id='block_1_38' title="bbox 434 2404 2015 2475">
    <p class='ocr_par' dir='ltr' id='par_1_38' title="bbox 434 2404 2015 2475">
     <span class='ocr_line' id='line_1_38' title="bbox 434 2404 2015 2475; baseline 0.005 -18"><span class='ocrx_word' id='word_1_264' title='bbox 434 2412 517 2457; x_wconf 92' lang='lat' dir='ltr'><strong>tos</strong></span> <span class='ocrx_word' id='word_1_265' title='bbox 547 2404 725 2459; x_wconf 87' lang='lat' dir='ltr'><strong>alveos</strong></span> <span class='ocrx_word' id='word_1_266' title='bbox 754 2415 807 2458; x_wconf 92' lang='lat' dir='ltr'><strong>et</strong></span> <span class='ocrx_word' id='word_1_267' title='bbox 837 2406 1045 2460; x_wconf 88' lang='lat' dir='ltr'><strong>dicendi</strong></span> <span class='ocrx_word' id='word_1_268' title='bbox 1089 2406 1230 2459; x_wconf 91' lang='lat' dir='ltr'><strong>unda</strong></span> <span class='ocrx_word' id='word_1_269' title='bbox 1276 2407 1601 2475; x_wconf 62' lang='lat' dir='ltr'><strong>praelabitur.</strong></span> <span class='ocrx_word' id='word_1_270' title='bbox 1652 2407 1805 2462; x_wconf 81' lang='lat' dir='ltr'><strong>Venit</strong></span> <span class='ocrx_word' id='word_1_271' title='bbox 1845 2410 1910 2463; x_wconf 89' lang='lat' dir='ltr'><strong>ad</strong></span> <span class='ocrx_word' id='word_1_272' title='bbox 1961 2418 2015 2466; x_wconf 93' lang='lat' dir='ltr'><strong>te</strong></span> 
     </span>
    </p>
   </div>
   <div class='ocr_carea' id='block_1_39' title="bbox 432 2498 2011 2567">
    <p class='ocr_par' dir='ltr' id='par_1_39' title="bbox 432 2498 2011 2567">
     <span class='ocr_line' id='line_1_39' title="bbox 432 2498 2011 2567; baseline 0.004 -17"><span class='ocrx_word' id='word_1_273' title='bbox 432 2510 555 2550; x_wconf 90' lang='lat' dir='ltr'><strong>cum</strong></span> <span class='ocrx_word' id='word_1_274' title='bbox 586 2512 747 2552; x_wconf 86' lang='lat' dir='ltr'><strong>censu</strong></span> <span class='ocrx_word' id='word_1_275' title='bbox 781 2499 945 2567; x_wconf 90' lang='lat' dir='ltr'><strong>patris</strong></span> <span class='ocrx_word' id='word_1_276' title='bbox 970 2498 1229 2565; x_wconf 88' lang='lat' dir='ltr'><strong>eruditio;</strong></span> <span class='ocrx_word' id='word_1_277' title='bbox 1262 2509 1315 2554; x_wconf 89' lang='lat' dir='ltr'><strong>et</strong></span> <span class='ocrx_word' id='word_1_278' title='bbox 1353 2499 1493 2553; x_wconf 90' lang='lat' dir='ltr'><strong>bono</strong></span> <span class='ocrx_word' id='word_1_279' title='bbox 1519 2501 1717 2553; x_wconf 85' lang='lat' dir='ltr'><strong>sobolis</strong></span> <span class='ocrx_word' id='word_1_280' title='bbox 1741 2502 2011 2557; x_wconf 87' lang='lat' dir='ltr'><strong>Asterium</strong></span> 
     </span>
    </p>
   </div>
   <div class='ocr_carea' id='block_1_40' title="bbox 432 2589 2012 2656">
    <p class='ocr_par' dir='ltr' id='par_1_40' title="bbox 432 2589 2012 2656">
     <span class='ocr_line' id='line_1_40' title="bbox 432 2589 2012 2656; baseline 0.005 -15"><span class='ocrx_word' id='word_1_281' title='bbox 432 2589 674 2656; x_wconf 87' lang='lat' dir='ltr'><strong>sepulcra</strong></span> <span class='ocrx_word' id='word_1_282' title='bbox 723 2591 1027 2655; x_wconf 63' lang='lat' dir='ltr'><strong>restituunt.</strong></span> <span class='ocrx_word' id='word_1_283' title='bbox 1066 2589 1263 2653; x_wconf 88' lang='lat' dir='ltr'><strong>Invidi,</strong></span> <span class='ocrx_word' id='word_1_284' title='bbox 1316 2590 1504 2656; x_wconf 85' lang='lat' dir='ltr'><strong>fateor,</strong></span> <span class='ocrx_word' id='word_1_285' title='bbox 1554 2591 1809 2647; x_wconf 91' lang='lat' dir='ltr'><strong>hactenus</strong></span> <span class='ocrx_word' id='word_1_286' title='bbox 1858 2595 2012 2650; x_wconf 92' lang='lat' dir='ltr'><strong>annis</strong></span> 
     </span>
    </p>
   </div>
   <div class='ocr_carea' id='block_1_41' title="bbox 434 2679 2011 2739">
    <p class='ocr_par' dir='ltr' id='par_1_41' title="bbox 434 2679 2011 2739">
     <span class='ocr_line' id='line_1_41' title="bbox 434 2679 2011 2739; baseline 0.004 -7"><span class='ocrx_word' id='word_1_287' title='bbox 434 2679 755 2734; x_wconf 81' lang='lat' dir='ltr'><strong>senioribus.</strong></span> <span class='ocrx_word' id='word_1_288' title='bbox 794 2681 858 2735; x_wconf 88' lang='lat' dir='ltr'><strong>Et</strong></span> <span class='ocrx_word' id='word_1_289' title='bbox 886 2689 1095 2735; x_wconf 69' lang='lat' dir='ltr'><strong>tetatem</strong></span> <span class='ocrx_word' id='word_1_290' title='bbox 1125 2682 1207 2735; x_wconf 91' lang='lat' dir='ltr'><strong>cui</strong></span> <span class='ocrx_word' id='word_1_291' title='bbox 1240 2681 1328 2735; x_wconf 91' lang='lat' dir='ltr'><strong>ille</strong></span> <span class='ocrx_word' id='word_1_292' title='bbox 1364 2696 1651 2737; x_wconf 83' lang='lat' dir='ltr'><strong>concessus</strong></span> <span class='ocrx_word' id='word_1_293' title='bbox 1681 2682 1853 2737; x_wconf 83' lang='lat' dir='ltr'><strong>fuerat</strong></span> <span class='ocrx_word' id='word_1_294' title='bbox 1907 2702 2011 2739; x_wconf 86' lang='lat' dir='ltr'><strong>su-</strong></span> 
     </span>
    </p>
   </div>
   <div class='ocr_carea' id='block_1_42' title="bbox 433 2772 2005 2846">
    <p class='ocr_par' dir='ltr' id='par_1_42' title="bbox 433 2772 2005 2846">
     <span class='ocr_line' id='line_1_42' title="bbox 433 2772 2005 2846; baseline 0.006 -24"><span class='ocrx_word' id='word_1_295' title='bbox 433 2773 648 2837; x_wconf 85' lang='lat' dir='ltr'><strong>spiravi.</strong></span> <span class='ocrx_word' id='word_1_296' title='bbox 679 2772 1061 2827; x_wconf 67' lang='lat' dir='ltr'><strong>Botieﬁciorum</strong></span> <span class='ocrx_word' id='word_1_297' title='bbox 1080 2775 1375 2829; x_wconf 74' lang='lat' dir='ltr'><strong>cmlcstium</strong></span> <span class='ocrx_word' id='word_1_298' title='bbox 1402 2776 1672 2845; x_wconf 86' lang='lat' dir='ltr'><strong>negligens</strong></span> <span class='ocrx_word' id='word_1_299' title='bbox 1694 2778 2005 2846; x_wconf 70' lang='lat' dir='ltr'><strong>aestimator,</strong></span> 
     </span>
    </p>
   </div>
   <div class='ocr_carea' id='block_1_43' title="bbox 433 2864 2011 2935">
    <p class='ocr_par' dir='ltr' id='par_1_43' title="bbox 433 2864 2011 2935">
     <span class='ocr_line' id='line_1_43' title="bbox 433 2864 2011 2935; baseline 0.013 -27"><span class='ocrx_word' id='word_1_300' title='bbox 433 2864 644 2930; x_wconf 76' lang='lat' dir='ltr'><strong>quando</strong></span> <span class='ocrx_word' id='word_1_301' title='bbox 686 2867 826 2932; x_wconf 81' lang='lat' dir='ltr'><strong>potui</strong></span> <span class='ocrx_word' id='word_1_302' title='bbox 876 2867 1159 2933; x_wconf 60' lang='lat' dir='ltr'><strong>tle-sperare</strong></span> <span class='ocrx_word' id='word_1_303' title='bbox 1204 2868 1269 2920; x_wconf 93' lang='lat' dir='ltr'><strong>de</strong></span> <span class='ocrx_word' id='word_1_304' title='bbox 1314 2880 1445 2935; x_wconf 63' lang='lat' dir='ltr'><strong>togm</strong></span> <span class='ocrx_word' id='word_1_305' title='bbox 1484 2868 1770 2933; x_wconf 84' lang='lat' dir='ltr'><strong>fructibus,</strong></span> <span class='ocrx_word' id='word_1_306' title='bbox 1818 2871 2011 2928; x_wconf 79' lang='lat' dir='ltr'><strong>radicis</strong></span> 
     </span>
    </p>
   </div>
   <div class='ocr_carea' id='block_1_44' title="bbox 434 2957 2013 3029">
    <p class='ocr_par' dir='ltr' id='par_1_44' title="bbox 434 2957 2013 3029">
     <span class='ocr_line' id='line_1_44' title="bbox 434 2957 2013 3029; baseline 0.007 -23"><span class='ocrx_word' id='word_1_307' title='bbox 434 2966 681 3007; x_wconf 72' lang='lat' dir='ltr'><strong>manente</strong></span> <span class='ocrx_word' id='word_1_308' title='bbox 712 2957 1040 3011; x_wconf 63' lang='lat' dir='ltr'><strong>substantia?</strong></span> <span class='ocrx_word' id='word_1_309' title='bbox 1070 2958 1172 3012; x_wconf 83' lang='lat' dir='ltr'><strong>Sed</strong></span> <span class='ocrx_word' id='word_1_310' title='bbox 1202 2975 1427 3025; x_wconf 82' lang='lat' dir='ltr'><strong>superna</strong></span> <span class='ocrx_word' id='word_1_311' title='bbox 1453 2960 1799 3029; x_wconf 74' lang='lat' dir='ltr'><strong>dispcn~atio,</strong></span> <span class='ocrx_word' id='word_1_312' title='bbox 1834 2974 1892 3017; x_wconf 87' lang='lat' dir='ltr'><strong>ut</strong></span> <span class='ocrx_word' id='word_1_313' title='bbox 1923 2964 2013 3018; x_wconf 76' lang='lat' dir='ltr'><strong>det</strong></span> 
     </span>
    </p>
   </div>
   <div class='ocr_carea' id='block_1_45' title="bbox 430 3049 2012 3122">
    <p class='ocr_par' dir='ltr' id='par_1_45' title="bbox 430 3049 2012 3122">
     <span class='ocr_line' id='line_1_45' title="bbox 430 3049 2012 3122; baseline 0.004 -21"><span class='ocrx_word' id='word_1_314' title='bbox 430 3049 643 3115; x_wconf 78' lang='lat' dir='ltr'><strong>genium</strong></span> <span class='ocrx_word' id='word_1_315' title='bbox 695 3049 985 3113; x_wconf 23' lang='lat' dir='ltr'><strong>beneficiis,</strong></span> <span class='ocrx_word' id='word_1_316' title='bbox 1039 3053 1381 3119; x_wconf 77' lang='lat' dir='ltr'><strong>itnpt&#39;misum</strong></span> <span class='ocrx_word' id='word_1_317' title='bbox 1413 3053 1539 3105; x_wconf 81' lang='lat' dir='ltr'><strong>facit</strong></span> <span class='ocrx_word' id='word_1_318' title='bbox 1578 3068 1699 3107; x_wconf 74' lang='lat' dir='ltr'><strong>esse</strong></span> <span class='ocrx_word' id='word_1_319' title='bbox 1728 3055 1867 3122; x_wconf 89' lang='lat' dir='ltr'><strong>quod</strong></span> <span class='ocrx_word' id='word_1_320' title='bbox 1917 3056 2012 3108; x_wconf 77' lang='lat' dir='ltr'><strong>tri-</strong></span> 
     </span>
    </p>
   </div>
   <div class='ocr_carea' id='block_1_46' title="bbox 430 3136 2009 3213">
    <p class='ocr_par' dir='ltr' id='par_1_46' title="bbox 430 3136 2009 3213">
     <span class='ocr_line' id='line_1_46' title="bbox 430 3136 2009 3213; baseline 0.004 -22"><span class='ocrx_word' id='word_1_321' title='bbox 430 3136 545 3191; x_wconf 89' lang='lat' dir='ltr'><strong>buit</strong></span> <span class='ocrx_word' id='word_1_322' title='bbox 574 3154 587 3189; x_wconf 89' lang='lat'><strong>:</strong></span> <span class='ocrx_word' id='word_1_323' title='bbox 618 3148 669 3192; x_wconf 91' lang='lat' dir='ltr'><strong>et</strong></span> <span class='ocrx_word' id='word_1_324' title='bbox 695 3140 819 3193; x_wconf 91' lang='lat' dir='ltr'><strong>dum</strong></span> <span class='ocrx_word' id='word_1_325' title='bbox 851 3152 971 3195; x_wconf 89' lang='lat' dir='ltr'><strong>vota</strong></span> <span class='ocrx_word' id='word_1_326' title='bbox 1010 3143 1415 3213; x_wconf 71' lang='lat' dir='ltr'><strong>transgreditur,</strong></span> <span class='ocrx_word' id='word_1_327' title='bbox 1445 3146 1732 3212; x_wconf 80' lang='lat' dir='ltr'><strong>p0tentiam</strong></span> <span class='ocrx_word' id='word_1_328' title='bbox 1767 3160 1914 3203; x_wconf 77' lang='lat' dir='ltr'><strong>suam</strong></span> <span class='ocrx_word' id='word_1_329' title='bbox 1945 3145 2009 3198; x_wconf 92' lang='lat' dir='ltr'><strong>li-</strong></span> 
     </span>
    </p>
   </div>
   <div class='ocr_carea' id='block_1_47' title="bbox 2122 1913 3696 1991">
    <p class='ocr_par' dir='ltr' id='par_1_47' title="bbox 2122 1913 3696 1991">
     <span class='ocr_line' id='line_1_47' title="bbox 2122 1913 3696 1991; baseline 0.013 -25"><span class='ocrx_word' id='word_1_330' title='bbox 2122 1913 2404 1982; x_wconf 90' lang='lat' dir='ltr'><strong>deputatus</strong></span> <span class='ocrx_word' id='word_1_331' title='bbox 2434 1917 2499 1970; x_wconf 94' lang='lat' dir='ltr'><strong>ad</strong></span> <span class='ocrx_word' id='word_1_332' title='bbox 2529 1919 2772 1988; x_wconf 87' lang='lat' dir='ltr'><strong>gratiam,</strong></span> <span class='ocrx_word' id='word_1_333' title='bbox 2806 1922 2929 1976; x_wconf 94' lang='lat' dir='ltr'><strong>dum</strong></span> <span class='ocrx_word' id='word_1_334' title='bbox 2959 1923 3099 1978; x_wconf 90' lang='lat' dir='ltr'><strong>nulla</strong></span> <span class='ocrx_word' id='word_1_335' title='bbox 3130 1926 3330 1991; x_wconf 78' lang='lat' dir='ltr'><strong>peritia:</strong></span> <span class='ocrx_word' id='word_1_336' title='bbox 3360 1928 3487 1983; x_wconf 92' lang='lat' dir='ltr'><strong>lima</strong></span> <span class='ocrx_word' id='word_1_337' title='bbox 3516 1945 3696 1986; x_wconf 84' lang='lat' dir='ltr'><strong>coruo-</strong></span> 
     </span>
    </p>
   </div>
   <div class='ocr_carea' id='block_1_48' title="bbox 2118 2012 3695 2092">
    <p class='ocr_par' dir='ltr' id='par_1_48' title="bbox 2118 2012 3695 2092">
     <span class='ocr_line' id='line_1_48' title="bbox 2118 2012 3695 2092; baseline 0.01 -28"><span class='ocrx_word' id='word_1_338' title='bbox 2118 2020 2306 2077; x_wconf 88' lang='lat' dir='ltr'><strong>retur,</strong></span> <span class='ocrx_word' id='word_1_339' title='bbox 2346 2012 2621 2068; x_wconf 84' lang='lat' dir='ltr'><strong>inveniret</strong></span> <span class='ocrx_word' id='word_1_340' title='bbox 2670 2013 2946 2071; x_wconf 82' lang='lat' dir='ltr'><strong>oﬂ&#39;ensam.</strong></span> <span class='ocrx_word' id='word_1_341' title='bbox 2998 2016 3185 2088; x_wconf 80' lang='lat' dir='ltr'><strong>Refugi</strong></span> <span class='ocrx_word' id='word_1_342' title='bbox 3239 2018 3552 2090; x_wconf 88' lang='lat' dir='ltr'><strong>horrorem,</strong></span> <span class='ocrx_word' id='word_1_343' title='bbox 3602 2024 3695 2092; x_wconf 90' lang='lat' dir='ltr'><strong>qui</strong></span> 
     </span>
    </p>
   </div>
   <div class='ocr_carea' id='block_1_49' title="bbox 2121 2105 3697 2181">
    <p class='ocr_par' dir='ltr' id='par_1_49' title="bbox 2121 2105 3697 2181">
     <span class='ocr_line' id='line_1_49' title="bbox 2121 2105 3697 2181; baseline 0.011 -25"><span class='ocrx_word' id='word_1_344' title='bbox 2121 2105 2318 2173; x_wconf 89' lang='lat' dir='ltr'><strong>ignaris</strong></span> <span class='ocrx_word' id='word_1_345' title='bbox 2342 2105 2410 2161; x_wconf 93' lang='lat' dir='ltr'><strong>de</strong></span> <span class='ocrx_word' id='word_1_346' title='bbox 2435 2108 2656 2176; x_wconf 84' lang='lat' dir='ltr'><strong>parendi</strong></span> <span class='ocrx_word' id='word_1_347' title='bbox 2689 2110 2972 2166; x_wconf 83' lang='lat' dir='ltr'><strong>occasione</strong></span> <span class='ocrx_word' id='word_1_348' title='bbox 2992 2124 3294 2181; x_wconf 85' lang='lat' dir='ltr'><strong>generatur.</strong></span> <span class='ocrx_word' id='word_1_349' title='bbox 3325 2115 3462 2171; x_wconf 85' lang='lat' dir='ltr'><strong>Ecce</strong></span> <span class='ocrx_word' id='word_1_350' title='bbox 3491 2118 3697 2175; x_wconf 85' lang='lat' dir='ltr'><strong>asserui</strong></span> 
     </span>
    </p>
   </div>
   <div class='ocr_carea' id='block_1_50' title="bbox 2118 2196 3695 2274">
    <p class='ocr_par' dir='ltr' id='par_1_50' title="bbox 2118 2196 3695 2274">
     <span class='ocr_line' id='line_1_50' title="bbox 2118 2196 3695 2274; baseline 0.011 -26"><span class='ocrx_word' id='word_1_351' title='bbox 2118 2196 2372 2251; x_wconf 89' lang='lat' dir='ltr'><strong>habuisse</strong></span> <span class='ocrx_word' id='word_1_352' title='bbox 2394 2213 2478 2253; x_wconf 91' lang='lat' dir='ltr'><strong>me</strong></span> <span class='ocrx_word' id='word_1_353' title='bbox 2499 2208 2553 2253; x_wconf 91' lang='lat' dir='ltr'><strong>et</strong></span> <span class='ocrx_word' id='word_1_354' title='bbox 2571 2201 2803 2255; x_wconf 89' lang='lat' dir='ltr'><strong>animam</strong></span> <span class='ocrx_word' id='word_1_355' title='bbox 2820 2202 3121 2269; x_wconf 88' lang='lat' dir='ltr'><strong>depositum</strong></span> <span class='ocrx_word' id='word_1_356' title='bbox 3143 2206 3471 2274; x_wconf 87' lang='lat' dir='ltr'><strong>conﬁtentis,</strong></span> <span class='ocrx_word' id='word_1_357' title='bbox 3486 2217 3538 2263; x_wconf 91' lang='lat' dir='ltr'><strong>et</strong></span> <span class='ocrx_word' id='word_1_358' title='bbox 3557 2209 3695 2266; x_wconf 86' lang='lat' dir='ltr'><strong>bene</strong></span> 
     </span>
    </p>
   </div>
   <div class='ocr_carea' id='block_1_51' title="bbox 2116 2288 3695 2356">
    <p class='ocr_par' dir='ltr' id='par_1_51' title="bbox 2116 2288 3695 2356">
     <span class='ocr_line' id='line_1_51' title="bbox 2116 2288 3695 2356; baseline 0.009 -15"><span class='ocrx_word' id='word_1_359' title='bbox 2116 2288 2183 2343; x_wconf 86' lang='lat' dir='ltr'><strong>de</strong></span> <span class='ocrx_word' id='word_1_360' title='bbox 2205 2290 2409 2345; x_wconf 91' lang='lat' dir='ltr'><strong>viribus</strong></span> <span class='ocrx_word' id='word_1_361' title='bbox 2444 2294 2643 2348; x_wconf 91' lang='lat' dir='ltr'><strong>conscii</strong></span> <span class='ocrx_word' id='word_1_362' title='bbox 2677 2296 2729 2348; x_wconf 95' lang='lat' dir='ltr'><strong>in</strong></span> <span class='ocrx_word' id='word_1_363' title='bbox 2768 2296 3104 2352; x_wconf 89' lang='lat' dir='ltr'><strong>restitutione</strong></span> <span class='ocrx_word' id='word_1_364' title='bbox 3133 2299 3527 2354; x_wconf 83' lang='lat' dir='ltr'><strong>verecundiam.</strong></span> <span class='ocrx_word' id='word_1_365' title='bbox 3564 2300 3695 2356; x_wconf 81' lang='lat' dir='ltr'><strong>Res-</strong></span> 
     </span>
    </p>
   </div>
   <div class='ocr_carea' id='block_1_52' title="bbox 2117 2388 3695 2465">
    <p class='ocr_par' dir='ltr' id='par_1_52' title="bbox 2117 2388 3695 2465">
     <span class='ocr_line' id='line_1_52' title="bbox 2117 2388 3695 2465; baseline 0.011 -31"><span class='ocrx_word' id='word_1_366' title='bbox 2117 2390 2193 2435; x_wconf 86' lang='lat' dir='ltr'><strong>tat</strong></span> <span class='ocrx_word' id='word_1_367' title='bbox 2221 2394 2426 2447; x_wconf 86' lang='lat' dir='ltr'><strong>aulem,</strong></span> <span class='ocrx_word' id='word_1_368' title='bbox 2452 2388 2873 2443; x_wconf 88' lang='lat' dir='ltr'><strong>emendatissimi</strong></span> <span class='ocrx_word' id='word_1_369' title='bbox 2906 2390 3183 2446; x_wconf 87' lang='lat' dir='ltr'><strong>hominum</strong></span> <span class='ocrx_word' id='word_1_370' title='bbox 3206 2433 3220 2457; x_wconf 96' lang='lat'><strong>,</strong></span> <span class='ocrx_word' id='word_1_371' title='bbox 3247 2402 3299 2447; x_wconf 92' lang='lat' dir='ltr'><strong>et</strong></span> <span class='ocrx_word' id='word_1_372' title='bbox 3326 2394 3451 2448; x_wconf 92' lang='lat' dir='ltr'><strong>illud</strong></span> <span class='ocrx_word' id='word_1_373' title='bbox 3482 2396 3695 2465; x_wconf 85' lang='lat' dir='ltr'><strong>placere</strong></span> 
     </span>
    </p>
   </div>
   <div class='ocr_carea' id='block_1_53' title="bbox 2117 2476 3692 2556">
    <p class='ocr_par' dir='ltr' id='par_1_53' title="bbox 2117 2476 3692 2556">
     <span class='ocr_line' id='line_1_53' title="bbox 2117 2476 3692 2556; baseline 0.01 -28"><span class='ocrx_word' id='word_1_374' title='bbox 2117 2476 2271 2531; x_wconf 90' lang='lat' dir='ltr'><strong>vobis</strong></span> <span class='ocrx_word' id='word_1_375' title='bbox 2298 2478 2632 2548; x_wconf 86' lang='lat' dir='ltr'><strong>allegationis</strong></span> <span class='ocrx_word' id='word_1_376' title='bbox 2661 2488 2793 2537; x_wconf 63' lang='lat' dir='ltr'><strong>mem</strong></span> <span class='ocrx_word' id='word_1_377' title='bbox 2822 2483 3152 2551; x_wconf 89' lang='lat' dir='ltr'><strong>inspectione</strong></span> <span class='ocrx_word' id='word_1_378' title='bbox 3182 2498 3520 2555; x_wconf 89' lang='lat' dir='ltr'><strong>cognoscam,</strong></span> <span class='ocrx_word' id='word_1_379' title='bbox 3548 2489 3692 2556; x_wconf 88' lang='lat' dir='ltr'><strong>quod</strong></span> 
     </span>
    </p>
   </div>
   <div class='ocr_carea' id='block_1_54' title="bbox 2118 2565 3696 2639">
    <p class='ocr_par' dir='ltr' id='par_1_54' title="bbox 2118 2565 3696 2639">
     <span class='ocr_line' id='line_1_54' title="bbox 2118 2565 3696 2639; baseline 0.009 -20"><span class='ocrx_word' id='word_1_380' title='bbox 2118 2565 2373 2623; x_wconf 86' lang='lat' dir='ltr'><strong>hactenus</strong></span> <span class='ocrx_word' id='word_1_381' title='bbox 2394 2579 2617 2639; x_wconf 81' lang='lat' dir='ltr'><strong>accepta</strong></span> <span class='ocrx_word' id='word_1_382' title='bbox 2660 2586 2763 2626; x_wconf 92' lang='lat' dir='ltr'><strong>non</strong></span> <span class='ocrx_word' id='word_1_383' title='bbox 2808 2572 3038 2627; x_wconf 89' lang='lat' dir='ltr'><strong>reddidi.</strong></span> <span class='ocrx_word' id='word_1_384' title='bbox 3071 2573 3203 2627; x_wconf 85' lang='lat' dir='ltr'><strong>Fida</strong></span> <span class='ocrx_word' id='word_1_385' title='bbox 3230 2576 3369 2629; x_wconf 91' lang='lat' dir='ltr'><strong>enim</strong></span> <span class='ocrx_word' id='word_1_386' title='bbox 3416 2576 3574 2631; x_wconf 78' lang='lat' dir='ltr'><strong>index</strong></span> <span class='ocrx_word' id='word_1_387' title='bbox 3614 2587 3696 2633; x_wconf 89' lang='lat' dir='ltr'><strong>est</strong></span> 
     </span>
    </p>
   </div>
   <div class='ocr_carea' id='block_1_55' title="bbox 2117 2658 3696 2725">
    <p class='ocr_par' dir='ltr' id='par_1_55' title="bbox 2117 2658 3696 2725">
     <span class='ocr_line' id='line_1_55' title="bbox 2117 2658 3696 2725; baseline 0.007 -14"><span class='ocrx_word' id='word_1_388' title='bbox 2117 2658 2483 2725; x_wconf 87' lang='lat' dir='ltr'><strong>possibilitatis</strong></span> <span class='ocrx_word' id='word_1_389' title='bbox 2525 2673 2720 2715; x_wconf 81' lang='lat' dir='ltr'><strong>nosme</strong></span> <span class='ocrx_word' id='word_1_390' title='bbox 2760 2663 3150 2725; x_wconf 86' lang='lat' dir='ltr'><strong>consideratio;</strong></span> <span class='ocrx_word' id='word_1_391' title='bbox 3196 2673 3251 2720; x_wconf 90' lang='lat' dir='ltr'><strong>et</strong></span> <span class='ocrx_word' id='word_1_392' title='bbox 3279 2665 3417 2720; x_wconf 91' lang='lat' dir='ltr'><strong>sicut</strong></span> <span class='ocrx_word' id='word_1_393' title='bbox 3445 2666 3498 2720; x_wconf 90' lang='lat' dir='ltr'><strong>in</strong></span> <span class='ocrx_word' id='word_1_394' title='bbox 3523 2668 3696 2722; x_wconf 88' lang='lat' dir='ltr'><strong>omni-</strong></span> 
     </span>
    </p>
   </div>
   <div class='ocr_carea' id='block_1_56' title="bbox 2114 2750 3695 2826">
    <p class='ocr_par' dir='ltr' id='par_1_56' title="bbox 2114 2750 3695 2826">
     <span class='ocr_line' id='line_1_56' title="bbox 2114 2750 3695 2826; baseline 0.006 -22"><span class='ocrx_word' id='word_1_395' title='bbox 2114 2750 2213 2804; x_wconf 87' lang='lat' dir='ltr'><strong>bus</strong></span> <span class='ocrx_word' id='word_1_396' title='bbox 2240 2752 2524 2820; x_wconf 71' lang='lat' dir='ltr'><strong>praacipua,</strong></span> <span class='ocrx_word' id='word_1_397' title='bbox 2552 2751 2623 2806; x_wconf 85' lang='lat' dir='ltr'><strong>ita</strong></span> <span class='ocrx_word' id='word_1_398' title='bbox 2650 2752 2783 2807; x_wconf 85' lang='lat' dir='ltr'><strong>fama</strong></span> <span class='ocrx_word' id='word_1_399' title='bbox 2812 2756 3056 2809; x_wconf 87' lang='lat' dir='ltr'><strong>muniens</strong></span> <span class='ocrx_word' id='word_1_400' title='bbox 3082 2755 3223 2809; x_wconf 90' lang='lat' dir='ltr'><strong>circa</strong></span> <span class='ocrx_word' id='word_1_401' title='bbox 3250 2756 3440 2826; x_wconf 72' lang='lat' dir='ltr'><strong>linguzr.</strong></span> <span class='ocrx_word' id='word_1_402' title='bbox 3471 2758 3695 2813; x_wconf 68' lang='lat' dir='ltr'><strong>maciem</strong></span> 
     </span>
    </p>
   </div>
   <div class='ocr_carea' id='block_1_57' title="bbox 2113 2842 3695 2915">
    <p class='ocr_par' dir='ltr' id='par_1_57' title="bbox 2113 2842 3695 2915">
     <span class='ocr_line' id='line_1_57' title="bbox 2113 2842 3695 2915; baseline 0.003 -20"><span class='ocrx_word' id='word_1_403' title='bbox 2113 2842 2398 2904; x_wconf 88' lang='lat' dir='ltr'><strong>custodita,</strong></span> <span class='ocrx_word' id='word_1_404' title='bbox 2430 2844 2583 2911; x_wconf 87' lang='lat' dir='ltr'><strong>quasi</strong></span> <span class='ocrx_word' id='word_1_405' title='bbox 2608 2846 2805 2899; x_wconf 78' lang='lat' dir='ltr'><strong>crescit</strong></span> <span class='ocrx_word' id='word_1_406' title='bbox 2830 2844 3191 2913; x_wconf 79' lang='lat' dir='ltr'><strong>eloquentium</strong></span> <span class='ocrx_word' id='word_1_407' title='bbox 3223 2844 3321 2900; x_wconf 91' lang='lat' dir='ltr'><strong>dos</strong></span> <span class='ocrx_word' id='word_1_408' title='bbox 3345 2846 3545 2915; x_wconf 91' lang='lat' dir='ltr'><strong>pudore</strong></span> <span class='ocrx_word' id='word_1_409' title='bbox 3575 2863 3589 2899; x_wconf 92' lang='lat'><strong>:</strong></span> <span class='ocrx_word' id='word_1_410' title='bbox 3614 2847 3695 2900; x_wconf 85' lang='lat' dir='ltr'><strong>fa-</strong></span> 
     </span>
    </p>
   </div>
   <div class='ocr_carea' id='block_1_58' title="bbox 2113 2932 3693 3005">
    <p class='ocr_par' dir='ltr' id='par_1_58' title="bbox 2113 2932 3693 3005">
     <span class='ocr_line' id='line_1_58' title="bbox 2113 2932 3693 3005; baseline 0.003 -19"><span class='ocrx_word' id='word_1_411' title='bbox 2113 2932 2214 2987; x_wconf 90' lang='lat' dir='ltr'><strong>cile</strong></span> <span class='ocrx_word' id='word_1_412' title='bbox 2261 2933 2554 3001; x_wconf 71' lang='lat' dir='ltr'><strong>prudentiae</strong></span> <span class='ocrx_word' id='word_1_413' title='bbox 2600 2950 2793 2989; x_wconf 91' lang='lat' dir='ltr'><strong>nomen</strong></span> <span class='ocrx_word' id='word_1_414' title='bbox 2839 2935 3178 3005; x_wconf 84' lang='lat' dir='ltr'><strong>adipiscitur,</strong></span> <span class='ocrx_word' id='word_1_415' title='bbox 3221 2951 3342 2990; x_wconf 93' lang='lat' dir='ltr'><strong>cum</strong></span> <span class='ocrx_word' id='word_1_416' title='bbox 3386 2952 3479 3003; x_wconf 90' lang='lat' dir='ltr'><strong>per</strong></span> <span class='ocrx_word' id='word_1_417' title='bbox 3520 2936 3693 3005; x_wconf 90' lang='lat' dir='ltr'><strong>ipsum</strong></span> 
     </span>
    </p>
   </div>
   <div class='ocr_carea' id='block_1_59' title="bbox 2110 3025 3692 3100">
    <p class='ocr_par' dir='ltr' id='par_1_59' title="bbox 2110 3025 3692 3100">
     <span class='ocr_line' id='line_1_59' title="bbox 2110 3025 3692 3100; baseline 0.003 -21"><span class='ocrx_word' id='word_1_418' title='bbox 2110 3025 2438 3079; x_wconf 86' lang='lat' dir='ltr'><strong>conticescat</strong></span> <span class='ocrx_word' id='word_1_419' title='bbox 2472 3026 2711 3081; x_wconf 65' lang='lat' dir='ltr'><strong>infantia.</strong></span> <span class='ocrx_word' id='word_1_420' title='bbox 2737 3026 2923 3083; x_wconf 63' lang='lat' dir='ltr'><strong>Causae</strong></span> <span class='ocrx_word' id='word_1_421' title='bbox 2952 3040 3127 3083; x_wconf 89' lang='lat' dir='ltr'><strong>tamen</strong></span> <span class='ocrx_word' id='word_1_422' title='bbox 3167 3044 3323 3099; x_wconf 90' lang='lat' dir='ltr'><strong>quam</strong></span> <span class='ocrx_word' id='word_1_423' title='bbox 3356 3029 3692 3100; x_wconf 79' lang='lat' dir='ltr'><strong>injunxistis,</strong></span> 
     </span>
    </p>
   </div>
   <div class='ocr_carea' id='block_1_60' title="bbox 2110 3114 3695 3191">
    <p class='ocr_par' dir='ltr' id='par_1_60' title="bbox 2110 3114 3695 3191">
     <span class='ocr_line' id='line_1_60' title="bbox 2110 3114 3695 3191; baseline 0.004 -22"><span class='ocrx_word' id='word_1_424' title='bbox 2110 3114 2373 3183; x_wconf 71' lang='lat' dir='ltr'><strong>iacturam</strong></span> <span class='ocrx_word' id='word_1_425' title='bbox 2408 3116 2597 3173; x_wconf 89' lang='lat' dir='ltr'><strong>frontis</strong></span> <span class='ocrx_word' id='word_1_426' title='bbox 2617 3118 2865 3184; x_wconf 82' lang='lat' dir='ltr'><strong>exhibeo,</strong></span> <span class='ocrx_word' id='word_1_427' title='bbox 2891 3129 2944 3174; x_wconf 93' lang='lat' dir='ltr'><strong>et</strong></span> <span class='ocrx_word' id='word_1_428' title='bbox 2967 3121 3092 3174; x_wconf 94' lang='lat' dir='ltr'><strong>dum</strong></span> <span class='ocrx_word' id='word_1_429' title='bbox 3115 3120 3373 3190; x_wconf 91' lang='lat' dir='ltr'><strong>imperata</strong></span> <span class='ocrx_word' id='word_1_430' title='bbox 3400 3135 3695 3191; x_wconf 79' lang='lat' dir='ltr'><strong>exsequor,</strong></span> 
     </span>
    </p>
   </div>
   <div class='ocr_carea' id='block_1_61' title="bbox 431 3196 3697 3304">
    <p class='ocr_par' dir='ltr' id='par_1_61' title="bbox 431 3196 3697 3304">
     <span class='ocr_line' id='line_1_61' title="bbox 431 3196 3697 3304; baseline 0.005 -22"><span class='ocrx_word' id='word_1_431' title='bbox 431 3228 711 3285; x_wconf 88' lang='lat' dir='ltr'><strong>beralitate</strong></span> <span class='ocrx_word' id='word_1_432' title='bbox 748 3231 1066 3286; x_wconf 71' lang='lat' dir='ltr'><strong>manifestat.</strong></span> <span class='ocrx_word' id='word_1_433' title='bbox 1106 3196 1218 3287; x_wconf 71' lang='lat' dir='ltr'><strong>Nan</strong></span> <span class='ocrx_word' id='word_1_434' title='bbox 1258 3196 1532 3288; x_wconf 54' lang='lat' dir='ltr'><strong>estbo&#39;nis</strong></span> <span class='ocrx_word' id='word_1_435' title='bbox 1571 3196 1845 3304; x_wconf 54' lang='lat' dir='ltr'><strong>partubus</strong></span> <span class='ocrx_word' id='word_1_436' title='bbox 1868 3236 2006 3293; x_wconf 84' lang='lat' dir='ltr'><strong>inle-</strong></span> <span class='ocrx_word' id='word_1_437' title='bbox 2035 3196 2083 3262; x_wconf 78' lang='lat' dir='ltr'>c</span> <span class='ocrx_word' id='word_1_438' title='bbox 2114 3210 2419 3277; x_wconf 57' lang='lat' dir='ltr'><strong>opinionem</strong></span> <span class='ocrx_word' id='word_1_439' title='bbox 2458 3209 2523 3263; x_wconf 68' lang='lat' dir='ltr'><strong>ad</strong></span> <span class='ocrx_word' id='word_1_440' title='bbox 2552 3210 2753 3265; x_wconf 47' lang='lat' dir='ltr'><strong>incerta</strong></span> <span class='ocrx_word' id='word_1_441' title='bbox 2798 3213 3120 3265; x_wconf 63' lang='lat' dir='ltr'><strong>&quot;anm&#39;mn&#39;</strong></span> <span class='ocrx_word' id='word_1_442' title='bbox 3162 3211 3415 3304; x_wconf 51' lang='lat' dir='ltr'><strong>Agndlus</strong></span> <span class='ocrx_word' id='word_1_443' title='bbox 3444 3211 3509 3265; x_wconf 66' lang='lat' dir='ltr'><strong>de</strong></span> <span class='ocrx_word' id='word_1_444' title='bbox 3554 3212 3697 3269; x_wconf 50' lang='lat' dir='ltr'><strong>cas“</strong></span> 
     </span>
    </p>
   </div>
   <div class='ocr_carea' id='block_1_62' title="bbox 431 3319 2009 3397">
    <p class='ocr_par' dir='ltr' id='par_1_62' title="bbox 431 3319 2009 3397">
     <span class='ocr_line' id='line_1_62' title="bbox 431 3319 2009 3397; baseline 0.006 -25"><span class='ocrx_word' id='word_1_445' title='bbox 431 3319 602 3373; x_wconf 92' lang='lat' dir='ltr'><strong>cunda</strong></span> <span class='ocrx_word' id='word_1_446' title='bbox 635 3320 844 3391; x_wconf 87' lang='lat' dir='ltr'><strong>Liguria</strong></span> <span class='ocrx_word' id='word_1_447' title='bbox 880 3340 893 3374; x_wconf 88' lang='lat'><strong>:</strong></span> <span class='ocrx_word' id='word_1_448' title='bbox 927 3325 1091 3378; x_wconf 92' lang='lat' dir='ltr'><strong>nutrit</strong></span> <span class='ocrx_word' id='word_1_449' title='bbox 1136 3324 1252 3379; x_wconf 84' lang='lat' dir='ltr'><strong>foro</strong></span> <span class='ocrx_word' id='word_1_450' title='bbox 1292 3327 1565 3395; x_wconf 89' lang='lat' dir='ltr'><strong>germina,</strong></span> <span class='ocrx_word' id='word_1_451' title='bbox 1616 3343 1735 3397; x_wconf 65' lang='lat' dir='ltr'><strong>quae</strong></span> <span class='ocrx_word' id='word_1_452' title='bbox 1780 3329 2009 3383; x_wconf 83' lang='lat' dir='ltr'><strong>libenter</strong></span> 
     </span>
    </p>
   </div>
   <div class='ocr_carea' id='block_1_63' title="bbox 432 3417 2007 3489">
    <p class='ocr_par' dir='ltr' id='par_1_63' title="bbox 432 3417 2007 3489">
     <span class='ocr_line' id='line_1_63' title="bbox 432 3417 2007 3489; baseline 0.004 -20"><span class='ocrx_word' id='word_1_453' title='bbox 432 3417 781 3487; x_wconf 90' lang='lat' dir='ltr'><strong>amplectatur</strong></span> <span class='ocrx_word' id='word_1_454' title='bbox 829 3429 881 3473; x_wconf 91' lang='lat' dir='ltr'><strong>et</strong></span> <span class='ocrx_word' id='word_1_455' title='bbox 919 3422 1085 3474; x_wconf 90' lang='lat' dir='ltr'><strong>curia.</strong></span> <span class='ocrx_word' id='word_1_456' title='bbox 1132 3420 1264 3476; x_wconf 88' lang='lat' dir='ltr'><strong>Nota</strong></span> <span class='ocrx_word' id='word_1_457' title='bbox 1313 3421 1649 3489; x_wconf 88' lang='lat' dir='ltr'><strong>proximitate</strong></span> <span class='ocrx_word' id='word_1_458' title='bbox 1692 3420 2007 3477; x_wconf 74' lang='lat' dir='ltr'><strong>sociantur‘</strong></span> 
     </span>
    </p>
   </div>
   <div class='ocr_carea' id='block_1_64' title="bbox 430 3512 2005 3583">
    <p class='ocr_par' dir='ltr' id='par_1_64' title="bbox 430 3512 2005 3583">
     <span class='ocr_line' id='line_1_64' title="bbox 430 3512 2005 3583; baseline 0.001 -18"><span class='ocrx_word' id='word_1_459' title='bbox 430 3512 731 3565; x_wconf 85' lang='lat' dir='ltr'><strong>causidicus</strong></span> <span class='ocrx_word' id='word_1_460' title='bbox 769 3520 824 3567; x_wconf 92' lang='lat' dir='ltr'><strong>et</strong></span> <span class='ocrx_word' id='word_1_461' title='bbox 863 3523 1075 3567; x_wconf 80' lang='lat' dir='ltr'><strong>senator</strong></span> <span class='ocrx_word' id='word_1_462' title='bbox 1108 3530 1119 3565; x_wconf 94' lang='lat'><strong>:</strong></span> <span class='ocrx_word' id='word_1_463' title='bbox 1155 3512 1237 3567; x_wconf 90' lang='lat' dir='ltr'><strong>his</strong></span> <span class='ocrx_word' id='word_1_464' title='bbox 1259 3513 1347 3582; x_wconf 88' lang='lat' dir='ltr'><strong>qui</strong></span> <span class='ocrx_word' id='word_1_465' title='bbox 1381 3514 1515 3568; x_wconf 83' lang='lat' dir='ltr'><strong>bene</strong></span> <span class='ocrx_word' id='word_1_466' title='bbox 1542 3522 1661 3583; x_wconf 89' lang='lat' dir='ltr'><strong>toga</strong></span> <span class='ocrx_word' id='word_1_467' title='bbox 1686 3516 1763 3567; x_wconf 56' lang='lat' dir='ltr'><strong>usi</strong></span> <span class='ocrx_word' id='word_1_468' title='bbox 1790 3514 2005 3580; x_wconf 91' lang='lat' dir='ltr'><strong>fuerint,</strong></span> 
     </span>
    </p>
   </div>
   <div class='ocr_carea' id='block_1_65' title="bbox 429 3604 2004 3674">
    <p class='ocr_par' dir='ltr' id='par_1_65' title="bbox 429 3604 2004 3674">
     <span class='ocr_line' id='line_1_65' title="bbox 429 3604 2004 3674; baseline 0.001 -16"><span class='ocrx_word' id='word_1_469' title='bbox 429 3606 681 3658; x_wconf 84' lang='lat' dir='ltr'><strong>reseratis</strong></span> <span class='ocrx_word' id='word_1_470' title='bbox 710 3614 1020 3673; x_wconf 69' lang='lat' dir='ltr'><strong>susceptura</strong></span> <span class='ocrx_word' id='word_1_471' title='bbox 1042 3605 1244 3660; x_wconf 91' lang='lat' dir='ltr'><strong>sinibus</strong></span> <span class='ocrx_word' id='word_1_472' title='bbox 1272 3605 1500 3674; x_wconf 89' lang='lat' dir='ltr'><strong>palmata</strong></span> <span class='ocrx_word' id='word_1_473' title='bbox 1531 3604 1820 3660; x_wconf 86' lang='lat' dir='ltr'><strong>blanditur.</strong></span> <span class='ocrx_word' id='word_1_474' title='bbox 1854 3604 2004 3674; x_wconf 87' lang='lat' dir='ltr'><strong>Vale,</strong></span> 
     </span>
    </p>
   </div>
   <div class='ocr_carea' id='block_1_66' title="bbox 432 3693 2006 3759">
    <p class='ocr_par' dir='ltr' id='par_1_66' title="bbox 432 3693 2006 3759">
     <span class='ocr_line' id='line_1_66' title="bbox 432 3693 2006 3759; baseline 0.001 -10"><span class='ocrx_word' id='word_1_475' title='bbox 432 3693 774 3759; x_wconf 87' lang='lat' dir='ltr'><strong>dulcissime,</strong></span> <span class='ocrx_word' id='word_1_476' title='bbox 805 3704 861 3751; x_wconf 92' lang='lat' dir='ltr'><strong>et</strong></span> <span class='ocrx_word' id='word_1_477' title='bbox 898 3696 963 3749; x_wconf 90' lang='lat' dir='ltr'><strong>ad</strong></span> <span class='ocrx_word' id='word_1_478' title='bbox 993 3695 1106 3751; x_wconf 69' lang='lat' dir='ltr'><strong>haec</strong></span> <span class='ocrx_word' id='word_1_479' title='bbox 1147 3695 1338 3752; x_wconf 86' lang='lat' dir='ltr'><strong>decora</strong></span> <span class='ocrx_word' id='word_1_480' title='bbox 1370 3698 1570 3752; x_wconf 92' lang='lat' dir='ltr'><strong>multus</strong></span> <span class='ocrx_word' id='word_1_481' title='bbox 1601 3698 1845 3754; x_wconf 89' lang='lat' dir='ltr'><strong>incumbe</strong></span> <span class='ocrx_word' id='word_1_482' title='bbox 1877 3716 1892 3754; x_wconf 91' lang='lat'><strong>:</strong></span> <span class='ocrx_word' id='word_1_483' title='bbox 1924 3708 2006 3753; x_wconf 88' lang='lat' dir='ltr'><strong>to-</strong></span> 
     </span>
    </p>
   </div>
   <div class='ocr_carea' id='block_1_67' title="bbox 434 3789 2009 3861">
    <p class='ocr_par' dir='ltr' id='par_1_67' title="bbox 434 3789 2009 3861">
     <span class='ocr_line' id='line_1_67' title="bbox 434 3789 2009 3861; baseline 0.003 -18"><span class='ocrx_word' id='word_1_484' title='bbox 434 3798 547 3843; x_wconf 90' lang='lat' dir='ltr'><strong>tum</strong></span> <span class='ocrx_word' id='word_1_485' title='bbox 570 3801 620 3845; x_wconf 90' lang='lat' dir='ltr'><strong>te</strong></span> <span class='ocrx_word' id='word_1_486' title='bbox 646 3789 816 3844; x_wconf 90' lang='lat' dir='ltr'><strong>studia</strong></span> <span class='ocrx_word' id='word_1_487' title='bbox 843 3790 1061 3846; x_wconf 87' lang='lat' dir='ltr'><strong>honesta</strong></span> <span class='ocrx_word' id='word_1_488' title='bbox 1089 3792 1381 3861; x_wconf 89' lang='lat' dir='ltr'><strong>suscipiant</strong></span> <span class='ocrx_word' id='word_1_489' title='bbox 1411 3810 1421 3843; x_wconf 90' lang='lat'>:</span> <span class='ocrx_word' id='word_1_490' title='bbox 1455 3790 1663 3857; x_wconf 87' lang='lat' dir='ltr'><strong>festina,</strong></span> <span class='ocrx_word' id='word_1_491' title='bbox 1694 3802 1748 3845; x_wconf 95' lang='lat' dir='ltr'><strong>ut</strong></span> <span class='ocrx_word' id='word_1_492' title='bbox 1771 3791 1837 3845; x_wconf 92' lang='lat' dir='ltr'><strong>ad</strong></span> <span class='ocrx_word' id='word_1_493' title='bbox 1867 3807 2009 3847; x_wconf 90' lang='lat' dir='ltr'><strong>mes-</strong></span> 
     </span>
    </p>
   </div>
   <div class='ocr_carea' id='block_1_68' title="bbox 432 3883 2006 3955">
    <p class='ocr_par' dir='ltr' id='par_1_68' title="bbox 432 3883 2006 3955">
     <span class='ocr_line' id='line_1_68' title="bbox 432 3883 2006 3955; baseline 0.003 -19"><span class='ocrx_word' id='word_1_494' title='bbox 432 3897 543 3936; x_wconf 85' lang='lat' dir='ltr'><strong>sem</strong></span> <span class='ocrx_word' id='word_1_495' title='bbox 568 3884 789 3951; x_wconf 85' lang='lat' dir='ltr'><strong>patriam</strong></span> <span class='ocrx_word' id='word_1_496' title='bbox 815 3883 1020 3951; x_wconf 89' lang='lat' dir='ltr'><strong>venias,</strong></span> <span class='ocrx_word' id='word_1_497' title='bbox 1044 3885 1274 3955; x_wconf 87' lang='lat' dir='ltr'><strong>linguam</strong></span> <span class='ocrx_word' id='word_1_498' title='bbox 1304 3885 1548 3940; x_wconf 87' lang='lat' dir='ltr'><strong>lectionis</strong></span> <span class='ocrx_word' id='word_1_499' title='bbox 1568 3886 1802 3952; x_wconf 90' lang='lat' dir='ltr'><strong>sarculo,</strong></span> <span class='ocrx_word' id='word_1_500' title='bbox 1828 3900 2006 3941; x_wconf 92' lang='lat' dir='ltr'><strong>mores</strong></span> 
     </span>
    </p>
   </div>
   <div class='ocr_carea' id='block_1_69' title="bbox 428 3974 1340 4047">
    <p class='ocr_par' dir='ltr' id='par_1_69' title="bbox 428 3974 1340 4047">
     <span class='ocr_line' id='line_1_69' title="bbox 428 3974 1340 4047; baseline 0.002 -19"><span class='ocrx_word' id='word_1_501' title='bbox 428 3974 692 4028; x_wconf 86' lang='lat' dir='ltr'><strong>bonorum</strong></span> <span class='ocrx_word' id='word_1_502' title='bbox 725 3975 1019 4031; x_wconf 81' lang='lat' dir='ltr'><strong>imitatione</strong></span> <span class='ocrx_word' id='word_1_503' title='bbox 1048 3977 1340 4047; x_wconf 87' lang='lat' dir='ltr'><strong>purgando.</strong></span> 
     </span>
    </p>
   </div>
   <div class='ocr_carea' id='block_1_70' title="bbox 500 4106 2003 4179">
    <p class='ocr_par' dir='ltr' id='par_1_70' title="bbox 500 4106 2003 4179">
     <span class='ocr_line' id='line_1_70' title="bbox 500 4106 2003 4179; baseline 0 -17"><span class='ocrx_word' id='word_1_504' title='bbox 500 4113 517 4141; x_wconf 83' lang='grc'>¹</span> <span class='ocrx_word' id='word_1_505' title='bbox 550 4107 745 4178; x_wconf 72' lang='lat' dir='ltr'><strong>Valete}</strong></span> <span class='ocrx_word' id='word_1_506' title='bbox 773 4110 993 4164; x_wconf 88' lang='lat' dir='ltr'><strong>Omissis</strong></span> <span class='ocrx_word' id='word_1_507' title='bbox 1019 4126 1138 4179; x_wconf 84' lang='lat' dir='ltr'><strong>quae</strong></span> <span class='ocrx_word' id='word_1_508' title='bbox 1167 4119 1479 4179; x_wconf 88' lang='lat' dir='ltr'><strong>sequuntur.</strong></span> <span class='ocrx_word' id='word_1_509' title='bbox 1520 4108 1731 4163; x_wconf 93' lang='lat' dir='ltr'><strong>codices</strong></span> <span class='ocrx_word' id='word_1_510' title='bbox 1759 4106 2003 4177; x_wconf 81' lang='lat' dir='ltr'><strong>Symma-</strong></span> 
     </span>
    </p>
   </div>
   <div class='ocr_carea' id='block_1_71' title="bbox 427 4180 2001 4246">
    <p class='ocr_par' dir='ltr' id='par_1_71' title="bbox 427 4180 2001 4246">
     <span class='ocr_line' id='line_1_71' title="bbox 427 4180 2001 4246; baseline -0.001 -11"><span class='ocrx_word' id='word_1_511' title='bbox 427 4182 603 4235; x_wconf 90' lang='lat' dir='ltr'><strong>chiani</strong></span> <span class='ocrx_word' id='word_1_512' title='bbox 635 4180 911 4246; x_wconf 58' lang='lat' dir='ltr'><strong>epistolim</strong></span> <span class='ocrx_word' id='word_1_513' title='bbox 946 4182 1013 4232; x_wconf 79' lang='lat' dir='ltr'><strong>ita</strong></span> <span class='ocrx_word' id='word_1_514' title='bbox 1048 4184 1369 4234; x_wconf 89' lang='lat' dir='ltr'><strong>concludunt</strong></span> <span class='ocrx_word' id='word_1_515' title='bbox 1402 4197 1415 4230; x_wconf 89' lang='lat'><strong>:</strong></span> <span class='ocrx_word' id='word_1_516' title='bbox 1457 4180 1589 4233; x_wconf 86' lang='lat' dir='ltr'><strong>Data</strong></span> <span class='ocrx_word' id='word_1_517' title='bbox 1632 4194 1757 4232; x_wconf 81' lang='lat' dir='ltr'><strong>xvttt</strong></span> <span class='ocrx_word' id='word_1_518' title='bbox 1799 4181 2001 4233; x_wconf 63' lang='lat' dir='ltr'><strong>calend.</strong></span> 
     </span>
    </p>
   </div>
   <div class='ocr_carea' id='block_1_72' title="bbox 430 4250 2000 4316">
    <p class='ocr_par' dir='ltr' id='par_1_72' title="bbox 430 4250 2000 4316">
     <span class='ocr_line' id='line_1_72' title="bbox 430 4250 2000 4316; baseline 0 -12"><span class='ocrx_word' id='word_1_519' title='bbox 430 4252 705 4305; x_wconf 71' lang='lat' dir='ltr'><strong>Novembr.</strong></span> <span class='ocrx_word' id='word_1_520' title='bbox 747 4252 847 4312; x_wconf 83' lang='lat' dir='ltr'><strong>die,</strong></span> <span class='ocrx_word' id='word_1_521' title='bbox 888 4251 1161 4304; x_wconf 78' lang='lat' dir='ltr'><strong>indictione</strong></span> <span class='ocrx_word' id='word_1_522' title='bbox 1198 4268 1310 4316; x_wconf 90' lang='lat' dir='ltr'><strong>vnt,</strong></span> <span class='ocrx_word' id='word_1_523' title='bbox 1352 4252 1449 4305; x_wconf 89' lang='lat' dir='ltr'><strong>hoc</strong></span> <span class='ocrx_word' id='word_1_524' title='bbox 1479 4261 1558 4304; x_wconf 78' lang='lat' dir='ltr'><strong>est</strong></span> <span class='ocrx_word' id='word_1_525' title='bbox 1586 4260 1747 4316; x_wconf 86' lang='lat' dir='ltr'><strong>anno,</strong></span> <span class='ocrx_word' id='word_1_526' title='bbox 1787 4259 1842 4302; x_wconf 89' lang='lat' dir='ltr'><strong>ttt</strong></span> <span class='ocrx_word' id='word_1_527' title='bbox 1870 4250 2000 4315; x_wconf 81' lang='lat' dir='ltr'><strong>dixi,</strong></span> 
     </span>
    </p>
   </div>
   <div class='ocr_carea' id='block_1_73' title="bbox 428 4321 1999 4390">
    <p class='ocr_par' dir='ltr' id='par_1_73' title="bbox 428 4321 1999 4390">
     <span class='ocr_line' id='line_1_73' title="bbox 428 4321 1999 4390; baseline 0 -15"><span class='ocrx_word' id='word_1_528' title='bbox 428 4337 637 4375; x_wconf 80' lang='lat' dir='ltr'><strong>coxcrx.</strong></span> <span class='ocrx_word' id='word_1_529' title='bbox 668 4322 741 4374; x_wconf 80' lang='lat' dir='ltr'><strong>Ex</strong></span> <span class='ocrx_word' id='word_1_530' title='bbox 765 4338 869 4390; x_wconf 88' lang='lat' dir='ltr'><strong>qtto</strong></span> <span class='ocrx_word' id='word_1_531' title='bbox 893 4333 1027 4387; x_wconf 80' lang='lat' dir='ltr'><strong>palet</strong></span> <span class='ocrx_word' id='word_1_532' title='bbox 1061 4325 1312 4386; x_wconf 63' lang='lat' dir='ltr'><strong>cpi~t0|as</strong></span> <span class='ocrx_word' id='word_1_533' title='bbox 1336 4322 1558 4375; x_wconf 86' lang='lat' dir='ltr'><strong>Eunodii</strong></span> <span class='ocrx_word' id='word_1_534' title='bbox 1582 4321 1823 4374; x_wconf 91' lang='lat' dir='ltr'><strong>ordinem</strong></span> <span class='ocrx_word' id='word_1_535' title='bbox 1848 4336 1999 4375; x_wconf 91' lang='lat' dir='ltr'><strong>suum</strong></span> 
     </span>
    </p>
   </div>
   <div class='ocr_carea' id='block_1_74' title="bbox 432 4391 2001 4461">
    <p class='ocr_par' dir='ltr' id='par_1_74' title="bbox 432 4391 2001 4461">
     <span class='ocr_line' id='line_1_74' title="bbox 432 4391 2001 4461; baseline 0.003 -17"><span class='ocrx_word' id='word_1_536' title='bbox 432 4410 538 4445; x_wconf 90' lang='lat' dir='ltr'><strong>non</strong></span> <span class='ocrx_word' id='word_1_537' title='bbox 559 4396 809 4446; x_wconf 78' lang='lat' dir='ltr'><strong>retinere.</strong></span> <span class='ocrx_word' id='word_1_538' title='bbox 832 4392 1075 4461; x_wconf 87' lang='lat' dir='ltr'><strong>Alioquin</strong></span> <span class='ocrx_word' id='word_1_539' title='bbox 1097 4395 1177 4447; x_wconf 66' lang='lat' dir='ltr'><strong>has</strong></span> <span class='ocrx_word' id='word_1_540' title='bbox 1194 4410 1311 4461; x_wconf 70' lang='lat' dir='ltr'><strong>qua:</strong></span> <span class='ocrx_word' id='word_1_541' title='bbox 1328 4394 1393 4446; x_wconf 81' lang='lat' dir='ltr'><strong>de</strong></span> <span class='ocrx_word' id='word_1_542' title='bbox 1418 4391 1710 4447; x_wconf 69' lang='lat' dir='ltr'><strong>Marcellini</strong></span> <span class='ocrx_word' id='word_1_543' title='bbox 1735 4392 2001 4449; x_wconf 85' lang='lat' dir='ltr'><strong>electione</strong></span> 
     </span>
    </p>
   </div>
   <div class='ocr_carea' id='block_1_75' title="bbox 429 4464 1576 4531">
    <p class='ocr_par' dir='ltr' id='par_1_75' title="bbox 429 4464 1576 4531">
     <span class='ocr_line' id='line_1_75' title="bbox 429 4464 1576 4531; baseline 0.001 -16"><span class='ocrx_word' id='word_1_544' title='bbox 429 4475 614 4531; x_wconf 77' lang='lat' dir='ltr'><strong>agunt,</strong></span> <span class='ocrx_word' id='word_1_545' title='bbox 648 4465 1006 4527; x_wconf 82' lang='lat' dir='ltr'><strong>superioribus</strong></span> <span class='ocrx_word' id='word_1_546' title='bbox 1030 4467 1264 4531; x_wconf 72' lang='lat' dir='ltr'><strong>pratponi</strong></span> <span class='ocrx_word' id='word_1_547' title='bbox 1298 4464 1576 4518; x_wconf 84' lang='lat' dir='ltr'><strong>deberent.</strong></span> 
     </span>
    </p>
   </div>
   <div class='ocr_carea' id='block_1_76' title="bbox 500 4533 1558 4603">
    <p class='ocr_par' dir='ltr' id='par_1_76' title="bbox 500 4533 1558 4603">
     <span class='ocr_line' id='line_1_76' title="bbox 500 4533 1558 4603; baseline 0.003 -18"><span class='ocrx_word' id='word_1_548' title='bbox 500 4536 519 4564; x_wconf 85' lang='grc'><strong><em>²</em></strong></span> <span class='ocrx_word' id='word_1_549' title='bbox 552 4533 838 4603; x_wconf 82' lang='lat' dir='ltr'><strong>Marciano]</strong></span> <span class='ocrx_word' id='word_1_550' title='bbox 872 4534 1161 4599; x_wconf 76' lang='lat' dir='ltr'><strong>Advocato,</strong></span> <span class='ocrx_word' id='word_1_551' title='bbox 1197 4536 1393 4589; x_wconf 59' lang='lat' dir='ltr'><strong>Asterti</strong></span> <span class='ocrx_word' id='word_1_552' title='bbox 1428 4536 1558 4588; x_wconf 88' lang='lat' dir='ltr'><strong>lilio.</strong></span> 
     </span>
    </p>
   </div>
   <div class='ocr_carea' id='block_1_77' title="bbox 501 4604 1999 4676">
    <p class='ocr_par' dir='ltr' id='par_1_77' title="bbox 501 4604 1999 4676">
     <span class='ocr_line' id='line_1_77' title="bbox 501 4604 1999 4676; baseline 0.003 -23"><span class='ocrx_word' id='word_1_553' title='bbox 501 4604 520 4634; x_wconf 90' lang='grc'><em>³</em></span> <span class='ocrx_word' id='word_1_554' title='bbox 552 4604 850 4656; x_wconf 68' lang='grc' dir='ltr'><strong>(ἰαιισὴειὶειιδ</strong></span> <span class='ocrx_word' id='word_1_555' title='bbox 893 4616 939 4657; x_wconf 88' lang='lat' dir='ltr'><strong>et</strong></span> <span class='ocrx_word' id='word_1_556' title='bbox 967 4604 1189 4676; x_wconf 78' lang='lat' dir='ltr'><strong>senator]</strong></span> <span class='ocrx_word' id='word_1_557' title='bbox 1216 4608 1291 4659; x_wconf 85' lang='lat' dir='ltr'><strong>Ad</strong></span> <span class='ocrx_word' id='word_1_558' title='bbox 1317 4604 1514 4657; x_wconf 80' lang='lat' dir='ltr'><strong>curiam</strong></span> <span class='ocrx_word' id='word_1_559' title='bbox 1544 4613 1596 4658; x_wconf 91' lang='lat' dir='ltr'><strong>et</strong></span> <span class='ocrx_word' id='word_1_560' title='bbox 1617 4612 1857 4657; x_wconf 87' lang='lat' dir='ltr'><strong>senatum</strong></span> <span class='ocrx_word' id='word_1_561' title='bbox 1880 4604 1999 4659; x_wconf 87' lang='lat' dir='ltr'><strong>adi-</strong></span> 
     </span>
    </p>
   </div>
   <div class='ocr_carea' id='block_1_78' title="bbox 430 4676 2001 4742">
    <p class='ocr_par' dir='ltr' id='par_1_78' title="bbox 430 4676 2001 4742">
     <span class='ocr_line' id='line_1_78' title="bbox 430 4676 2001 4742; baseline 0.001 -15"><span class='ocrx_word' id='word_1_562' title='bbox 430 4686 512 4729; x_wconf 90' lang='lat' dir='ltr'><strong>tus</strong></span> <span class='ocrx_word' id='word_1_563' title='bbox 543 4692 633 4740; x_wconf 75' lang='lat' dir='ltr'><strong>per</strong></span> <span class='ocrx_word' id='word_1_564' title='bbox 665 4676 893 4727; x_wconf 92' lang='lat' dir='ltr'><strong>honores</strong></span> <span class='ocrx_word' id='word_1_565' title='bbox 927 4677 1137 4741; x_wconf 82' lang='lat' dir='ltr'><strong>patebat</strong></span> <span class='ocrx_word' id='word_1_566' title='bbox 1173 4694 1185 4728; x_wconf 91' lang='lat'><strong>:</strong></span> <span class='ocrx_word' id='word_1_567' title='bbox 1221 4677 1284 4728; x_wconf 88' lang='lat' dir='ltr'><strong>ad</strong></span> <span class='ocrx_word' id='word_1_568' title='bbox 1327 4680 1556 4728; x_wconf 89' lang='lat' dir='ltr'><strong>honores</strong></span> <span class='ocrx_word' id='word_1_569' title='bbox 1592 4685 1766 4727; x_wconf 87' lang='lat' dir='ltr'><strong>autem</strong></span> <span class='ocrx_word' id='word_1_570' title='bbox 1805 4677 2001 4742; x_wconf 90' lang='lat' dir='ltr'><strong>gradus</strong></span> 
     </span>
    </p>
   </div>
   <div class='ocr_carea' id='block_1_79' title="bbox 427 4743 2000 4811">
    <p class='ocr_par' dir='ltr' id='par_1_79' title="bbox 427 4743 2000 4811">
     <span class='ocr_line' id='line_1_79' title="bbox 427 4743 2000 4811; baseline 0.001 -14"><span class='ocrx_word' id='word_1_571' title='bbox 427 4757 541 4799; x_wconf 55' lang='lat' dir='ltr'><strong>erat</strong></span> <span class='ocrx_word' id='word_1_572' title='bbox 563 4747 855 4798; x_wconf 84' lang='lat' dir='ltr'><strong>advocatio.</strong></span> <span class='ocrx_word' id='word_1_573' title='bbox 884 4743 1035 4799; x_wconf 86' lang='lat' dir='ltr'><strong>Unde</strong></span> <span class='ocrx_word' id='word_1_574' title='bbox 1064 4745 1464 4799; x_wconf 83' lang='lat' dir='ltr'><strong>Valentinianus</strong></span> <span class='ocrx_word' id='word_1_575' title='bbox 1493 4746 1699 4799; x_wconf 86' lang='lat' dir='ltr'><strong>novella</strong></span> <span class='ocrx_word' id='word_1_576' title='bbox 1725 4744 1790 4797; x_wconf 90' lang='lat' dir='ltr'><strong>de</strong></span> <span class='ocrx_word' id='word_1_577' title='bbox 1821 4759 2000 4811; x_wconf 51' lang='lat' dir='ltr'><strong>pastu.</strong></span> 
     </span>
    </p>
   </div>
   <div class='ocr_carea' id='block_1_80' title="bbox 429 4814 1998 4884">
    <p class='ocr_par' dir='ltr' id='par_1_80' title="bbox 429 4814 1998 4884">
     <span class='ocr_line' id='line_1_80' title="bbox 429 4814 1998 4884; baseline 0.001 -15"><span class='ocrx_word' id='word_1_578' title='bbox 429 4818 607 4877; x_wconf 83' lang='lat' dir='ltr'><strong>lando,</strong></span> <span class='ocrx_word' id='word_1_579' title='bbox 638 4831 755 4884; x_wconf 63' lang='lat' dir='ltr'><strong>quat:</strong></span> <span class='ocrx_word' id='word_1_580' title='bbox 775 4825 857 4869; x_wconf 91' lang='lat' dir='ltr'><strong>est</strong></span> <span class='ocrx_word' id='word_1_581' title='bbox 886 4814 952 4869; x_wconf 72' lang='grc'><strong>54</strong></span> <span class='ocrx_word' id='word_1_582' title='bbox 984 4816 1121 4868; x_wconf 77' lang='lat' dir='ltr'><strong>inter</strong></span> <span class='ocrx_word' id='word_1_583' title='bbox 1152 4816 1567 4879; x_wconf 77' lang='lat' dir='ltr'><strong>Theodosianas,</strong></span> <span class='ocrx_word' id='word_1_584' title='bbox 1595 4818 1998 4871; x_wconf 86' lang='lat' dir='ltr'><strong>advocationem</strong></span> 
     </span>
    </p>
   </div>
   <div class='ocr_carea' id='block_1_81' title="bbox 427 4886 2002 4954">
    <p class='ocr_par' dir='ltr' id='par_1_81' title="bbox 427 4886 2002 4954">
     <span class='ocr_line' id='line_1_81' title="bbox 427 4886 2002 4954; baseline -0.001 -15"><span class='ocrx_word' id='word_1_585' title='bbox 427 4886 657 4953; x_wconf 64' lang='lat' dir='ltr'><strong>appc-llat</strong></span> <span class='ocrx_word' id='word_1_586' title='bbox 684 4900 1001 4938; x_wconf 47' lang='lat' dir='ltr'><strong>sensurum</strong></span> <span class='ocrx_word' id='word_1_587' title='bbox 1034 4902 1373 4939; x_wconf 72' lang='lat' dir='ltr'><strong>DGNITATUM.</strong></span> <span class='ocrx_word' id='word_1_588' title='bbox 1412 4886 1504 4939; x_wconf 86' lang='lat' dir='ltr'><strong>Vel</strong></span> <span class='ocrx_word' id='word_1_589' title='bbox 1545 4888 1665 4954; x_wconf 86' lang='lat' dir='ltr'><strong>quia</strong></span> <span class='ocrx_word' id='word_1_590' title='bbox 1702 4902 1765 4940; x_wconf 79' lang='lat' dir='ltr'><strong>ex</strong></span> <span class='ocrx_word' id='word_1_591' title='bbox 1804 4887 2002 4954; x_wconf 74' lang='lat' dir='ltr'><strong>primo-</strong></span> 
     </span>
    </p>
   </div>
   <div class='ocr_carea' id='block_1_82' title="bbox 426 4956 1999 5024">
    <p class='ocr_par' dir='ltr' id='par_1_82' title="bbox 426 4956 1999 5024">
     <span class='ocr_line' id='line_1_82' title="bbox 426 4956 1999 5024; baseline 0 -17"><span class='ocrx_word' id='word_1_592' title='bbox 426 4962 572 5011; x_wconf 80' lang='lat' dir='ltr'><strong>ribus</strong></span> <span class='ocrx_word' id='word_1_593' title='bbox 603 4956 871 5009; x_wconf 75' lang='lat' dir='ltr'><strong>advocatis</strong></span> <span class='ocrx_word' id='word_1_594' title='bbox 898 4958 1207 5024; x_wconf 83' lang='lat' dir='ltr'><strong>plerumque</strong></span> <span class='ocrx_word' id='word_1_595' title='bbox 1234 4959 1432 5009; x_wconf 87' lang='lat' dir='ltr'><strong>fiebant</strong></span> <span class='ocrx_word' id='word_1_596' title='bbox 1457 4967 1771 5023; x_wconf 72' lang='lat' dir='ltr'><strong>qumsttiies,</strong></span> <span class='ocrx_word' id='word_1_597' title='bbox 1805 4972 1999 5011; x_wconf 83' lang='lat' dir='ltr'><strong>conso-</strong></span> 
     </span>
    </p>
   </div>
   <div class='ocr_carea' id='block_1_83' title="bbox 427 5027 1988 5096">
    <p class='ocr_par' dir='ltr' id='par_1_83' title="bbox 427 5027 1988 5096">
     <span class='ocr_line' id='line_1_83' title="bbox 427 5027 1988 5096; baseline 0 -15"><span class='ocrx_word' id='word_1_598' title='bbox 427 5028 585 5090; x_wconf 83' lang='lat' dir='ltr'><strong>lares,</strong></span> <span class='ocrx_word' id='word_1_599' title='bbox 618 5027 869 5093; x_wconf 67' lang='lat' dir='ltr'><strong>praesides</strong></span> <span class='ocrx_word' id='word_1_600' title='bbox 899 5039 947 5080; x_wconf 89' lang='lat' dir='ltr'><strong>et</strong></span> <span class='ocrx_word' id='word_1_601' title='bbox 973 5027 1063 5079; x_wconf 90' lang='lat' dir='ltr'><strong>alii</strong></span> <span class='ocrx_word' id='word_1_602' title='bbox 1095 5028 1313 5081; x_wconf 90' lang='lat' dir='ltr'><strong>litterati</strong></span> <span class='ocrx_word' id='word_1_603' title='bbox 1362 5028 1734 5094; x_wconf 71' lang='lat' dir='ltr'><strong>magistratus:</strong></span> <span class='ocrx_word' id='word_1_604' title='bbox 1768 5032 1905 5096; x_wconf 88' lang='lat' dir='ltr'><strong>qttod</strong></span> <span class='ocrx_word' id='word_1_605' title='bbox 1938 5031 1988 5082; x_wconf 91' lang='lat' dir='ltr'><strong>in</strong></span> 
     </span>
    </p>
   </div>
   <div class='ocr_carea' id='block_1_84' title="bbox 426 5098 1995 5165">
    <p class='ocr_par' dir='ltr' id='par_1_84' title="bbox 426 5098 1995 5165">
     <span class='ocr_line' id='line_1_84' title="bbox 426 5098 1995 5165; baseline 0.001 -14"><span class='ocrx_word' id='word_1_606' title='bbox 426 5099 689 5153; x_wconf 84' lang='lat' dir='ltr'><strong>Decoran</strong></span> <span class='ocrx_word' id='word_1_607' title='bbox 731 5108 784 5149; x_wconf 91' lang='lat' dir='ltr'><strong>et</strong></span> <span class='ocrx_word' id='word_1_608' title='bbox 833 5098 1101 5151; x_wconf 79' lang='lat' dir='ltr'><strong>llonorato</strong></span> <span class='ocrx_word' id='word_1_609' title='bbox 1147 5098 1401 5157; x_wconf 82' lang='lat' dir='ltr'><strong>vidimus;</strong></span> <span class='ocrx_word' id='word_1_610' title='bbox 1452 5101 1752 5165; x_wconf 73' lang='lat' dir='ltr'><strong>paSsimque</strong></span> <span class='ocrx_word' id='word_1_611' title='bbox 1781 5109 1995 5153; x_wconf 84' lang='lat' dir='ltr'><strong>exstant</strong></span> 
     </span>
    </p>
   </div>
   <div class='ocr_carea' id='block_1_85' title="bbox 425 5168 1995 5238">
    <p class='ocr_par' dir='ltr' id='par_1_85' title="bbox 425 5168 1995 5238">
     <span class='ocr_line' id='line_1_85' title="bbox 425 5168 1995 5238; baseline -0.001 -15"><span class='ocrx_word' id='word_1_612' title='bbox 425 5170 667 5238; x_wconf 76' lang='lat' dir='ltr'><strong>exempla</strong></span> <span class='ocrx_word' id='word_1_613' title='bbox 691 5170 825 5237; x_wconf 89' lang='lat' dir='ltr'><strong>apud</strong></span> <span class='ocrx_word' id='word_1_614' title='bbox 853 5168 1215 5238; x_wconf 82' lang='lat' dir='ltr'><strong>Marcellinum</strong></span> <span class='ocrx_word' id='word_1_615' title='bbox 1237 5179 1290 5222; x_wconf 91' lang='lat' dir='ltr'><strong>et</strong></span> <span class='ocrx_word' id='word_1_616' title='bbox 1310 5168 1684 5221; x_wconf 84' lang='lat' dir='ltr'><strong>Cassiodorutn</strong></span> <span class='ocrx_word' id='word_1_617' title='bbox 1710 5186 1723 5220; x_wconf 87' lang='lat'><strong>:</strong></span> <span class='ocrx_word' id='word_1_618' title='bbox 1747 5184 1852 5236; x_wconf 87' lang='lat' dir='ltr'><strong>quo</strong></span> <span class='ocrx_word' id='word_1_619' title='bbox 1876 5171 1995 5237; x_wconf 84' lang='lat' dir='ltr'><strong>qui-</strong></span> 
     </span>
    </p>
   </div>
   <div class='ocr_carea' id='block_1_86' title="bbox 424 5237 1993 5294">
    <p class='ocr_par' dir='ltr' id='par_1_86' title="bbox 424 5237 1993 5294">
     <span class='ocr_line' id='line_1_86' title="bbox 424 5237 1993 5294; baseline 0 -1"><span class='ocrx_word' id='word_1_620' title='bbox 424 5241 545 5293; x_wconf 90' lang='lat' dir='ltr'><strong>dem</strong></span> <span class='ocrx_word' id='word_1_621' title='bbox 569 5237 728 5294; x_wconf 79' lang='lat' dir='ltr'><strong>sensu</strong></span> <span class='ocrx_word' id='word_1_622' title='bbox 753 5240 982 5293; x_wconf 62' lang='lat' dir='ltr'><strong>l0t~utum</strong></span> <span class='ocrx_word' id='word_1_623' title='bbox 1014 5237 1114 5291; x_wconf 88' lang='lat' dir='ltr'><strong>hoc</strong></span> <span class='ocrx_word' id='word_1_624' title='bbox 1142 5240 1257 5292; x_wconf 78' lang='lat' dir='ltr'><strong>loeo</strong></span> <span class='ocrx_word' id='word_1_625' title='bbox 1284 5238 1514 5292; x_wconf 88' lang='lat' dir='ltr'><strong>arbitror</strong></span> <span class='ocrx_word' id='word_1_626' title='bbox 1545 5240 1863 5292; x_wconf 80' lang='lat' dir='ltr'><strong>Ennodium.</strong></span> <span class='ocrx_word' id='word_1_627' title='bbox 1900 5240 1993 5293; x_wconf 91' lang='lat' dir='ltr'><strong>Vel</strong></span> 
     </span>
    </p>
   </div>
   <div class='ocr_carea' id='block_1_87' title="bbox 424 5308 1991 5380">
    <p class='ocr_par' dir='ltr' id='par_1_87' title="bbox 424 5308 1991 5380">
     <span class='ocr_line' id='line_1_87' title="bbox 424 5308 1991 5380; baseline 0.001 -18"><span class='ocrx_word' id='word_1_628' title='bbox 424 5313 544 5380; x_wconf 88' lang='lat' dir='ltr'><strong>quia</strong></span> <span class='ocrx_word' id='word_1_629' title='bbox 568 5313 655 5380; x_wconf 91' lang='lat' dir='ltr'><strong>qui</strong></span> <span class='ocrx_word' id='word_1_630' title='bbox 684 5310 955 5379; x_wconf 72' lang='lat' dir='ltr'><strong>ptmﬁxum</strong></span> <span class='ocrx_word' id='word_1_631' title='bbox 987 5308 1191 5377; x_wconf 90' lang='lat' dir='ltr'><strong>legibus</strong></span> <span class='ocrx_word' id='word_1_632' title='bbox 1228 5325 1506 5363; x_wconf 89' lang='lat' dir='ltr'><strong>numerum</strong></span> <span class='ocrx_word' id='word_1_633' title='bbox 1537 5324 1792 5363; x_wconf 89' lang='lat' dir='ltr'><strong>annorum</strong></span> <span class='ocrx_word' id='word_1_634' title='bbox 1818 5310 1868 5363; x_wconf 89' lang='lat' dir='ltr'><strong>itt</strong></span> <span class='ocrx_word' id='word_1_635' title='bbox 1896 5311 1991 5363; x_wconf 85' lang='lat' dir='ltr'><strong>ad-</strong></span> 
     </span>
    </p>
   </div>
   <div class='ocr_carea' id='block_1_88' title="bbox 424 5380 1989 5451">
    <p class='ocr_par' dir='ltr' id='par_1_88' title="bbox 424 5380 1989 5451">
     <span class='ocr_line' id='line_1_88' title="bbox 424 5380 1989 5451; baseline 0.003 -20"><span class='ocrx_word' id='word_1_636' title='bbox 424 5395 702 5437; x_wconf 82' lang='lat' dir='ltr'><strong>vocatione</strong></span> <span class='ocrx_word' id='word_1_637' title='bbox 728 5384 1095 5449; x_wconf 86' lang='lat' dir='ltr'><strong>expleverant,</strong></span> <span class='ocrx_word' id='word_1_638' title='bbox 1120 5382 1450 5451; x_wconf 87' lang='lat' dir='ltr'><strong>diversarum</strong></span> <span class='ocrx_word' id='word_1_639' title='bbox 1481 5380 1731 5451; x_wconf 79' lang='lat' dir='ltr'><strong>deinceps</strong></span> <span class='ocrx_word' id='word_1_640' title='bbox 1761 5384 1989 5451; x_wconf 88' lang='lat' dir='ltr'><strong>dignita-</strong></span> 
     </span>
    </p>
   </div>
   <div class='ocr_carea' id='block_1_89' title="bbox 425 5450 1993 5522">
    <p class='ocr_par' dir='ltr' id='par_1_89' title="bbox 425 5450 1993 5522">
     <span class='ocr_line' id='line_1_89' title="bbox 425 5450 1993 5522; baseline 0.001 -19"><span class='ocrx_word' id='word_1_641' title='bbox 425 5461 536 5522; x_wconf 78' lang='lat' dir='ltr'><strong>tum</strong></span> <span class='ocrx_word' id='word_1_642' title='bbox 582 5454 869 5522; x_wconf 57' lang='lat' dir='ltr'><strong>privilegiis</strong></span> <span class='ocrx_word' id='word_1_643' title='bbox 909 5451 1255 5506; x_wconf 82' lang='lat' dir='ltr'><strong>ornabantur.</strong></span> <span class='ocrx_word' id='word_1_644' title='bbox 1294 5450 1410 5516; x_wconf 82' lang='lat' dir='ltr'><strong>Quo</strong></span> <span class='ocrx_word' id='word_1_645' title='bbox 1450 5464 1695 5520; x_wconf 90' lang='lat' dir='ltr'><strong>spectans</strong></span> <span class='ocrx_word' id='word_1_646' title='bbox 1741 5450 1993 5505; x_wconf 86' lang='lat' dir='ltr'><strong>Sidonius</strong></span> 
     </span>
    </p>
   </div>
   <div class='ocr_carea' id='block_1_90' title="bbox 426 5520 1993 5593">
    <p class='ocr_par' dir='ltr' id='par_1_90' title="bbox 426 5520 1993 5593">
     <span class='ocr_line' id='line_1_90' title="bbox 426 5520 1993 5593; baseline 0.001 -19"><span class='ocrx_word' id='word_1_647' title='bbox 426 5520 520 5593; x_wconf 80' lang='lat' dir='ltr'><strong>lib.</strong></span> <span class='ocrx_word' id='word_1_648' title='bbox 544 5538 579 5586; x_wconf 92' lang='lat' dir='ltr'><strong>t,</strong></span> <span class='ocrx_word' id='word_1_649' title='bbox 612 5520 886 5589; x_wconf 48' lang='lat' dir='ltr'><strong>epistfil,</strong></span> <span class='ocrx_word' id='word_1_650' title='bbox 913 5524 1288 5576; x_wconf 36' lang='lat' dir='ltr'><strong>advo.‘atorum</strong></span> <span class='ocrx_word' id='word_1_651' title='bbox 1317 5524 1597 5593; x_wconf 88' lang='lat' dir='ltr'><strong>dignitates</strong></span> <span class='ocrx_word' id='word_1_652' title='bbox 1625 5532 1733 5575; x_wconf 88' lang='lat' dir='ltr'><strong>tttm</strong></span> <span class='ocrx_word' id='word_1_653' title='bbox 1760 5523 1993 5589; x_wconf 85' lang='lat' dir='ltr'><strong>incipere</strong></span> 
     </span>
    </p>
   </div>
   <div class='ocr_carea' id='block_1_91' title="bbox 426 5591 1281 5651">
    <p class='ocr_par' dir='ltr' id='par_1_91' title="bbox 426 5591 1281 5651">
     <span class='ocr_line' id='line_1_91' title="bbox 426 5591 1281 5651; baseline 0.002 -7"><span class='ocrx_word' id='word_1_654' title='bbox 426 5591 719 5651; x_wconf 80' lang='lat' dir='ltr'><strong>dixit.cum</strong></span> <span class='ocrx_word' id='word_1_655' title='bbox 740 5600 976 5647; x_wconf 82' lang='lat' dir='ltr'><strong>actiones</strong></span> <span class='ocrx_word' id='word_1_656' title='bbox 1006 5593 1281 5647; x_wconf 83' lang='lat' dir='ltr'><strong>ﬁniuntur.</strong></span> 
     </span>
    </p>
   </div>
   <div class='ocr_carea' id='block_1_92' title="bbox 497 5660 1990 5736">
    <p class='ocr_par' dir='ltr' id='par_1_92' title="bbox 497 5660 1990 5736">
     <span class='ocr_line' id='line_1_92' title="bbox 497 5660 1990 5736; baseline 0.001 -22"><span class='ocrx_word' id='word_1_657' title='bbox 497 5660 775 5736; x_wconf 69' lang='lat' dir='ltr'><strong>‘_0pilt&#39;om&#39;</strong></span> <span class='ocrx_word' id='word_1_658' title='bbox 813 5664 875 5717; x_wconf 86' lang='lat' dir='ltr'><strong>V.</strong></span> <span class='ocrx_word' id='word_1_659' title='bbox 912 5663 986 5736; x_wconf 80' lang='lat'><strong>1.]</strong></span> <span class='ocrx_word' id='word_1_660' title='bbox 1034 5664 1325 5719; x_wconf 88' lang='lat' dir='ltr'><strong>Sublimem</strong></span> <span class='ocrx_word' id='word_1_661' title='bbox 1363 5673 1417 5720; x_wconf 92' lang='lat' dir='ltr'><strong>et</strong></span> <span class='ocrx_word' id='word_1_662' title='bbox 1456 5663 1790 5736; x_wconf 84' lang='lat' dir='ltr'><strong>magniﬁcum</strong></span> <span class='ocrx_word' id='word_1_663' title='bbox 1818 5662 1990 5736; x_wconf 84' lang='lat' dir='ltr'><strong>virum</strong></span> 
     </span>
    </p>
   </div>
   <div class='ocr_carea' id='block_1_93' title="bbox 426 5732 1992 5804">
    <p class='ocr_par' dir='ltr' id='par_1_93' title="bbox 426 5732 1992 5804">
     <span class='ocr_line' id='line_1_93' title="bbox 426 5732 1992 5804; baseline 0.002 -19"><span class='ocrx_word' id='word_1_664' title='bbox 426 5732 671 5804; x_wconf 77' lang='lat' dir='ltr'><strong>dixithb.</strong></span> <span class='ocrx_word' id='word_1_665' title='bbox 715 5748 795 5797; x_wconf 89' lang='lat' dir='ltr'><strong>tv,</strong></span> <span class='ocrx_word' id='word_1_666' title='bbox 836 5732 990 5803; x_wconf 68' lang='lat' dir='ltr'><strong>epist.</strong></span> <span class='ocrx_word' id='word_1_667' title='bbox 1038 5736 1125 5790; x_wconf 80' lang='grc'><strong>18.</strong></span> <span class='ocrx_word' id='word_1_668' title='bbox 1173 5737 1321 5790; x_wconf 87' lang='lat' dir='ltr'><strong>Illum</strong></span> <span class='ocrx_word' id='word_1_669' title='bbox 1370 5732 1664 5804; x_wconf 42' lang='lat' dir='ltr'><strong>puto,&#39;qui</strong></span> <span class='ocrx_word' id='word_1_670' title='bbox 1712 5734 1992 5804; x_wconf 83' lang='lat' dir='ltr'><strong>postremis</strong></span> 
     </span>
    </p>
   </div>
   <div class='ocr_carea' id='block_1_94' title="bbox 427 5802 1967 5872">
    <p class='ocr_par' dir='ltr' id='par_1_94' title="bbox 427 5802 1967 5872">
     <span class='ocr_line' id='line_1_94' title="bbox 427 5802 1967 5872; baseline 0 -16"><span class='ocrx_word' id='word_1_671' title='bbox 427 5802 742 5859; x_wconf 88' lang='lat' dir='ltr'><strong>Theoderici</strong></span> <span class='ocrx_word' id='word_1_672' title='bbox 774 5802 1096 5872; x_wconf 86' lang='lat' dir='ltr'><strong>temporibus</strong></span> <span class='ocrx_word' id='word_1_673' title='bbox 1121 5802 1453 5862; x_wconf 83' lang='lat' dir='ltr'><strong>consulatum</strong></span> <span class='ocrx_word' id='word_1_674' title='bbox 1482 5819 1601 5859; x_wconf 92' lang='lat' dir='ltr'><strong>cum</strong></span> <span class='ocrx_word' id='word_1_675' title='bbox 1626 5802 1833 5857; x_wconf 76' lang='lat' dir='ltr'><strong>.lustino</strong></span> <span class='ocrx_word' id='word_1_676' title='bbox 1855 5804 1967 5872; x_wconf 78' lang='lat' dir='ltr'><strong>Aug</strong></span> 
     </span>
    </p>
   </div>
   <div class='ocr_carea' id='block_1_95' title="bbox 2029 4569 2078 4628">
    <p class='ocr_par' dir='ltr' id='par_1_95' title="bbox 2029 4569 2078 4628">
     <span class='ocr_line' id='line_1_95' title="bbox 2029 4569 2078 4628; baseline 0 0"><span class='ocrx_word' id='word_1_677' title='bbox 2029 4569 2078 4628; x_wconf 90' lang='lat' dir='ltr'><strong>D</strong></span> 
     </span>
    </p>
   </div>
   <div class='ocr_carea' id='block_1_96' title="bbox 2111 3303 3697 3374">
    <p class='ocr_par' dir='ltr' id='par_1_96' title="bbox 2111 3303 3697 3374">
     <span class='ocr_line' id='line_1_96' title="bbox 2111 3303 3697 3374; baseline 0.003 -17"><span class='ocrx_word' id='word_1_678' title='bbox 2111 3318 2207 3374; x_wconf 88' lang='lat' dir='ltr'><strong>per</strong></span> <span class='ocrx_word' id='word_1_679' title='bbox 2232 3304 2404 3357; x_wconf 89' lang='lat' dir='ltr'><strong>varias</strong></span> <span class='ocrx_word' id='word_1_680' title='bbox 2434 3305 2852 3373; x_wconf 57' lang='lat' dir='ltr'><strong>promissionum</strong></span> <span class='ocrx_word' id='word_1_681' title='bbox 2883 3306 3011 3359; x_wconf 93' lang='lat' dir='ltr'><strong>mihi</strong></span> <span class='ocrx_word' id='word_1_682' title='bbox 3046 3304 3219 3359; x_wconf 91' lang='lat' dir='ltr'><strong>illudit</strong></span> <span class='ocrx_word' id='word_1_683' title='bbox 3247 3303 3479 3374; x_wconf 90' lang='lat' dir='ltr'><strong>efﬁgies,</strong></span> <span class='ocrx_word' id='word_1_684' title='bbox 3510 3305 3697 3362; x_wconf 87' lang='lat' dir='ltr'><strong>volens</strong></span> 
     </span>
    </p>
   </div>
   <div class='ocr_carea' id='block_1_97' title="bbox 2111 3394 3697 3466">
    <p class='ocr_par' dir='ltr' id='par_1_97' title="bbox 2111 3394 3697 3466">
     <span class='ocr_line' id='line_1_97' title="bbox 2111 3394 3697 3466; baseline 0 -16"><span class='ocrx_word' id='word_1_685' title='bbox 2111 3411 2141 3450; x_wconf 91' lang='lat' dir='ltr'><strong>a</strong></span> <span class='ocrx_word' id='word_1_686' title='bbox 2169 3394 2324 3449; x_wconf 90' lang='lat' dir='ltr'><strong>nobis</strong></span> <span class='ocrx_word' id='word_1_687' title='bbox 2345 3411 2607 3451; x_wconf 88' lang='lat' dir='ltr'><strong>summam</strong></span> <span class='ocrx_word' id='word_1_688' title='bbox 2640 3396 2795 3462; x_wconf 89' lang='lat' dir='ltr'><strong>pretii</strong></span> <span class='ocrx_word' id='word_1_689' title='bbox 2823 3396 3113 3466; x_wconf 87' lang='lat' dir='ltr'><strong>designari.</strong></span> <span class='ocrx_word' id='word_1_690' title='bbox 3142 3395 3247 3453; x_wconf 82' lang='lat' dir='ltr'><strong>Sed</strong></span> <span class='ocrx_word' id='word_1_691' title='bbox 3298 3395 3418 3450; x_wconf 91' lang='lat' dir='ltr'><strong>mali</strong></span> <span class='ocrx_word' id='word_1_692' title='bbox 3464 3394 3697 3450; x_wconf 81' lang='lat' dir='ltr'><strong>hominis</strong></span> 
     </span>
    </p>
   </div>
   <div class='ocr_carea' id='block_1_98' title="bbox 2110 3486 3696 3557">
    <p class='ocr_par' dir='ltr' id='par_1_98' title="bbox 2110 3486 3696 3557">
     <span class='ocr_line' id='line_1_98' title="bbox 2110 3486 3696 3557; baseline 0 -16"><span class='ocrx_word' id='word_1_693' title='bbox 2110 3486 2355 3541; x_wconf 88' lang='lat' dir='ltr'><strong>ardorem</strong></span> <span class='ocrx_word' id='word_1_694' title='bbox 2406 3486 2761 3542; x_wconf 88' lang='lat' dir='ltr'><strong>insatiabilem</strong></span> <span class='ocrx_word' id='word_1_695' title='bbox 2804 3502 2924 3542; x_wconf 83' lang='lat' dir='ltr'><strong>esse</strong></span> <span class='ocrx_word' id='word_1_696' title='bbox 2969 3488 3252 3552; x_wconf 90' lang='lat' dir='ltr'><strong>didicistis,</strong></span> <span class='ocrx_word' id='word_1_697' title='bbox 3296 3487 3386 3557; x_wconf 90' lang='lat' dir='ltr'><strong>qui</strong></span> <span class='ocrx_word' id='word_1_698' title='bbox 3434 3486 3533 3541; x_wconf 91' lang='lat' dir='ltr'><strong>nisi</strong></span> <span class='ocrx_word' id='word_1_699' title='bbox 3557 3502 3696 3541; x_wconf 88' lang='lat' dir='ltr'><strong>con-</strong></span> 
     </span>
    </p>
   </div>
   <div class='ocr_carea' id='block_1_99' title="bbox 2112 3577 3695 3648">
    <p class='ocr_par' dir='ltr' id='par_1_99' title="bbox 2112 3577 3695 3648">
     <span class='ocr_line' id='line_1_99' title="bbox 2112 3577 3695 3648; baseline 0 -15"><span class='ocrx_word' id='word_1_700' title='bbox 2112 3588 2314 3648; x_wconf 91' lang='lat' dir='ltr'><strong>temptu</strong></span> <span class='ocrx_word' id='word_1_701' title='bbox 2350 3580 2588 3647; x_wconf 65' lang='lat' dir='ltr'><strong>pecuniae</strong></span> <span class='ocrx_word' id='word_1_702' title='bbox 2618 3595 2723 3633; x_wconf 93' lang='lat' dir='ltr'><strong>non</strong></span> <span class='ocrx_word' id='word_1_703' title='bbox 2752 3587 2994 3635; x_wconf 88' lang='lat' dir='ltr'><strong>sanetur.</strong></span> <span class='ocrx_word' id='word_1_704' title='bbox 3028 3578 3252 3634; x_wconf 91' lang='lat' dir='ltr'><strong>Domine</strong></span> <span class='ocrx_word' id='word_1_705' title='bbox 3292 3577 3398 3645; x_wconf 90' lang='lat' dir='ltr'><strong>mi,</strong></span> <span class='ocrx_word' id='word_1_706' title='bbox 3428 3577 3601 3632; x_wconf 89' lang='lat' dir='ltr'><strong>saluto</strong></span> <span class='ocrx_word' id='word_1_707' title='bbox 3637 3585 3695 3633; x_wconf 87' lang='lat' dir='ltr'><strong>et</strong></span> 
     </span>
    </p>
   </div>
   <div class='ocr_carea' id='block_1_100' title="bbox 2109 3667 3694 3740">
    <p class='ocr_par' dir='ltr' id='par_1_100' title="bbox 2109 3667 3694 3740">
     <span class='ocr_line' id='line_1_100' title="bbox 2109 3667 3694 3740; baseline -0.001 -14"><span class='ocrx_word' id='word_1_708' title='bbox 2109 3685 2241 3740; x_wconf 88' lang='lat' dir='ltr'><strong>rogo</strong></span> <span class='ocrx_word' id='word_1_709' title='bbox 2284 3678 2346 3724; x_wconf 92' lang='lat' dir='ltr'><strong>ut</strong></span> <span class='ocrx_word' id='word_1_710' title='bbox 2380 3669 2568 3740; x_wconf 89' lang='lat' dir='ltr'><strong>religio</strong></span> <span class='ocrx_word' id='word_1_711' title='bbox 2592 3670 2733 3725; x_wconf 90' lang='lat' dir='ltr'><strong>circa</strong></span> <span class='ocrx_word' id='word_1_712' title='bbox 2765 3685 2851 3724; x_wconf 82' lang='lat' dir='ltr'><strong>me</strong></span> <span class='ocrx_word' id='word_1_713' title='bbox 2890 3669 2964 3740; x_wconf 91' lang='lat' dir='ltr'><strong>pii</strong></span> <span class='ocrx_word' id='word_1_714' title='bbox 3006 3670 3208 3725; x_wconf 86' lang='lat' dir='ltr'><strong>amoris</strong></span> <span class='ocrx_word' id='word_1_715' title='bbox 3243 3678 3486 3725; x_wconf 88' lang='lat' dir='ltr'><strong>servetur</strong></span> <span class='ocrx_word' id='word_1_716' title='bbox 3505 3678 3559 3724; x_wconf 93' lang='lat' dir='ltr'><strong>et</strong></span> <span class='ocrx_word' id='word_1_717' title='bbox 3589 3667 3694 3725; x_wconf 74' lang='lat' dir='ltr'><strong>fte-</strong></span> 
     </span>
    </p>
   </div>
   <div class='ocr_carea' id='block_1_101' title="bbox 2109 3763 3154 3859">
    <p class='ocr_par' dir='ltr' id='par_1_101' title="bbox 2109 3763 3154 3859">
     <span class='ocr_line' id='line_1_101' title="bbox 2109 3763 3154 3859; baseline 0 -2"><span class='ocrx_word' id='word_1_718' title='bbox 2109 3763 2272 3819; x_wconf 60' lang='lat' dir='ltr'><strong>de&#39;is&#39;</strong></span> <span class='ocrx_word' id='word_1_719' title='bbox 2701 3803 3027 3859; x_wconf 83' lang='lat' dir='ltr'><strong>EPISTOLA</strong></span> <span class='ocrx_word' id='word_1_720' title='bbox 3067 3803 3154 3858; x_wconf 84' lang='lat' dir='ltr'><strong>tv.</strong></span> 
     </span>
    </p>
   </div>
   <div class='ocr_carea' id='block_1_102' title="bbox 2604 3882 3205 3938">
    <p class='ocr_par' dir='ltr' id='par_1_102' title="bbox 2604 3882 3205 3938">
     <span class='ocr_line' id='line_1_102' title="bbox 2604 3882 3205 3938; baseline 0 -1"><span class='ocrx_word' id='word_1_721' title='bbox 2604 3898 2858 3938; x_wconf 63' lang='lat' dir='ltr'><strong>summus</strong></span> <span class='ocrx_word' id='word_1_722' title='bbox 2889 3882 2911 3913; x_wconf 82' lang='grc'>⁸</span> <span class='ocrx_word' id='word_1_723' title='bbox 2948 3897 3205 3937; x_wconf 60' lang='lat' dir='ltr'><strong>usus”.</strong></span> 
     </span>
    </p>
   </div>
   <div class='ocr_carea' id='block_1_103' title="bbox 2180 3972 3694 4045">
    <p class='ocr_par' dir='ltr' id='par_1_103' title="bbox 2180 3972 3694 4045">
     <span class='ocr_line' id='line_1_103' title="bbox 2180 3972 3694 4045; baseline 0.001 -17"><span class='ocrx_word' id='word_1_724' title='bbox 2180 3975 2276 4029; x_wconf 92' lang='lat' dir='ltr'><strong>Diu</strong></span> <span class='ocrx_word' id='word_1_725' title='bbox 2313 3976 2565 4045; x_wconf 85' lang='lat' dir='ltr'><strong>quaesitus</strong></span> <span class='ocrx_word' id='word_1_726' title='bbox 2601 3975 2881 4030; x_wconf 90' lang='lat' dir='ltr'><strong>desideriis</strong></span> <span class='ocrx_word' id='word_1_727' title='bbox 2918 3976 3052 4029; x_wconf 90' lang='lat' dir='ltr'><strong>meis</strong></span> <span class='ocrx_word' id='word_1_728' title='bbox 3090 3973 3274 4031; x_wconf 89' lang='lat' dir='ltr'><strong>evenit</strong></span> <span class='ocrx_word' id='word_1_729' title='bbox 3306 3972 3529 4029; x_wconf 80' lang='lat' dir='ltr'><strong>eifectus</strong></span> <span class='ocrx_word' id='word_1_730' title='bbox 3572 3991 3586 4025; x_wconf 91' lang='lat'><strong>:</strong></span> <span class='ocrx_word' id='word_1_731' title='bbox 3629 3983 3694 4029; x_wconf 93' lang='lat' dir='ltr'><strong>ut</strong></span> 
     </span>
    </p>
   </div>
   <div class='ocr_carea' id='block_1_104' title="bbox 2106 4107 3693 4183">
    <p class='ocr_par' dir='ltr' id='par_1_104' title="bbox 2106 4107 3693 4183">
     <span class='ocr_line' id='line_1_104' title="bbox 2106 4107 3693 4183; baseline -0.001 -19"><span class='ocrx_word' id='word_1_732' title='bbox 2106 4113 2274 4183; x_wconf 83' lang='lat' dir='ltr'><strong>gessit</strong></span> <span class='ocrx_word' id='word_1_733' title='bbox 2296 4127 2435 4166; x_wconf 90' lang='lat' dir='ltr'><strong>anno</strong></span> <span class='ocrx_word' id='word_1_734' title='bbox 2461 4111 2566 4183; x_wconf 68' lang='lat'><strong>524</strong></span> <span class='ocrx_word' id='word_1_735' title='bbox 2608 4111 2865 4181; x_wconf 91' lang='lat' dir='ltr'><strong>cujusque</strong></span> <span class='ocrx_word' id='word_1_736' title='bbox 2890 4124 3101 4183; x_wconf 79' lang='lat' dir='ltr'><strong>nomen</strong></span> <span class='ocrx_word' id='word_1_737' title='bbox 3131 4108 3359 4183; x_wconf 79' lang='lat' dir='ltr'><strong>concilio</strong></span> <span class='ocrx_word' id='word_1_738' title='bbox 3397 4107 3693 4175; x_wconf 81' lang='lat' dir='ltr'><strong>Carpento-</strong></span> 
     </span>
    </p>
   </div>
   <div class='ocr_carea' id='block_1_105' title="bbox 2107 4178 3694 4251">
    <p class='ocr_par' dir='ltr' id='par_1_105' title="bbox 2107 4178 3694 4251">
     <span class='ocr_line' id='line_1_105' title="bbox 2107 4178 3694 4251; baseline -0.004 -15"><span class='ocrx_word' id='word_1_739' title='bbox 2107 4178 2306 4238; x_wconf 75' lang='lat' dir='ltr'><strong>ratensi</strong></span> <span class='ocrx_word' id='word_1_740' title='bbox 2337 4182 2611 4251; x_wconf 77' lang='lat' dir='ltr'><strong>praeﬁxum</strong></span> <span class='ocrx_word' id='word_1_741' title='bbox 2637 4178 2740 4247; x_wconf 81' lang='lat' dir='ltr'><strong>est,</strong></span> <span class='ocrx_word' id='word_1_742' title='bbox 2763 4178 2901 4251; x_wconf 90' lang='lat' dir='ltr'><strong>quod</strong></span> <span class='ocrx_word' id='word_1_743' title='bbox 2934 4196 2999 4235; x_wconf 93' lang='lat' dir='ltr'><strong>eo</strong></span> <span class='ocrx_word' id='word_1_744' title='bbox 3030 4194 3172 4234; x_wconf 89' lang='lat' dir='ltr'><strong>anno</strong></span> <span class='ocrx_word' id='word_1_745' title='bbox 3201 4178 3528 4251; x_wconf 86' lang='lat' dir='ltr'><strong>celebratum</strong></span> <span class='ocrx_word' id='word_1_746' title='bbox 3558 4193 3694 4251; x_wconf 73' lang='lat' dir='ltr'><strong>con-</strong></span> 
     </span>
    </p>
   </div>
   <div class='ocr_carea' id='block_1_106' title="bbox 2106 4249 3694 4321">
    <p class='ocr_par' dir='ltr' id='par_1_106' title="bbox 2106 4249 3694 4321">
     <span class='ocr_line' id='line_1_106' title="bbox 2106 4249 3694 4321; baseline -0.004 -12"><span class='ocrx_word' id='word_1_747' title='bbox 2106 4264 2231 4309; x_wconf 86' lang='lat' dir='ltr'><strong>stat.</strong></span> <span class='ocrx_word' id='word_1_748' title='bbox 2263 4249 2410 4319; x_wconf 85' lang='lat' dir='ltr'><strong>Quod</strong></span> <span class='ocrx_word' id='word_1_749' title='bbox 2436 4253 2578 4307; x_wconf 92' lang='lat' dir='ltr'><strong>enim</strong></span> <span class='ocrx_word' id='word_1_750' title='bbox 2610 4249 2887 4321; x_wconf 83' lang='lat' dir='ltr'><strong>perperam</strong></span> <span class='ocrx_word' id='word_1_751' title='bbox 2918 4252 2986 4306; x_wconf 92' lang='lat' dir='ltr'><strong>ibi</strong></span> <span class='ocrx_word' id='word_1_752' title='bbox 3022 4266 3051 4305; x_wconf 90' lang='lat' dir='ltr'><strong>a</strong></span> <span class='ocrx_word' id='word_1_753' title='bbox 3098 4250 3523 4321; x_wconf 80' lang='lat' dir='ltr'><strong>scioloquodam</strong></span> <span class='ocrx_word' id='word_1_754' title='bbox 3546 4249 3694 4302; x_wconf 85' lang='lat' dir='ltr'><strong>anti-</strong></span> 
     </span>
    </p>
   </div>
   <div class='ocr_carea' id='block_1_107' title="bbox 2107 4319 3695 4394">
    <p class='ocr_par' dir='ltr' id='par_1_107' title="bbox 2107 4319 3695 4394">
     <span class='ocr_line' id='line_1_107' title="bbox 2107 4319 3695 4394; baseline -0.001 -20"><span class='ocrx_word' id='word_1_755' title='bbox 2107 4325 2298 4394; x_wconf 87' lang='lat' dir='ltr'><strong>quario</strong></span> <span class='ocrx_word' id='word_1_756' title='bbox 2320 4324 2545 4392; x_wconf 86' lang='lat' dir='ltr'><strong>Opilioni</strong></span> <span class='ocrx_word' id='word_1_757' title='bbox 2574 4319 2785 4377; x_wconf 81' lang='lat' dir='ltr'><strong>consuli</strong></span> <span class='ocrx_word' id='word_1_758' title='bbox 2814 4323 3053 4389; x_wconf 79' lang='lat' dir='ltr'><strong>adjectus</strong></span> <span class='ocrx_word' id='word_1_759' title='bbox 3080 4330 3161 4375; x_wconf 73' lang='grc' dir='ltr'><strong>εει</strong></span> <span class='ocrx_word' id='word_1_760' title='bbox 3183 4319 3383 4394; x_wconf 81' lang='lat' dir='ltr'><strong>collega</strong></span> <span class='ocrx_word' id='word_1_761' title='bbox 3408 4319 3695 4394; x_wconf 72' lang='lat' dir='ltr'><strong>Vincotna-</strong></span> 
     </span>
    </p>
   </div>
   <div class='ocr_carea' id='block_1_108' title="bbox 2106 4388 3693 4470">
    <p class='ocr_par' dir='ltr' id='par_1_108' title="bbox 2106 4388 3693 4470">
     <span class='ocr_line' id='line_1_108' title="bbox 2106 4388 3693 4470; baseline -0.004 -22"><span class='ocrx_word' id='word_1_762' title='bbox 2106 4388 2209 4461; x_wconf 81' lang='lat' dir='ltr'><strong>liis,</strong></span> <span class='ocrx_word' id='word_1_763' title='bbox 2237 4396 2357 4470; x_wconf 85' lang='lat' dir='ltr'><strong>quia</strong></span> <span class='ocrx_word' id='word_1_764' title='bbox 2370 4388 2684 4470; x_wconf 48' lang='lat' dir='ltr'><strong>&#39;Opilionem</strong></span> <span class='ocrx_word' id='word_1_765' title='bbox 2707 4388 2931 4470; x_wconf 81' lang='lat' dir='ltr'><strong>alterum</strong></span> <span class='ocrx_word' id='word_1_766' title='bbox 2954 4408 3111 4470; x_wconf 82' lang='lat' dir='ltr'><strong>quem</strong></span> <span class='ocrx_word' id='word_1_767' title='bbox 3124 4388 3383 4470; x_wconf 52' lang='lat' dir='ltr'><strong>eumdem</strong></span> <span class='ocrx_word' id='word_1_768' title='bbox 3412 4388 3693 4470; x_wconf 75' lang='lat' dir='ltr'><strong>credebat,</strong></span> 
     </span>
    </p>
   </div>
   <div class='ocr_carea' id='block_1_109' title="bbox 2104 4461 3691 4520">
    <p class='ocr_par' dir='ltr' id='par_1_109' title="bbox 2104 4461 3691 4520">
     <span class='ocr_line' id='line_1_109' title="bbox 2104 4461 3691 4520; baseline -0.003 -1"><span class='ocrx_word' id='word_1_769' title='bbox 2104 4481 2223 4519; x_wconf 89' lang='lat' dir='ltr'><strong>cum</strong></span> <span class='ocrx_word' id='word_1_770' title='bbox 2256 4461 2568 4520; x_wconf 71' lang='lat' dir='ltr'><strong>Vincomalo</strong></span> <span class='ocrx_word' id='word_1_771' title='bbox 2597 4466 2868 4519; x_wconf 87' lang='lat' dir='ltr'><strong>consulem</strong></span> <span class='ocrx_word' id='word_1_772' title='bbox 2912 4479 3053 4517; x_wconf 87' lang='lat' dir='ltr'><strong>anno</strong></span> <span class='ocrx_word' id='word_1_773' title='bbox 3083 4461 3187 4518; x_wconf 74' lang='grc'><strong>465</strong></span> <span class='ocrx_word' id='word_1_774' title='bbox 3219 4461 3381 4514; x_wconf 75' lang='lat' dir='ltr'><strong>fuisse</strong></span> <span class='ocrx_word' id='word_1_775' title='bbox 3419 4461 3691 4515; x_wconf 87' lang='lat' dir='ltr'><strong>memine-</strong></span> 
     </span>
    </p>
   </div>
   <div class='ocr_carea' id='block_1_110' title="bbox 2105 4530 3692 4601">
    <p class='ocr_par' dir='ltr' id='par_1_110' title="bbox 2105 4530 3692 4601">
     <span class='ocr_line' id='line_1_110' title="bbox 2105 4530 3692 4601; baseline -0.003 -13"><span class='ocrx_word' id='word_1_776' title='bbox 2105 4548 2214 4601; x_wconf 86' lang='lat' dir='ltr'><strong>rat;</strong></span> <span class='ocrx_word' id='word_1_777' title='bbox 2248 4537 2297 4590; x_wconf 92' lang='lat' dir='ltr'><strong>id</strong></span> <span class='ocrx_word' id='word_1_778' title='bbox 2332 4536 2521 4589; x_wconf 92' lang='lat' dir='ltr'><strong>mirum</strong></span> <span class='ocrx_word' id='word_1_779' title='bbox 2549 4537 2716 4589; x_wconf 86' lang='lat' dir='ltr'><strong>videri</strong></span> <span class='ocrx_word' id='word_1_780' title='bbox 2748 4535 2965 4587; x_wconf 88' lang='lat' dir='ltr'><strong>minime</strong></span> <span class='ocrx_word' id='word_1_781' title='bbox 2992 4535 3151 4587; x_wconf 86' lang='lat' dir='ltr'><strong>debet</strong></span> <span class='ocrx_word' id='word_1_782' title='bbox 3184 4550 3195 4584; x_wconf 90' lang='lat'>:</span> <span class='ocrx_word' id='word_1_783' title='bbox 3228 4547 3347 4585; x_wconf 90' lang='lat' dir='ltr'><strong>cum</strong></span> <span class='ocrx_word' id='word_1_784' title='bbox 3379 4531 3492 4598; x_wconf 89' lang='lat' dir='ltr'><strong>pari</strong></span> <span class='ocrx_word' id='word_1_785' title='bbox 3522 4530 3692 4585; x_wconf 83' lang='lat' dir='ltr'><strong>auda-</strong></span> 
     </span>
    </p>
   </div>
   <div class='ocr_carea' id='block_1_111' title="bbox 2104 4603 3691 4673">
    <p class='ocr_par' dir='ltr' id='par_1_111' title="bbox 2104 4603 3691 4673">
     <span class='ocr_line' id='line_1_111' title="bbox 2104 4603 3691 4673; baseline -0.004 -14"><span class='ocrx_word' id='word_1_786' title='bbox 2104 4608 2183 4659; x_wconf 88' lang='lat' dir='ltr'><strong>cia</strong></span> <span class='ocrx_word' id='word_1_787' title='bbox 2210 4608 2261 4660; x_wconf 91' lang='lat' dir='ltr'><strong>in</strong></span> <span class='ocrx_word' id='word_1_788' title='bbox 2290 4607 2511 4673; x_wconf 90' lang='lat' dir='ltr'><strong>epistola</strong></span> <span class='ocrx_word' id='word_1_789' title='bbox 2545 4606 2838 4659; x_wconf 72' lang='lat' dir='ltr'><strong>Hormisdze</strong></span> <span class='ocrx_word' id='word_1_790' title='bbox 2866 4620 3012 4673; x_wconf 70' lang='lat' dir='ltr'><strong>papae</strong></span> <span class='ocrx_word' id='word_1_791' title='bbox 3043 4604 3106 4657; x_wconf 91' lang='lat' dir='ltr'><strong>ad</strong></span> <span class='ocrx_word' id='word_1_792' title='bbox 3137 4603 3529 4665; x_wconf 74' lang='lat' dir='ltr'><strong>Possessorem,</strong></span> <span class='ocrx_word' id='word_1_793' title='bbox 3562 4616 3691 4673; x_wconf 68' lang='lat' dir='ltr'><strong>qua:</strong></span> 
     </span>
    </p>
   </div>
   <div class='ocr_carea' id='block_1_112' title="bbox 2105 4672 3692 4744">
    <p class='ocr_par' dir='ltr' id='par_1_112' title="bbox 2105 4672 3692 4744">
     <span class='ocr_line' id='line_1_112' title="bbox 2105 4672 3692 4744; baseline -0.003 -12"><span class='ocrx_word' id='word_1_794' title='bbox 2105 4678 2307 4732; x_wconf 80' lang='lat' dir='ltr'><strong>Rustici</strong></span> <span class='ocrx_word' id='word_1_795' title='bbox 2328 4672 2568 4730; x_wconf 85' lang='lat' dir='ltr'><strong>consulis</strong></span> <span class='ocrx_word' id='word_1_796' title='bbox 2589 4717 2602 4738; x_wconf 88' lang='lat'><strong>,</strong></span> <span class='ocrx_word' id='word_1_797' title='bbox 2635 4676 2718 4731; x_wconf 90' lang='lat' dir='ltr'><strong>cui</strong></span> <span class='ocrx_word' id='word_1_798' title='bbox 2744 4672 2945 4744; x_wconf 84' lang='lat' dir='ltr'><strong>collega</strong></span> <span class='ocrx_word' id='word_1_799' title='bbox 2971 4675 3066 4728; x_wconf 78' lang='lat' dir='ltr'><strong>fuit</strong></span> <span class='ocrx_word' id='word_1_800' title='bbox 3096 4673 3388 4727; x_wconf 89' lang='lat' dir='ltr'><strong>Vitalianus</strong></span> <span class='ocrx_word' id='word_1_801' title='bbox 3416 4685 3564 4744; x_wconf 81' lang='lat' dir='ltr'><strong>anno</strong></span> <span class='ocrx_word' id='word_1_802' title='bbox 3582 4672 3692 4727; x_wconf 67' lang='lat'><strong>520</strong></span> 
     </span>
    </p>
   </div>
   <div class='ocr_carea' id='block_1_113' title="bbox 2103 4742 3689 4819">
    <p class='ocr_par' dir='ltr' id='par_1_113' title="bbox 2103 4742 3689 4819">
     <span class='ocr_line' id='line_1_113' title="bbox 2103 4742 3689 4819; baseline -0.004 -18"><span class='ocrx_word' id='word_1_803' title='bbox 2103 4748 2447 4801; x_wconf 90' lang='lat' dir='ltr'><strong>subnotatum</strong></span> <span class='ocrx_word' id='word_1_804' title='bbox 2487 4762 2678 4819; x_wconf 78' lang='lat' dir='ltr'><strong>nomen</strong></span> <span class='ocrx_word' id='word_1_805' title='bbox 2713 4742 2965 4819; x_wconf 34' lang='lat' dir='ltr'><strong>habet‘in</strong></span> <span class='ocrx_word' id='word_1_806' title='bbox 3003 4745 3231 4819; x_wconf 80' lang='lat' dir='ltr'><strong>antiquis</strong></span> <span class='ocrx_word' id='word_1_807' title='bbox 3255 4742 3689 4819; x_wconf 74' lang='lat' dir='ltr'><strong>exemplaribus;</strong></span> 
     </span>
    </p>
   </div>
   <div class='ocr_carea' id='block_1_114' title="bbox 2103 4814 3693 4888">
    <p class='ocr_par' dir='ltr' id='par_1_114' title="bbox 2103 4814 3693 4888">
     <span class='ocr_line' id='line_1_114' title="bbox 2103 4814 3693 4888; baseline -0.003 -16"><span class='ocrx_word' id='word_1_808' title='bbox 2103 4833 2224 4872; x_wconf 87' lang='lat' dir='ltr'><strong>cum</strong></span> <span class='ocrx_word' id='word_1_809' title='bbox 2268 4819 2484 4872; x_wconf 84' lang='lat' dir='ltr'><strong>ltustico</strong></span> <span class='ocrx_word' id='word_1_810' title='bbox 2509 4818 2806 4888; x_wconf 85' lang='lat' dir='ltr'><strong>Olybrium,</strong></span> <span class='ocrx_word' id='word_1_811' title='bbox 2838 4818 2927 4886; x_wconf 93' lang='lat' dir='ltr'><strong>qui</strong></span> <span class='ocrx_word' id='word_1_812' title='bbox 2955 4830 3078 4888; x_wconf 11' lang='lat' dir='ltr'><strong>cum,</strong></span> <span class='ocrx_word' id='word_1_813' title='bbox 3115 4814 3541 4888; x_wconf 14' lang='lat' dir='ltr'><strong>llusticogaltero</strong></span> <span class='ocrx_word' id='word_1_814' title='bbox 3559 4821 3693 4867; x_wconf 85' lang='lat' dir='ltr'><strong>ante</strong></span> 
     </span>
    </p>
   </div>
   <div class='ocr_carea' id='block_1_115' title="bbox 2102 4883 3685 4957">
    <p class='ocr_par' dir='ltr' id='par_1_115' title="bbox 2102 4883 3685 4957">
     <span class='ocr_line' id='line_1_115' title="bbox 2102 4883 3685 4957; baseline -0.003 -16"><span class='ocrx_word' id='word_1_815' title='bbox 2102 4903 2271 4942; x_wconf 83' lang='lat' dir='ltr'><strong>annos</strong></span> <span class='ocrx_word' id='word_1_816' title='bbox 2296 4904 2389 4943; x_wconf 84' lang='lat' dir='ltr'><strong>sex</strong></span> <span class='ocrx_word' id='word_1_817' title='bbox 2410 4899 2464 4943; x_wconf 92' lang='lat' dir='ltr'><strong>et</strong></span> <span class='ocrx_word' id='word_1_818' title='bbox 2490 4883 2869 4957; x_wconf 75' lang='lat' dir='ltr'><strong>quinquaginta</strong></span> <span class='ocrx_word' id='word_1_819' title='bbox 2896 4887 3084 4941; x_wconf 91' lang='lat' dir='ltr'><strong>consul</strong></span> <span class='ocrx_word' id='word_1_820' title='bbox 3109 4883 3302 4957; x_wconf 80' lang='lat' dir='ltr'><strong>fuerat,</strong></span> <span class='ocrx_word' id='word_1_821' title='bbox 3334 4883 3386 4944; x_wconf 89' lang='lat' dir='ltr'><strong>iu</strong></span> <span class='ocrx_word' id='word_1_822' title='bbox 3410 4883 3685 4957; x_wconf 72' lang='lat' dir='ltr'><strong>plerisque</strong></span> 
     </span>
    </p>
   </div>
   <div class='ocr_carea' id='block_1_116' title="bbox 2102 4946 3686 5027">
    <p class='ocr_par' dir='ltr' id='par_1_116' title="bbox 2102 4946 3686 5027">
     <span class='ocr_line' id='line_1_116' title="bbox 2102 4946 3686 5027; baseline -0.003 -15"><span class='ocrx_word' id='word_1_823' title='bbox 2102 4959 2425 5013; x_wconf 89' lang='lat' dir='ltr'><strong>editionibus</strong></span> <span class='ocrx_word' id='word_1_824' title='bbox 2454 4946 2781 5027; x_wconf 63' lang='lat' dir='ltr'><strong>suppositum</strong></span> <span class='ocrx_word' id='word_1_825' title='bbox 2815 4960 3113 5011; x_wconf 88' lang='lat' dir='ltr'><strong>videamus.</strong></span> <span class='ocrx_word' id='word_1_826' title='bbox 3157 4954 3265 5027; x_wconf 88' lang='lat' dir='ltr'><strong>Sed</strong></span> <span class='ocrx_word' id='word_1_827' title='bbox 3290 4946 3353 5007; x_wconf 88' lang='lat' dir='ltr'><strong>ut</strong></span> <span class='ocrx_word' id='word_1_828' title='bbox 3388 4946 3452 5027; x_wconf 75' lang='lat' dir='ltr'><strong>ad</strong></span> <span class='ocrx_word' id='word_1_829' title='bbox 3479 4946 3686 5021; x_wconf 74' lang='lat' dir='ltr'><strong>Upifio—</strong></span> 
     </span>
    </p>
   </div>
   <div class='ocr_carea' id='block_1_117' title="bbox 2103 5025 3688 5092">
    <p class='ocr_par' dir='ltr' id='par_1_117' title="bbox 2103 5025 3688 5092">
     <span class='ocr_line' id='line_1_117' title="bbox 2103 5025 3688 5092; baseline -0.003 -10"><span class='ocrx_word' id='word_1_830' title='bbox 2103 5044 2225 5083; x_wconf 89' lang='lat' dir='ltr'><strong>nem</strong></span> <span class='ocrx_word' id='word_1_831' title='bbox 2276 5025 2574 5092; x_wconf 79' lang='lat' dir='ltr'><strong>redeamus,</strong></span> <span class='ocrx_word' id='word_1_832' title='bbox 2625 5030 2868 5083; x_wconf 78' lang='lat' dir='ltr'><strong>diversus</strong></span> <span class='ocrx_word' id='word_1_833' title='bbox 2914 5043 2941 5079; x_wconf 94' lang='lat' dir='ltr'><strong>a</strong></span> <span class='ocrx_word' id='word_1_834' title='bbox 2991 5025 3255 5080; x_wconf 88' lang='lat' dir='ltr'><strong>consulari</strong></span> <span class='ocrx_word' id='word_1_835' title='bbox 3304 5026 3492 5079; x_wconf 88' lang='lat' dir='ltr'><strong>eadem</strong></span> <span class='ocrx_word' id='word_1_836' title='bbox 3524 5031 3688 5078; x_wconf 74' lang='lat' dir='ltr'><strong>:etate</strong></span> 
     </span>
    </p>
   </div>
   <div class='ocr_carea' id='block_1_118' title="bbox 2103 5094 3688 5167">
    <p class='ocr_par' dir='ltr' id='par_1_118' title="bbox 2103 5094 3688 5167">
     <span class='ocr_line' id='line_1_118' title="bbox 2103 5094 3688 5167; baseline -0.003 -14"><span class='ocrx_word' id='word_1_837' title='bbox 2103 5099 2200 5153; x_wconf 78' lang='lat' dir='ltr'><strong>fuit</strong></span> <span class='ocrx_word' id='word_1_838' title='bbox 2222 5101 2393 5167; x_wconf 85' lang='lat' dir='ltr'><strong>Opilio</strong></span> <span class='ocrx_word' id='word_1_839' title='bbox 2438 5100 2604 5154; x_wconf 87' lang='lat' dir='ltr'><strong>Boetii</strong></span> <span class='ocrx_word' id='word_1_840' title='bbox 2634 5100 2864 5162; x_wconf 86' lang='lat' dir='ltr'><strong>delator,</strong></span> <span class='ocrx_word' id='word_1_841' title='bbox 2896 5112 3053 5167; x_wconf 90' lang='lat' dir='ltr'><strong>quem</strong></span> <span class='ocrx_word' id='word_1_842' title='bbox 3090 5094 3395 5167; x_wconf 78' lang='lat' dir='ltr'><strong>perstringit</strong></span> <span class='ocrx_word' id='word_1_843' title='bbox 3423 5094 3515 5148; x_wconf 88' lang='lat' dir='ltr'><strong>lib.</strong></span> <span class='ocrx_word' id='word_1_844' title='bbox 3544 5109 3583 5159; x_wconf 86' lang='grc' dir='ltr'><strong>ι,</strong></span> <span class='ocrx_word' id='word_1_845' title='bbox 3612 5094 3688 5149; x_wconf 86' lang='lat' dir='ltr'><strong>de</strong></span> 
     </span>
    </p>
   </div>
   <div class='ocr_carea' id='block_1_119' title="bbox 2100 5165 3683 5237">
    <p class='ocr_par' dir='ltr' id='par_1_119' title="bbox 2100 5165 3683 5237">
     <span class='ocr_line' id='line_1_119' title="bbox 2100 5165 3683 5237; baseline -0.003 -14"><span class='ocrx_word' id='word_1_846' title='bbox 2100 5165 2493 5226; x_wconf 84' lang='lat' dir='ltr'><strong>Consolatione.</strong></span> <span class='ocrx_word' id='word_1_847' title='bbox 2541 5171 2586 5225; x_wconf 91' lang='lat' dir='ltr'><strong>Is</strong></span> <span class='ocrx_word' id='word_1_848' title='bbox 2624 5170 2892 5233; x_wconf 90' lang='lat' dir='ltr'><strong>nimirum,</strong></span> <span class='ocrx_word' id='word_1_849' title='bbox 2914 5165 3082 5237; x_wconf 77' lang='lat' dir='ltr'><strong>quem</strong></span> <span class='ocrx_word' id='word_1_850' title='bbox 3114 5165 3451 5237; x_wconf 79' lang='lat' dir='ltr'><strong>Athalaricus</strong></span> <span class='ocrx_word' id='word_1_851' title='bbox 3472 5172 3683 5232; x_wconf 85' lang='lat' dir='ltr'><strong>postea,</strong></span> 
     </span>
    </p>
   </div>
   <div class='ocr_carea' id='block_1_120' title="bbox 2101 5235 3682 5308">
    <p class='ocr_par' dir='ltr' id='par_1_120' title="bbox 2101 5235 3682 5308">
     <span class='ocr_line' id='line_1_120' title="bbox 2101 5235 3682 5308; baseline -0.004 -13"><span class='ocrx_word' id='word_1_852' title='bbox 2101 5252 2158 5295; x_wconf 93' lang='lat' dir='ltr'><strong>ut</strong></span> <span class='ocrx_word' id='word_1_853' title='bbox 2187 5253 2269 5295; x_wconf 90' lang='lat' dir='ltr'><strong>est</strong></span> <span class='ocrx_word' id='word_1_854' title='bbox 2295 5242 2431 5308; x_wconf 82' lang='lat' dir='ltr'><strong>apud</strong></span> <span class='ocrx_word' id='word_1_855' title='bbox 2462 5242 2700 5295; x_wconf 83' lang='lat' dir='ltr'><strong>Cassiod.</strong></span> <span class='ocrx_word' id='word_1_856' title='bbox 2734 5241 2823 5295; x_wconf 85' lang='lat' dir='ltr'><strong>lib.</strong></span> <span class='ocrx_word' id='word_1_857' title='bbox 2859 5235 2968 5302; x_wconf 69' lang='lat' dir='ltr'><strong>vni,</strong></span> <span class='ocrx_word' id='word_1_858' title='bbox 2999 5235 3272 5308; x_wconf 82' lang='lat' dir='ltr'><strong>epist._lb’,</strong></span> <span class='ocrx_word' id='word_1_859' title='bbox 3305 5235 3682 5308; x_wconf 77' lang='lat' dir='ltr'><strong>comitemsa-</strong></span> 
     </span>
    </p>
   </div>
   <div class='ocr_carea' id='block_1_121' title="bbox 2100 5305 3678 5379">
    <p class='ocr_par' dir='ltr' id='par_1_121' title="bbox 2100 5305 3678 5379">
     <span class='ocr_line' id='line_1_121' title="bbox 2100 5305 3678 5379; baseline -0.001 -15"><span class='ocrx_word' id='word_1_860' title='bbox 2100 5326 2310 5365; x_wconf 90' lang='lat' dir='ltr'><strong>crarum</strong></span> <span class='ocrx_word' id='word_1_861' title='bbox 2330 5305 2680 5379; x_wconf 77' lang='lat' dir='ltr'><strong>largitionum</strong></span> <span class='ocrx_word' id='word_1_862' title='bbox 2706 5312 2827 5365; x_wconf 89' lang='lat' dir='ltr'><strong>fecit</strong></span> <span class='ocrx_word' id='word_1_863' title='bbox 2853 5305 3046 5364; x_wconf 36' lang='lat' dir='ltr'><strong>indict.’</strong></span> <span class='ocrx_word' id='word_1_864' title='bbox 3063 5323 3137 5374; x_wconf 85' lang='lat' dir='ltr'><strong>vt,</strong></span> <span class='ocrx_word' id='word_1_865' title='bbox 3162 5305 3262 5379; x_wconf 79' lang='lat' dir='ltr'><strong>hoc</strong></span> <span class='ocrx_word' id='word_1_866' title='bbox 3284 5317 3369 5361; x_wconf 91' lang='lat' dir='ltr'><strong>est</strong></span> <span class='ocrx_word' id='word_1_867' title='bbox 3385 5320 3527 5379; x_wconf 84' lang='lat' dir='ltr'><strong>anno</strong></span> <span class='ocrx_word' id='word_1_868' title='bbox 3546 5305 3678 5375; x_wconf 70' lang='lat'><strong>528,</strong></span> 
     </span>
    </p>
   </div>
   <div class='ocr_carea' id='block_1_122' title="bbox 2102 5377 3681 5450">
    <p class='ocr_par' dir='ltr' id='par_1_122' title="bbox 2102 5377 3681 5450">
     <span class='ocr_line' id='line_1_122' title="bbox 2102 5377 3681 5450; baseline -0.003 -15"><span class='ocrx_word' id='word_1_869' title='bbox 2102 5383 2331 5435; x_wconf 89' lang='lat' dir='ltr'><strong>triennio</strong></span> <span class='ocrx_word' id='word_1_870' title='bbox 2362 5377 2634 5450; x_wconf 86' lang='lat' dir='ltr'><strong>postquam</strong></span> <span class='ocrx_word' id='word_1_871' title='bbox 2665 5397 2696 5435; x_wconf 90' lang='lat' dir='ltr'><strong>a</strong></span> <span class='ocrx_word' id='word_1_872' title='bbox 2727 5380 3058 5434; x_wconf 85' lang='lat' dir='ltr'><strong>Theoderico</strong></span> <span class='ocrx_word' id='word_1_873' title='bbox 3086 5377 3286 5450; x_wconf 83' lang='lat' dir='ltr'><strong>eadem</strong></span> <span class='ocrx_word' id='word_1_874' title='bbox 3307 5377 3555 5450; x_wconf 79' lang='lat' dir='ltr'><strong>comitiva</strong></span> <span class='ocrx_word' id='word_1_875' title='bbox 3581 5392 3681 5430; x_wconf 90' lang='lat' dir='ltr'><strong>or-</strong></span> 
     </span>
    </p>
   </div>
   <div class='ocr_carea' id='block_1_123' title="bbox 2097 5447 3683 5520">
    <p class='ocr_par' dir='ltr' id='par_1_123' title="bbox 2097 5447 3683 5520">
     <span class='ocr_line' id='line_1_123' title="bbox 2097 5447 3683 5520; baseline -0.004 -13"><span class='ocrx_word' id='word_1_876' title='bbox 2097 5462 2253 5507; x_wconf 88' lang='lat' dir='ltr'><strong>natus</strong></span> <span class='ocrx_word' id='word_1_877' title='bbox 2285 5447 2455 5505; x_wconf 82' lang='lat' dir='ltr'><strong>fuerat</strong></span> <span class='ocrx_word' id='word_1_878' title='bbox 2498 5447 2795 5520; x_wconf 84' lang='lat' dir='ltr'><strong>Cyprianus</strong></span> <span class='ocrx_word' id='word_1_879' title='bbox 2837 5451 2950 5519; x_wconf 88' lang='lat' dir='ltr'><strong>ejus</strong></span> <span class='ocrx_word' id='word_1_880' title='bbox 2981 5450 3163 5520; x_wconf 89' lang='lat' dir='ltr'><strong>frater,</strong></span> <span class='ocrx_word' id='word_1_881' title='bbox 3208 5447 3415 5520; x_wconf 80' lang='lat' dir='ltr'><strong>delator</strong></span> <span class='ocrx_word' id='word_1_882' title='bbox 3439 5458 3492 5520; x_wconf 78' lang='lat' dir='ltr'><strong>et</strong></span> <span class='ocrx_word' id='word_1_883' title='bbox 3531 5447 3683 5515; x_wconf 87' lang='lat' dir='ltr'><strong>ipse,</strong></span> 
     </span>
    </p>
   </div>
   <div class='ocr_carea' id='block_1_124' title="bbox 2097 5518 3674 5587">
    <p class='ocr_par' dir='ltr' id='par_1_124' title="bbox 2097 5518 3674 5587">
     <span class='ocr_line' id='line_1_124' title="bbox 2097 5518 3674 5587; baseline -0.004 -10"><span class='ocrx_word' id='word_1_884' title='bbox 2097 5532 2155 5577; x_wconf 92' lang='lat' dir='ltr'><strong>ut</strong></span> <span class='ocrx_word' id='word_1_885' title='bbox 2180 5523 2366 5577; x_wconf 87' lang='lat' dir='ltr'><strong>scribit</strong></span> <span class='ocrx_word' id='word_1_886' title='bbox 2390 5518 2636 5587; x_wconf 70' lang='lat' dir='ltr'><strong>Boetius,</strong></span> <span class='ocrx_word' id='word_1_887' title='bbox 2662 5521 2836 5575; x_wconf 87' lang='lat' dir='ltr'><strong>Albini</strong></span> <span class='ocrx_word' id='word_1_888' title='bbox 2868 5518 3193 5575; x_wconf 86' lang='lat' dir='ltr'><strong>consularis.</strong></span> <span class='ocrx_word' id='word_1_889' title='bbox 3225 5518 3364 5584; x_wconf 86' lang='lat' dir='ltr'><strong>Quin</strong></span> <span class='ocrx_word' id='word_1_890' title='bbox 3395 5527 3454 5573; x_wconf 90' lang='lat' dir='ltr'><strong>et</strong></span> <span class='ocrx_word' id='word_1_891' title='bbox 3479 5518 3674 5571; x_wconf 87' lang='lat' dir='ltr'><strong>borum</strong></span> 
     </span>
    </p>
   </div>
   <div class='ocr_carea' id='block_1_125' title="bbox 2094 5587 3675 5670">
    <p class='ocr_par' dir='ltr' id='par_1_125' title="bbox 2094 5587 3675 5670">
     <span class='ocr_line' id='line_1_125' title="bbox 2094 5587 3675 5670; baseline -0.004 -23"><span class='ocrx_word' id='word_1_892' title='bbox 2094 5608 2305 5663; x_wconf 87' lang='lat' dir='ltr'><strong>quoque</strong></span> <span class='ocrx_word' id='word_1_893' title='bbox 2336 5593 2579 5670; x_wconf 67' lang='lat' dir='ltr'><strong>fratrum</strong></span> <span class='ocrx_word' id='word_1_894' title='bbox 2604 5593 2953 5670; x_wconf 85' lang='lat' dir='ltr'><strong>pater_Upilio</strong></span> <span class='ocrx_word' id='word_1_895' title='bbox 3000 5593 3170 5670; x_wconf 70' lang='lat' dir='ltr'><strong>alius,</strong></span> <span class='ocrx_word' id='word_1_896' title='bbox 3202 5591 3293 5659; x_wconf 90' lang='lat' dir='ltr'><strong>qui</strong></span> <span class='ocrx_word' id='word_1_897' title='bbox 3329 5602 3511 5670; x_wconf 66' lang='lat' dir='ltr'><strong>eomes</strong></span> <span class='ocrx_word' id='word_1_898' title='bbox 3540 5587 3675 5670; x_wconf 76' lang='lat' dir='ltr'><strong>item</strong></span> 
     </span>
    </p>
   </div>
   <div class='ocr_carea' id='block_1_126' title="bbox 2100 5658 3678 5731">
    <p class='ocr_par' dir='ltr' id='par_1_126' title="bbox 2100 5658 3678 5731">
     <span class='ocr_line' id='line_1_126' title="bbox 2100 5658 3678 5731; baseline -0.005 -12"><span class='ocrx_word' id='word_1_899' title='bbox 2100 5658 2375 5719; x_wconf 77' lang='lat' dir='ltr'><strong>sacrarum</strong></span> <span class='ocrx_word' id='word_1_900' title='bbox 2410 5658 2743 5731; x_wconf 88' lang='lat' dir='ltr'><strong>largitionum</strong></span> <span class='ocrx_word' id='word_1_901' title='bbox 2763 5658 2931 5717; x_wconf 89' lang='lat' dir='ltr'><strong>fuerat</strong></span> <span class='ocrx_word' id='word_1_902' title='bbox 2955 5662 3055 5717; x_wconf 92' lang='lat' dir='ltr'><strong>sub</strong></span> <span class='ocrx_word' id='word_1_903' title='bbox 3082 5661 3325 5718; x_wconf 84' lang='lat' dir='ltr'><strong>Odoacre</strong></span> <span class='ocrx_word' id='word_1_904' title='bbox 3351 5658 3678 5715; x_wconf 82' lang='lat' dir='ltr'><strong>lib.Variar.</strong></span> 
     </span>
    </p>
   </div>
   <div class='ocr_carea' id='block_1_127' title="bbox 2094 5736 2260 5789">
    <p class='ocr_par' dir='ltr' id='par_1_127' title="bbox 2094 5736 2260 5789">
     <span class='ocr_line' id='line_1_127' title="bbox 2094 5736 2260 5789; baseline -0.012 0"><span class='ocrx_word' id='word_1_905' title='bbox 2094 5736 2260 5789; x_wconf 72' lang='lat' dir='ltr'><strong>x.6£.</strong></span> 
     </span>
    </p>
   </div>
   <div class='ocr_carea' id='block_1_128' title="bbox 2134 5776 3675 5875">
    <p class='ocr_par' dir='ltr' id='par_1_128' title="bbox 2134 5776 3675 5875">
     <span class='ocr_line' id='line_1_128' title="bbox 2134 5776 3675 5875; baseline -0.003 -18"><span class='ocrx_word' id='word_1_906' title='bbox 2134 5776 2148 5802; x_wconf 76' lang='grc'><strong><em>’</em></strong></span> <span class='ocrx_word' id='word_1_907' title='bbox 2166 5776 2447 5875; x_wconf 36' lang='lat' dir='ltr'><strong>lVillaticae]</strong></span> <span class='ocrx_word' id='word_1_908' title='bbox 2471 5804 2621 5860; x_wconf 83' lang='lat' dir='ltr'><strong>Matri</strong></span> <span class='ocrx_word' id='word_1_909' title='bbox 2643 5804 2802 5872; x_wconf 84' lang='lat' dir='ltr'><strong>Aviti,</strong></span> <span class='ocrx_word' id='word_1_910' title='bbox 2824 5803 3053 5861; x_wconf 86' lang='lat' dir='ltr'><strong>Ennodii</strong></span> <span class='ocrx_word' id='word_1_911' title='bbox 3075 5802 3413 5875; x_wconf 65' lang='lat' dir='ltr'><strong>propinquae,</strong></span> <span class='ocrx_word' id='word_1_912' title='bbox 3434 5799 3592 5871; x_wconf 89' lang='lat' dir='ltr'><strong>epist.</strong></span> <span class='ocrx_word' id='word_1_913' title='bbox 3616 5798 3675 5854; x_wconf 81' lang='lat'><strong>5.</strong></span> 
     </span>
    </p>
   </div>
  </div>
