3998 6362
219 292 287 349 89
1486 283 1962 350 EPISTOLARUM
2001 292 2126 349 LIB.
2168 293 2233 347 γ.
3399 299 3469 354 90

218 411 374 465 detur
391 406 585 478 genius
605 403 902 470 beneficiis,
927 402 1238 459 transmissa
1261 403 1314 459 in
1344 403 1561 471 longum
1601 420 1796 475 exspe-

216 500 446 555 ctatione
468 494 942 553 tribuuntur.Vivit
964 496 1015 549 in
1037 510 1352 565 quacunque
1368 479 1801 566 tei'rarum‘parte

214 593 530 665 proximitas
564 609 577 643 :
611 590 1032 660 sequestratione
1073 604 1362 658 corporum
1402 589 1674 659 sanguinis
1715 606 1803 645 ca-

214 698 336 742 tena
367 702 473 738 non
519 683 789 751 rumpitur
826 700 841 736 :
886 697 981 751 per
1014 682 1243 737 discreta
1296 683 1570 751 regionum
1609 684 1802 738 caritas

219 779 409 832 damna
441 790 551 830 non
578 775 772 841 sentit;
812 774 1025 844 quando
1063 774 1204 829 inter
1232 789 1329 830 eos
1355 776 1443 844 qui
1478 774 1803 830 habitatione

220 876 561 939 separantur,
590 866 889 936 prmsemiaa
915 864 1032 920 vice
1064 874 1272 921 tenetur
1291 865 1524 920 aﬂ‘ectio.
1561 865 1670 919 Deo
1688 879 1805 920 om-

221 958 481 1028 nipotenti
512 958 711 1029 gratias
738 956 933 1022 refero,
963 956 1083 1027 quia
1110 971 1207 1011 vos
1236 970 1501 1011 memores
1527 954 1652 1010 fecit
1683 970 1805 1012 esse

221 1053 465 1122 pietatis,
499 1060 555 1107 et
585 1051 847 1120 prosapiae
884 1053 985 1105 sub
1034 1051 1279 1119 religiosa
1319 1050 1599 1105 occasione
1638 1052 1801 1105 remi-

222 1142 372 1197 nisci.
405 1141 570 1199 Teste
598 1141 733 1207 Deo,
762 1148 1038 1211 postquam
1062 1141 1190 1195 mihi
1212 1140 1408 1195 domna
1438 1141 1665 1212 Cynegia
1689 1156 1802 1196 me-

222 1231 379 1287 ritum
412 1244 607 1287 vestrae
640 1232 1071 1286 conversationis
1115 1233 1390 1301 exposuit,
1422 1232 1678 1287 visionem
1714 1246 1806 1286 ve-

220 1334 387 1378 stram
418 1323 641 1392 speciali
674 1322 867 1377 ardore
911 1324 1193 1392 requisivi,
1223 1325 1268 1378 si
1298 1324 1434 1378 votis
1470 1324 1676 1392 cepiam
1706 1322 1803 1377 de-

220 1415 388 1469 disset
418 1423 598 1483 aptata
629 1414 864 1469 occasio.
894 1414 1115 1468 Domina
1135 1455 1150 1478 ,
1183 1414 1521 1468 salutationis
1557 1428 1807 1468 reveren-

222 1504 345 1558 tiam
393 1506 620 1569 dicens,
676 1505 728 1559 in
778 1505 1056 1573 designato
1110 1504 1302 1559 litteris
1350 1504 1544 1559 vestris
1592 1503 1807 1573 negotio

222 1600 583 1656 ministerium
614 1600 912 1655 devotionis
941 1601 1220 1668 spondeo:
1270 1601 1391 1669 quia
1438 1608 1637 1654 tantum
1662 1614 1805 1667 prce-

220 1702 398 1745 Slaltll'
437 1693 665 1757 animae,
716 1701 969 1759 quantum
1018 1694 1217 1746 sanctis
1264 1692 1547 1746 exhibetur
1594 1690 1802 1745 studiis.

1824 448 1878 508 Α

1901 407 2090 477 replet,
2119 404 2319 476 pudore
2346 390 2610 460 nieli'orat.
2641 402 2870 473 Superni
2898 418 3025 475 ergo
3057 406 3248 461 secreti
3285 406 3471 477 digna-

1904 499 2047 553 tione
2091 495 2532 551 confabulationis
2578 505 2769 551 ve~trre
2813 495 2990 564 fruges
3034 497 3211 551 elicui.
3250 487 3359 551 Vos
3404 498 3472 554 de

1901 587 2141 656 corporis
2189 588 2294 642 mei
2340 586 2854 641 sanitate‘sollicitos
2902 588 2991 642 ille
3033 587 3297 658 reddidit,
3350 589 3470 659 quia

1902 678 2093 732 animae
2127 692 2260 731 mete
2289 692 2469 731 curam
2499 691 2593 746 per
2619 676 2888 745 spiritales
2915 677 3151 733 medicos
3174 678 3240 733 ad
3274 689 3472 736 statum

1902 770 2126 825 indulta:
2149 768 2468 823 valetudinis
2507 767 2682 823 redire
2717 770 3010 837 compellit.
3040 770 3172 838 Quae
3195 772 3265 826 sit
3302 772 3355 826 in
3386 787 3474 829 me

1900 860 2199 915 substantia
2247 860 2640 924 membrorum,
2690 860 2953 929 religiosas
2994 861 3365 917 sollicitudinis
3393 863 3474 919 in-

1902 952 2255 1021 vestigatione
2294 950 2599 1021 perquiritis
2633 968 2645 1001 :
2674 966 2902 1018 quorum
2938 960 3107 1006 status
3134 953 3325 1009 animae
3352 969 3476 1024 par-

1904 1052 2011 1100 tem
2051 1045 2349 1115 negligens,
2392 1053 2505 1099 toto
2548 1043 2732 1100 mundi
2765 1045 2916 1100 istius
2943 1055 3192 1115 gravatur
3231 1049 3473 1117 imperio.

1906 1142 2060 1212 Agite
2081 1155 2167 1195 me
2188 1140 2350 1196 talem
2382 1140 2623 1195 oratione
2648 1140 2790 1204 ﬁeri,
2821 1140 3031 1210 qualem
3058 1143 3296 1196 asseritis
3324 1142 3476 1198 blan-

1905 1233 2158 1289 dimentis
2190 1234 2348 1303 :quia
2376 1233 2478 1288 fuci
2510 1236 2688 1288 nescia
2721 1234 2976 1302 propositi
3001 1234 3163 1289 vestri
3189 1235 3473 1301 claritudo,

1904 1340 2061 1395 quem
2097 1326 2292 1379 bonum
2325 1338 2445 1380 esse
2477 1326 2727 1393 przcdicat
2758 1334 2884 1381 ante
2903 1334 3112 1395 tempus
3133 1327 3473 1393 innocentiae,

1905 1418 2189 1473 annuntiat
2222 1433 2342 1471 mox
2372 1417 2624 1472 futurum.
2652 1417 2929 1473 Fratribus
2960 1418 3095 1472 meis
3119 1426 3175 1473 et
3206 1420 3478 1474 conservis

1909 1526 2045 1583 quos
2071 1511 2367 1577 direxistis,
2398 1520 2653 1577 quantum
2680 1511 2935 1567 exhibere
2960 1511 3131 1566 solatii
3158 1510 3321 1581 potui,
3352 1521 3479 1567 voto

1906 1602 2084 1673 potius
2112 1616 2269 1671 quam
2293 1616 2352 1656 re
2374 1600 2615 1668 idoneus,
2647 1617 2752 1656 non
2782 1603 2992 1672 negavi.
3020 1602 3280 1672 Superest
3309 1611 3367 1657 ut
3391 1618 3480 1658 ac-

1908 1694 2172 1763 cipientes
2209 1694 2466 1762 obsequia
2506 1708 2623 1749 mea
2652 1709 2773 1749 cum
2815 1697 3064 1749 universo
3104 1696 3187 1749 eui
3237 1695 3481 1764 praeestis

222 1781 368 1835 Vere
396 1782 519 1836 dico
568 1798 651 1837 me
680 1799 950 1851 nunquam
983 1784 1237 1839 dilexisse
1252 1800 1408 1853 quem
1439 1782 1801 1847 detestamini;
1837 1804 1885 1865 Β
1910 1785 2157 1851 concilio,
2192 1788 2287 1853 per
2313 1785 2404 1839 Dei
2433 1786 2811 1853 omnipotentis
2852 1785 3266 1840 misericordiam
3296 1786 3482 1854 conju-

223 1887 283 1931 et
310 1877 538 1930 veritum
569 1893 631 1929 ην
660 1876 726 1929 ad
756 1876 861 1929 diri
892 1876 1121 1930 hominis
1151 1875 1444 1945 profectum
1475 1884 1651 1929 vester
1677 1887 1809 1941 quo-

220 1983 327 2037 que
358 1968 709 2022 inclinaretur
741 1982 1018 2021 assensus.
1059 1967 1211 2022 Adsit
1244 1967 1421 2033 Deus,
1450 1981 1518 2021 ne
1544 1965 1609 2019 ad
1638 1965 1811 2020 eccle-

221 2060 494 2113 siastieam
526 2060 837 2129 dignitatem
871 2059 1051 2113 veniat
1090 2059 1233 2114 nulla
1271 2063 1424 2114 bonae
1464 2058 1811 2114 institutionis

225 2150 418 2206 incude
441 2151 724 2205 formatus.

798 2218 1127 2275 EPISTOLA
1166 2220 1229 2274 γ.

786 2305 1043 2345 ENNODIUS
1084 2306 1257 2344 AVITO.

293 2371 507 2426 Vellem
541 2370 761 2439 produci
790 2386 1026 2435 causam,
1055 2373 1099 2425 si
1127 2370 1456 2440 propositum
1490 2384 1593 2425 non
1624 2384 1813 2441 grava-

226 2479 355 2527 rem,
388 2478 491 2532 per
520 2478 677 2531 quam
707 2462 999 2531 frequentia
1032 2462 1260 2516 amantis
1288 2462 1483 2530 scripta
1520 2462 1809 2529 promerui.

228 2555 355 2610 Dum
379 2555 532 2609 enim
557 2555 859 2622 negotiosas
886 2554 1105 2623 paginas
1130 2554 1433 2619 destinatis,
1456 2554 1814 2609 ministerium

228 2647 481 2716 praebetis
507 2646 741 2701 affectui.
767 2646 871 2701 Sed
910 2645 1046 2715 apud
1092 2646 1382 2715 prudentes
1420 2653 1475 2701 et
1513 2646 1813 2700 animorum

227 2738 475 2794 conscios
516 2738 790 2792 sufficiunt
840 2752 993 2805 parca
1025 2737 1312 2807 colloquia.
1345 2737 1589 2793 Urbanus
1617 2739 1668 2792 in
1694 2753 1815 2807 pro-

228 2832 578 2886 missionibus
605 2848 725 2887 esse
751 2848 856 2887 non
887 2835 1037 2903 sapio
1070 2850 1083 2887 :
1117 2849 1217 2889 nec
1257 2834 1334 2888 eis
1363 2833 1555 2902 quibus
1581 2834 1813 2887 animam

229 2921 419 2983 debeo,
452 2922 625 2976 fucata
657 2922 830 2977 fronte
859 2924 1104 2978 blandiri.
1137 2924 1244 2977 Vos
1278 2935 1481 2979 tantum
1512 2924 1703 2993 ςιειτιξε
1730 2924 1813 2977 itt-

231 3012 504 3076 sistite,et
548 3014 811 3068 mandatis
856 3016 1161 3071 ccelestibus
1204 3016 1586 3086 obsequentes,
1617 3016 1812 3070 malum

232 3101 504 3157 hominem
554 3120 710 3173 quem
758 3105 954 3172 dicitis,
997 3121 1028 3160 a
1073 3106 1349 3161 desideriis
1387 3106 1679 3162 deducatis.
1731 3106 1814 3161 Me

228 3198 483 3251 convenit
514 3197 632 3265 plus
663 3198 823 3252 rebus
858 3199 1167 3265 ostendere,
1199 3216 1354 3269 quam
1388 3216 1635 3255 sermone
1661 3201 1815 3268 polli-
1841 3172 1888 3237 C

231 3287 343 3340 ceri
377 3304 390 3338 :
422 3288 547 3355 quia
574 3289 713 3357 quod
742 3290 940 3355 tribuo,
971 3292 1071 3345 hoc
1105 3290 1233 3344 mihi
1266 3292 1471 3345 restitui
1504 3291 1813 3346 incunctan-

230 3386 315 3431 ter
354 3390 633 3446 exspecto.
658 3380 881 3435 Domine
912 3382 1014 3445 mi,
1049 3383 1419 3438 salutationem
1451 3384 1813 3453 plenissimam

229 3469 422 3525 dicens
451 3488 611 3541 rogo,
644 3480 704 3526 ut
738 3472 950 3528 domum
979 3475 1207 3531 Heliseus
1234 3476 1503 3531 communi
1536 3477 1690 3530 matri
1723 3491 1818 3541 pro

229 3576 324 3616 me
348 3564 553 3630 gratias
579 3578 733 3634 agas;
762 3580 882 3635 quze
908 3566 1121 3636 dignata
1144 3576 1227 3622 est
1253 3568 1443 3624 litteris
1471 3568 1581 3624 suis
1609 3568 1819 3623 vincula

228 3656 599 3724 proximitatis
623 3659 927 3714 ostendere.

808 3751 1137 3807 EPISTULA
1176 3752 1266 3806 VI.

619 3831 637 3863 ¹
678 3846 908 3886 ιεοκτιο
947 3848 1133 3886 annm
1173 3847 1447 3887 esttantus.

304 3920 488 3989 Supra
522 3922 767 3977 meritum
813 3939 989 3979 meum
1025 3938 1232 3978 summa
1274 3925 1413 3979 circa
1462 3937 1547 3978 me
1585 3922 1827 3978 beneficii

227 4015 483 4070 caelestis
507 4014 767 4084 adolevit,
800 4016 924 4070 dum
963 4016 1054 4084 qui
1083 4031 1235 4085 poena
1272 4016 1464 4085 dignus
1496 4032 1635 4081 sum,
1656 4016 1828 4085 justo-

226 4121 359 4162 rum
383 4109 607 4174 praemia
630 4117 947 4162 consecutus
966 4108 1196 4162 cxsulto.
1224 4106 1440 4161 FruStra
1458 4108 1831 4177 delinquentes

230 4198 471 4268 periculi
505 4210 674 4253 mater
710 4201 1013 4269 desperatio
1044 4201 1110 4254 ad
1153 4208 1389 4254 extrema
1423 4200 1736 4269 praecipitat.
1776 4200 1834 4254 In

229 4308 431 4348 errore
470 4294 703 4347 maximo
739 4294 1039 4362 constituti,
1070 4308 1190 4347 meo
1218 4292 1285 4346 ad
1313 4292 1536 4347 solidam
1572 4307 1719 4362 spem
1752 4306 1838 4345 re-

230 4395 508 4453 parentur
533 4385 799 4453 exemplo.
831 4384 1022 4439 Nescio
1048 4383 1115 4438 de
1138 4397 1244 4453 quo
1269 4397 1431 4451 opere
1462 4383 1612 4447 mihi,
1637 4382 1703 4434 de
1734 4396 1836 4450 qua

227 4476 554 4532 innocentia
581 4476 924 4546 epistolarum
956 4487 1255 4532 vestrarum
1279 4474 1485 4530 fructus
1512 4473 1831 4540 accesserit;

228 4580 290 4624 et
322 4570 565 4622 animam
598 4544 796 4633 peccati
822 4570 1063 4624 ubertate
1090 4568 1410 4637 locupletem
1439 4567 1672 4622 cmlestis
1703 4566 1829 4621 boni
1858 4544 1909 4604 ο

226 4660 409 4716 melle
433 4660 647 4714 satiarit
678 4677 690 4712 :
733 4660 831 4715 nisi
868 4662 987 4725 quia
1020 4660 1109 4714 ille
1134 4661 1225 4729 qui
1257 4660 1474 4715 vulnera
1505 4672 1684 4715 nostra
1710 4674 1832 4714 sus-

230 4752 390 4820 cepit
418 4762 474 4807 et
507 4766 603 4818 pro
632 4751 783 4804 nobis
811 4750 1011 4818 doluit,
1057 4760 1255 4805 mutata
1301 4751 1612 4805 meritorum
1657 4749 1833 4805 condi-

236 4846 396 4897 tione
415 4884 429 4899 .
471 4858 605 4910 quos
629 4843 851 4912 flagelzis
883 4844 1069 4909 dignos
1099 4842 1312 4903 viderit.
1344 4841 1570 4910 castigat
1600 4841 1836 4894 muneri-

242 4934 351 4990 bus
382 4954 395 4986 :
428 4942 488 4988 et
512 4948 660 4988 versa
682 4935 800 4987 vice
837 4934 1116 4988 noxiorum
1156 4934 1387 4995 animas,
1427 4932 1553 4987 dum
1585 4930 1833 4986 secundis

317 5075 334 5103 ³
377 5070 594 5123 Leontio
613 5069 801 5137 abbati]
829 5070 991 5137 Cujus
1019 5068 1229 5123 hortatu
1261 5068 1421 5122 vitam
1448 5066 1590 5122 beati
1619 5065 1834 5124 Antonii

235 5142 499 5201 scripsit.
528 5155 684 5208 quam
711 5141 884 5194 eidem
916 5141 1256 5206 nuncupavit.
1599 5206 1609 5208 _
1659 5167 1665 5174 -

306 5214 334 5247 ⁸
348 5206 595 5281 Cynegitz
611 5209 947 5281 epitaphium]
981 5211 1155 5264 Fausti
1176 5210 1376 5264 uxoris.
1402 5209 1510 5263 Hoc
1524 5206 1666 5281 enim
1682 5206 1840 5262 docet

226 5279 483 5339 alterum
502 5279 1129 5349 ejusepitapltittm,quod
1149 5281 1429 5347 subjicitur
1443 5294 1528 5345 ep.
1543 5280 1612 5334 9.9
1638 5279 1729 5332 lib.
1744 5295 1835 5331 νη.

318 5355 342 5387 ³
383 5354 533 5406 Mem
556 5355 641 5405 cui
668 5350 831 5420 clara]
861 5352 931 5405 lta
962 5353 1077 5405 libri
1104 5351 1325 5415 antiqui.
1359 5351 1679 5405 Basilienscs
1702 5365 1841 5420 mens

225 5438 337 5480 tua
367 5427 533 5485 clara,
562 5424 763 5492 inepte.
803 5418 907 5478 Sed
934 5423 1180 5476 movebat
1212 5423 1331 5475 illos
1368 5421 1569 5474 vocula:
1606 5420 1685 5473 cui
1712 5418 1840 5472 diae.—

224 5497 396 5553 resis
440 5506 494 5549 et
536 5495 805 5548 dimensio
852 5509 866 5545 :
909 5508 1026 5560 quze
1072 5502 1246 5545 tamen
1291 5500 1526 5545 veterum
1563 5498 1837 5557 poetarum

224 5566 520 5633 exemplis
564 5565 749 5618 nititur
786 5579 803 5618 :
852 5574 907 5618 et
947 5562 1146 5615 Paulini
1178 5562 1363 5633 Nolani
1407 5564 1455 5614 in
1498 5560 1840 5633 epithalamio

220 5630 458 5695 Juliani
494 5651 510 5688 :
546 5634 612 5688 Ut
656 5639 700 5689 si
734 5636 781 5688 ei
823 5644 991 5687 vertex
1025 5635 1118 5692 vir,
1156 5638 1235 5685 cui
1279 5632 1508 5686 Christus
1548 5646 1697 5697 apex.
1733 5630 1841 5685 Nec

225 5706 526 5778 ignoravit
554 5705 943 5778 Getesclialcus
966 5704 1268 5778 monachus
1303 5702 1621 5778 Orbacensis
1649 5741 1662 5761 ,
1690 5701 1842 5778 cujus

176 5787 189 5825 ῖ
224 5771 395 5837 {lant
427 5776 678 5833 versiculi
719 5790 858 5845 quos
899 5774 1175 5844 subjiciam
1209 5773 1260 5828 in
1291 5775 1550 5841 prommio
1593 5771 1844 5826 carminis

1910 1876 2031 1939 rati,
2066 1875 2175 1930 Deo
2203 1890 2298 1945 pro
2319 1877 2579 1944 parvitate
2606 1892 2722 1931 mea
2755 1877 3000 1945 precibus
3022 1876 3299 1942 insistatis,
3324 1884 3380 1929 ut
3394 1875 3482 1931 cui

1910 1968 2063 2023 deest
2092 1982 2187 2035 per
2214 1967 2448 2022 actiones
2476 1981 2603 2021 suas
2634 1966 2855 2034 fiducia,
2879 1967 3138 2055 honorum
3167 1979 3265 2035 per
3292 1964 3481 2021 suffra-

1908 2061 1993 2132 gia
2016 2069 2190 2116 vestra
2218 2060 2507 2128 contingat.

2456 2149 2785 2207 EPISTOLA
2823 2148 2933 2203 νη.

2415 2237 2684 2277 ΕυΡΒΕΡΙιΕ
2726 2233 2997 2274 ΕΝΝουιυε.

1986 2302 2240 2371 Quamvis
2278 2316 2421 2371 saepe
2462 2300 2660 2371 ingenii
2710 2302 2814 2354 mei
2858 2300 3080 2353 maciem
3120 2296 3484 2369 cognovisses,

1914 2392 2212 2464 periclitari
2242 2403 2416 2447 tamen
2447 2392 2646 2461 jejunia
2686 2390 2794 2445 oris
2825 2390 2954 2444 olim
2992 2389 3196 2459 probati
3232 2388 3486 2459 jussionis

1914 2486 2189 2541 celeritate
2214 2484 2455 2539 voluisti.
2491 2483 2595 2539 Sed
2628 2497 2725 2551 ego
2762 2496 2867 2537 non
2902 2482 3077 2537 abnuo
3105 2480 3323 2536 obedire
3361 2479 3487 2535 dili-

1915 2575 2082 2646 genti,
2122 2583 2181 2629 ut
2214 2574 2257 2628 si
2306 2574 2567 2627 facundiae
2596 2573 2747 2627 deest
2789 2572 3074 2638 meritum,
3100 2572 3269 2643 gratia
3310 2573 3489 2627 veniat

1916 2666 2453 2735 obsequendi.Vari:e
2478 2677 2601 2721 sunt
2628 2666 2887 2722 donorum
2917 2666 3213 2724 cmleinum
3232 2705 3248 2731 ,
3279 2664 3403 2719 licet
3422 2664 3489 2718 ab

1916 2775 2025 2815 uno
2051 2770 2268 2815 auctore
2298 2758 2733 2829 progrediantur,
2759 2759 2985 2827 species.
3014 2757 3188 2812 Alium
3220 2771 3491 2811 commen-

1916 2853 2007 2907 dat
2053 2850 2329 2921 perfectio,
2363 2850 2592 2903 alterum
2632 2849 2863 2903 insinuat
2906 2848 3045 2917 quod
3086 2848 3204 2902 sine
3242 2846 3491 2902 tarditate

1917 2944 2094 3012 aliqua
2122 2943 2235 2995 vult
2262 2955 2469 3011 parere.
2492 2940 2713 2997 Domnze
2738 2953 2871 2993 mea:
2892 2937 3142 3008 Cynegitn
3162 2936 3491 3006 epitaphium

1918 3036 2001 3089 vix
2028 3050 2129 3087 una
2162 3033 2289 3087 hora
2322 3032 2525 3086 habens
2556 3028 2811 3085 tractandi
2843 3028 3071 3097 spatium
3103 3026 3373 3080 inelimata
3400 3039 3493 3081 ve-

1918 3128 2131 3183 locitate
2162 3125 2461 3195 composui.
2495 3124 2624 3178 Vide
2653 3122 3057 3186 necessitatem,
3096 3129 3156 3174 ut
3191 3119 3331 3173 illam
3377 3127 3493 3171 tan-

1908 3231 2093 3293 [torum
2125 3218 2440 3273 meritorum
2480 3215 2729 3270 feminam
2768 3214 3049 3270 verborum
3077 3213 3299 3268 saltibus
3328 3211 3494 3279 οη)ιί-

1916 3326 2115 3367 carem.
2168 3311 2353 3364 Pareat
2400 3308 2670 3364 sterilitati
2726 3322 2856 3361 mea:
2912 3304 3231 3360 venerabilis
3279 3303 3485 3365 anima,

1917 3402 2214 3473 suscipiens
2243 3416 2339 3471 pro
2364 3401 2634 3457 schemate
2663 3398 2909 3452 dictionis
2933 3395 3166 3451 studium
3203 3395 3319 3448 sine
3356 3392 3494 3447 nube

1919 3496 2157 3551 dictoris.
2187 3494 2290 3557 Tu,
2321 3491 2564 3559 domina,
2588 3489 2865 3560 epistolam
2895 3488 3191 3560 prwntim
3220 3501 3351 3542 mea:
3378 3485 3496 3540 vice

1920 3588 2311 3657 complectens,
2352 3598 2445 3639 ora
2481 3593 2537 3637 ut
2567 3582 2782 3651 Spiritus
2828 3582 2968 3635 illius
3013 3578 3269 3636 scabridis
3300 3592 3497 3647 nequa-

1922 3694 2078 3750 quam
2110 3678 2333 3732 lmdatur
2358 3674 2572 3730 officiis.

2375 3768 2394 3795 ²
2436 3777 2753 3819 εριτηηιωι
2793 3777 3048 3816 evneum.

1987 3838 2066 3887 Nil
2098 3850 2265 3892 sexus,
2290 3848 2384 3883 nec
2406 3836 2547 3882 busa
2574 3842 2771 3891 uocent,
2796 3831 2861 3879 nil
2890 3831 2963 3877 Illa
2987 3841 3207 3877 sororum

2056 3899 2257 3957 Ultima,
2288 3896 2437 3944 fallaci
2462 3895 2635 3956 pollice
2662 3899 3013 3957 quze_tenuant.

1992 3961 2142 4010 Mlxta
2172 3951 2277 4009 Deo
2300 3951 2477 4006 mulier
2502 3958 2615 4005 vivit
2640 3951 2745 4015 pust
2778 3953 2946 4015 funera
2978 3951 3135 4013 factis,

2055 4023 2260 4071 MascMa
2288 4018 2501 4067 femineo
2535 4012 2727 4066 tramite
2764 4024 2902 4074 gesta
2927 4012 3108 4061 ferens.

1994 4084 2220 4142 Sanguis,
2246 4083 2415 4137 honor,
2441 4082 2635 4140 genius.
2665 4072 2894 4139 probitas,
2920 4075 3201 4131 (onstantia,
3228 4072 3407 4131 vultus,

2058 4148 2293 4193 Vict-runt
2316 4153 2462 4190 tantts
2483 4146 2687 4189 exitium
2713 4141 2897 4201 pretiis.

2000 4209 2213 4259 Moribus
2231 4206 2440 4253 asseruit
2474 4215 2756 4295 magnorum
2781 4210 2984 4249 stemma
3011 4204 3283 4270 parentum,

2062 4270 2292 4295 ln.li..i...n
2324 4269 2523 4295 ηοιιονῆε
2602 4276 2740 4295 manu
2764 4265 2838 4295 nni
2866 4262 2995 4295 nigra
3020 4260 3102 4295 finl

2060 4270 2293 4317 Indicium
2322 4269 2525 4325 generis
2549 4260 2578 4295 ³⁷
2602 4276 2741 4311 mens
2764 4265 2841 4311 cui
2866 4262 2995 4310 clara
3020 4260 3125 4307 fuit.

1999 4331 2213 4380 Instituit
2239 4337 2374 4374 natos
2396 4328 2536 4374 vitam
2556 4338 2751 4373 servare
2775 4334 3020 4381 serenam,

2062 4392 2188 4442 Dum
2212 4390 2357 4437 docet
2384 4386 2625 4447 exemplis
2644 4382 2843 4445 semper
2865 4379 3028 4431 amare
3053 4379 3231 4431 Deum.

2472 4468 2807 4525 EPISTULA
2848 4466 2979 4519 VIII.

2393 4556 2718 4596 ENNODIUS
2757 4538 2779 4568 δ
2818 4550 3055 4591 rsrno.

2008 4638 2291 4707 Postquam
2332 4634 2657 4690 venerabilis
2692 4630 2948 4702 judicium
2979 4626 3254 4698 principis,
3296 4623 3506 4695 pericli~

1936 4730 2060 4787 tatis
2089 4728 2329 4785 moribus
2362 4725 2743 4796 magnitudinis
2768 4732 2894 4788 tute,
2922 4720 3139 4775 donavit
3174 4727 3225 4771 te
3253 4716 3510 4773 bonorum

1934 4822 2173 4895 germine
2218 4834 2315 4888 pro
2351 4832 2527 4872 messe
2569 4816 2857 4877 virtutum,
2902 4828 2999 4883 per
3030 4811 3220 4881 lingua:
3251 4809 3409 4863 ferias
3440 4807 3513 4864 fo-

1935 4927 2067 4970 vens
2097 4910 2395 4979 irreligiosa
2427 4908 2657 4973 silentia,
2704 4916 2757 4962 et
2802 4906 2854 4961 in
2897 4902 3201 4974 eloquentia
3249 4912 3333 4956 tua
3371 4912 3424 4956 et
3462 4902 3514 4956 in

1938 5050 2004 5106 ad
2032 5050 2376 5105 Ratramnum
2405 5064 2420 5101 :

2304 5127 2434 5185 Age,
2460 5138 2642 5189 quaeso,
2666 5136 2820 5189 perge
2845 5122 2969 5185 Clio,

2308 5189 2525 5250 Propera
2544 5188 2680 5235 celer
2706 5188 2888 5247 virago,

2310 5250 2511 5311 Ropeda
2531 5260 2675 5308 sagas
2702 5258 2934 5311 propago,

2314 5312 2398 5361 Cui
2420 5312 2569 5359 frater
2590 5320 2667 5360 est
2688 5310 2879 5370 Apollo.

2314 5373 2410 5423 Fer
2434 5376 2588 5422 amico
2612 5385 2759 5421 ovans
2781 5372 3053 5420 Ratramno.

2314 5434 2544 5493 Domino,
2570 5436 2711 5495 patri,
2740 5438 2988 5496 magiltro,

2311 5497 2501 5545 Calamo
2524 5502 2731 5543 metrum
2753 5494 2990 5555 impolita,

2316 5558 2451 5616 Quod
2487 5558 2532 5605 ei
2559 5557 2717 5605 libens
2740 5557 2955 5605 remitto.

2022 5630 2043 5661 δ
2074 5626 2251 5698 Petro]
2283 5629 2363 5682 llli
2396 5629 2620 5683 fortasse
2649 5627 2739 5698 qui
2782 5637 2961 5698 postea
3001 5620 3279 5698 consulatu
3310 5620 3523 5698 ordina-

1950 5702 2031 5756 rio
2057 5692 2269 5754 functus
2306 5708 2388 5754 est
2425 5713 2566 5753 anno
2608 5692 2730 5760 5l’6,
2759 5692 3013 5765 cui_nunc
3028 5692 3192 5765 aliam
3220 5694 3523 5765 quampiam

1952 5770 2265 5840 dignitatem
2286 5770 2482 5838 adepto
2505 5767 2802 5835 gratulatur
2827 5762 3122 5821 Ennodius.
