  <div class='ocr_page' id='page_1' title='image "/cluster/home/n/w/nwhite01/storage/ocr_20150623/63/hvd.32044015469307/051.png"; bbox 0 0 3998 6362; ppageno 0'>
   <div class='ocr_carea' id='block_1_1' title="bbox 408 242 3655 378">
    <p class='ocr_par' dir='ltr' id='par_1_1' title="bbox 408 242 3655 378">
     <span class='ocr_line' id='line_1_1' title="bbox 408 242 3655 378; baseline -0.016 0"><span class='ocrx_word' id='word_1_1' title='bbox 408 323 471 378; x_wconf 78' lang='lat' dir='ltr'><strong>at</strong></span> <span class='ocrx_word' id='word_1_2' title='bbox 1382 370 1400 378; x_wconf 24' lang='grc' dir='ltr'><strong>Α</strong></span> <span class='ocrx_word' id='word_1_3' title='bbox 1520 292 1794 354; x_wconf 72' lang='lat' dir='ltr'><strong>annon“</strong></span> <span class='ocrx_word' id='word_1_4' title='bbox 1832 287 2137 349; x_wconf 80' lang='lat' dir='ltr'><strong>EPISCOP]</strong></span> <span class='ocrx_word' id='word_1_5' title='bbox 2175 284 2547 346; x_wconf 82' lang='lat' dir='ltr'><strong>TlClNENSIS</strong></span> <span class='ocrx_word' id='word_1_6' title='bbox 2588 364 2595 371; x_wconf 22' lang='grc' dir='ltr'><strong><em>ο</em></strong></span> <span class='ocrx_word' id='word_1_7' title='bbox 3172 242 3186 250; x_wconf 72' lang='grc'><em>’</em></span> <span class='ocrx_word' id='word_1_8' title='bbox 3580 267 3655 328; x_wconf 73' lang='lat' dir='ltr'><strong>ae</strong></span> 
     </span>
    </p>
   </div>
   <div class='ocr_carea' id='block_1_2' title="bbox 406 370 2061 496">
    <p class='ocr_par' dir='ltr' id='par_1_2' title="bbox 406 370 2061 496">
     <span class='ocr_line' id='line_1_2' title="bbox 406 370 2061 496; baseline -0.019 -11"><span class='ocrx_word' id='word_1_9' title='bbox 406 442 527 485; x_wconf 85' lang='lat' dir='ltr'><strong>meo</strong></span> <span class='ocrx_word' id='word_1_10' title='bbox 557 437 737 482; x_wconf 88' lang='lat' dir='ltr'><strong>amore</strong></span> <span class='ocrx_word' id='word_1_11' title='bbox 763 418 1019 496; x_wconf 83' lang='lat' dir='ltr'><strong>peccasti.</strong></span> <span class='ocrx_word' id='word_1_12' title='bbox 1049 412 1181 484; x_wconf 84' lang='lat' dir='ltr'><strong>Quia</strong></span> <span class='ocrx_word' id='word_1_13' title='bbox 1212 370 1549 467; x_wconf 75' lang='lat' dir='ltr'><strong>naturalibus</strong></span> <span class='ocrx_word' id='word_1_14' title='bbox 1579 404 1838 461; x_wconf 75' lang='lat' dir='ltr'><strong>adolescit</strong></span> <span class='ocrx_word' id='word_1_15' title='bbox 1866 402 1979 456; x_wconf 86' lang='lat' dir='ltr'><strong>elo-</strong></span> <span class='ocrx_word' id='word_1_16' title='bbox 2003 405 2061 465; x_wconf 73' lang='grc' dir='ltr'><strong>Α</strong></span> 
     </span>
    </p>
   </div>
   <div class='ocr_carea' id='block_1_3' title="bbox 407 497 1981 584">
    <p class='ocr_par' dir='ltr' id='par_1_3' title="bbox 407 497 1981 584">
     <span class='ocr_line' id='line_1_3' title="bbox 407 497 1981 584; baseline -0.017 -8"><span class='ocrx_word' id='word_1_17' title='bbox 407 522 551 577; x_wconf 79' lang='lat' dir='ltr'><strong>cutio</strong></span> <span class='ocrx_word' id='word_1_18' title='bbox 572 520 770 574; x_wconf 88' lang='lat' dir='ltr'><strong>munita</strong></span> <span class='ocrx_word' id='word_1_19' title='bbox 792 510 1110 584; x_wconf 84' lang='lat' dir='ltr'><strong>superciliis,</strong></span> <span class='ocrx_word' id='word_1_20' title='bbox 1142 506 1389 577; x_wconf 88' lang='lat' dir='ltr'><strong>quotiens</strong></span> <span class='ocrx_word' id='word_1_21' title='bbox 1420 514 1732 572; x_wconf 90' lang='lat' dir='ltr'><strong>prosperum</strong></span> <span class='ocrx_word' id='word_1_22' title='bbox 1756 497 1981 551; x_wconf 83' lang='lat' dir='ltr'><strong>famula-</strong></span> 
     </span>
    </p>
   </div>
   <div class='ocr_carea' id='block_1_4' title="bbox 411 588 1987 672">
    <p class='ocr_par' dir='ltr' id='par_1_4' title="bbox 411 588 1987 672">
     <span class='ocr_line' id='line_1_4' title="bbox 411 588 1987 672; baseline -0.016 -6"><span class='ocrx_word' id='word_1_23' title='bbox 411 622 498 667; x_wconf 87' lang='lat' dir='ltr'><strong>tur</strong></span> <span class='ocrx_word' id='word_1_24' title='bbox 514 609 709 665; x_wconf 86' lang='lat' dir='ltr'><strong>indicio</strong></span> <span class='ocrx_word' id='word_1_25' title='bbox 734 623 745 658; x_wconf 91' lang='lat'><strong>:</strong></span> <span class='ocrx_word' id='word_1_26' title='bbox 768 602 1038 672; x_wconf 89' lang='lat' dir='ltr'><strong>c0piosior</strong></span> <span class='ocrx_word' id='word_1_27' title='bbox 1059 596 1298 654; x_wconf 75' lang='lat' dir='ltr'><strong>facundia</strong></span> <span class='ocrx_word' id='word_1_28' title='bbox 1318 595 1578 648; x_wconf 88' lang='lat' dir='ltr'><strong>bonorum</strong></span> <span class='ocrx_word' id='word_1_29' title='bbox 1604 589 1793 643; x_wconf 89' lang='lat' dir='ltr'><strong>militat</strong></span> <span class='ocrx_word' id='word_1_30' title='bbox 1814 588 1987 641; x_wconf 86' lang='lat' dir='ltr'><strong>incre-</strong></span> 
     </span>
    </p>
   </div>
   <div class='ocr_carea' id='block_1_5' title="bbox 413 680 1988 768">
    <p class='ocr_par' dir='ltr' id='par_1_5' title="bbox 413 680 1988 768">
     <span class='ocr_line' id='line_1_5' title="bbox 413 680 1988 768; baseline -0.017 -10"><span class='ocrx_word' id='word_1_31' title='bbox 413 702 608 758; x_wconf 90' lang='lat' dir='ltr'><strong>mentis</strong></span> <span class='ocrx_word' id='word_1_32' title='bbox 633 698 647 752; x_wconf 66' lang='grc' dir='ltr'><strong>ξ</strong></span> <span class='ocrx_word' id='word_1_33' title='bbox 676 701 940 768; x_wconf 85' lang='lat' dir='ltr'><strong>prolectus</strong></span> <span class='ocrx_word' id='word_1_34' title='bbox 966 707 1092 747; x_wconf 90' lang='lat' dir='ltr'><strong>suos</strong></span> <span class='ocrx_word' id='word_1_35' title='bbox 1119 706 1223 745; x_wconf 92' lang='lat' dir='ltr'><strong>non</strong></span> <span class='ocrx_word' id='word_1_36' title='bbox 1252 685 1543 756; x_wconf 83' lang='lat' dir='ltr'><strong>imparibus</strong></span> <span class='ocrx_word' id='word_1_37' title='bbox 1569 680 1867 752; x_wconf 80' lang='lat' dir='ltr'><strong>Signiﬁcant</strong></span> <span class='ocrx_word' id='word_1_38' title='bbox 1896 693 1988 748; x_wconf 89' lang='lat' dir='ltr'><strong>pe-</strong></span> 
     </span>
    </p>
   </div>
   <div class='ocr_carea' id='block_1_6' title="bbox 414 771 1986 850">
    <p class='ocr_par' dir='ltr' id='par_1_6' title="bbox 414 771 1986 850">
     <span class='ocr_line' id='line_1_6' title="bbox 414 771 1986 850; baseline -0.017 -1"><span class='ocrx_word' id='word_1_39' title='bbox 414 797 634 850; x_wconf 87' lang='lat' dir='ltr'><strong>ritorum</strong></span> <span class='ocrx_word' id='word_1_40' title='bbox 656 804 748 845; x_wconf 87' lang='lat' dir='ltr'><strong>ora</strong></span> <span class='ocrx_word' id='word_1_41' title='bbox 768 785 1124 842; x_wconf 82' lang='lat' dir='ltr'><strong>successibus.</strong></span> <span class='ocrx_word' id='word_1_42' title='bbox 1148 782 1288 837; x_wconf 87' lang='lat' dir='ltr'><strong>Ecce</strong></span> <span class='ocrx_word' id='word_1_43' title='bbox 1310 775 1609 833; x_wconf 83' lang='lat' dir='ltr'><strong>inamabilis</strong></span> <span class='ocrx_word' id='word_1_44' title='bbox 1632 771 1986 838; x_wconf 80' lang='lat' dir='ltr'><strong>taciturnitas,</strong></span> 
     </span>
    </p>
   </div>
   <div class='ocr_carea' id='block_1_7' title="bbox 414 862 1992 943">
    <p class='ocr_par' dir='ltr' id='par_1_7' title="bbox 414 862 1992 943">
     <span class='ocr_line' id='line_1_7' title="bbox 414 862 1992 943; baseline -0.017 -2"><span class='ocrx_word' id='word_1_45' title='bbox 414 895 471 941; x_wconf 87' lang='lat' dir='ltr'><strong>et</strong></span> <span class='ocrx_word' id='word_1_46' title='bbox 507 884 658 938; x_wconf 81' lang='lat' dir='ltr'><strong>vobis</strong></span> <span class='ocrx_word' id='word_1_47' title='bbox 698 878 907 935; x_wconf 86' lang='lat' dir='ltr'><strong>dicendi</strong></span> <span class='ocrx_word' id='word_1_48' title='bbox 938 874 1155 931; x_wconf 87' lang='lat' dir='ltr'><strong>abstulit</strong></span> <span class='ocrx_word' id='word_1_49' title='bbox 1185 871 1417 943; x_wconf 88' lang='lat' dir='ltr'><strong>genium,</strong></span> <span class='ocrx_word' id='word_1_50' title='bbox 1448 877 1501 923; x_wconf 87' lang='lat' dir='ltr'><strong>et</strong></span> <span class='ocrx_word' id='word_1_51' title='bbox 1528 865 1658 921; x_wconf 86' lang='lat' dir='ltr'><strong>mihi</strong></span> <span class='ocrx_word' id='word_1_52' title='bbox 1689 864 1883 919; x_wconf 62' lang='lat' dir='ltr'><strong>laetitiae</strong></span> <span class='ocrx_word' id='word_1_53' title='bbox 1911 862 1992 915; x_wconf 92' lang='lat' dir='ltr'><strong>in-</strong></span> 
     </span>
    </p>
   </div>
   <div class='ocr_carea' id='block_1_8' title="bbox 416 952 1990 1031">
    <p class='ocr_par' dir='ltr' id='par_1_8' title="bbox 416 952 1990 1031">
     <span class='ocr_line' id='line_1_8' title="bbox 416 952 1990 1031; baseline -0.016 0"><span class='ocrx_word' id='word_1_54' title='bbox 416 977 547 1031; x_wconf 89' lang='lat' dir='ltr'><strong>vidit</strong></span> <span class='ocrx_word' id='word_1_55' title='bbox 570 973 840 1029; x_wconf 69' lang='lat' dir='ltr'><strong>effectum.</strong></span> <span class='ocrx_word' id='word_1_56' title='bbox 869 966 1130 1023; x_wconf 82' lang='lat' dir='ltr'><strong>Referatis</strong></span> <span class='ocrx_word' id='word_1_57' title='bbox 1155 964 1377 1019; x_wconf 81' lang='lat' dir='ltr'><strong>forsitan</strong></span> <span class='ocrx_word' id='word_1_58' title='bbox 1401 978 1415 1013; x_wconf 90' lang='lat'><strong>:</strong></span> <span class='ocrx_word' id='word_1_59' title='bbox 1441 956 1635 1013; x_wconf 86' lang='lat' dir='ltr'><strong>Posses</strong></span> <span class='ocrx_word' id='word_1_60' title='bbox 1662 969 1767 1019; x_wconf 87' lang='lat' dir='ltr'><strong>me,</strong></span> <span class='ocrx_word' id='word_1_61' title='bbox 1798 952 1990 1022; x_wconf 90' lang='lat' dir='ltr'><strong>amice,</strong></span> 
     </span>
    </p>
   </div>
   <div class='ocr_carea' id='block_1_9' title="bbox 2204 384 3535 457">
    <p class='ocr_par' dir='ltr' id='par_1_9' title="bbox 2204 384 3535 457">
     <span class='ocr_line' id='line_1_9' title="bbox 2204 384 3535 457; baseline -0.011 -9"><span class='ocrx_word' id='word_1_62' title='bbox 2204 396 2227 429; x_wconf 63' lang='lat'><strong>‘</strong></span> <span class='ocrx_word' id='word_1_63' title='bbox 2259 397 2384 447; x_wconf 83' lang='lat' dir='ltr'><strong>Heio</strong></span> <span class='ocrx_word' id='word_1_64' title='bbox 2406 407 2517 457; x_wconf 72' lang='lat' dir='ltr'><strong>pyra</strong></span> <span class='ocrx_word' id='word_1_65' title='bbox 2541 393 2836 455; x_wconf 83' lang='lat' dir='ltr'><strong>gurgitibus,</strong></span> <span class='ocrx_word' id='word_1_66' title='bbox 2863 389 3085 457; x_wconf 82' lang='lat' dir='ltr'><strong>scintillis</strong></span> <span class='ocrx_word' id='word_1_67' title='bbox 3106 387 3303 438; x_wconf 81' lang='lat' dir='ltr'><strong>ﬂuctuat</strong></span> <span class='ocrx_word' id='word_1_68' title='bbox 3326 384 3535 435; x_wconf 80' lang='lat' dir='ltr'><strong>humor:</strong></span> 
     </span>
    </p>
   </div>
   <div class='ocr_carea' id='block_1_10' title="bbox 2251 454 3101 507">
    <p class='ocr_par' dir='ltr' id='par_1_10' title="bbox 2251 454 3101 507">
     <span class='ocr_line' id='line_1_10' title="bbox 2251 454 3101 507; baseline -0.009 0"><span class='ocrx_word' id='word_1_69' title='bbox 2251 454 2665 507; x_wconf 36' lang='lat' dir='ltr'><strong>Vivitur—alternae</strong></span> <span class='ocrx_word' id='word_1_70' title='bbox 2692 458 2855 504; x_wconf 88' lang='lat' dir='ltr'><strong>mortis</strong></span> <span class='ocrx_word' id='word_1_71' title='bbox 2880 454 3101 501; x_wconf 73' lang='lat' dir='ltr'><strong>antiritia.</strong></span> 
     </span>
    </p>
   </div>
   <div class='ocr_carea' id='block_1_11' title="bbox 2208 535 3409 609">
    <p class='ocr_par' dir='ltr' id='par_1_11' title="bbox 2208 535 3409 609">
     <span class='ocr_line' id='line_1_11' title="bbox 2208 535 3409 609; baseline -0.012 -12"><span class='ocrx_word' id='word_1_72' title='bbox 2208 547 2283 597; x_wconf 79' lang='lat' dir='ltr'><strong>Ne</strong></span> <span class='ocrx_word' id='word_1_73' title='bbox 2308 554 2495 609; x_wconf 85' lang='lat' dir='ltr'><strong>pareat,</strong></span> <span class='ocrx_word' id='word_1_74' title='bbox 2520 546 2749 609; x_wconf 7' lang='lat' dir='ltr'><strong>nymphis,</strong></span> <span class='ocrx_word' id='word_1_75' title='bbox 2774 543 3018 609; x_wconf 60' lang='lat' dir='ltr'><strong>Vulcanus</strong></span> <span class='ocrx_word' id='word_1_76' title='bbox 3040 540 3275 599; x_wconf 81' lang='lat' dir='ltr'><strong>mergitur</strong></span> <span class='ocrx_word' id='word_1_77' title='bbox 3295 535 3409 598; x_wconf 83' lang='lat' dir='ltr'><strong>illis,</strong></span> 
     </span>
    </p>
   </div>
   <div class='ocr_carea' id='block_1_12' title="bbox 2214 604 3287 667">
    <p class='ocr_par' dir='ltr' id='par_1_12' title="bbox 2214 604 3287 667">
     <span class='ocr_line' id='line_1_12' title="bbox 2214 604 3287 667; baseline -0.012 -7"><span class='ocrx_word' id='word_1_78' title='bbox 2214 604 2421 660; x_wconf 68' lang='lat' dir='ltr'><strong>Foedera</strong></span> <span class='ocrx_word' id='word_1_79' title='bbox 2442 604 2625 663; x_wconf 77' lang='lat' dir='ltr'><strong>naturae</strong></span> <span class='ocrx_word' id='word_1_80' title='bbox 2639 604 2778 667; x_wconf 76' lang='lat' dir='ltr'><strong>rupit</strong></span> <span class='ocrx_word' id='word_1_81' title='bbox 2801 604 3050 653; x_wconf 88' lang='lat' dir='ltr'><strong>concordia</strong></span> <span class='ocrx_word' id='word_1_82' title='bbox 3078 613 3287 663; x_wconf 83' lang='lat' dir='ltr'><strong>pugnax.</strong></span> 
     </span>
    </p>
   </div>
   <div class='ocr_carea' id='block_1_13' title="bbox 2647 686 3101 746">
    <p class='ocr_par' dir='ltr' id='par_1_13' title="bbox 2647 686 3101 746">
     <span class='ocr_line' id='line_1_13' title="bbox 2647 686 3101 746; baseline -0.018 0"><span class='ocrx_word' id='word_1_83' title='bbox 2647 688 2977 746; x_wconf 77' lang='lat' dir='ltr'><strong>EPISTULA</strong></span> <span class='ocrx_word' id='word_1_84' title='bbox 3008 686 3101 742; x_wconf 79' lang='lat' dir='ltr'><strong>IX.</strong></span> 
     </span>
    </p>
   </div>
   <div class='ocr_carea' id='block_1_14' title="bbox 2620 794 3140 839">
    <p class='ocr_par' dir='ltr' id='par_1_14' title="bbox 2620 794 3140 839">
     <span class='ocr_line' id='line_1_14' title="bbox 2620 794 3140 839; baseline -0.019 0"><span class='ocrx_word' id='word_1_85' title='bbox 2620 798 2872 839; x_wconf 78' lang='lat' dir='ltr'><strong>ENNODIUS</strong></span> <span class='ocrx_word' id='word_1_86' title='bbox 2911 794 3140 835; x_wconf 69' lang='grc' dir='ltr'><strong>ηυετο.</strong></span> 
     </span>
    </p>
   </div>
   <div class='ocr_carea' id='block_1_15' title="bbox 2163 868 3665 937">
    <p class='ocr_par' dir='ltr' id='par_1_15' title="bbox 2163 868 3665 937">
     <span class='ocr_line' id='line_1_15' title="bbox 2163 868 3665 937; baseline -0.011 0"><span class='ocrx_word' id='word_1_87' title='bbox 2163 878 2433 937; x_wconf 87' lang='lat' dir='ltr'><strong>Secundet</strong></span> <span class='ocrx_word' id='word_1_88' title='bbox 2457 875 2721 932; x_wconf 85' lang='lat' dir='ltr'><strong>desideria</strong></span> <span class='ocrx_word' id='word_1_89' title='bbox 2754 876 2974 929; x_wconf 88' lang='lat' dir='ltr'><strong>honesta</strong></span> <span class='ocrx_word' id='word_1_90' title='bbox 3004 870 3294 926; x_wconf 81' lang='lat' dir='ltr'><strong>divinitas:</strong></span> <span class='ocrx_word' id='word_1_91' title='bbox 3328 868 3453 923; x_wconf 79' lang='lat' dir='ltr'><strong>felix</strong></span> <span class='ocrx_word' id='word_1_92' title='bbox 3486 868 3665 937; x_wconf 71' lang='grc' dir='ltr'><strong>ειυς.ρὶ-</strong></span> 
     </span>
    </p>
   </div>
   <div class='ocr_carea' id='block_1_16' title="bbox 2093 962 3665 1038">
    <p class='ocr_par' dir='ltr' id='par_1_16' title="bbox 2093 962 3665 1038">
     <span class='ocr_line' id='line_1_16' title="bbox 2093 962 3665 1038; baseline -0.009 -9"><span class='ocrx_word' id='word_1_93' title='bbox 2093 973 2233 1029; x_wconf 91' lang='lat' dir='ltr'><strong>cium</strong></span> <span class='ocrx_word' id='word_1_94' title='bbox 2264 972 2420 1026; x_wconf 86' lang='lat' dir='ltr'><strong>bonis</strong></span> <span class='ocrx_word' id='word_1_95' title='bbox 2440 984 2545 1024; x_wconf 87' lang='lat' dir='ltr'><strong>non</strong></span> <span class='ocrx_word' id='word_1_96' title='bbox 2567 978 2793 1038; x_wconf 76' lang='lat' dir='ltr'><strong>negetur</strong></span> <span class='ocrx_word' id='word_1_97' title='bbox 2815 964 3007 1021; x_wconf 85' lang='lat' dir='ltr'><strong>studiis</strong></span> <span class='ocrx_word' id='word_1_98' title='bbox 3033 982 3045 1016; x_wconf 81' lang='grc' dir='ltr'><strong><em>τ</em></strong></span> <span class='ocrx_word' id='word_1_99' title='bbox 3077 964 3316 1032; x_wconf 84' lang='lat' dir='ltr'><strong>ingenuae</strong></span> <span class='ocrx_word' id='word_1_100' title='bbox 3343 962 3665 1016; x_wconf 87' lang='lat' dir='ltr'><strong>intentiones</strong></span> 
     </span>
    </p>
   </div>
   <div class='ocr_carea' id='block_1_17' title="bbox 417 1049 2024 1135">
    <p class='ocr_par' dir='ltr' id='par_1_17' title="bbox 417 1049 1997 1135">
     <span class='ocr_line' id='line_1_17' title="bbox 417 1049 1997 1135; baseline -0.015 -13"><span class='ocrx_word' id='word_1_101' title='bbox 417 1069 484 1122; x_wconf 86' lang='lat' dir='ltr'><strong>de</strong></span> <span class='ocrx_word' id='word_1_102' title='bbox 506 1051 839 1135; x_wconf 84' lang='lat' dir='ltr'><strong>ignoratione</strong></span> <span class='ocrx_word' id='word_1_103' title='bbox 862 1060 1100 1129; x_wconf 86' lang='lat' dir='ltr'><strong>culpare,</strong></span> <span class='ocrx_word' id='word_1_104' title='bbox 1122 1057 1167 1111; x_wconf 88' lang='lat' dir='ltr'><strong>si</strong></span> <span class='ocrx_word' id='word_1_105' title='bbox 1194 1054 1319 1126; x_wconf 89' lang='lat' dir='ltr'><strong>quid</strong></span> <span class='ocrx_word' id='word_1_106' title='bbox 1341 1052 1433 1107; x_wconf 88' lang='lat' dir='ltr'><strong>tibi</strong></span> <span class='ocrx_word' id='word_1_107' title='bbox 1460 1050 1527 1105; x_wconf 88' lang='lat' dir='ltr'><strong>de</strong></span> <span class='ocrx_word' id='word_1_108' title='bbox 1553 1049 1704 1118; x_wconf 91' lang='lat' dir='ltr'><strong>apice</strong></span> <span class='ocrx_word' id='word_1_109' title='bbox 1730 1060 1850 1102; x_wconf 91' lang='lat' dir='ltr'><strong>meo</strong></span> <span class='ocrx_word' id='word_1_110' title='bbox 1870 1059 1997 1115; x_wconf 88' lang='lat' dir='ltr'><strong>pro-</strong></span> 
     </span>
    </p>
   </div>
   <div class='ocr_carea' id='block_1_18' title="bbox 2134 1049 3669 1135">
    <p class='ocr_par' dir='ltr' id='par_1_18' title="bbox 2134 1052 3669 1133">
     <span class='ocr_line' id='line_1_18' title="bbox 2134 1052 3669 1133; baseline -0.009 -15"><span class='ocrx_word' id='word_1_111' title='bbox 2134 1078 2475 1133; x_wconf 88' lang='lat' dir='ltr'><strong>rosperorum</strong></span> <span class='ocrx_word' id='word_1_112' title='bbox 2502 1060 2759 1115; x_wconf 79' lang='lat' dir='ltr'><strong>fructibus</strong></span> <span class='ocrx_word' id='word_1_113' title='bbox 2787 1056 3181 1111; x_wconf 86' lang='lat' dir='ltr'><strong>convalescant.</strong></span> <span class='ocrx_word' id='word_1_114' title='bbox 3231 1052 3484 1107; x_wconf 77' lang='lat' dir='ltr'><strong>Votorum</strong></span> <span class='ocrx_word' id='word_1_115' title='bbox 3527 1052 3669 1106; x_wconf 87' lang='lat' dir='ltr'><strong>obsi-</strong></span> 
     </span>
    </p>
   </div>
   <div class='ocr_carea' id='block_1_19' title="bbox 418 1136 1996 1212">
    <p class='ocr_par' dir='ltr' id='par_1_19' title="bbox 418 1136 1996 1212">
     <span class='ocr_line' id='line_1_19' title="bbox 418 1136 1996 1212; baseline -0.016 0"><span class='ocrx_word' id='word_1_116' title='bbox 418 1156 635 1212; x_wconf 86' lang='lat' dir='ltr'><strong>miscuis</strong></span> <span class='ocrx_word' id='word_1_117' title='bbox 678 1154 922 1208; x_wconf 88' lang='lat' dir='ltr'><strong>dedicata</strong></span> <span class='ocrx_word' id='word_1_118' title='bbox 962 1149 1161 1204; x_wconf 89' lang='lat' dir='ltr'><strong>nuntiis</strong></span> <span class='ocrx_word' id='word_1_119' title='bbox 1207 1148 1343 1199; x_wconf 86' lang='lat' dir='ltr'><strong>fama</strong></span> <span class='ocrx_word' id='word_1_120' title='bbox 1389 1139 1705 1211; x_wconf 88' lang='lat' dir='ltr'><strong>suppressit.</strong></span> <span class='ocrx_word' id='word_1_121' title='bbox 1750 1136 1855 1193; x_wconf 89' lang='lat' dir='ltr'><strong>Sed</strong></span> <span class='ocrx_word' id='word_1_122' title='bbox 1896 1147 1996 1204; x_wconf 87' lang='lat' dir='ltr'><strong>ego</strong></span> 
     </span>
    </p>
   </div>
   <div class='ocr_carea' id='block_1_20' title="bbox 420 1225 2000 1316">
    <p class='ocr_par' dir='ltr' id='par_1_20' title="bbox 420 1225 2000 1316">
     <span class='ocr_line' id='line_1_20' title="bbox 420 1225 2000 1316; baseline -0.016 -14"><span class='ocrx_word' id='word_1_123' title='bbox 420 1258 712 1316; x_wconf 76' lang='lat' dir='ltr'><strong>agnoscere</strong></span> <span class='ocrx_word' id='word_1_124' title='bbox 751 1254 1000 1297; x_wconf 89' lang='lat' dir='ltr'><strong>carorum</strong></span> <span class='ocrx_word' id='word_1_125' title='bbox 1039 1237 1268 1293; x_wconf 90' lang='lat' dir='ltr'><strong>culmina</strong></span> <span class='ocrx_word' id='word_1_126' title='bbox 1314 1245 1529 1288; x_wconf 90' lang='lat' dir='ltr'><strong>rumore</strong></span> <span class='ocrx_word' id='word_1_127' title='bbox 1559 1243 1664 1283; x_wconf 93' lang='lat' dir='ltr'><strong>non</strong></span> <span class='ocrx_word' id='word_1_128' title='bbox 1695 1225 1869 1298; x_wconf 89' lang='lat' dir='ltr'><strong>patior</strong></span> <span class='ocrx_word' id='word_1_129' title='bbox 1898 1240 1913 1278; x_wconf 89' lang='lat'>:</span> <span class='ocrx_word' id='word_1_130' title='bbox 1944 1231 2000 1279; x_wconf 92' lang='lat' dir='ltr'><strong>et</strong></span> 
     </span>
    </p>
   </div>
   <div class='ocr_carea' id='block_1_21' title="bbox 422 1316 1995 1405">
    <p class='ocr_par' dir='ltr' id='par_1_21' title="bbox 422 1316 1995 1405">
     <span class='ocr_line' id='line_1_21' title="bbox 422 1316 1995 1405; baseline -0.017 -10"><span class='ocrx_word' id='word_1_131' title='bbox 422 1336 702 1395; x_wconf 84' lang='lat' dir='ltr'><strong>manifesta</strong></span> <span class='ocrx_word' id='word_1_132' title='bbox 736 1332 914 1405; x_wconf 90' lang='lat' dir='ltr'><strong>gaudii</strong></span> <span class='ocrx_word' id='word_1_133' title='bbox 943 1330 1197 1399; x_wconf 74' lang='lat' dir='ltr'><strong>colligere</strong></span> <span class='ocrx_word' id='word_1_134' title='bbox 1227 1328 1295 1381; x_wconf 93' lang='lat' dir='ltr'><strong>de</strong></span> <span class='ocrx_word' id='word_1_135' title='bbox 1325 1320 1589 1393; x_wconf 90' lang='lat' dir='ltr'><strong>opinionis</strong></span> <span class='ocrx_word' id='word_1_136' title='bbox 1621 1316 1995 1373; x_wconf 86' lang='lat' dir='ltr'><strong>inconstantia.</strong></span> 
     </span>
    </p>
   </div>
   <div class='ocr_carea' id='block_1_22' title="bbox 423 1406 2001 1494">
    <p class='ocr_par' dir='ltr' id='par_1_22' title="bbox 423 1406 2001 1494">
     <span class='ocr_line' id='line_1_22' title="bbox 423 1406 2001 1494; baseline -0.018 -9"><span class='ocrx_word' id='word_1_137' title='bbox 423 1428 688 1485; x_wconf 82' lang='lat' dir='ltr'><strong>Noveram</strong></span> <span class='ocrx_word' id='word_1_138' title='bbox 708 1439 863 1494; x_wconf 86' lang='lat' dir='ltr'><strong>quam</strong></span> <span class='ocrx_word' id='word_1_139' title='bbox 893 1419 1024 1477; x_wconf 88' lang='lat' dir='ltr'><strong>mihi</strong></span> <span class='ocrx_word' id='word_1_140' title='bbox 1058 1414 1411 1473; x_wconf 89' lang='lat' dir='ltr'><strong>devinctionis</strong></span> <span class='ocrx_word' id='word_1_141' title='bbox 1440 1424 1589 1478; x_wconf 90' lang='lat' dir='ltr'><strong>spem</strong></span> <span class='ocrx_word' id='word_1_142' title='bbox 1616 1406 1848 1473; x_wconf 80' lang='lat' dir='ltr'><strong>simplex</strong></span> <span class='ocrx_word' id='word_1_143' title='bbox 1881 1419 2001 1459; x_wconf 89' lang='lat' dir='ltr'><strong>eru—</strong></span> 
     </span>
    </p>
   </div>
   <div class='ocr_carea' id='block_1_23' title="bbox 426 1500 2005 1583">
    <p class='ocr_par' dir='ltr' id='par_1_23' title="bbox 426 1500 2005 1583">
     <span class='ocr_line' id='line_1_23' title="bbox 426 1500 2005 1583; baseline -0.018 -4"><span class='ocrx_word' id='word_1_144' title='bbox 426 1523 519 1579; x_wconf 82' lang='lat' dir='ltr'><strong>diti</strong></span> <span class='ocrx_word' id='word_1_145' title='bbox 552 1522 748 1576; x_wconf 73' lang='lat' dir='ltr'><strong>(ludum</strong></span> <span class='ocrx_word' id='word_1_146' title='bbox 786 1517 1001 1574; x_wconf 72' lang='lat' dir='ltr'><strong>fecisset</strong></span> <span class='ocrx_word' id='word_1_147' title='bbox 1038 1512 1329 1583; x_wconf 88' lang='lat' dir='ltr'><strong>allegatio:</strong></span> <span class='ocrx_word' id='word_1_148' title='bbox 1372 1506 1655 1563; x_wconf 85' lang='lat' dir='ltr'><strong>credebam</strong></span> <span class='ocrx_word' id='word_1_149' title='bbox 1696 1500 1887 1556; x_wconf 80' lang='lat' dir='ltr'><strong>frustra</strong></span> <span class='ocrx_word' id='word_1_150' title='bbox 1918 1510 2005 1551; x_wconf 91' lang='lat' dir='ltr'><strong>me</strong></span> 
     </span>
    </p>
   </div>
   <div class='ocr_carea' id='block_1_24' title="bbox 427 1592 2001 1682">
    <p class='ocr_par' dir='ltr' id='par_1_24' title="bbox 427 1592 2001 1682">
     <span class='ocr_line' id='line_1_24' title="bbox 427 1592 2001 1682; baseline -0.019 -13"><span class='ocrx_word' id='word_1_151' title='bbox 427 1614 481 1668; x_wconf 84' lang='lat' dir='ltr'><strong>in</strong></span> <span class='ocrx_word' id='word_1_152' title='bbox 526 1614 614 1668; x_wconf 86' lang='lat' dir='ltr'><strong>illa</strong></span> <span class='ocrx_word' id='word_1_153' title='bbox 646 1618 798 1682; x_wconf 86' lang='lat' dir='ltr'><strong>parte</strong></span> <span class='ocrx_word' id='word_1_154' title='bbox 841 1607 1046 1662; x_wconf 86' lang='lat' dir='ltr'><strong>serenis</strong></span> <span class='ocrx_word' id='word_1_155' title='bbox 1082 1604 1319 1657; x_wconf 85' lang='lat' dir='ltr'><strong>animum</strong></span> <span class='ocrx_word' id='word_1_156' title='bbox 1366 1596 1583 1652; x_wconf 89' lang='lat' dir='ltr'><strong>auribus</strong></span> <span class='ocrx_word' id='word_1_157' title='bbox 1635 1592 2001 1653; x_wconf 88' lang='lat' dir='ltr'><strong>committere,</strong></span> 
     </span>
    </p>
   </div>
   <div class='ocr_carea' id='block_1_25' title="bbox 428 1680 2003 1759">
    <p class='ocr_par' dir='ltr' id='par_1_25' title="bbox 428 1680 2003 1759">
     <span class='ocr_line' id='line_1_25' title="bbox 428 1680 2003 1759; baseline -0.018 0"><span class='ocrx_word' id='word_1_158' title='bbox 428 1704 568 1759; x_wconf 88' lang='lat' dir='ltr'><strong>unde</strong></span> <span class='ocrx_word' id='word_1_159' title='bbox 614 1680 671 1757; x_wconf 84' lang='lat' dir='ltr'><strong>tu</strong></span> <span class='ocrx_word' id='word_1_160' title='bbox 717 1714 800 1755; x_wconf 92' lang='lat' dir='ltr'><strong>me</strong></span> <span class='ocrx_word' id='word_1_161' title='bbox 830 1698 1052 1752; x_wconf 88' lang='lat' dir='ltr'><strong>hilarem</strong></span> <span class='ocrx_word' id='word_1_162' title='bbox 1095 1707 1215 1749; x_wconf 85' lang='lat' dir='ltr'><strong>esse</strong></span> <span class='ocrx_word' id='word_1_163' title='bbox 1254 1705 1360 1746; x_wconf 89' lang='lat' dir='ltr'><strong>non</strong></span> <span class='ocrx_word' id='word_1_164' title='bbox 1384 1686 1628 1758; x_wconf 78' lang='lat' dir='ltr'><strong>iubebas.</strong></span> <span class='ocrx_word' id='word_1_165' title='bbox 1658 1682 1803 1738; x_wconf 85' lang='lat' dir='ltr'><strong>illam</strong></span> <span class='ocrx_word' id='word_1_166' title='bbox 1834 1680 2003 1748; x_wconf 88' lang='lat' dir='ltr'><strong>ipsam</strong></span> 
     </span>
    </p>
   </div>
   <div class='ocr_carea' id='block_1_26' title="bbox 2096 1144 3671 1218">
    <p class='ocr_par' dir='ltr' id='par_1_26' title="bbox 2096 1144 3671 1218">
     <span class='ocr_line' id='line_1_26' title="bbox 2096 1144 3671 1218; baseline -0.011 -7"><span class='ocrx_word' id='word_1_167' title='bbox 2096 1156 2219 1211; x_wconf 91' lang='lat' dir='ltr'><strong>dem</strong></span> <span class='ocrx_word' id='word_1_168' title='bbox 2253 1153 2467 1209; x_wconf 86' lang='lat' dir='ltr'><strong>tradidit</strong></span> <span class='ocrx_word' id='word_1_169' title='bbox 2508 1151 2791 1212; x_wconf 86' lang='lat' dir='ltr'><strong>honestati,</strong></span> <span class='ocrx_word' id='word_1_170' title='bbox 2826 1149 2913 1218; x_wconf 90' lang='lat' dir='ltr'><strong>qui</strong></span> <span class='ocrx_word' id='word_1_171' title='bbox 2941 1147 3007 1200; x_wconf 88' lang='lat' dir='ltr'><strong>ad</strong></span> <span class='ocrx_word' id='word_1_172' title='bbox 3048 1144 3299 1200; x_wconf 87' lang='lat' dir='ltr'><strong>liberales</strong></span> <span class='ocrx_word' id='word_1_173' title='bbox 3330 1146 3545 1210; x_wconf 85' lang='lat' dir='ltr'><strong>aspirat,</strong></span> <span class='ocrx_word' id='word_1_174' title='bbox 3580 1160 3671 1197; x_wconf 77' lang='lat' dir='ltr'><strong>su-</strong></span> 
     </span>
    </p>
   </div>
   <div class='ocr_carea' id='block_1_27' title="bbox 2099 1235 3670 1319">
    <p class='ocr_par' dir='ltr' id='par_1_27' title="bbox 2099 1235 3670 1319">
     <span class='ocr_line' id='line_1_27' title="bbox 2099 1235 3670 1319; baseline -0.01 -17"><span class='ocrx_word' id='word_1_175' title='bbox 2099 1249 2241 1319; x_wconf 84' lang='lat' dir='ltr'><strong>peris</strong></span> <span class='ocrx_word' id='word_1_176' title='bbox 2260 1246 2580 1308; x_wconf 88' lang='lat' dir='ltr'><strong>faventibus,</strong></span> <span class='ocrx_word' id='word_1_177' title='bbox 2597 1241 2931 1311; x_wconf 87' lang='lat' dir='ltr'><strong>disciplinas.</strong></span> <span class='ocrx_word' id='word_1_178' title='bbox 2951 1239 3214 1293; x_wconf 88' lang='lat' dir='ltr'><strong>Bonarum</strong></span> <span class='ocrx_word' id='word_1_179' title='bbox 3233 1235 3453 1290; x_wconf 73' lang='lat' dir='ltr'><strong>affectus</strong></span> <span class='ocrx_word' id='word_1_180' title='bbox 3474 1236 3670 1289; x_wconf 88' lang='lat' dir='ltr'><strong>artium</strong></span> 
     </span>
    </p>
   </div>
   <div class='ocr_carea' id='block_1_28' title="bbox 2100 1327 3671 1404">
    <p class='ocr_par' dir='ltr' id='par_1_28' title="bbox 2100 1327 3671 1404">
     <span class='ocr_line' id='line_1_28' title="bbox 2100 1327 3671 1404; baseline -0.01 -10"><span class='ocrx_word' id='word_1_181' title='bbox 2100 1339 2277 1394; x_wconf 85' lang='lat' dir='ltr'><strong>dirum</strong></span> <span class='ocrx_word' id='word_1_182' title='bbox 2304 1336 2620 1404; x_wconf 81' lang='lat' dir='ltr'><strong>dedignatur</strong></span> <span class='ocrx_word' id='word_1_183' title='bbox 2638 1332 2925 1401; x_wconf 67' lang='lat' dir='ltr'><strong>ingenium,</strong></span> <span class='ocrx_word' id='word_1_184' title='bbox 2945 1328 3009 1383; x_wconf 89' lang='lat' dir='ltr'><strong>ad</strong></span> <span class='ocrx_word' id='word_1_185' title='bbox 3027 1327 3344 1397; x_wconf 60' lang='lat' dir='ltr'><strong>eloquentiae</strong></span> <span class='ocrx_word' id='word_1_186' title='bbox 3359 1336 3671 1380; x_wconf 84' lang='lat' dir='ltr'><strong>ornamenta</strong></span> 
     </span>
    </p>
   </div>
   <div class='ocr_carea' id='block_1_29' title="bbox 2102 1418 3675 1493">
    <p class='ocr_par' dir='ltr' id='par_1_29' title="bbox 2102 1418 3675 1493">
     <span class='ocr_line' id='line_1_29' title="bbox 2102 1418 3675 1493; baseline -0.01 -8"><span class='ocrx_word' id='word_1_187' title='bbox 2102 1446 2207 1493; x_wconf 85' lang='lat' dir='ltr'><strong>non</strong></span> <span class='ocrx_word' id='word_1_188' title='bbox 2239 1429 2459 1485; x_wconf 89' lang='lat' dir='ltr'><strong>tendunt</strong></span> <span class='ocrx_word' id='word_1_189' title='bbox 2491 1426 2593 1481; x_wconf 89' lang='lat' dir='ltr'><strong>nisi</strong></span> <span class='ocrx_word' id='word_1_190' title='bbox 2627 1423 2861 1479; x_wconf 65' lang='lat' dir='ltr'><strong>moribus</strong></span> <span class='ocrx_word' id='word_1_191' title='bbox 2898 1421 3143 1475; x_wconf 90' lang='lat' dir='ltr'><strong>instituti.</strong></span> <span class='ocrx_word' id='word_1_192' title='bbox 3180 1418 3270 1473; x_wconf 91' lang='lat' dir='ltr'><strong>llis</strong></span> <span class='ocrx_word' id='word_1_193' title='bbox 3295 1420 3317 1451; x_wconf 79' lang='grc'><strong><em>⁵</em></strong></span> <span class='ocrx_word' id='word_1_194' title='bbox 3356 1418 3675 1473; x_wconf 87' lang='lat' dir='ltr'><strong>Parthenius</strong></span> 
     </span>
    </p>
   </div>
   <div class='ocr_carea' id='block_1_30' title="bbox 2104 1509 3667 1589">
    <p class='ocr_par' dir='ltr' id='par_1_30' title="bbox 2104 1509 3667 1589">
     <span class='ocr_line' id='line_1_30' title="bbox 2104 1509 3667 1589; baseline -0.009 -13"><span class='ocrx_word' id='word_1_195' title='bbox 2104 1531 2303 1585; x_wconf 87' lang='lat' dir='ltr'><strong>noster,</strong></span> <span class='ocrx_word' id='word_1_196' title='bbox 2336 1532 2607 1589; x_wconf 71' lang='lat' dir='ltr'><strong>germana:</strong></span> <span class='ocrx_word' id='word_1_197' title='bbox 2639 1516 2795 1579; x_wconf 82' lang='lat' dir='ltr'><strong>filius,</strong></span> <span class='ocrx_word' id='word_1_198' title='bbox 2830 1514 3076 1568; x_wconf 86' lang='lat' dir='ltr'><strong>incitatus</strong></span> <span class='ocrx_word' id='word_1_199' title='bbox 3103 1511 3331 1565; x_wconf 86' lang='lat' dir='ltr'><strong>stimulis</strong></span> <span class='ocrx_word' id='word_1_200' title='bbox 3358 1509 3580 1563; x_wconf 82' lang='lat' dir='ltr'><strong>Romam</strong></span> <span class='ocrx_word' id='word_1_201' title='bbox 3614 1509 3667 1562; x_wconf 94' lang='lat' dir='ltr'><strong>in</strong></span> 
     </span>
    </p>
   </div>
   <div class='ocr_carea' id='block_1_31' title="bbox 2104 1601 3674 1682">
    <p class='ocr_par' dir='ltr' id='par_1_31' title="bbox 2104 1601 3674 1682">
     <span class='ocr_line' id='line_1_31' title="bbox 2104 1601 3674 1682; baseline -0.006 -17"><span class='ocrx_word' id='word_1_202' title='bbox 2104 1626 2205 1682; x_wconf 90' lang='lat' dir='ltr'><strong>qua</strong></span> <span class='ocrx_word' id='word_1_203' title='bbox 2236 1619 2320 1666; x_wconf 91' lang='lat' dir='ltr'><strong>est</strong></span> <span class='ocrx_word' id='word_1_204' title='bbox 2372 1608 2627 1662; x_wconf 86' lang='lat' dir='ltr'><strong>naturalis</strong></span> <span class='ocrx_word' id='word_1_205' title='bbox 2674 1605 2933 1668; x_wconf 85' lang='lat' dir='ltr'><strong>eruditio,</strong></span> <span class='ocrx_word' id='word_1_206' title='bbox 2988 1602 3201 1657; x_wconf 83' lang='lat' dir='ltr'><strong>festinat</strong></span> <span class='ocrx_word' id='word_1_207' title='bbox 3247 1601 3480 1655; x_wconf 83' lang='lat' dir='ltr'><strong>invisere</strong></span> <span class='ocrx_word' id='word_1_208' title='bbox 3530 1617 3545 1657; x_wconf 88' lang='lat'><strong>:</strong></span> <span class='ocrx_word' id='word_1_209' title='bbox 3594 1602 3674 1655; x_wconf 88' lang='lat' dir='ltr'><strong>cui</strong></span> 
     </span>
    </p>
   </div>
   <div class='ocr_carea' id='block_1_32' title="bbox 2107 1692 3676 1773">
    <p class='ocr_par' dir='ltr' id='par_1_32' title="bbox 2107 1692 3676 1773">
     <span class='ocr_line' id='line_1_32' title="bbox 2107 1692 3676 1773; baseline -0.01 -15"><span class='ocrx_word' id='word_1_210' title='bbox 2107 1701 2491 1773; x_wconf 73' lang='lat' dir='ltr'><strong>magnitudinis</strong></span> <span class='ocrx_word' id='word_1_211' title='bbox 2514 1706 2705 1753; x_wconf 71' lang='lat' dir='ltr'><strong>vestrae</strong></span> <span class='ocrx_word' id='word_1_212' title='bbox 2727 1696 2976 1765; x_wconf 74' lang='lat' dir='ltr'><strong>suffragia</strong></span> <span class='ocrx_word' id='word_1_213' title='bbox 3004 1708 3121 1749; x_wconf 88' lang='lat' dir='ltr'><strong>sum</strong></span> <span class='ocrx_word' id='word_1_214' title='bbox 3149 1702 3361 1761; x_wconf 88' lang='lat' dir='ltr'><strong>paterna</strong></span> <span class='ocrx_word' id='word_1_215' title='bbox 3390 1692 3676 1760; x_wconf 86' lang='lat' dir='ltr'><strong>pollicitus.</strong></span> 
     </span>
    </p>
   </div>
   <div class='ocr_carea' id='block_1_33' title="bbox 432 1772 2024 1858">
    <p class='ocr_par' dir='ltr' id='par_1_33' title="bbox 432 1772 2004 1850">
     <span class='ocr_line' id='line_1_33' title="bbox 432 1772 2004 1850; baseline -0.018 1"><span class='ocrx_word' id='word_1_216' title='bbox 432 1796 582 1850; x_wconf 85' lang='lat' dir='ltr'><strong>mille</strong></span> <span class='ocrx_word' id='word_1_217' title='bbox 639 1793 843 1847; x_wconf 89' lang='lat' dir='ltr'><strong>alarum</strong></span> <span class='ocrx_word' id='word_1_218' title='bbox 893 1788 1203 1842; x_wconf 84' lang='lat' dir='ltr'><strong>fabricatam</strong></span> <span class='ocrx_word' id='word_1_219' title='bbox 1260 1778 1497 1848; x_wconf 78' lang='lat' dir='ltr'><strong>remigiis</strong></span> <span class='ocrx_word' id='word_1_220' title='bbox 1544 1772 1850 1843; x_wconf 88' lang='lat' dir='ltr'><strong>scriptionis</strong></span> <span class='ocrx_word' id='word_1_221' title='bbox 1902 1780 2004 1823; x_wconf 63' lang='lat' dir='ltr'><strong>tua:</strong></span> 
     </span>
    </p>
   </div>
   <div class='ocr_carea' id='block_1_34' title="bbox 2134 1772 3678 1858">
    <p class='ocr_par' dir='ltr' id='par_1_34' title="bbox 2134 1772 3678 1858">
     <span class='ocr_line' id='line_1_34' title="bbox 2134 1772 3678 1858; baseline -0.006 -9"><span class='ocrx_word' id='word_1_222' title='bbox 2134 1772 2274 1850; x_wconf 84' lang='lat' dir='ltr'><strong>)atur</strong></span> <span class='ocrx_word' id='word_1_223' title='bbox 2291 1794 2508 1849; x_wconf 88' lang='lat' dir='ltr'><strong>culmini</strong></span> <span class='ocrx_word' id='word_1_224' title='bbox 2537 1802 2716 1846; x_wconf 89' lang='lat' dir='ltr'><strong>vestro</strong></span> <span class='ocrx_word' id='word_1_225' title='bbox 2745 1806 2840 1858; x_wconf 88' lang='lat' dir='ltr'><strong>per</strong></span> <span class='ocrx_word' id='word_1_226' title='bbox 2876 1788 3261 1857; x_wconf 80' lang='lat' dir='ltr'><strong>supplicantem</strong></span> <span class='ocrx_word' id='word_1_227' title='bbox 3294 1786 3502 1855; x_wconf 86' lang='lat' dir='ltr'><strong>genius,</strong></span> <span class='ocrx_word' id='word_1_228' title='bbox 3553 1785 3678 1839; x_wconf 89' lang='lat' dir='ltr'><strong>dum</strong></span> 
     </span>
    </p>
   </div>
   <div class='ocr_carea' id='block_1_35' title="bbox 430 1862 2010 1949">
    <p class='ocr_par' dir='ltr' id='par_1_35' title="bbox 430 1862 2010 1949">
     <span class='ocr_line' id='line_1_35' title="bbox 430 1862 2010 1949; baseline -0.018 -9"><span class='ocrx_word' id='word_1_229' title='bbox 430 1883 758 1940; x_wconf 69' lang='lat' dir='ltr'><strong>aestimabam</strong></span> <span class='ocrx_word' id='word_1_230' title='bbox 793 1879 1013 1949; x_wconf 85' lang='lat' dir='ltr'><strong>pedibus</strong></span> <span class='ocrx_word' id='word_1_231' title='bbox 1039 1874 1275 1944; x_wconf 88' lang='lat' dir='ltr'><strong>potuisse</strong></span> <span class='ocrx_word' id='word_1_232' title='bbox 1305 1866 1569 1941; x_wconf 89' lang='lat' dir='ltr'><strong>superari,</strong></span> <span class='ocrx_word' id='word_1_233' title='bbox 1601 1880 1669 1920; x_wconf 92' lang='lat' dir='ltr'><strong>ne</strong></span> <span class='ocrx_word' id='word_1_234' title='bbox 1696 1862 1893 1917; x_wconf 88' lang='lat' dir='ltr'><strong>amanti</strong></span> <span class='ocrx_word' id='word_1_235' title='bbox 1914 1876 2010 1914; x_wconf 83' lang='lat' dir='ltr'><strong>ex-</strong></span> 
     </span>
    </p>
   </div>
   <div class='ocr_carea' id='block_1_36' title="bbox 430 1954 2007 2041">
    <p class='ocr_par' dir='ltr' id='par_1_36' title="bbox 430 1954 2007 2041">
     <span class='ocr_line' id='line_1_36' title="bbox 430 1954 2007 2041; baseline -0.014 -13"><span class='ocrx_word' id='word_1_236' title='bbox 430 1981 667 2041; x_wconf 85' lang='lat' dir='ltr'><strong>spectata</strong></span> <span class='ocrx_word' id='word_1_237' title='bbox 698 1971 836 2024; x_wconf 85' lang='lat' dir='ltr'><strong>bona</strong></span> <span class='ocrx_word' id='word_1_238' title='bbox 862 1966 953 2021; x_wconf 90' lang='lat' dir='ltr'><strong>tibi</strong></span> <span class='ocrx_word' id='word_1_239' title='bbox 976 1964 1205 2019; x_wconf 89' lang='lat' dir='ltr'><strong>fructum</strong></span> <span class='ocrx_word' id='word_1_240' title='bbox 1229 1958 1542 2031; x_wconf 67' lang='lat' dir='ltr'><strong>praeripiens</strong></span> <span class='ocrx_word' id='word_1_241' title='bbox 1564 1956 1698 2008; x_wconf 83' lang='lat' dir='ltr'><strong>alter</strong></span> <span class='ocrx_word' id='word_1_242' title='bbox 1719 1954 2007 2021; x_wconf 79' lang='lat' dir='ltr'><strong>ingereret.</strong></span> 
     </span>
    </p>
   </div>
   <div class='ocr_carea' id='block_1_37' title="bbox 433 2039 2011 2125">
    <p class='ocr_par' dir='ltr' id='par_1_37' title="bbox 433 2039 2011 2125">
     <span class='ocr_line' id='line_1_37' title="bbox 433 2039 2011 2125; baseline -0.015 -7"><span class='ocrx_word' id='word_1_243' title='bbox 433 2039 594 2125; x_wconf 84' lang='lat' dir='ltr'><strong>Ecce,</strong></span> <span class='ocrx_word' id='word_1_244' title='bbox 617 2062 689 2115; x_wconf 92' lang='lat' dir='ltr'><strong>mi</strong></span> <span class='ocrx_word' id='word_1_245' title='bbox 720 2058 958 2121; x_wconf 86' lang='lat' dir='ltr'><strong>domine,</strong></span> <span class='ocrx_word' id='word_1_246' title='bbox 985 2056 1243 2108; x_wconf 88' lang='lat' dir='ltr'><strong>honorem</strong></span> <span class='ocrx_word' id='word_1_247' title='bbox 1262 2048 1475 2105; x_wconf 88' lang='lat' dir='ltr'><strong>salutati</strong></span> <span class='ocrx_word' id='word_1_248' title='bbox 1494 2044 1785 2114; x_wconf 87' lang='lat' dir='ltr'><strong>accipiens,</strong></span> <span class='ocrx_word' id='word_1_249' title='bbox 1813 2039 2011 2109; x_wconf 85' lang='lat' dir='ltr'><strong>agnitis</strong></span> 
     </span>
    </p>
   </div>
   <div class='ocr_carea' id='block_1_38' title="bbox 435 2132 2009 2211">
    <p class='ocr_par' dir='ltr' id='par_1_38' title="bbox 435 2132 2009 2211">
     <span class='ocr_line' id='line_1_38' title="bbox 435 2132 2009 2211; baseline -0.014 -6"><span class='ocrx_word' id='word_1_250' title='bbox 435 2150 679 2204; x_wconf 90' lang='lat' dir='ltr'><strong>dolorum</strong></span> <span class='ocrx_word' id='word_1_251' title='bbox 721 2146 916 2211; x_wconf 88' lang='lat' dir='ltr'><strong>causis,</strong></span> <span class='ocrx_word' id='word_1_252' title='bbox 960 2142 1201 2199; x_wconf 87' lang='lat' dir='ltr'><strong>remedia</strong></span> <span class='ocrx_word' id='word_1_253' title='bbox 1246 2145 1538 2209; x_wconf 74' lang='lat' dir='ltr'><strong>praeparata</strong></span> <span class='ocrx_word' id='word_1_254' title='bbox 1586 2150 1693 2189; x_wconf 90' lang='lat' dir='ltr'><strong>non</strong></span> <span class='ocrx_word' id='word_1_255' title='bbox 1737 2132 2009 2211; x_wconf 83' lang='lat' dir='ltr'><strong>deneges:</strong></span> 
     </span>
    </p>
   </div>
   <div class='ocr_carea' id='block_1_39' title="bbox 341 2206 2015 2310">
    <p class='ocr_par' dir='ltr' id='par_1_39' title="bbox 341 2206 2015 2310">
     <span class='ocr_line' id='line_1_39' title="bbox 341 2206 2015 2310; baseline -0.011 -16"><span class='ocrx_word' id='word_1_256' title='bbox 341 2224 345 2227; x_wconf 36' lang='grc'><strong><em>⁷</em></strong></span> <span class='ocrx_word' id='word_1_257' title='bbox 438 2241 584 2310; x_wconf 85' lang='lat' dir='ltr'><strong>quia,</strong></span> <span class='ocrx_word' id='word_1_258' title='bbox 610 2246 863 2307; x_wconf 85' lang='lat' dir='ltr'><strong>quantum</strong></span> <span class='ocrx_word' id='word_1_259' title='bbox 898 2206 1191 2303; x_wconf 72' lang='lat' dir='ltr'><strong>praesumo,</strong></span> <span class='ocrx_word' id='word_1_260' title='bbox 1221 2206 1319 2285; x_wconf 79' lang='lat' dir='ltr'><strong>nec</strong></span> <span class='ocrx_word' id='word_1_261' title='bbox 1352 2229 1481 2283; x_wconf 88' lang='lat' dir='ltr'><strong>fides</strong></span> <span class='ocrx_word' id='word_1_262' title='bbox 1508 2225 1560 2280; x_wconf 92' lang='lat' dir='ltr'><strong>in</strong></span> <span class='ocrx_word' id='word_1_263' title='bbox 1590 2206 1886 2295; x_wconf 74' lang='lat' dir='ltr'><strong>diligentia,</strong></span> <span class='ocrx_word' id='word_1_264' title='bbox 1915 2237 2015 2276; x_wconf 75' lang='lat' dir='ltr'><strong>nec</strong></span> 
     </span>
    </p>
   </div>
   <div class='ocr_carea' id='block_1_40' title="bbox 438 2313 2013 2396">
    <p class='ocr_par' dir='ltr' id='par_1_40' title="bbox 438 2313 2013 2396">
     <span class='ocr_line' id='line_1_40' title="bbox 438 2313 2013 2396; baseline -0.011 -14"><span class='ocrx_word' id='word_1_265' title='bbox 438 2328 504 2383; x_wconf 90' lang='lat' dir='ltr'><strong>ad</strong></span> <span class='ocrx_word' id='word_1_266' title='bbox 537 2339 763 2396; x_wconf 84' lang='lat' dir='ltr'><strong>unguem</strong></span> <span class='ocrx_word' id='word_1_267' title='bbox 794 2323 987 2378; x_wconf 92' lang='lat' dir='ltr'><strong>ductus</strong></span> <span class='ocrx_word' id='word_1_268' title='bbox 1016 2336 1194 2375; x_wconf 89' lang='lat' dir='ltr'><strong>sermo</strong></span> <span class='ocrx_word' id='word_1_269' title='bbox 1222 2334 1318 2375; x_wconf 88' lang='lat' dir='ltr'><strong>vos</strong></span> <span class='ocrx_word' id='word_1_270' title='bbox 1348 2318 1547 2373; x_wconf 91' lang='lat' dir='ltr'><strong>deserit</strong></span> <span class='ocrx_word' id='word_1_271' title='bbox 1569 2317 1621 2369; x_wconf 90' lang='lat' dir='ltr'><strong>in</strong></span> <span class='ocrx_word' id='word_1_272' title='bbox 1650 2313 1879 2382; x_wconf 75' lang='lat' dir='ltr'><strong>loquela.</strong></span> <span class='ocrx_word' id='word_1_273' title='bbox 1900 2313 2013 2366; x_wconf 79' lang='lat' dir='ltr'><strong>Non</strong></span> 
     </span>
    </p>
   </div>
   <div class='ocr_carea' id='block_1_41' title="bbox 442 2404 2016 2478">
    <p class='ocr_par' dir='ltr' id='par_1_41' title="bbox 442 2404 2016 2478">
     <span class='ocr_line' id='line_1_41' title="bbox 442 2404 2016 2478; baseline -0.013 -3"><span class='ocrx_word' id='word_1_274' title='bbox 442 2427 728 2476; x_wconf 85' lang='lat' dir='ltr'><strong>contentus</strong></span> <span class='ocrx_word' id='word_1_275' title='bbox 757 2427 932 2469; x_wconf 91' lang='lat' dir='ltr'><strong>tamen</strong></span> <span class='ocrx_word' id='word_1_276' title='bbox 957 2427 1064 2467; x_wconf 93' lang='lat' dir='ltr'><strong>uno</strong></span> <span class='ocrx_word' id='word_1_277' title='bbox 1089 2411 1298 2466; x_wconf 90' lang='lat' dir='ltr'><strong>dicendi</strong></span> <span class='ocrx_word' id='word_1_278' title='bbox 1328 2422 1524 2478; x_wconf 85' lang='lat' dir='ltr'><strong>genere</strong></span> <span class='ocrx_word' id='word_1_279' title='bbox 1559 2404 1877 2473; x_wconf 87' lang='lat' dir='ltr'><strong>displicere,</strong></span> <span class='ocrx_word' id='word_1_280' title='bbox 1901 2416 2016 2455; x_wconf 91' lang='lat' dir='ltr'><strong>car-</strong></span> 
     </span>
    </p>
   </div>
   <div class='ocr_carea' id='block_1_42' title="bbox 440 2498 2018 2578">
    <p class='ocr_par' dir='ltr' id='par_1_42' title="bbox 440 2498 2018 2578">
     <span class='ocr_line' id='line_1_42' title="bbox 440 2498 2018 2578; baseline -0.011 -13"><span class='ocrx_word' id='word_1_281' title='bbox 440 2527 563 2565; x_wconf 90' lang='lat' dir='ltr'><strong>men</strong></span> <span class='ocrx_word' id='word_1_282' title='bbox 586 2508 754 2578; x_wconf 91' lang='lat' dir='ltr'><strong>adjeci</strong></span> <span class='ocrx_word' id='word_1_283' title='bbox 790 2523 803 2561; x_wconf 88' lang='lat'><strong>:</strong></span> <span class='ocrx_word' id='word_1_284' title='bbox 832 2514 886 2560; x_wconf 87' lang='lat' dir='ltr'><strong>ut</strong></span> <span class='ocrx_word' id='word_1_285' title='bbox 910 2514 1027 2575; x_wconf 90' lang='lat' dir='ltr'><strong>post</strong></span> <span class='ocrx_word' id='word_1_286' title='bbox 1057 2504 1241 2572; x_wconf 90' lang='lat' dir='ltr'><strong>epulas</strong></span> <span class='ocrx_word' id='word_1_287' title='bbox 1278 2500 1566 2557; x_wconf 83' lang='lat' dir='ltr'><strong>Antenorei</strong></span> <span class='ocrx_word' id='word_1_288' title='bbox 1604 2498 1823 2568; x_wconf 73' lang='lat' dir='ltr'><strong>gurgitis</strong></span> <span class='ocrx_word' id='word_1_289' title='bbox 1843 2537 1857 2560; x_wconf 91' lang='lat'><strong>,</strong></span> <span class='ocrx_word' id='word_1_290' title='bbox 1887 2508 2018 2564; x_wconf 87' lang='lat' dir='ltr'><strong>quas</strong></span> 
     </span>
    </p>
   </div>
   <div class='ocr_carea' id='block_1_43' title="bbox 447 2587 2021 2670">
    <p class='ocr_par' dir='ltr' id='par_1_43' title="bbox 447 2587 2021 2670">
     <span class='ocr_line' id='line_1_43' title="bbox 447 2587 2021 2670; baseline -0.011 -11"><span class='ocrx_word' id='word_1_291' title='bbox 447 2606 465 2637; x_wconf 76' lang='grc' dir='ltr'>ί</span> <span class='ocrx_word' id='word_1_292' title='bbox 500 2606 705 2659; x_wconf 87' lang='lat' dir='ltr'><strong>lavacra</strong></span> <span class='ocrx_word' id='word_1_293' title='bbox 740 2602 941 2670; x_wconf 83' lang='lat' dir='ltr'><strong>Aponi,</strong></span> <span class='ocrx_word' id='word_1_294' title='bbox 974 2608 1157 2654; x_wconf 90' lang='lat' dir='ltr'><strong>coacta</strong></span> <span class='ocrx_word' id='word_1_295' title='bbox 1198 2597 1252 2651; x_wconf 89' lang='lat' dir='ltr'><strong>in</strong></span> <span class='ocrx_word' id='word_1_296' title='bbox 1283 2606 1454 2649; x_wconf 90' lang='lat' dir='ltr'><strong>artum</strong></span> <span class='ocrx_word' id='word_1_297' title='bbox 1482 2592 1659 2647; x_wconf 90' lang='lat' dir='ltr'><strong>carnis</strong></span> <span class='ocrx_word' id='word_1_298' title='bbox 1687 2592 1833 2661; x_wconf 90' lang='lat' dir='ltr'><strong>lege,</strong></span> <span class='ocrx_word' id='word_1_299' title='bbox 1861 2587 2021 2643; x_wconf 87' lang='lat' dir='ltr'><strong>casti-</strong></span> 
     </span>
    </p>
   </div>
   <div class='ocr_carea' id='block_1_44' title="bbox 443 2678 2018 2765">
    <p class='ocr_par' dir='ltr' id='par_1_44' title="bbox 443 2678 2018 2765">
     <span class='ocr_line' id='line_1_44' title="bbox 443 2678 2018 2765; baseline -0.011 -16"><span class='ocrx_word' id='word_1_300' title='bbox 443 2704 601 2765; x_wconf 88' lang='lat' dir='ltr'><strong>gant,</strong></span> <span class='ocrx_word' id='word_1_301' title='bbox 634 2694 759 2746; x_wconf 91' lang='lat' dir='ltr'><strong>dum</strong></span> <span class='ocrx_word' id='word_1_302' title='bbox 801 2690 930 2745; x_wconf 88' lang='lat' dir='ltr'><strong>illttd</strong></span> <span class='ocrx_word' id='word_1_303' title='bbox 963 2687 1105 2759; x_wconf 90' lang='lat' dir='ltr'><strong>quod</strong></span> <span class='ocrx_word' id='word_1_304' title='bbox 1146 2701 1402 2757; x_wconf 88' lang='lat' dir='ltr'><strong>aquarum</strong></span> <span class='ocrx_word' id='word_1_305' title='bbox 1444 2683 1639 2738; x_wconf 84' lang='lat' dir='ltr'><strong>fetibus</strong></span> <span class='ocrx_word' id='word_1_306' title='bbox 1679 2678 2018 2745; x_wconf 89' lang='lat' dir='ltr'><strong>distenditur,</strong></span> 
     </span>
    </p>
   </div>
   <div class='ocr_carea' id='block_1_45' title="bbox 443 2769 2021 2852">
    <p class='ocr_par' dir='ltr' id='par_1_45' title="bbox 443 2769 2021 2852">
     <span class='ocr_line' id='line_1_45' title="bbox 443 2769 2021 2852; baseline -0.011 -12"><span class='ocrx_word' id='word_1_307' title='bbox 443 2798 578 2852; x_wconf 85' lang='lat' dir='ltr'><strong>aqua</strong></span> <span class='ocrx_word' id='word_1_308' title='bbox 610 2784 858 2846; x_wconf 89' lang='lat' dir='ltr'><strong>desecat;</strong></span> <span class='ocrx_word' id='word_1_309' title='bbox 893 2792 993 2847; x_wconf 83' lang='lat' dir='ltr'><strong>ego</strong></span> <span class='ocrx_word' id='word_1_310' title='bbox 1023 2791 1233 2847; x_wconf 87' lang='lat' dir='ltr'><strong>quoque</strong></span> <span class='ocrx_word' id='word_1_311' title='bbox 1265 2776 1355 2845; x_wconf 91' lang='lat' dir='ltr'><strong>qui</strong></span> <span class='ocrx_word' id='word_1_312' title='bbox 1386 2771 1655 2829; x_wconf 88' lang='lat' dir='ltr'><strong>Heliconis</strong></span> <span class='ocrx_word' id='word_1_313' title='bbox 1682 2769 1874 2824; x_wconf 86' lang='lat' dir='ltr'><strong>ﬂuenta</strong></span> <span class='ocrx_word' id='word_1_314' title='bbox 1916 2782 2021 2823; x_wconf 91' lang='lat' dir='ltr'><strong>non</strong></span> 
     </span>
    </p>
   </div>
   <div class='ocr_carea' id='block_1_46' title="bbox 447 2862 2022 2946">
    <p class='ocr_par' dir='ltr' id='par_1_46' title="bbox 447 2862 2022 2946">
     <span class='ocr_line' id='line_1_46' title="bbox 447 2862 2022 2946; baseline -0.012 -14"><span class='ocrx_word' id='word_1_315' title='bbox 447 2878 623 2946; x_wconf 86' lang='lat' dir='ltr'><strong>tetigi,</strong></span> <span class='ocrx_word' id='word_1_316' title='bbox 657 2882 811 2944; x_wconf 89' lang='lat' dir='ltr'><strong>poeta</strong></span> <span class='ocrx_word' id='word_1_317' title='bbox 862 2885 1033 2927; x_wconf 82' lang='lat' dir='ltr'><strong>novus</strong></span> <span class='ocrx_word' id='word_1_318' title='bbox 1075 2869 1393 2924; x_wconf 89' lang='lat' dir='ltr'><strong>admiscear.</strong></span> <span class='ocrx_word' id='word_1_319' title='bbox 1443 2866 1641 2934; x_wconf 85' lang='lat' dir='ltr'><strong>Accipe</strong></span> <span class='ocrx_word' id='word_1_320' title='bbox 1682 2879 1809 2933; x_wconf 86' lang='lat' dir='ltr'><strong>ergo</strong></span> <span class='ocrx_word' id='word_1_321' title='bbox 1857 2862 2022 2916; x_wconf 90' lang='lat' dir='ltr'><strong>risum</strong></span> 
     </span>
    </p>
   </div>
   <div class='ocr_carea' id='block_1_47' title="bbox 446 2956 2024 3039">
    <p class='ocr_par' dir='ltr' id='par_1_47' title="bbox 446 2956 2024 3039">
     <span class='ocr_line' id='line_1_47' title="bbox 446 2956 2024 3039; baseline -0.01 -14"><span class='ocrx_word' id='word_1_322' title='bbox 446 2983 652 3025; x_wconf 89' lang='lat' dir='ltr'><strong>motura</strong></span> <span class='ocrx_word' id='word_1_323' title='bbox 691 2976 968 3039; x_wconf 85' lang='lat' dir='ltr'><strong>poemata;</strong></span> <span class='ocrx_word' id='word_1_324' title='bbox 1021 2972 1078 3019; x_wconf 85' lang='lat' dir='ltr'><strong>et</strong></span> <span class='ocrx_word' id='word_1_325' title='bbox 1117 2966 1139 2995; x_wconf 81' lang='grc'>¹</span> <span class='ocrx_word' id='word_1_326' title='bbox 1188 2960 1536 3018; x_wconf 88' lang='lat' dir='ltr'><strong>Glovidenum</strong></span> <span class='ocrx_word' id='word_1_327' title='bbox 1569 2970 1713 3013; x_wconf 91' lang='lat' dir='ltr'><strong>tuum</strong></span> <span class='ocrx_word' id='word_1_328' title='bbox 1756 2968 1807 3012; x_wconf 92' lang='lat' dir='ltr'><strong>te</strong></span> <span class='ocrx_word' id='word_1_329' title='bbox 1850 2956 2024 3012; x_wconf 91' lang='lat' dir='ltr'><strong>solum</strong></span> 
     </span>
    </p>
   </div>
   <div class='ocr_carea' id='block_1_48' title="bbox 446 3046 2021 3131">
    <p class='ocr_par' dir='ltr' id='par_1_48' title="bbox 446 3046 2021 3131">
     <span class='ocr_line' id='line_1_48' title="bbox 446 3046 2021 3131; baseline -0.01 -17"><span class='ocrx_word' id='word_1_330' title='bbox 446 3059 730 3131; x_wconf 87' lang='lat' dir='ltr'><strong>agnovisse</strong></span> <span class='ocrx_word' id='word_1_331' title='bbox 757 3064 1073 3120; x_wconf 89' lang='lat' dir='ltr'><strong>contentus,</strong></span> <span class='ocrx_word' id='word_1_332' title='bbox 1103 3067 1132 3107; x_wconf 90' lang='lat' dir='ltr'><strong>a</strong></span> <span class='ocrx_word' id='word_1_333' title='bbox 1160 3049 1374 3121; x_wconf 90' lang='lat' dir='ltr'><strong>publico</strong></span> <span class='ocrx_word' id='word_1_334' title='bbox 1400 3050 1574 3118; x_wconf 90' lang='lat' dir='ltr'><strong>rigore</strong></span> <span class='ocrx_word' id='word_1_335' title='bbox 1602 3063 1687 3102; x_wconf 90' lang='lat' dir='ltr'><strong>me</strong></span> <span class='ocrx_word' id='word_1_336' title='bbox 1717 3046 1973 3101; x_wconf 86' lang='lat' dir='ltr'><strong>subtrahe</strong></span> <span class='ocrx_word' id='word_1_337' title='bbox 2007 3063 2021 3098; x_wconf 90' lang='lat'><strong>:</strong></span> 
     </span>
    </p>
   </div>
   <div class='ocr_carea' id='block_1_49' title="bbox 448 3142 1230 3223">
    <p class='ocr_par' dir='ltr' id='par_1_49' title="bbox 448 3142 1230 3223">
     <span class='ocr_line' id='line_1_49' title="bbox 448 3142 1230 3223; baseline -0.013 -17"><span class='ocrx_word' id='word_1_338' title='bbox 448 3151 565 3223; x_wconf 89' lang='lat' dir='ltr'><strong>quia</strong></span> <span class='ocrx_word' id='word_1_339' title='bbox 595 3152 640 3205; x_wconf 90' lang='lat' dir='ltr'><strong>si</strong></span> <span class='ocrx_word' id='word_1_340' title='bbox 671 3156 754 3205; x_wconf 91' lang='lat' dir='ltr'><strong>est</strong></span> <span class='ocrx_word' id='word_1_341' title='bbox 777 3147 917 3217; x_wconf 89' lang='lat' dir='ltr'><strong>quod</strong></span> <span class='ocrx_word' id='word_1_342' title='bbox 950 3144 1085 3199; x_wconf 90' lang='lat' dir='ltr'><strong>forte</strong></span> <span class='ocrx_word' id='word_1_343' title='bbox 1114 3142 1230 3213; x_wconf 89' lang='lat' dir='ltr'><strong>plac</strong></span> 
     </span>
    </p>
   </div>
   <div class='ocr_carea' id='block_1_50' title="bbox 450 3229 2029 3307">
    <p class='ocr_par' dir='ltr' id='par_1_50' title="bbox 450 3229 2029 3307">
     <span class='ocr_line' id='line_1_50' title="bbox 450 3229 2029 3307; baseline -0.011 -10"><span class='ocrx_word' id='word_1_344' title='bbox 450 3240 643 3298; x_wconf 73' lang='lat' dir='ltr'><strong>sufﬁcit</strong></span> <span class='ocrx_word' id='word_1_345' title='bbox 674 3257 687 3293; x_wconf 89' lang='lat'><strong>:</strong></span> <span class='ocrx_word' id='word_1_346' title='bbox 727 3238 773 3293; x_wconf 90' lang='lat' dir='ltr'><strong>si</strong></span> <span class='ocrx_word' id='word_1_347' title='bbox 812 3234 953 3307; x_wconf 92' lang='lat' dir='ltr'><strong>quod</strong></span> <span class='ocrx_word' id='word_1_348' title='bbox 990 3246 1172 3289; x_wconf 89' lang='lat' dir='ltr'><strong>morsu</strong></span> <span class='ocrx_word' id='word_1_349' title='bbox 1202 3231 1416 3301; x_wconf 88' lang='lat' dir='ltr'><strong>dignutn</strong></span> <span class='ocrx_word' id='word_1_350' title='bbox 1447 3229 1553 3293; x_wconf 90' lang='lat' dir='ltr'><strong>sit,</strong></span> <span class='ocrx_word' id='word_1_351' title='bbox 1591 3235 1855 3284; x_wconf 88' lang='lat' dir='ltr'><strong>secretum</strong></span> <span class='ocrx_word' id='word_1_352' title='bbox 1902 3232 2029 3294; x_wconf 90' lang='lat' dir='ltr'><strong>puto</strong></span> 
     </span>
    </p>
   </div>
   <div class='ocr_carea' id='block_1_51' title="bbox 452 3316 2031 3399">
    <p class='ocr_par' dir='ltr' id='par_1_51' title="bbox 452 3316 2031 3399">
     <span class='ocr_line' id='line_1_51' title="bbox 452 3316 2031 3399; baseline -0.01 -14"><span class='ocrx_word' id='word_1_353' title='bbox 452 3330 589 3399; x_wconf 89' lang='lat' dir='ltr'><strong>quod</strong></span> <span class='ocrx_word' id='word_1_354' title='bbox 617 3329 683 3384; x_wconf 89' lang='lat' dir='ltr'><strong>de</strong></span> <span class='ocrx_word' id='word_1_355' title='bbox 705 3327 861 3383; x_wconf 91' lang='lat' dir='ltr'><strong>amici</strong></span> <span class='ocrx_word' id='word_1_356' title='bbox 886 3323 1056 3395; x_wconf 90' lang='lat' dir='ltr'><strong>culpis</strong></span> <span class='ocrx_word' id='word_1_357' title='bbox 1082 3319 1384 3391; x_wconf 88' lang='lat' dir='ltr'><strong>agnoveris.</strong></span> <span class='ocrx_word' id='word_1_358' title='bbox 1417 3317 1577 3373; x_wconf 88' lang='lat' dir='ltr'><strong>Dabis</strong></span> <span class='ocrx_word' id='word_1_359' title='bbox 1608 3317 1769 3373; x_wconf 87' lang='lat' dir='ltr'><strong>etiam</strong></span> <span class='ocrx_word' id='word_1_360' title='bbox 1794 3316 2031 3382; x_wconf 89' lang='lat' dir='ltr'><strong>veniam,</strong></span> 
     </span>
    </p>
   </div>
   <div class='ocr_carea' id='block_1_52' title="bbox 453 3406 2030 3492">
    <p class='ocr_par' dir='ltr' id='par_1_52' title="bbox 453 3406 2030 3492">
     <span class='ocr_line' id='line_1_52' title="bbox 453 3406 2030 3492; baseline -0.011 -16"><span class='ocrx_word' id='word_1_361' title='bbox 453 3422 571 3492; x_wconf 88' lang='lat' dir='ltr'><strong>quia</strong></span> <span class='ocrx_word' id='word_1_362' title='bbox 589 3420 865 3474; x_wconf 90' lang='lat' dir='ltr'><strong>oculorum</strong></span> <span class='ocrx_word' id='word_1_363' title='bbox 883 3427 1099 3485; x_wconf 84' lang='lat' dir='ltr'><strong>pressus</strong></span> <span class='ocrx_word' id='word_1_364' title='bbox 1115 3425 1311 3482; x_wconf 87' lang='lat' dir='ltr'><strong>angore</strong></span> <span class='ocrx_word' id='word_1_365' title='bbox 1335 3416 1575 3479; x_wconf 88' lang='lat' dir='ltr'><strong>poemata</strong></span> <span class='ocrx_word' id='word_1_366' title='bbox 1600 3407 1825 3461; x_wconf 86' lang='lat' dir='ltr'><strong>fortasse</strong></span> <span class='ocrx_word' id='word_1_367' title='bbox 1842 3406 2030 3461; x_wconf 86' lang='lat' dir='ltr'><strong>clauda</strong></span> 
     </span>
    </p>
   </div>
   <div class='ocr_carea' id='block_1_53' title="bbox 456 3496 2032 3578">
    <p class='ocr_par' dir='ltr' id='par_1_53' title="bbox 456 3496 2032 3578">
     <span class='ocr_line' id='line_1_53' title="bbox 456 3496 2032 3578; baseline -0.011 -11"><span class='ocrx_word' id='word_1_368' title='bbox 456 3510 747 3578; x_wconf 89' lang='lat' dir='ltr'><strong>composui.</strong></span> <span class='ocrx_word' id='word_1_369' title='bbox 780 3507 894 3561; x_wconf 86' lang='lat' dir='ltr'><strong>Non</strong></span> <span class='ocrx_word' id='word_1_370' title='bbox 924 3504 1064 3559; x_wconf 85' lang='lat' dir='ltr'><strong>enim</strong></span> <span class='ocrx_word' id='word_1_371' title='bbox 1100 3507 1325 3571; x_wconf 89' lang='lat' dir='ltr'><strong>possunt</strong></span> <span class='ocrx_word' id='word_1_372' title='bbox 1357 3513 1475 3555; x_wconf 85' lang='lat' dir='ltr'><strong>esse</strong></span> <span class='ocrx_word' id='word_1_373' title='bbox 1511 3512 1762 3553; x_wconf 90' lang='lat' dir='ltr'><strong>versuum</strong></span> <span class='ocrx_word' id='word_1_374' title='bbox 1807 3496 2032 3551; x_wconf 81' lang='lat' dir='ltr'><strong>solidata</strong></span> 
     </span>
    </p>
   </div>
   <div class='ocr_carea' id='block_1_54' title="bbox 457 3591 2033 3668">
    <p class='ocr_par' dir='ltr' id='par_1_54' title="bbox 457 3591 2033 3668">
     <span class='ocr_line' id='line_1_54' title="bbox 457 3591 2033 3668; baseline -0.009 -13"><span class='ocrx_word' id='word_1_375' title='bbox 457 3601 707 3668; x_wconf 69' lang='lat' dir='ltr'><strong>vestigia,</strong></span> <span class='ocrx_word' id='word_1_376' title='bbox 741 3596 956 3653; x_wconf 90' lang='lat' dir='ltr'><strong>luminis</strong></span> <span class='ocrx_word' id='word_1_377' title='bbox 981 3592 1160 3650; x_wconf 86' lang='lat' dir='ltr'><strong>officio</strong></span> <span class='ocrx_word' id='word_1_378' title='bbox 1208 3591 1483 3648; x_wconf 87' lang='lat' dir='ltr'><strong>destituta.</strong></span> <span class='ocrx_word' id='word_1_379' title='bbox 1524 3592 1666 3661; x_wconf 85' lang='lat' dir='ltr'><strong>Lege</strong></span> <span class='ocrx_word' id='word_1_380' title='bbox 1704 3604 1831 3661; x_wconf 86' lang='lat' dir='ltr'><strong>ergo</strong></span> <span class='ocrx_word' id='word_1_381' title='bbox 1868 3602 2033 3655; x_wconf 89' lang='lat' dir='ltr'><strong>aquas</strong></span> 
     </span>
    </p>
   </div>
   <div class='ocr_carea' id='block_1_55' title="bbox 459 3688 1088 3761">
    <p class='ocr_par' dir='ltr' id='par_1_55' title="bbox 459 3688 1088 3761">
     <span class='ocr_line' id='line_1_55' title="bbox 459 3688 1088 3761; baseline -0.014 -12"><span class='ocrx_word' id='word_1_382' title='bbox 459 3692 681 3758; x_wconf 83' lang='lat' dir='ltr'><strong>calidas,</strong></span> <span class='ocrx_word' id='word_1_383' title='bbox 710 3705 841 3761; x_wconf 89' lang='lat' dir='ltr'><strong>quas</strong></span> <span class='ocrx_word' id='word_1_384' title='bbox 870 3688 1088 3743; x_wconf 87' lang='lat' dir='ltr'><strong>invises.</strong></span> 
     </span>
    </p>
   </div>
   <div class='ocr_carea' id='block_1_56' title="bbox 1137 3769 1357 3810">
    <p class='ocr_par' dir='ltr' id='par_1_56' title="bbox 1137 3769 1357 3810">
     <span class='ocr_line' id='line_1_56' title="bbox 1137 3769 1357 3810; baseline -0.005 -1"><span class='ocrx_word' id='word_1_385' title='bbox 1137 3769 1357 3810; x_wconf 64' lang='grc' dir='ltr'><strong>νεηευε.</strong></span> 
     </span>
    </p>
   </div>
   <div class='ocr_carea' id='block_1_57' title="bbox 584 3825 1660 3887">
    <p class='ocr_par' dir='ltr' id='par_1_57' title="bbox 584 3825 1660 3887">
     <span class='ocr_line' id='line_1_57' title="bbox 584 3825 1660 3887; baseline -0.008 -6"><span class='ocrx_word' id='word_1_386' title='bbox 584 3832 606 3863; x_wconf 86' lang='grc'>³</span> <span class='ocrx_word' id='word_1_387' title='bbox 629 3830 833 3881; x_wconf 89' lang='lat' dir='ltr'><strong>Tollitur</strong></span> <span class='ocrx_word' id='word_1_388' title='bbox 854 3828 1024 3878; x_wconf 83' lang='lat' dir='ltr'><strong>adclivi</strong></span> <span class='ocrx_word' id='word_1_389' title='bbox 1046 3825 1194 3877; x_wconf 89' lang='lat' dir='ltr'><strong>tellus</strong></span> <span class='ocrx_word' id='word_1_390' title='bbox 1217 3826 1423 3875; x_wconf 79' lang='lat' dir='ltr'><strong>subnixa</strong></span> <span class='ocrx_word' id='word_1_391' title='bbox 1448 3830 1660 3887; x_wconf 87' lang='lat' dir='ltr'><strong>tumore,</strong></span> 
     </span>
    </p>
   </div>
   <div class='ocr_carea' id='block_1_58' title="bbox 643 3887 1436 3949">
    <p class='ocr_par' dir='ltr' id='par_1_58' title="bbox 643 3887 1436 3949">
     <span class='ocr_line' id='line_1_58' title="bbox 643 3887 1436 3949; baseline -0.008 -9"><span class='ocrx_word' id='word_1_392' title='bbox 643 3892 843 3941; x_wconf 89' lang='lat' dir='ltr'><strong>Leniter</strong></span> <span class='ocrx_word' id='word_1_393' title='bbox 864 3891 993 3939; x_wconf 90' lang='lat' dir='ltr'><strong>elato</strong></span> <span class='ocrx_word' id='word_1_394' title='bbox 1015 3887 1132 3937; x_wconf 86' lang='lat' dir='ltr'><strong>fulta</strong></span> <span class='ocrx_word' id='word_1_395' title='bbox 1156 3887 1436 3949; x_wconf 88' lang='lat' dir='ltr'><strong>supercilio.</strong></span> 
     </span>
    </p>
   </div>
   <div class='ocr_carea' id='block_1_59' title="bbox 582 3945 1847 4009">
    <p class='ocr_par' dir='ltr' id='par_1_59' title="bbox 582 3945 1847 4009">
     <span class='ocr_line' id='line_1_59' title="bbox 582 3945 1847 4009; baseline -0.008 -7"><span class='ocrx_word' id='word_1_396' title='bbox 582 3953 861 4002; x_wconf 81' lang='lat' dir='ltr'><strong>Verticibns</strong></span> <span class='ocrx_word' id='word_1_397' title='bbox 883 3950 1031 3999; x_wconf 86' lang='lat' dir='ltr'><strong>nullis</strong></span> <span class='ocrx_word' id='word_1_398' title='bbox 1054 3960 1197 4009; x_wconf 87' lang='lat' dir='ltr'><strong>caput</strong></span> <span class='ocrx_word' id='word_1_399' title='bbox 1213 3945 1437 3996; x_wconf 76' lang='lat' dir='ltr'><strong>admovet</strong></span> <span class='ocrx_word' id='word_1_400' title='bbox 1459 3947 1540 3994; x_wconf 79' lang='lat' dir='ltr'><strong>illa</strong></span> <span class='ocrx_word' id='word_1_401' title='bbox 1562 3945 1847 4009; x_wconf 85' lang='lat' dir='ltr'><strong>superbum,</strong></span> 
     </span>
    </p>
   </div>
   <div class='ocr_carea' id='block_1_60' title="bbox 643 4010 1637 4072">
    <p class='ocr_par' dir='ltr' id='par_1_60' title="bbox 643 4010 1637 4072">
     <span class='ocr_line' id='line_1_60' title="bbox 643 4010 1637 4072; baseline -0.005 -10"><span class='ocrx_word' id='word_1_402' title='bbox 643 4014 746 4062; x_wconf 88' lang='lat' dir='ltr'><strong>Nec</strong></span> <span class='ocrx_word' id='word_1_403' title='bbox 768 4011 937 4063; x_wconf 87' lang='lat' dir='ltr'><strong>similis</strong></span> <span class='ocrx_word' id='word_1_404' title='bbox 960 4015 1139 4072; x_wconf 60' lang='lat' dir='ltr'><strong>pressis</strong></span> <span class='ocrx_word' id='word_1_405' title='bbox 1160 4010 1360 4072; x_wconf 87' lang='lat' dir='ltr'><strong>vallibus</strong></span> <span class='ocrx_word' id='word_1_406' title='bbox 1378 4012 1468 4055; x_wconf 84' lang='lat' dir='ltr'><strong>ima</strong></span> <span class='ocrx_word' id='word_1_407' title='bbox 1494 4010 1637 4069; x_wconf 88' lang='lat' dir='ltr'><strong>petit.</strong></span> 
     </span>
    </p>
   </div>
   <div class='ocr_carea' id='block_1_61' title="bbox 583 4067 1908 4134">
    <p class='ocr_par' dir='ltr' id='par_1_61' title="bbox 583 4067 1908 4134">
     <span class='ocr_line' id='line_1_61' title="bbox 583 4067 1908 4134; baseline -0.005 -11"><span class='ocrx_word' id='word_1_408' title='bbox 583 4074 818 4134; x_wconf 87' lang='lat' dir='ltr'><strong>Fumiger</strong></span> <span class='ocrx_word' id='word_1_409' title='bbox 848 4074 923 4121; x_wconf 90' lang='lat' dir='ltr'><strong>hic</strong></span> <span class='ocrx_word' id='word_1_410' title='bbox 961 4067 1138 4130; x_wconf 76' lang='lat' dir='ltr'><strong>patulis</strong></span> <span class='ocrx_word' id='word_1_411' title='bbox 1162 4070 1364 4134; x_wconf 73' lang='lat' dir='ltr'><strong>Aponus</strong></span> <span class='ocrx_word' id='word_1_412' title='bbox 1384 4067 1722 4131; x_wconf 33' lang='lat' dir='ltr'><strong>uult—undique</strong></span> <span class='ocrx_word' id='word_1_413' title='bbox 1748 4067 1908 4127; x_wconf 83' lang='lat' dir='ltr'><strong>venis,</strong></span> 
     </span>
    </p>
   </div>
   <div class='ocr_carea' id='block_1_62' title="bbox 654 4131 1577 4193">
    <p class='ocr_par' dir='ltr' id='par_1_62' title="bbox 654 4131 1577 4193">
     <span class='ocr_line' id='line_1_62' title="bbox 654 4131 1577 4193; baseline -0.005 -10"><span class='ocrx_word' id='word_1_414' title='bbox 654 4131 885 4183; x_wconf 66' lang='lat' dir='ltr'><strong>Pacilicus</strong></span> <span class='ocrx_word' id='word_1_415' title='bbox 897 4134 1062 4181; x_wconf 79' lang='lat' dir='ltr'><strong>mixtis</strong></span> <span class='ocrx_word' id='word_1_416' title='bbox 1077 4132 1204 4193; x_wconf 82' lang='lat' dir='ltr'><strong>ignis</strong></span> <span class='ocrx_word' id='word_1_417' title='bbox 1224 4131 1417 4179; x_wconf 81' lang='lat' dir='ltr'><strong>anhelat</strong></span> <span class='ocrx_word' id='word_1_418' title='bbox 1428 4136 1577 4193; x_wconf 73' lang='lat' dir='ltr'><strong>aquis</strong></span> 
     </span>
    </p>
   </div>
   <div class='ocr_carea' id='block_1_63' title="bbox 592 4191 1915 4255">
    <p class='ocr_par' dir='ltr' id='par_1_63' title="bbox 592 4191 1915 4255">
     <span class='ocr_line' id='line_1_63' title="bbox 592 4191 1915 4255; baseline -0.001 -10"><span class='ocrx_word' id='word_1_419' title='bbox 592 4195 727 4245; x_wconf 85' lang='lat' dir='ltr'><strong>Unda</strong></span> <span class='ocrx_word' id='word_1_420' title='bbox 753 4195 884 4245; x_wconf 84' lang='lat' dir='ltr'><strong>focos</strong></span> <span class='ocrx_word' id='word_1_421' title='bbox 903 4204 1086 4248; x_wconf 71' lang='lat' dir='ltr'><strong>servat,</strong></span> <span class='ocrx_word' id='word_1_422' title='bbox 1107 4191 1207 4240; x_wconf 83' lang='lat' dir='ltr'><strong>non</strong></span> <span class='ocrx_word' id='word_1_423' title='bbox 1232 4194 1401 4241; x_wconf 88' lang='lat' dir='ltr'><strong>sorbet</strong></span> <span class='ocrx_word' id='word_1_424' title='bbox 1420 4191 1607 4255; x_wconf 76' lang='lat' dir='ltr'><strong>flamma</strong></span> <span class='ocrx_word' id='word_1_425' title='bbox 1641 4191 1878 4255; x_wconf 81' lang='lat' dir='ltr'><strong>liquorem</strong></span> <span class='ocrx_word' id='word_1_426' title='bbox 1902 4207 1915 4255; x_wconf 86' lang='lat'><strong>;</strong></span> 
     </span>
    </p>
   </div>
   <div class='ocr_carea' id='block_1_64' title="bbox 651 4253 1643 4315">
    <p class='ocr_par' dir='ltr' id='par_1_64' title="bbox 651 4253 1643 4315">
     <span class='ocr_line' id='line_1_64' title="bbox 651 4253 1643 4315; baseline -0.004 -10"><span class='ocrx_word' id='word_1_427' title='bbox 651 4256 813 4306; x_wconf 86' lang='lat' dir='ltr'><strong>infuso</strong></span> <span class='ocrx_word' id='word_1_428' title='bbox 836 4258 1044 4314; x_wconf 79' lang='lat' dir='ltr'><strong>crepitat</strong></span> <span class='ocrx_word' id='word_1_429' title='bbox 1061 4255 1167 4303; x_wconf 86' lang='lat' dir='ltr'><strong>fons</strong></span> <span class='ocrx_word' id='word_1_430' title='bbox 1187 4266 1326 4301; x_wconf 87' lang='lat' dir='ltr'><strong>sacer</strong></span> <span class='ocrx_word' id='word_1_431' title='bbox 1353 4253 1472 4301; x_wconf 86' lang='lat' dir='ltr'><strong>inde</strong></span> <span class='ocrx_word' id='word_1_432' title='bbox 1504 4266 1643 4315; x_wconf 82' lang='lat' dir='ltr'><strong>rogo.</strong></span> 
     </span>
    </p>
   </div>
   <div class='ocr_carea' id='block_1_65' title="bbox 587 4316 1803 4377">
    <p class='ocr_par' dir='ltr' id='par_1_65' title="bbox 587 4316 1803 4377">
     <span class='ocr_line' id='line_1_65' title="bbox 587 4316 1803 4377; baseline 0 -9"><span class='ocrx_word' id='word_1_433' title='bbox 587 4317 761 4368; x_wconf 88' lang='lat' dir='ltr'><strong>Ebrius</strong></span> <span class='ocrx_word' id='word_1_434' title='bbox 782 4320 856 4366; x_wconf 84' lang='lat' dir='ltr'><strong>liic</strong></span> <span class='ocrx_word' id='word_1_435' title='bbox 882 4320 1071 4365; x_wconf 83' lang='lat' dir='ltr'><strong>cunctis</strong></span> <span class='ocrx_word' id='word_1_436' title='bbox 1091 4316 1375 4364; x_wconf 83' lang='lat' dir='ltr'><strong>medicinam</strong></span> <span class='ocrx_word' id='word_1_437' title='bbox 1398 4318 1625 4377; x_wconf 76' lang='lat' dir='ltr'><strong>suggerit</strong></span> <span class='ocrx_word' id='word_1_438' title='bbox 1645 4318 1803 4369; x_wconf 87' lang='lat' dir='ltr'><strong>ardor.</strong></span> 
     </span>
    </p>
   </div>
   <div class='ocr_carea' id='block_1_66' title="bbox 648 4374 1575 4442">
    <p class='ocr_par' dir='ltr' id='par_1_66' title="bbox 648 4374 1575 4442">
     <span class='ocr_line' id='line_1_66' title="bbox 648 4374 1575 4442; baseline -0.002 -14"><span class='ocrx_word' id='word_1_439' title='bbox 648 4380 861 4442; x_wconf 83' lang='lat' dir='ltr'><strong>Corpora</strong></span> <span class='ocrx_word' id='word_1_440' title='bbox 882 4380 1131 4428; x_wconf 81' lang='lat' dir='ltr'><strong>desiccaus</strong></span> <span class='ocrx_word' id='word_1_441' title='bbox 1150 4388 1261 4426; x_wconf 91' lang='lat' dir='ltr'><strong>rore</strong></span> <span class='ocrx_word' id='word_1_442' title='bbox 1288 4374 1575 4440; x_wconf 69' lang='lat' dir='ltr'><strong>vaporit‘cro.</strong></span> 
     </span>
    </p>
   </div>
   <div class='ocr_carea' id='block_1_67' title="bbox 2111 1876 3683 1958">
    <p class='ocr_par' dir='ltr' id='par_1_67' title="bbox 2111 1876 3683 1958">
     <span class='ocr_line' id='line_1_67' title="bbox 2111 1876 3683 1958; baseline -0.006 -17"><span class='ocrx_word' id='word_1_443' title='bbox 2111 1886 2251 1958; x_wconf 92' lang='lat' dir='ltr'><strong>quod</strong></span> <span class='ocrx_word' id='word_1_444' title='bbox 2280 1901 2404 1939; x_wconf 87' lang='lat' dir='ltr'><strong>usus</strong></span> <span class='ocrx_word' id='word_1_445' title='bbox 2427 1884 2614 1952; x_wconf 81' lang='lat' dir='ltr'><strong>exigit,</strong></span> <span class='ocrx_word' id='word_1_446' title='bbox 2655 1882 2902 1950; x_wconf 87' lang='lat' dir='ltr'><strong>precibus</strong></span> <span class='ocrx_word' id='word_1_447' title='bbox 2945 1879 3294 1945; x_wconf 87' lang='lat' dir='ltr'><strong>imploratnus</strong></span> <span class='ocrx_word' id='word_1_448' title='bbox 3320 1893 3331 1927; x_wconf 89' lang='lat'><strong>:</strong></span> <span class='ocrx_word' id='word_1_449' title='bbox 3355 1890 3451 1933; x_wconf 86' lang='lat' dir='ltr'><strong>ceu</strong></span> <span class='ocrx_word' id='word_1_450' title='bbox 3490 1876 3533 1928; x_wconf 87' lang='lat' dir='ltr'><strong>si</strong></span> <span class='ocrx_word' id='word_1_451' title='bbox 3564 1876 3683 1943; x_wconf 82' lang='lat' dir='ltr'><strong>quis</strong></span> 
     </span>
    </p>
   </div>
   <div class='ocr_carea' id='block_1_68' title="bbox 2113 1969 3687 2035">
    <p class='ocr_par' dir='ltr' id='par_1_68' title="bbox 2113 1969 3687 2035">
     <span class='ocr_line' id='line_1_68' title="bbox 2113 1969 3687 2035; baseline -0.008 -2"><span class='ocrx_word' id='word_1_452' title='bbox 2113 1977 2294 2035; x_wconf 86' lang='lat' dir='ltr'><strong>credat</strong></span> <span class='ocrx_word' id='word_1_453' title='bbox 2320 1991 2378 2030; x_wconf 91' lang='lat' dir='ltr'><strong>se</strong></span> <span class='ocrx_word' id='word_1_454' title='bbox 2405 1985 2580 2029; x_wconf 92' lang='lat' dir='ltr'><strong>ortum</strong></span> <span class='ocrx_word' id='word_1_455' title='bbox 2612 1974 2763 2034; x_wconf 85' lang='lat' dir='ltr'><strong>solis,</strong></span> <span class='ocrx_word' id='word_1_456' title='bbox 2792 1984 3004 2025; x_wconf 89' lang='lat' dir='ltr'><strong>cursum</strong></span> <span class='ocrx_word' id='word_1_457' title='bbox 3036 1970 3268 2023; x_wconf 85' lang='lat' dir='ltr'><strong>fluminis</strong></span> <span class='ocrx_word' id='word_1_458' title='bbox 3294 1969 3534 2021; x_wconf 90' lang='lat' dir='ltr'><strong>oratione</strong></span> <span class='ocrx_word' id='word_1_459' title='bbox 3560 1981 3687 2035; x_wconf 87' lang='lat' dir='ltr'><strong>pro-</strong></span> 
     </span>
    </p>
   </div>
   <div class='ocr_carea' id='block_1_69' title="bbox 2112 2061 3682 2127">
    <p class='ocr_par' dir='ltr' id='par_1_69' title="bbox 2112 2061 3682 2127">
     <span class='ocr_line' id='line_1_69' title="bbox 2112 2061 3682 2127; baseline -0.007 -2"><span class='ocrx_word' id='word_1_460' title='bbox 2112 2070 2329 2125; x_wconf 82' lang='lat' dir='ltr'><strong>mereri.</strong></span> <span class='ocrx_word' id='word_1_461' title='bbox 2354 2068 2468 2122; x_wconf 82' lang='lat' dir='ltr'><strong>Non</strong></span> <span class='ocrx_word' id='word_1_462' title='bbox 2499 2076 2581 2120; x_wconf 89' lang='lat' dir='ltr'><strong>est</strong></span> <span class='ocrx_word' id='word_1_463' title='bbox 2605 2064 2940 2127; x_wconf 84' lang='lat' dir='ltr'><strong>beneficium,</strong></span> <span class='ocrx_word' id='word_1_464' title='bbox 2965 2062 3052 2116; x_wconf 90' lang='lat' dir='ltr'><strong>ubi</strong></span> <span class='ocrx_word' id='word_1_465' title='bbox 3075 2061 3209 2116; x_wconf 91' lang='lat' dir='ltr'><strong>ordo</strong></span> <span class='ocrx_word' id='word_1_466' title='bbox 3235 2070 3480 2115; x_wconf 89' lang='lat' dir='ltr'><strong>servatur</strong></span> <span class='ocrx_word' id='word_1_467' title='bbox 3506 2079 3516 2112; x_wconf 74' lang='grc' dir='ltr'>ε</span> <span class='ocrx_word' id='word_1_468' title='bbox 3545 2061 3682 2114; x_wconf 86' lang='lat' dir='ltr'><strong>mori</strong></span> 
     </span>
    </p>
   </div>
   <div class='ocr_carea' id='block_1_70' title="bbox 2115 2155 3687 2231">
    <p class='ocr_par' dir='ltr' id='par_1_70' title="bbox 2115 2155 3687 2231">
     <span class='ocr_line' id='line_1_70' title="bbox 2115 2155 3687 2231; baseline -0.007 -13"><span class='ocrx_word' id='word_1_469' title='bbox 2115 2163 2427 2231; x_wconf 88' lang='lat' dir='ltr'><strong>obsequitur</strong></span> <span class='ocrx_word' id='word_1_470' title='bbox 2456 2160 2597 2229; x_wconf 92' lang='lat' dir='ltr'><strong>quod</strong></span> <span class='ocrx_word' id='word_1_471' title='bbox 2627 2159 2826 2225; x_wconf 80' lang='lat' dir='ltr'><strong>obligat</strong></span> <span class='ocrx_word' id='word_1_472' title='bbox 2858 2156 3161 2211; x_wconf 86' lang='lat' dir='ltr'><strong>universos.</strong></span> <span class='ocrx_word' id='word_1_473' title='bbox 3191 2155 3301 2225; x_wconf 82' lang='lat' dir='ltr'><strong>Ego</strong></span> <span class='ocrx_word' id='word_1_474' title='bbox 3325 2166 3499 2208; x_wconf 90' lang='lat' dir='ltr'><strong>tamen</strong></span> <span class='ocrx_word' id='word_1_475' title='bbox 3524 2168 3687 2221; x_wconf 90' lang='lat' dir='ltr'><strong>supra</strong></span> 
     </span>
    </p>
   </div>
   <div class='ocr_carea' id='block_1_71' title="bbox 2116 2247 3692 2320">
    <p class='ocr_par' dir='ltr' id='par_1_71' title="bbox 2116 2247 3692 2320">
     <span class='ocr_line' id='line_1_71' title="bbox 2116 2247 3692 2320; baseline -0.007 -10"><span class='ocrx_word' id='word_1_476' title='bbox 2116 2268 2331 2310; x_wconf 92' lang='lat' dir='ltr'><strong>cursum</strong></span> <span class='ocrx_word' id='word_1_477' title='bbox 2361 2266 2391 2304; x_wconf 88' lang='lat' dir='ltr'><strong>a</strong></span> <span class='ocrx_word' id='word_1_478' title='bbox 2421 2267 2526 2320; x_wconf 89' lang='lat' dir='ltr'><strong>quo</strong></span> <span class='ocrx_word' id='word_1_479' title='bbox 2549 2262 2879 2319; x_wconf 85' lang='lat' dir='ltr'><strong>nequaquam</strong></span> <span class='ocrx_word' id='word_1_480' title='bbox 2904 2247 3197 2315; x_wconf 84' lang='lat' dir='ltr'><strong>disceditis,</strong></span> <span class='ocrx_word' id='word_1_481' title='bbox 3222 2247 3417 2310; x_wconf 86' lang='lat' dir='ltr'><strong>aliquid</strong></span> <span class='ocrx_word' id='word_1_482' title='bbox 3442 2254 3692 2312; x_wconf 83' lang='lat' dir='ltr'><strong>acceptu-</strong></span> 
     </span>
    </p>
   </div>
   <div class='ocr_carea' id='block_1_72' title="bbox 2117 2333 3695 2408">
    <p class='ocr_par' dir='ltr' id='par_1_72' title="bbox 2117 2333 3695 2408">
     <span class='ocr_line' id='line_1_72' title="bbox 2117 2333 3695 2408; baseline -0.004 -9"><span class='ocrx_word' id='word_1_483' title='bbox 2117 2359 2207 2399; x_wconf 91' lang='lat' dir='ltr'><strong>rus</strong></span> <span class='ocrx_word' id='word_1_484' title='bbox 2251 2357 2495 2397; x_wconf 92' lang='lat' dir='ltr'><strong>occurro.</strong></span> <span class='ocrx_word' id='word_1_485' title='bbox 2550 2340 2725 2394; x_wconf 78' lang='lat' dir='ltr'><strong>Direxi</strong></span> <span class='ocrx_word' id='word_1_486' title='bbox 2778 2352 3080 2408; x_wconf 78' lang='lat' dir='ltr'><strong>personam,</strong></span> <span class='ocrx_word' id='word_1_487' title='bbox 3126 2338 3181 2391; x_wconf 89' lang='lat' dir='ltr'><strong>in</strong></span> <span class='ocrx_word' id='word_1_488' title='bbox 3228 2352 3328 2406; x_wconf 89' lang='lat' dir='ltr'><strong>qua</strong></span> <span class='ocrx_word' id='word_1_489' title='bbox 3378 2333 3695 2392; x_wconf 72' lang='lat' dir='ltr'><strong>meritorum</strong></span> 
     </span>
    </p>
   </div>
   <div class='ocr_carea' id='block_1_73' title="bbox 2117 2428 3697 2491">
    <p class='ocr_par' dir='ltr' id='par_1_73' title="bbox 2117 2428 3697 2491">
     <span class='ocr_line' id='line_1_73' title="bbox 2117 2428 3697 2491; baseline -0.007 0"><span class='ocrx_word' id='word_1_490' title='bbox 2117 2449 2359 2491; x_wconf 88' lang='lat' dir='ltr'><strong>meorum</strong></span> <span class='ocrx_word' id='word_1_491' title='bbox 2386 2442 2552 2488; x_wconf 83' lang='lat' dir='ltr'><strong>status</strong></span> <span class='ocrx_word' id='word_1_492' title='bbox 2574 2434 2890 2486; x_wconf 85' lang='lat' dir='ltr'><strong>aestimetur.</strong></span> <span class='ocrx_word' id='word_1_493' title='bbox 2927 2429 3076 2482; x_wconf 87' lang='lat' dir='ltr'><strong>Alios</strong></span> <span class='ocrx_word' id='word_1_494' title='bbox 3109 2428 3324 2483; x_wconf 90' lang='lat' dir='ltr'><strong>forsitan</strong></span> <span class='ocrx_word' id='word_1_495' title='bbox 3351 2430 3697 2483; x_wconf 72' lang='lat' dir='ltr'><strong>commenda—</strong></span> 
     </span>
    </p>
   </div>
   <div class='ocr_carea' id='block_1_74' title="bbox 2121 2520 3699 2592">
    <p class='ocr_par' dir='ltr' id='par_1_74' title="bbox 2121 2520 3699 2592">
     <span class='ocr_line' id='line_1_74' title="bbox 2121 2520 3699 2592; baseline -0.004 -11"><span class='ocrx_word' id='word_1_496' title='bbox 2121 2524 2369 2592; x_wconf 87' lang='lat' dir='ltr'><strong>tiojuvet</strong></span> <span class='ocrx_word' id='word_1_497' title='bbox 2415 2522 2646 2578; x_wconf 87' lang='lat' dir='ltr'><strong>indebita</strong></span> <span class='ocrx_word' id='word_1_498' title='bbox 2689 2539 2701 2573; x_wconf 90' lang='lat'>:</span> <span class='ocrx_word' id='word_1_499' title='bbox 2741 2520 3049 2589; x_wconf 84' lang='lat' dir='ltr'><strong>parentibus</strong></span> <span class='ocrx_word' id='word_1_500' title='bbox 3094 2520 3267 2573; x_wconf 91' lang='lat' dir='ltr'><strong>minus</strong></span> <span class='ocrx_word' id='word_1_501' title='bbox 3313 2529 3393 2573; x_wconf 91' lang='lat' dir='ltr'><strong>est</strong></span> <span class='ocrx_word' id='word_1_502' title='bbox 3440 2520 3699 2588; x_wconf 87' lang='lat' dir='ltr'><strong>quidquid</strong></span> 
     </span>
    </p>
   </div>
   <div class='ocr_carea' id='block_1_75' title="bbox 2122 2613 3700 2687">
    <p class='ocr_par' dir='ltr' id='par_1_75' title="bbox 2122 2613 3700 2687">
     <span class='ocr_line' id='line_1_75' title="bbox 2122 2613 3700 2687; baseline -0.004 -14"><span class='ocrx_word' id='word_1_503' title='bbox 2122 2632 2380 2687; x_wconf 85' lang='lat' dir='ltr'><strong>superare</strong></span> <span class='ocrx_word' id='word_1_504' title='bbox 2410 2631 2516 2669; x_wconf 90' lang='lat' dir='ltr'><strong>non</strong></span> <span class='ocrx_word' id='word_1_505' title='bbox 2544 2628 2845 2685; x_wconf 89' lang='lat' dir='ltr'><strong>possumus.</strong></span> <span class='ocrx_word' id='word_1_506' title='bbox 2879 2613 3103 2667; x_wconf 88' lang='lat' dir='ltr'><strong>Domino</strong></span> <span class='ocrx_word' id='word_1_507' title='bbox 3133 2614 3225 2679; x_wconf 91' lang='lat' dir='ltr'><strong>mi,</strong></span> <span class='ocrx_word' id='word_1_508' title='bbox 3256 2613 3469 2668; x_wconf 86' lang='lat' dir='ltr'><strong>servitia</strong></span> <span class='ocrx_word' id='word_1_509' title='bbox 3498 2613 3700 2667; x_wconf 84' lang='lat' dir='ltr'><strong>saluta-</strong></span> 
     </span>
    </p>
   </div>
   <div class='ocr_carea' id='block_1_76' title="bbox 2126 2706 3701 2778">
    <p class='ocr_par' dir='ltr' id='par_1_76' title="bbox 2126 2706 3701 2778">
     <span class='ocr_line' id='line_1_76' title="bbox 2126 2706 3701 2778; baseline -0.003 -13"><span class='ocrx_word' id='word_1_510' title='bbox 2126 2708 2284 2765; x_wconf 89' lang='lat' dir='ltr'><strong>tionis</strong></span> <span class='ocrx_word' id='word_1_511' title='bbox 2312 2716 2723 2778; x_wconf 64' lang='lat' dir='ltr'><strong>reprzest&#39;ntans,</strong></span> <span class='ocrx_word' id='word_1_512' title='bbox 2759 2706 3066 2774; x_wconf 88' lang='lat' dir='ltr'><strong>portitorem</strong></span> <span class='ocrx_word' id='word_1_513' title='bbox 3115 2706 3297 2774; x_wconf 89' lang='lat' dir='ltr'><strong>paucis</strong></span> <span class='ocrx_word' id='word_1_514' title='bbox 3339 2706 3559 2774; x_wconf 79' lang='lat' dir='ltr'><strong>ejusque</strong></span> <span class='ocrx_word' id='word_1_515' title='bbox 3602 2721 3701 2761; x_wconf 87' lang='lat' dir='ltr'><strong>ne-</strong></span> 
     </span>
    </p>
   </div>
   <div class='ocr_carea' id='block_1_77' title="bbox 2124 2798 3702 2876">
    <p class='ocr_par' dir='ltr' id='par_1_77' title="bbox 2124 2798 3702 2876">
     <span class='ocr_line' id='line_1_77' title="bbox 2124 2798 3702 2876; baseline -0.003 -16"><span class='ocrx_word' id='word_1_516' title='bbox 2124 2806 2324 2876; x_wconf 85' lang='lat' dir='ltr'><strong>gotium</strong></span> <span class='ocrx_word' id='word_1_517' title='bbox 2350 2805 2612 2868; x_wconf 88' lang='lat' dir='ltr'><strong>elocutus,</strong></span> <span class='ocrx_word' id='word_1_518' title='bbox 2644 2808 2809 2854; x_wconf 90' lang='lat' dir='ltr'><strong>restat</strong></span> <span class='ocrx_word' id='word_1_519' title='bbox 2837 2807 2895 2853; x_wconf 93' lang='lat' dir='ltr'><strong>ut</strong></span> <span class='ocrx_word' id='word_1_520' title='bbox 2936 2813 3222 2869; x_wconf 86' lang='lat' dir='ltr'><strong>agnoscam</strong></span> <span class='ocrx_word' id='word_1_521' title='bbox 3249 2798 3374 2859; x_wconf 81' lang='lat' dir='ltr'><strong>quid</strong></span> <span class='ocrx_word' id='word_1_522' title='bbox 3425 2809 3702 2856; x_wconf 87' lang='lat' dir='ltr'><strong>mereatur</strong></span> 
     </span>
    </p>
   </div>
   <div class='ocr_carea' id='block_1_78' title="bbox 2128 2890 2945 2967">
    <p class='ocr_par' dir='ltr' id='par_1_78' title="bbox 2128 2890 2945 2967">
     <span class='ocr_line' id='line_1_78' title="bbox 2128 2890 2945 2967; baseline -0.007 -15"><span class='ocrx_word' id='word_1_523' title='bbox 2128 2910 2375 2967; x_wconf 88' lang='lat' dir='ltr'><strong>persona,</strong></span> <span class='ocrx_word' id='word_1_524' title='bbox 2403 2908 2584 2959; x_wconf 88' lang='lat' dir='ltr'><strong>causa,</strong></span> <span class='ocrx_word' id='word_1_525' title='bbox 2620 2890 2945 2962; x_wconf 75' lang='lat' dir='ltr'><strong>proximitas.</strong></span> 
     </span>
    </p>
   </div>
   <div class='ocr_carea' id='block_1_79' title="bbox 2695 3004 3134 3063">
    <p class='ocr_par' dir='ltr' id='par_1_79' title="bbox 2695 3004 3134 3063">
     <span class='ocr_line' id='line_1_79' title="bbox 2695 3004 3134 3063; baseline 0.002 -4"><span class='ocrx_word' id='word_1_526' title='bbox 2695 3005 3027 3063; x_wconf 82' lang='lat' dir='ltr'><strong>EPISTULA</strong></span> <span class='ocrx_word' id='word_1_527' title='bbox 3066 3004 3134 3061; x_wconf 77' lang='grc' dir='ltr'><strong>Χ.</strong></span> 
     </span>
    </p>
   </div>
   <div class='ocr_carea' id='block_1_80' title="bbox 2524 3098 3306 3143">
    <p class='ocr_par' dir='ltr' id='par_1_80' title="bbox 2524 3098 3306 3143">
     <span class='ocr_line' id='line_1_80' title="bbox 2524 3098 3306 3143; baseline 0.001 -4"><span class='ocrx_word' id='word_1_528' title='bbox 2524 3099 2804 3141; x_wconf 73' lang='lat' dir='ltr'><strong>SYMMACUO</strong></span> <span class='ocrx_word' id='word_1_529' title='bbox 2842 3103 2986 3143; x_wconf 70' lang='grc' dir='ltr'><strong>ΡΑΡᾹΞ</strong></span> <span class='ocrx_word' id='word_1_530' title='bbox 3026 3098 3306 3141; x_wconf 71' lang='lat' dir='ltr'><strong>ENNODIUS.</strong></span> 
     </span>
    </p>
   </div>
   <div class='ocr_carea' id='block_1_81' title="bbox 1233 3134 3708 3248">
    <p class='ocr_par' dir='ltr' id='par_1_81' title="bbox 1233 3134 3708 3248">
     <span class='ocr_line' id='line_1_81' title="bbox 1233 3134 3708 3248; baseline -0.004 -7"><span class='ocrx_word' id='word_1_531' title='bbox 1233 3134 2025 3248; x_wconf 36' lang='grc' dir='ltr'><strong>ῩξηῙ,ξθῗξθωῘΫ-Ἠξξνθξῗῗ</strong></span> <span class='ocrx_word' id='word_1_532' title='bbox 2049 3144 2097 3210; x_wconf 73' lang='lat' dir='ltr'><strong>G</strong></span> <span class='ocrx_word' id='word_1_533' title='bbox 2202 3178 2336 3234; x_wconf 89' lang='lat' dir='ltr'><strong>Dum</strong></span> <span class='ocrx_word' id='word_1_534' title='bbox 2367 3176 2547 3233; x_wconf 90' lang='lat' dir='ltr'><strong>sedem</strong></span> <span class='ocrx_word' id='word_1_535' title='bbox 2576 3179 2923 3248; x_wconf 88' lang='lat' dir='ltr'><strong>apostolicam</strong></span> <span class='ocrx_word' id='word_1_536' title='bbox 2951 3194 3166 3235; x_wconf 78' lang='lat' dir='ltr'><strong>corona:</strong></span> <span class='ocrx_word' id='word_1_537' title='bbox 3196 3186 3392 3233; x_wconf 65' lang='lat' dir='ltr'><strong>vestrm</strong></span> <span class='ocrx_word' id='word_1_538' title='bbox 3425 3190 3553 3231; x_wconf 89' lang='lat' dir='ltr'><strong>cura</strong></span> <span class='ocrx_word' id='word_1_539' title='bbox 3584 3190 3708 3231; x_wconf 86' lang='lat' dir='ltr'><strong>mo-</strong></span> 
     </span>
    </p>
   </div>
   <div class='ocr_carea' id='block_1_82' title="bbox 2130 3268 3712 3340">
    <p class='ocr_par' dir='ltr' id='par_1_82' title="bbox 2130 3268 3712 3340">
     <span class='ocr_line' id='line_1_82' title="bbox 2130 3268 3712 3340; baseline 0 -16"><span class='ocrx_word' id='word_1_540' title='bbox 2130 3268 2365 3334; x_wconf 90' lang='lat' dir='ltr'><strong>deratur,</strong></span> <span class='ocrx_word' id='word_1_541' title='bbox 2395 3276 2449 3324; x_wconf 87' lang='lat' dir='ltr'><strong>et</strong></span> <span class='ocrx_word' id='word_1_542' title='bbox 2477 3269 2711 3326; x_wconf 65' lang='lat' dir='ltr'><strong>caelestis</strong></span> <span class='ocrx_word' id='word_1_543' title='bbox 2740 3271 2947 3340; x_wconf 87' lang='lat' dir='ltr'><strong>imperii</strong></span> <span class='ocrx_word' id='word_1_544' title='bbox 2976 3272 3180 3339; x_wconf 89' lang='lat' dir='ltr'><strong>apicem</strong></span> <span class='ocrx_word' id='word_1_545' title='bbox 3205 3270 3408 3339; x_wconf 87' lang='lat' dir='ltr'><strong>regitis,</strong></span> <span class='ocrx_word' id='word_1_546' title='bbox 3432 3268 3712 3324; x_wconf 85' lang='lat' dir='ltr'><strong>blanditur</strong></span> 
     </span>
    </p>
   </div>
   <div class='ocr_carea' id='block_1_83' title="bbox 2130 3360 3712 3432">
    <p class='ocr_par' dir='ltr' id='par_1_83' title="bbox 2130 3360 3712 3432">
     <span class='ocr_line' id='line_1_83' title="bbox 2130 3360 3712 3432; baseline 0.001 -16"><span class='ocrx_word' id='word_1_547' title='bbox 2130 3360 2454 3431; x_wconf 77' lang='lat' dir='ltr'><strong>profectibus</strong></span> <span class='ocrx_word' id='word_1_548' title='bbox 2485 3370 2782 3431; x_wconf 89' lang='lat' dir='ltr'><strong>parentum,</strong></span> <span class='ocrx_word' id='word_1_549' title='bbox 2818 3364 2954 3432; x_wconf 82' lang='lat' dir='ltr'><strong>quod</strong></span> <span class='ocrx_word' id='word_1_550' title='bbox 2992 3362 3011 3394; x_wconf 83' lang='grc'>⁸</span> <span class='ocrx_word' id='word_1_551' title='bbox 3043 3362 3178 3418; x_wconf 88' lang='lat' dir='ltr'><strong>meis</strong></span> <span class='ocrx_word' id='word_1_552' title='bbox 3210 3362 3524 3429; x_wconf 84' lang='lat' dir='ltr'><strong>promissum</strong></span> <span class='ocrx_word' id='word_1_553' title='bbox 3558 3371 3712 3417; x_wconf 85' lang='lat' dir='ltr'><strong>tene-</strong></span> 
     </span>
    </p>
   </div>
   <div class='ocr_carea' id='block_1_84' title="bbox 2133 3454 3712 3522">
    <p class='ocr_par' dir='ltr' id='par_1_84' title="bbox 2133 3454 3712 3522">
     <span class='ocr_line' id='line_1_84' title="bbox 2133 3454 3712 3522; baseline 0.001 -16"><span class='ocrx_word' id='word_1_554' title='bbox 2133 3462 2218 3507; x_wconf 89' lang='lat' dir='ltr'><strong>tur</strong></span> <span class='ocrx_word' id='word_1_555' title='bbox 2244 3454 2454 3508; x_wconf 88' lang='lat' dir='ltr'><strong>olliciis.</strong></span> <span class='ocrx_word' id='word_1_556' title='bbox 2483 3454 2640 3522; x_wconf 86' lang='lat' dir='ltr'><strong>Spem</strong></span> <span class='ocrx_word' id='word_1_557' title='bbox 2672 3454 2787 3509; x_wconf 90' lang='lat' dir='ltr'><strong>sine</strong></span> <span class='ocrx_word' id='word_1_558' title='bbox 2818 3454 2995 3509; x_wconf 87' lang='lat' dir='ltr'><strong>labore</strong></span> <span class='ocrx_word' id='word_1_559' title='bbox 3024 3454 3229 3509; x_wconf 84' lang='lat' dir='ltr'><strong>obtinet</strong></span> <span class='ocrx_word' id='word_1_560' title='bbox 3269 3454 3407 3522; x_wconf 86' lang='lat' dir='ltr'><strong>apud</strong></span> <span class='ocrx_word' id='word_1_561' title='bbox 3454 3462 3712 3509; x_wconf 85' lang='lat' dir='ltr'><strong>constan-</strong></span> 
     </span>
    </p>
   </div>
   <div class='ocr_carea' id='block_1_85' title="bbox 2133 3542 3712 3613">
    <p class='ocr_par' dir='ltr' id='par_1_85' title="bbox 2133 3542 3712 3613">
     <span class='ocr_line' id='line_1_85' title="bbox 2133 3542 3712 3613; baseline 0.003 -18"><span class='ocrx_word' id='word_1_562' title='bbox 2133 3549 2239 3595; x_wconf 88' lang='lat' dir='ltr'><strong>tem</strong></span> <span class='ocrx_word' id='word_1_563' title='bbox 2283 3542 2453 3596; x_wconf 90' lang='lat' dir='ltr'><strong>virum</strong></span> <span class='ocrx_word' id='word_1_564' title='bbox 2503 3543 2726 3597; x_wconf 85' lang='lat' dir='ltr'><strong>fideliter</strong></span> <span class='ocrx_word' id='word_1_565' title='bbox 2771 3545 3078 3598; x_wconf 86' lang='lat' dir='ltr'><strong>obsecutus.</strong></span> <span class='ocrx_word' id='word_1_566' title='bbox 3131 3544 3361 3599; x_wconf 87' lang='lat' dir='ltr'><strong>Grandis</strong></span> <span class='ocrx_word' id='word_1_567' title='bbox 3396 3554 3475 3599; x_wconf 86' lang='lat' dir='ltr'><strong>est</strong></span> <span class='ocrx_word' id='word_1_568' title='bbox 3516 3559 3712 3613; x_wconf 84' lang='lat' dir='ltr'><strong>pompa</strong></span> 
     </span>
    </p>
   </div>
   <div class='ocr_carea' id='block_1_86' title="bbox 2137 3634 3715 3704">
    <p class='ocr_par' dir='ltr' id='par_1_86' title="bbox 2137 3634 3715 3704">
     <span class='ocr_line' id='line_1_86' title="bbox 2137 3634 3715 3704; baseline 0.001 -14"><span class='ocrx_word' id='word_1_569' title='bbox 2137 3634 2459 3704; x_wconf 84' lang='lat' dir='ltr'><strong>praestantis,</strong></span> <span class='ocrx_word' id='word_1_570' title='bbox 2482 3634 2727 3703; x_wconf 91' lang='lat' dir='ltr'><strong>quotiens</strong></span> <span class='ocrx_word' id='word_1_571' title='bbox 2758 3635 2896 3704; x_wconf 90' lang='lat' dir='ltr'><strong>quod</strong></span> <span class='ocrx_word' id='word_1_572' title='bbox 2930 3645 3067 3690; x_wconf 88' lang='lat' dir='ltr'><strong>unus</strong></span> <span class='ocrx_word' id='word_1_573' title='bbox 3113 3636 3305 3690; x_wconf 90' lang='lat' dir='ltr'><strong>meruit</strong></span> <span class='ocrx_word' id='word_1_574' title='bbox 3351 3636 3587 3703; x_wconf 90' lang='lat' dir='ltr'><strong>pluribus</strong></span> <span class='ocrx_word' id='word_1_575' title='bbox 3616 3652 3715 3691; x_wconf 91' lang='lat' dir='ltr'><strong>re-</strong></span> 
     </span>
    </p>
   </div>
   <div class='ocr_carea' id='block_1_87' title="bbox 2136 3726 3716 3797">
    <p class='ocr_par' dir='ltr' id='par_1_87' title="bbox 2136 3726 3716 3797">
     <span class='ocr_line' id='line_1_87' title="bbox 2136 3726 3716 3797; baseline 0.002 -18"><span class='ocrx_word' id='word_1_576' title='bbox 2136 3736 2408 3797; x_wconf 86' lang='lat' dir='ltr'><strong>pensatnr.</strong></span> <span class='ocrx_word' id='word_1_577' title='bbox 2441 3726 2789 3794; x_wconf 81' lang='lat' dir='ltr'><strong>Superiorutn</strong></span> <span class='ocrx_word' id='word_1_578' title='bbox 2822 3727 3063 3781; x_wconf 89' lang='lat' dir='ltr'><strong>instituta</strong></span> <span class='ocrx_word' id='word_1_579' title='bbox 3106 3735 3398 3791; x_wconf 71' lang='lat' dir='ltr'><strong>sectantur,</strong></span> <span class='ocrx_word' id='word_1_580' title='bbox 3448 3743 3543 3796; x_wconf 89' lang='lat' dir='ltr'><strong>per</strong></span> <span class='ocrx_word' id='word_1_581' title='bbox 3575 3742 3716 3797; x_wconf 86' lang='lat' dir='ltr'><strong>quos</strong></span> 
     </span>
    </p>
   </div>
   <div class='ocr_carea' id='block_1_88' title="bbox 2136 3817 3717 3885">
    <p class='ocr_par' dir='ltr' id='par_1_88' title="bbox 2136 3817 3717 3885">
     <span class='ocr_line' id='line_1_88' title="bbox 2136 3817 3717 3885; baseline 0.002 -14"><span class='ocrx_word' id='word_1_582' title='bbox 2136 3817 2410 3885; x_wconf 87' lang='lat' dir='ltr'><strong>generatio</strong></span> <span class='ocrx_word' id='word_1_583' title='bbox 2436 3817 2624 3883; x_wconf 87' lang='lat' dir='ltr'><strong>recipit</strong></span> <span class='ocrx_word' id='word_1_584' title='bbox 2658 3818 2797 3885; x_wconf 88' lang='lat' dir='ltr'><strong>quod</strong></span> <span class='ocrx_word' id='word_1_585' title='bbox 2837 3831 3061 3883; x_wconf 79' lang='lat' dir='ltr'><strong>persona</strong></span> <span class='ocrx_word' id='word_1_586' title='bbox 3088 3818 3404 3874; x_wconf 88' lang='lat' dir='ltr'><strong>condiderit.</strong></span> <span class='ocrx_word' id='word_1_587' title='bbox 3428 3817 3516 3874; x_wconf 90' lang='lat' dir='ltr'><strong>Sic</strong></span> <span class='ocrx_word' id='word_1_588' title='bbox 3544 3817 3717 3874; x_wconf 80' lang='lat' dir='ltr'><strong>Israe-</strong></span> 
     </span>
    </p>
   </div>
   <div class='ocr_carea' id='block_1_89' title="bbox 2136 3905 3717 3977">
    <p class='ocr_par' dir='ltr' id='par_1_89' title="bbox 2136 3905 3717 3977">
     <span class='ocr_line' id='line_1_89' title="bbox 2136 3905 3717 3977; baseline 0.003 -19"><span class='ocrx_word' id='word_1_589' title='bbox 2136 3905 2263 3960; x_wconf 87' lang='lat' dir='ltr'><strong>litici</strong></span> <span class='ocrx_word' id='word_1_590' title='bbox 2288 3906 2479 3960; x_wconf 89' lang='lat' dir='ltr'><strong>delicta</strong></span> <span class='ocrx_word' id='word_1_591' title='bbox 2522 3906 2703 3975; x_wconf 87' lang='lat' dir='ltr'><strong>populi</strong></span> <span class='ocrx_word' id='word_1_592' title='bbox 2734 3916 2953 3976; x_wconf 89' lang='lat' dir='ltr'><strong>propter</strong></span> <span class='ocrx_word' id='word_1_593' title='bbox 2983 3908 3146 3963; x_wconf 88' lang='lat' dir='ltr'><strong>David</strong></span> <span class='ocrx_word' id='word_1_594' title='bbox 3177 3924 3333 3977; x_wconf 74' lang='lat' dir='ltr'><strong>poena</strong></span> <span class='ocrx_word' id='word_1_595' title='bbox 3363 3924 3470 3965; x_wconf 89' lang='lat' dir='ltr'><strong>non</strong></span> <span class='ocrx_word' id='word_1_596' title='bbox 3516 3909 3717 3977; x_wconf 87' lang='lat' dir='ltr'><strong>tetigit,</strong></span> 
     </span>
    </p>
   </div>
   <div class='ocr_carea' id='block_1_90' title="bbox 2144 3998 3720 4071">
    <p class='ocr_par' dir='ltr' id='par_1_90' title="bbox 2144 3998 3720 4071">
     <span class='ocr_line' id='line_1_90' title="bbox 2144 3998 3720 4071; baseline 0.001 -19"><span class='ocrx_word' id='word_1_597' title='bbox 2144 3999 2269 4052; x_wconf 75' lang='lat' dir='ltr'><strong>dum</strong></span> <span class='ocrx_word' id='word_1_598' title='bbox 2301 4000 2443 4067; x_wconf 88' lang='lat' dir='ltr'><strong>genti</strong></span> <span class='ocrx_word' id='word_1_599' title='bbox 2476 3998 2729 4065; x_wconf 85' lang='lat' dir='ltr'><strong>opitulata</strong></span> <span class='ocrx_word' id='word_1_600' title='bbox 2764 4007 2847 4053; x_wconf 91' lang='lat' dir='ltr'><strong>est</strong></span> <span class='ocrx_word' id='word_1_601' title='bbox 2886 4001 3226 4068; x_wconf 74' lang='lat' dir='ltr'><strong>prmcessoris</strong></span> <span class='ocrx_word' id='word_1_602' title='bbox 3256 4000 3549 4071; x_wconf 88' lang='lat' dir='ltr'><strong>integritas.</strong></span> <span class='ocrx_word' id='word_1_603' title='bbox 3576 4008 3630 4055; x_wconf 89' lang='lat' dir='ltr'><strong>et</strong></span> <span class='ocrx_word' id='word_1_604' title='bbox 3653 4002 3720 4054; x_wconf 89' lang='lat' dir='ltr'><strong>fi-</strong></span> 
     </span>
    </p>
   </div>
   <div class='ocr_carea' id='block_1_91' title="bbox 2143 4086 3722 4160">
    <p class='ocr_par' dir='ltr' id='par_1_91' title="bbox 2143 4086 3722 4160">
     <span class='ocr_line' id='line_1_91' title="bbox 2143 4086 3722 4160; baseline 0.006 -18"><span class='ocrx_word' id='word_1_605' title='bbox 2143 4086 2239 4143; x_wconf 90' lang='lat' dir='ltr'><strong>des</strong></span> <span class='ocrx_word' id='word_1_606' title='bbox 2271 4087 2505 4141; x_wconf 90' lang='lat' dir='ltr'><strong>hominis</strong></span> <span class='ocrx_word' id='word_1_607' title='bbox 2533 4099 2628 4143; x_wconf 90' lang='lat' dir='ltr'><strong>aut</strong></span> <span class='ocrx_word' id='word_1_608' title='bbox 2656 4089 2850 4158; x_wconf 91' lang='lat' dir='ltr'><strong>eripuit</strong></span> <span class='ocrx_word' id='word_1_609' title='bbox 2878 4090 2942 4145; x_wconf 90' lang='lat' dir='ltr'><strong>de</strong></span> <span class='ocrx_word' id='word_1_610' title='bbox 2972 4106 3155 4146; x_wconf 88' lang='lat' dir='ltr'><strong>errore</strong></span> <span class='ocrx_word' id='word_1_611' title='bbox 3186 4094 3722 4160; x_wconf 83' lang='lat' dir='ltr'><strong>populutn,antjuvit</strong></span> 
     </span>
    </p>
   </div>
   <div class='ocr_carea' id='block_1_92' title="bbox 2145 4179 3724 4255">
    <p class='ocr_par' dir='ltr' id='par_1_92' title="bbox 2145 4179 3724 4255">
     <span class='ocr_line' id='line_1_92' title="bbox 2145 4179 3724 4255; baseline 0.004 -21"><span class='ocrx_word' id='word_1_612' title='bbox 2145 4179 2199 4234; x_wconf 90' lang='lat' dir='ltr'><strong>in</strong></span> <span class='ocrx_word' id='word_1_613' title='bbox 2231 4180 2420 4250; x_wconf 85' lang='lat' dir='ltr'><strong>gratia.</strong></span> <span class='ocrx_word' id='word_1_614' title='bbox 2448 4179 2763 4236; x_wconf 89' lang='lat' dir='ltr'><strong>Parthenius</strong></span> <span class='ocrx_word' id='word_1_615' title='bbox 2790 4182 2946 4250; x_wconf 83' lang='lat' dir='ltr'><strong>igitur</strong></span> <span class='ocrx_word' id='word_1_616' title='bbox 2970 4184 3310 4248; x_wconf 64' lang='lat' dir='ltr'><strong>praesentium</strong></span> <span class='ocrx_word' id='word_1_617' title='bbox 3328 4187 3568 4252; x_wconf 89' lang='lat' dir='ltr'><strong>portitor,</strong></span> <span class='ocrx_word' id='word_1_618' title='bbox 3594 4200 3724 4255; x_wconf 85' lang='lat' dir='ltr'><strong>ger-</strong></span> 
     </span>
    </p>
   </div>
   <div class='ocr_carea' id='block_1_93' title="bbox 2143 4270 3724 4337">
    <p class='ocr_par' dir='ltr' id='par_1_93' title="bbox 2143 4270 3724 4337">
     <span class='ocr_line' id='line_1_93' title="bbox 2143 4270 3724 4337; baseline 0.004 -14"><span class='ocrx_word' id='word_1_619' title='bbox 2143 4284 2318 4324; x_wconf 70' lang='lat' dir='ltr'><strong>mante</strong></span> <span class='ocrx_word' id='word_1_620' title='bbox 2363 4270 2522 4337; x_wconf 77' lang='lat' dir='ltr'><strong>filius,</strong></span> <span class='ocrx_word' id='word_1_621' title='bbox 2576 4270 2673 4325; x_wconf 89' lang='lat' dir='ltr'><strong>hac</strong></span> <span class='ocrx_word' id='word_1_622' title='bbox 2718 4271 2785 4325; x_wconf 90' lang='lat' dir='ltr'><strong>ad</strong></span> <span class='ocrx_word' id='word_1_623' title='bbox 2825 4286 3076 4327; x_wconf 91' lang='lat' dir='ltr'><strong>coronam</strong></span> <span class='ocrx_word' id='word_1_624' title='bbox 3110 4284 3336 4329; x_wconf 85' lang='lat' dir='ltr'><strong>vestram</strong></span> <span class='ocrx_word' id='word_1_625' title='bbox 3371 4275 3559 4331; x_wconf 82' lang='lat' dir='ltr'><strong>ﬁducia</strong></span> <span class='ocrx_word' id='word_1_626' title='bbox 3591 4277 3724 4330; x_wconf 88' lang='lat' dir='ltr'><strong>ani-</strong></span> 
     </span>
    </p>
   </div>
   <div class='ocr_carea' id='block_1_94' title="bbox 2141 4362 3724 4433">
    <p class='ocr_par' dir='ltr' id='par_1_94' title="bbox 2141 4362 3724 4433">
     <span class='ocr_line' id='line_1_94' title="bbox 2141 4362 3724 4433; baseline 0.004 -18"><span class='ocrx_word' id='word_1_627' title='bbox 2141 4371 2321 4416; x_wconf 86' lang='lat' dir='ltr'><strong>mante</strong></span> <span class='ocrx_word' id='word_1_628' title='bbox 2351 4362 2582 4417; x_wconf 90' lang='lat' dir='ltr'><strong>directus</strong></span> <span class='ocrx_word' id='word_1_629' title='bbox 2598 4371 2709 4428; x_wconf 92' lang='lat' dir='ltr'><strong>est;</strong></span> <span class='ocrx_word' id='word_1_630' title='bbox 2733 4378 2890 4433; x_wconf 89' lang='lat' dir='ltr'><strong>quem</strong></span> <span class='ocrx_word' id='word_1_631' title='bbox 2914 4364 3215 4419; x_wconf 90' lang='lat' dir='ltr'><strong>sollicitudo</strong></span> <span class='ocrx_word' id='word_1_632' title='bbox 3241 4365 3473 4421; x_wconf 79' lang='lat' dir='ltr'><strong>liberalis</strong></span> <span class='ocrx_word' id='word_1_633' title='bbox 3490 4366 3724 4423; x_wconf 79' lang='lat' dir='ltr'><strong>Romam</strong></span> 
     </span>
    </p>
   </div>
   <div class='ocr_carea' id='block_1_95' title="bbox 542 4498 3727 4585">
    <p class='ocr_par' dir='ltr' id='par_1_95' title="bbox 542 4498 3727 4585">
     <span class='ocr_line' id='line_1_95' title="bbox 542 4498 3727 4585; baseline 0 -28"><span class='ocrx_word' id='word_1_634' title='bbox 542 4502 1028 4585; x_wconf 51' lang='grc' dir='ltr'><strong>¹ρᾳυιψναβροηῇ</strong></span> <span class='ocrx_word' id='word_1_635' title='bbox 1051 4504 1381 4585; x_wconf 44' lang='lat' dir='ltr'><strong>.Corruptum</strong></span> <span class='ocrx_word' id='word_1_636' title='bbox 1410 4503 1495 4585; x_wconf 87' lang='lat' dir='ltr'><strong>ltic</strong></span> <span class='ocrx_word' id='word_1_637' title='bbox 1537 4520 1728 4585; x_wconf 75' lang='lat' dir='ltr'><strong>nomen</strong></span> <span class='ocrx_word' id='word_1_638' title='bbox 1753 4517 1865 4562; x_wconf 87' lang='lat' dir='ltr'><strong>erat</strong></span> <span class='ocrx_word' id='word_1_639' title='bbox 1890 4508 2044 4562; x_wconf 82' lang='lat' dir='ltr'><strong>nobi-</strong></span> <span class='ocrx_word' id='word_1_640' title='bbox 2074 4517 2125 4577; x_wconf 73' lang='grc' dir='ltr'><strong>ι)</strong></span> <span class='ocrx_word' id='word_1_641' title='bbox 2150 4498 2702 4585; x_wconf 48' lang='grc' dir='ltr'><strong>όοηξορηιΙΙιοηιὶῖιεηι,</strong></span> <span class='ocrx_word' id='word_1_642' title='bbox 2735 4499 2863 4553; x_wconf 82' lang='lat' dir='ltr'><strong>nihil</strong></span> <span class='ocrx_word' id='word_1_643' title='bbox 2883 4516 2996 4553; x_wconf 75' lang='lat' dir='ltr'><strong>tum</strong></span> <span class='ocrx_word' id='word_1_644' title='bbox 3019 4500 3134 4568; x_wconf 83' lang='lat' dir='ltr'><strong>fuco</strong></span> <span class='ocrx_word' id='word_1_645' title='bbox 3161 4512 3249 4554; x_wconf 83' lang='lat' dir='ltr'><strong>aut</strong></span> <span class='ocrx_word' id='word_1_646' title='bbox 3279 4512 3489 4558; x_wconf 82' lang='lat' dir='ltr'><strong>coturno</strong></span> <span class='ocrx_word' id='word_1_647' title='bbox 3517 4503 3727 4571; x_wconf 78' lang='lat' dir='ltr'><strong>loquen-</strong></span> 
     </span>
    </p>
   </div>
   <div class='ocr_carea' id='block_1_96' title="bbox 473 4572 2045 4645">
    <p class='ocr_par' dir='ltr' id='par_1_96' title="bbox 473 4572 2045 4645">
     <span class='ocr_line' id='line_1_96' title="bbox 473 4572 2045 4645; baseline 0.003 -18"><span class='ocrx_word' id='word_1_648' title='bbox 473 4572 660 4627; x_wconf 84' lang='lat' dir='ltr'><strong>lissimi</strong></span> <span class='ocrx_word' id='word_1_649' title='bbox 703 4574 889 4645; x_wconf 75' lang='lat' dir='ltr'><strong>fontis,</strong></span> <span class='ocrx_word' id='word_1_650' title='bbox 924 4572 1026 4645; x_wconf 66' lang='lat' dir='ltr'><strong>qui</strong></span> <span class='ocrx_word' id='word_1_651' title='bbox 1051 4572 1316 4644; x_wconf 81' lang='lat' dir='ltr'><strong>hodieque</strong></span> <span class='ocrx_word' id='word_1_652' title='bbox 1348 4584 1567 4645; x_wconf 85' lang='lat' dir='ltr'><strong>propter</strong></span> <span class='ocrx_word' id='word_1_653' title='bbox 1592 4577 1852 4632; x_wconf 79' lang='lat' dir='ltr'><strong>salutares</strong></span> <span class='ocrx_word' id='word_1_654' title='bbox 1884 4594 2045 4645; x_wconf 83' lang='lat' dir='ltr'><strong>aquas</strong></span> 
     </span>
    </p>
   </div>
   <div class='ocr_carea' id='block_1_97' title="bbox 474 4642 2046 4724">
    <p class='ocr_par' dir='ltr' id='par_1_97' title="bbox 474 4642 2046 4724">
     <span class='ocr_line' id='line_1_97' title="bbox 474 4642 2046 4724; baseline 0.001 -29"><span class='ocrx_word' id='word_1_655' title='bbox 474 4656 661 4724; x_wconf 83' lang='lat' dir='ltr'><strong>magna</strong></span> <span class='ocrx_word' id='word_1_656' title='bbox 690 4644 963 4724; x_wconf 71' lang='lat' dir='ltr'><strong>hominum</strong></span> <span class='ocrx_word' id='word_1_657' title='bbox 995 4642 1287 4724; x_wconf 60' lang='lat' dir='ltr'><strong>frequentia</strong></span> <span class='ocrx_word' id='word_1_658' title='bbox 1315 4644 1702 4724; x_wconf 61' lang='lat' dir='ltr'><strong>celebraturin</strong></span> <span class='ocrx_word' id='word_1_659' title='bbox 1734 4664 1861 4715; x_wconf 80' lang='lat' dir='ltr'><strong>agro</strong></span> <span class='ocrx_word' id='word_1_660' title='bbox 1894 4642 2046 4700; x_wconf 72' lang='lat' dir='ltr'><strong>Pata-</strong></span> 
     </span>
    </p>
   </div>
   <div class='ocr_carea' id='block_1_98' title="bbox 475 4714 2043 4786">
    <p class='ocr_par' dir='ltr' id='par_1_98' title="bbox 475 4714 2043 4786">
     <span class='ocr_line' id='line_1_98' title="bbox 475 4714 2043 4786; baseline 0.002 -19"><span class='ocrx_word' id='word_1_661' title='bbox 475 4716 600 4768; x_wconf 87' lang='lat' dir='ltr'><strong>vino</strong></span> <span class='ocrx_word' id='word_1_662' title='bbox 633 4732 646 4767; x_wconf 88' lang='lat'><strong>:</strong></span> <span class='ocrx_word' id='word_1_663' title='bbox 679 4727 797 4782; x_wconf 76' lang='lat' dir='ltr'><strong>qum</strong></span> <span class='ocrx_word' id='word_1_664' title='bbox 820 4715 1001 4786; x_wconf 12' lang='lat' dir='ltr'><strong>Apiona</strong></span> <span class='ocrx_word' id='word_1_665' title='bbox 1032 4714 1187 4786; x_wconf 80' lang='lat' dir='ltr'><strong>tellus</strong></span> <span class='ocrx_word' id='word_1_666' title='bbox 1219 4714 1413 4786; x_wconf 7' lang='lat' dir='ltr'><strong>abiboc</strong></span> <span class='ocrx_word' id='word_1_667' title='bbox 1443 4714 1588 4770; x_wconf 87' lang='lat' dir='ltr'><strong>fonte</strong></span> <span class='ocrx_word' id='word_1_668' title='bbox 1617 4714 2008 4770; x_wconf 73' lang='lat' dir='ltr'><strong>dictaMartiali</strong></span> <span class='ocrx_word' id='word_1_669' title='bbox 2029 4762 2043 4786; x_wconf 89' lang='lat'><strong>,</strong></span> 
     </span>
    </p>
   </div>
   <div class='ocr_carea' id='block_1_99' title="bbox 475 4782 2047 4856">
    <p class='ocr_par' dir='ltr' id='par_1_99' title="bbox 475 4782 2047 4856">
     <span class='ocr_line' id='line_1_99' title="bbox 475 4782 2047 4856; baseline 0.002 -19"><span class='ocrx_word' id='word_1_670' title='bbox 475 4788 855 4856; x_wconf 71' lang='lat' dir='ltr'><strong>uiAntenorea</strong></span> <span class='ocrx_word' id='word_1_671' title='bbox 892 4782 1134 4856; x_wconf 75' lang='lat' dir='ltr'><strong>Ennodio</strong></span> <span class='ocrx_word' id='word_1_672' title='bbox 1164 4793 1218 4837; x_wconf 90' lang='lat' dir='ltr'><strong>ct</strong></span> <span class='ocrx_word' id='word_1_673' title='bbox 1244 4784 1395 4856; x_wconf 88' lang='lat' dir='ltr'><strong>aliis,</strong></span> <span class='ocrx_word' id='word_1_674' title='bbox 1428 4787 1494 4838; x_wconf 90' lang='lat' dir='ltr'><strong>ab</strong></span> <span class='ocrx_word' id='word_1_675' title='bbox 1522 4800 1589 4840; x_wconf 90' lang='lat' dir='ltr'><strong>eo</strong></span> <span class='ocrx_word' id='word_1_676' title='bbox 1617 4802 1773 4855; x_wconf 90' lang='lat' dir='ltr'><strong>quem</strong></span> <span class='ocrx_word' id='word_1_677' title='bbox 1806 4782 2047 4856; x_wconf 64' lang='lat' dir='ltr'><strong>Troiana:</strong></span> 
     </span>
    </p>
   </div>
   <div class='ocr_carea' id='block_1_100' title="bbox 475 4854 2045 4923">
    <p class='ocr_par' dir='ltr' id='par_1_100' title="bbox 475 4854 2045 4923">
     <span class='ocr_line' id='line_1_100' title="bbox 475 4854 2045 4923; baseline 0.005 -18"><span class='ocrx_word' id='word_1_678' title='bbox 475 4855 696 4908; x_wconf 78' lang='lat' dir='ltr'><strong>colonitc</strong></span> <span class='ocrx_word' id='word_1_679' title='bbox 729 4867 998 4909; x_wconf 78' lang='lat' dir='ltr'><strong>auctorem</strong></span> <span class='ocrx_word' id='word_1_680' title='bbox 1028 4854 1218 4907; x_wconf 88' lang='lat' dir='ltr'><strong>ferunt.</strong></span> <span class='ocrx_word' id='word_1_681' title='bbox 1252 4856 1307 4908; x_wconf 85' lang='lat' dir='ltr'><strong>lit</strong></span> <span class='ocrx_word' id='word_1_682' title='bbox 1336 4855 1505 4923; x_wconf 90' lang='lat' dir='ltr'><strong>Aponi</strong></span> <span class='ocrx_word' id='word_1_683' title='bbox 1537 4854 1699 4914; x_wconf 83' lang='lat' dir='ltr'><strong>aquas</strong></span> <span class='ocrx_word' id='word_1_684' title='bbox 1730 4856 1849 4913; x_wconf 91' lang='lat' dir='ltr'><strong>lusit</strong></span> <span class='ocrx_word' id='word_1_685' title='bbox 1885 4854 2045 4913; x_wconf 86' lang='lat' dir='ltr'><strong>etiam</strong></span> 
     </span>
    </p>
   </div>
   <div class='ocr_carea' id='block_1_101' title="bbox 478 4922 2045 4993">
    <p class='ocr_par' dir='ltr' id='par_1_101' title="bbox 478 4922 2045 4993">
     <span class='ocr_line' id='line_1_101' title="bbox 478 4922 2045 4993; baseline 0.004 -16"><span class='ocrx_word' id='word_1_686' title='bbox 478 4924 730 4993; x_wconf 88' lang='lat' dir='ltr'><strong>peculiari</strong></span> <span class='ocrx_word' id='word_1_687' title='bbox 770 4926 1006 4979; x_wconf 85' lang='lat' dir='ltr'><strong>carmine</strong></span> <span class='ocrx_word' id='word_1_688' title='bbox 1044 4922 1365 4977; x_wconf 85' lang='lat' dir='ltr'><strong>Claudianus</strong></span> <span class='ocrx_word' id='word_1_689' title='bbox 1412 4942 1424 4976; x_wconf 90' lang='lat'><strong>:</strong></span> <span class='ocrx_word' id='word_1_690' title='bbox 1469 4935 1521 4979; x_wconf 81' lang='lat' dir='ltr'><strong>et</strong></span> <span class='ocrx_word' id='word_1_691' title='bbox 1560 4925 1908 4981; x_wconf 69' lang='lat' dir='ltr'><strong>Cassiodorus</strong></span> <span class='ocrx_word' id='word_1_692' title='bbox 1949 4945 2045 4983; x_wconf 89' lang='lat' dir='ltr'><strong>suo</strong></span> 
     </span>
    </p>
   </div>
   <div class='ocr_carea' id='block_1_102' title="bbox 478 4994 2049 5075">
    <p class='ocr_par' dir='ltr' id='par_1_102' title="bbox 478 4994 2049 5075">
     <span class='ocr_line' id='line_1_102' title="bbox 478 4994 2049 5075; baseline 0.006 -34"><span class='ocrx_word' id='word_1_693' title='bbox 478 5009 628 5075; x_wconf 63' lang='lat' dir='ltr'><strong>more</strong></span> <span class='ocrx_word' id='word_1_694' title='bbox 646 4996 697 5075; x_wconf 73' lang='lat' dir='ltr'><strong>in</strong></span> <span class='ocrx_word' id='word_1_695' title='bbox 714 4995 941 5075; x_wconf 66' lang='lat' dir='ltr'><strong>epi~tola</strong></span> <span class='ocrx_word' id='word_1_696' title='bbox 960 5010 1117 5075; x_wconf 78' lang='lat' dir='ltr'><strong>quam</strong></span> <span class='ocrx_word' id='word_1_697' title='bbox 1135 4994 1451 5075; x_wconf 58' lang='lat' dir='ltr'><strong>Theoderici</strong></span> <span class='ocrx_word' id='word_1_698' title='bbox 1479 4996 1616 5075; x_wconf 52' lang='lat' dir='ltr'><strong>regis</strong></span> <span class='ocrx_word' id='word_1_699' title='bbox 1641 4999 1855 5052; x_wconf 79' lang='lat' dir='ltr'><strong>nomine</strong></span> <span class='ocrx_word' id='word_1_700' title='bbox 1878 4999 2049 5053; x_wconf 84' lang='lat' dir='ltr'><strong>dicta-</strong></span> 
     </span>
    </p>
   </div>
   <div class='ocr_carea' id='block_1_103' title="bbox 478 5064 2051 5133">
    <p class='ocr_par' dir='ltr' id='par_1_103' title="bbox 478 5064 2051 5133">
     <span class='ocr_line' id='line_1_103' title="bbox 478 5064 2051 5133; baseline 0.004 -17"><span class='ocrx_word' id='word_1_701' title='bbox 478 5065 554 5117; x_wconf 89' lang='lat' dir='ltr'><strong>vit</strong></span> <span class='ocrx_word' id='word_1_702' title='bbox 597 5064 661 5117; x_wconf 88' lang='lat' dir='ltr'><strong>ad</strong></span> <span class='ocrx_word' id='word_1_703' title='bbox 702 5066 973 5133; x_wconf 80' lang='lat' dir='ltr'><strong>Aloysium</strong></span> <span class='ocrx_word' id='word_1_704' title='bbox 1006 5064 1375 5125; x_wconf 85' lang='lat' dir='ltr'><strong>architectum.</strong></span> <span class='ocrx_word' id='word_1_705' title='bbox 1403 5076 1455 5117; x_wconf 90' lang='lat' dir='ltr'><strong>ut</strong></span> <span class='ocrx_word' id='word_1_706' title='bbox 1490 5065 1860 5121; x_wconf 85' lang='lat' dir='ltr'><strong>Patavinarutn</strong></span> <span class='ocrx_word' id='word_1_707' title='bbox 1906 5072 2051 5123; x_wconf 88' lang='lat' dir='ltr'><strong>ther-</strong></span> 
     </span>
    </p>
   </div>
   <div class='ocr_carea' id='block_1_104' title="bbox 479 5134 2050 5203">
    <p class='ocr_par' dir='ltr' id='par_1_104' title="bbox 479 5134 2050 5203">
     <span class='ocr_line' id='line_1_104' title="bbox 479 5134 2050 5203; baseline 0.004 -16"><span class='ocrx_word' id='word_1_708' title='bbox 479 5149 684 5188; x_wconf 89' lang='lat' dir='ltr'><strong>marum</strong></span> <span class='ocrx_word' id='word_1_709' title='bbox 712 5135 935 5187; x_wconf 64' lang='lat' dir='ltr'><strong>aadiiit-ia</strong></span> <span class='ocrx_word' id='word_1_710' title='bbox 964 5135 1241 5199; x_wconf 90' lang='lat' dir='ltr'><strong>instauret,</strong></span> <span class='ocrx_word' id='word_1_711' title='bbox 1274 5142 1435 5187; x_wconf 89' lang='lat' dir='ltr'><strong>totam</strong></span> <span class='ocrx_word' id='word_1_712' title='bbox 1460 5134 1631 5202; x_wconf 88' lang='lat' dir='ltr'><strong>Aponi</strong></span> <span class='ocrx_word' id='word_1_713' title='bbox 1658 5146 1922 5203; x_wconf 87' lang='lat' dir='ltr'><strong>naturam,</strong></span> <span class='ocrx_word' id='word_1_714' title='bbox 1943 5140 2050 5193; x_wconf 93' lang='lat' dir='ltr'><strong>vim</strong></span> 
     </span>
    </p>
   </div>
   <div class='ocr_carea' id='block_1_105' title="bbox 479 5204 2051 5329">
    <p class='ocr_par' dir='ltr' id='par_1_105' title="bbox 479 5204 2051 5329">
     <span class='ocr_line' id='line_1_105' title="bbox 479 5204 2051 5329; baseline 0.006 -74"><span class='ocrx_word' id='word_1_715' title='bbox 479 5214 638 5329; x_wconf 51' lang='lat' dir='ltr'><strong>rigui:</strong></span> <span class='ocrx_word' id='word_1_716' title='bbox 665 5204 1125 5329; x_wconf 50' lang='lat' dir='ltr'><strong>ttznmtstgiéissime</strong></span> <span class='ocrx_word' id='word_1_717' title='bbox 1145 5213 1302 5274; x_wconf 88' lang='lat' dir='ltr'><strong>atque</strong></span> <span class='ocrx_word' id='word_1_718' title='bbox 1326 5206 1751 5274; x_wconf 84' lang='lat' dir='ltr'><strong>ingeniosissime</strong></span> <span class='ocrx_word' id='word_1_719' title='bbox 1777 5208 2051 5277; x_wconf 86' lang='lat' dir='ltr'><strong>describit,</strong></span> 
     </span>
     <span class='ocr_line' id='line_1_106' title="bbox 557 5291 964 5329; baseline -0.007 0"><span class='ocrx_word' id='word_1_720' title='bbox 557 5314 570 5329; x_wconf 94' lang='lat'><strong>.</strong></span> <span class='ocrx_word' id='word_1_721' title='bbox 647 5315 661 5329; x_wconf 92' lang='lat'><strong>.</strong></span> <span class='ocrx_word' id='word_1_722' title='bbox 727 5291 848 5329; x_wconf 89' lang='lat' dir='ltr'><strong>DIS.</strong></span> <span class='ocrx_word' id='word_1_723' title='bbox 952 5314 964 5326; x_wconf 94' lang='lat'><strong>.</strong></span> 
     </span>
    </p>
   </div>
   <div class='ocr_carea' id='block_1_106' title="bbox 557 5291 964 5343">
    <p class='ocr_par' dir='ltr' id='par_1_106' title="bbox 557 5291 964 5343">
     <span class='ocr_line' id='line_1_107' title="bbox 557 5291 964 5343; baseline -0.007 -14"><span class='ocrx_word' id='word_1_724' title='bbox 557 5314 570 5329; x_wconf 76' lang='grc' dir='ltr'><strong><em>ο</em></strong></span> <span class='ocrx_word' id='word_1_725' title='bbox 605 5291 661 5341; x_wconf 81' lang='grc' dir='ltr'><strong>ΙΙ,</strong></span> <span class='ocrx_word' id='word_1_726' title='bbox 691 5291 848 5343; x_wconf 71' lang='lat' dir='ltr'><strong>CPISI.</strong></span> <span class='ocrx_word' id='word_1_727' title='bbox 875 5291 964 5327; x_wconf 67' lang='grc' dir='ltr'><strong>δυ.</strong></span> 
     </span>
    </p>
   </div>
   <div class='ocr_carea' id='block_1_107' title="bbox 550 5365 2059 5438">
    <p class='ocr_par' dir='ltr' id='par_1_107' title="bbox 550 5365 2059 5438">
     <span class='ocr_line' id='line_1_108' title="bbox 550 5365 2059 5438; baseline 0.007 -19"><span class='ocrx_word' id='word_1_728' title='bbox 550 5368 569 5396; x_wconf 76' lang='grc'>³</span> <span class='ocrx_word' id='word_1_729' title='bbox 592 5365 924 5419; x_wconf 75' lang='lat' dir='ltr'><strong>Glovidmum</strong></span> <span class='ocrx_word' id='word_1_730' title='bbox 944 5366 1108 5438; x_wconf 84' lang='lat' dir='ltr'><strong>tuum]</strong></span> <span class='ocrx_word' id='word_1_731' title='bbox 1135 5367 1189 5421; x_wconf 93' lang='lat' dir='ltr'><strong>ln</strong></span> <span class='ocrx_word' id='word_1_732' title='bbox 1215 5368 1524 5437; x_wconf 66' lang='lat' dir='ltr'><strong>praefatione</strong></span> <span class='ocrx_word' id='word_1_733' title='bbox 1545 5371 1796 5426; x_wconf 88' lang='lat' dir='ltr'><strong>carminis</strong></span> <span class='ocrx_word' id='word_1_734' title='bbox 1826 5373 1890 5427; x_wconf 91' lang='lat' dir='ltr'><strong>ad</strong></span> <span class='ocrx_word' id='word_1_735' title='bbox 1924 5374 2059 5430; x_wconf 85' lang='lat' dir='ltr'><strong>Fau-</strong></span> 
     </span>
    </p>
   </div>
   <div class='ocr_carea' id='block_1_108' title="bbox 481 5438 2053 5512">
    <p class='ocr_par' dir='ltr' id='par_1_108' title="bbox 481 5438 2053 5512">
     <span class='ocr_line' id='line_1_109' title="bbox 481 5438 2053 5512; baseline 0.007 -22"><span class='ocrx_word' id='word_1_736' title='bbox 481 5444 619 5490; x_wconf 86' lang='lat' dir='ltr'><strong>stum</strong></span> <span class='ocrx_word' id='word_1_737' title='bbox 645 5454 658 5492; x_wconf 88' lang='lat'><strong>:</strong></span> <span class='ocrx_word' id='word_1_738' title='bbox 684 5438 761 5512; x_wconf 72' lang='lat' dir='ltr'><strong>Ad</strong></span> <span class='ocrx_word' id='word_1_739' title='bbox 786 5438 1117 5512; x_wconf 67' lang='lat' dir='ltr'><strong>Ca_iiiwnalent</strong></span> <span class='ocrx_word' id='word_1_740' title='bbox 1145 5449 1311 5492; x_wconf 85' lang='lat' dir='ltr'><strong>tamen</strong></span> <span class='ocrx_word' id='word_1_741' title='bbox 1338 5441 1688 5512; x_wconf 78' lang='lat' dir='ltr'><strong>ignominiam,</strong></span> <span class='ocrx_word' id='word_1_742' title='bbox 1719 5444 1898 5512; x_wconf 81' lang='lat' dir='ltr'><strong>quibus</strong></span> <span class='ocrx_word' id='word_1_743' title='bbox 1921 5463 2053 5500; x_wconf 85' lang='lat' dir='ltr'><strong>nun-</strong></span> 
     </span>
    </p>
   </div>
   <div class='ocr_carea' id='block_1_109' title="bbox 482 5509 2056 5586">
    <p class='ocr_par' dir='ltr' id='par_1_109' title="bbox 482 5509 2056 5586">
     <span class='ocr_line' id='line_1_110' title="bbox 482 5509 2056 5586; baseline 0.012 -32"><span class='ocrx_word' id='word_1_744' title='bbox 482 5523 651 5586; x_wconf 44' lang='lat' dir='ltr'><strong>quatit.</strong></span> <span class='ocrx_word' id='word_1_745' title='bbox 676 5509 970 5586; x_wconf 56' lang='lat' dir='ltr'><strong>gltwidiuu:</strong></span> <span class='ocrx_word' id='word_1_746' title='bbox 988 5509 1155 5586; x_wconf 72' lang='lat' dir='ltr'><strong>deest.</strong></span> <span class='ocrx_word' id='word_1_747' title='bbox 1190 5526 1374 5586; x_wconf 56' lang='lat' dir='ltr'><strong>versus</strong></span> <span class='ocrx_word' id='word_1_748' title='bbox 1404 5510 1586 5576; x_wconf 82' lang='lat' dir='ltr'><strong>adjeci.</strong></span> <span class='ocrx_word' id='word_1_749' title='bbox 1641 5509 1785 5568; x_wconf 84' lang='lat' dir='ltr'><strong>Satis</strong></span> <span class='ocrx_word' id='word_1_750' title='bbox 1831 5527 2056 5584; x_wconf 84' lang='lat' dir='ltr'><strong>apparet.</strong></span> 
     </span>
    </p>
   </div>
   <div class='ocr_carea' id='block_1_110' title="bbox 483 5577 2051 5659">
    <p class='ocr_par' dir='ltr' id='par_1_110' title="bbox 483 5577 2051 5659">
     <span class='ocr_line' id='line_1_111' title="bbox 483 5577 2051 5659; baseline 0.011 -35"><span class='ocrx_word' id='word_1_751' title='bbox 483 5577 819 5659; x_wconf 20' lang='lat' dir='ltr'><strong>glovide-nnm</strong></span> <span class='ocrx_word' id='word_1_752' title='bbox 844 5580 1173 5659; x_wconf 78' lang='lat' dir='ltr'><strong>a|t_Ennotlio</strong></span> <span class='ocrx_word' id='word_1_753' title='bbox 1196 5579 1376 5659; x_wconf 45' lang='lat' dir='ltr'><strong>siticuli</strong></span> <span class='ocrx_word' id='word_1_754' title='bbox 1403 5586 1485 5636; x_wconf 91' lang='lat' dir='ltr'><strong>sui</strong></span> <span class='ocrx_word' id='word_1_755' title='bbox 1517 5599 1641 5638; x_wconf 79' lang='lat' dir='ltr'><strong>voce</strong></span> <span class='ocrx_word' id='word_1_756' title='bbox 1665 5600 1727 5639; x_wconf 86' lang='lat' dir='ltr'><strong>eo</strong></span> <span class='ocrx_word' id='word_1_757' title='bbox 1750 5577 2051 5642; x_wconf 34' lang='lat' dir='ltr'><strong>fere—sensu</strong></span> 
     </span>
    </p>
   </div>
   <div class='ocr_carea' id='block_1_111' title="bbox 484 5650 2051 5729">
    <p class='ocr_par' dir='ltr' id='par_1_111' title="bbox 484 5650 2051 5729">
     <span class='ocr_line' id='line_1_112' title="bbox 484 5650 2051 5729; baseline 0.011 -32"><span class='ocrx_word' id='word_1_758' title='bbox 484 5650 607 5727; x_wconf 79' lang='lat' dir='ltr'><strong>poni</strong></span> <span class='ocrx_word' id='word_1_759' title='bbox 657 5662 761 5729; x_wconf 71' lang='lat' dir='ltr'><strong>quo</strong></span> <span class='ocrx_word' id='word_1_760' title='bbox 791 5650 1133 5729; x_wconf 43' lang='lat' dir='ltr'><strong>g&#39;urdonicutn</strong></span> <span class='ocrx_word' id='word_1_761' title='bbox 1158 5665 1187 5729; x_wconf 61' lang='grc' dir='ltr'><em>ᾳ</em></span> <span class='ocrx_word' id='word_1_762' title='bbox 1210 5651 1443 5729; x_wconf 57' lang='lat' dir='ltr'><strong>Sulpicio</strong></span> <span class='ocrx_word' id='word_1_763' title='bbox 1472 5655 1696 5729; x_wconf 80' lang='lat' dir='ltr'><strong>Severo,</strong></span> <span class='ocrx_word' id='word_1_764' title='bbox 1724 5671 1819 5723; x_wconf 89' lang='lat' dir='ltr'><strong>pro</strong></span> <span class='ocrx_word' id='word_1_765' title='bbox 1850 5659 1965 5711; x_wconf 90' lang='lat' dir='ltr'><strong>rudi</strong></span> <span class='ocrx_word' id='word_1_766' title='bbox 1997 5669 2051 5714; x_wconf 84' lang='lat' dir='ltr'><strong>et</strong></span> 
     </span>
    </p>
   </div>
   <div class='ocr_carea' id='block_1_112' title="bbox 488 5718 2051 5799">
    <p class='ocr_par' dir='ltr' id='par_1_112' title="bbox 488 5718 2051 5799">
     <span class='ocr_line' id='line_1_113' title="bbox 488 5718 2051 5799; baseline 0.009 -29"><span class='ocrx_word' id='word_1_767' title='bbox 488 5718 757 5799; x_wconf 82' lang='lat' dir='ltr'><strong>imperito.</strong></span> <span class='ocrx_word' id='word_1_768' title='bbox 794 5718 1000 5785; x_wconf 81' lang='lat' dir='ltr'><strong>Vereor,</strong></span> <span class='ocrx_word' id='word_1_769' title='bbox 1030 5722 1197 5792; x_wconf 79' lang='lat' dir='ltr'><strong>inquit</strong></span> <span class='ocrx_word' id='word_1_770' title='bbox 1207 5760 1227 5799; x_wconf 52' lang='grc' dir='ltr'><strong><em>ρ</em></strong></span> <span class='ocrx_word' id='word_1_771' title='bbox 1254 5718 1318 5799; x_wconf 76' lang='lat' dir='ltr'><strong>ne</strong></span> <span class='ocrx_word' id='word_1_772' title='bbox 1345 5720 1572 5799; x_wconf 52' lang='lat' dir='ltr'><strong>ofendal</strong></span> <span class='ocrx_word' id='word_1_773' title='bbox 1616 5718 1801 5782; x_wconf 68' lang='lat' dir='ltr'><strong>vestras</strong></span> <span class='ocrx_word' id='word_1_774' title='bbox 1838 5728 2051 5784; x_wconf 81' lang='lat' dir='ltr'><strong>nimium</strong></span> 
     </span>
    </p>
   </div>
   <div class='ocr_carea' id='block_1_113' title="bbox 492 5789 2047 5867">
    <p class='ocr_par' dir='ltr' id='par_1_113' title="bbox 492 5789 2047 5867">
     <span class='ocr_line' id='line_1_114' title="bbox 492 5789 2047 5867; baseline 0.008 -26"><span class='ocrx_word' id='word_1_775' title='bbox 492 5789 708 5844; x_wconf 83' lang='lat' dir='ltr'><strong>urbanas</strong></span> <span class='ocrx_word' id='word_1_776' title='bbox 735 5805 880 5844; x_wconf 81' lang='lat' dir='ltr'><strong>aures</strong></span> <span class='ocrx_word' id='word_1_777' title='bbox 903 5807 1066 5856; x_wconf 78' lang='lat' dir='ltr'><strong>sermo</strong></span> <span class='ocrx_word' id='word_1_778' title='bbox 1090 5789 1341 5849; x_wconf 76' lang='lat' dir='ltr'><strong>rusticior.</strong></span> <span class='ocrx_word' id='word_1_779' title='bbox 1374 5789 1599 5851; x_wconf 54' lang='lat' dir='ltr'><strong>Audistis</strong></span> <span class='ocrx_word' id='word_1_780' title='bbox 1625 5804 1814 5865; x_wconf 85' lang='lat' dir='ltr'><strong>tamen,</strong></span> <span class='ocrx_word' id='word_1_781' title='bbox 1844 5810 1898 5853; x_wconf 86' lang='lat' dir='ltr'><strong>ut</strong></span> <span class='ocrx_word' id='word_1_782' title='bbox 1920 5817 2047 5867; x_wconf 85' lang='lat' dir='ltr'><strong>gur-</strong></span> 
     </span>
    </p>
   </div>
   <div class='ocr_carea' id='block_1_114' title="bbox 2152 4568 3728 4639">
    <p class='ocr_par' dir='ltr' id='par_1_114' title="bbox 2152 4568 3728 4639">
     <span class='ocr_line' id='line_1_115' title="bbox 2152 4568 3728 4639; baseline 0.004 -16"><span class='ocrx_word' id='word_1_783' title='bbox 2152 4581 2269 4623; x_wconf 90' lang='lat' dir='ltr'><strong>tem.</strong></span> <span class='ocrx_word' id='word_1_784' title='bbox 2304 4568 2410 4639; x_wconf 82' lang='lat' dir='ltr'><strong>Sed</strong></span> <span class='ocrx_word' id='word_1_785' title='bbox 2443 4568 2789 4637; x_wconf 85' lang='lat' dir='ltr'><strong>gurdonicnnt</strong></span> <span class='ocrx_word' id='word_1_786' title='bbox 2823 4586 2851 4623; x_wconf 88' lang='lat' dir='ltr'><strong>a</strong></span> <span class='ocrx_word' id='word_1_787' title='bbox 2875 4572 3043 4639; x_wconf 86' lang='lat' dir='ltr'><strong>gurdo</strong></span> <span class='ocrx_word' id='word_1_788' title='bbox 3068 4572 3286 4637; x_wconf 85' lang='lat' dir='ltr'><strong>deduci,</strong></span> <span class='ocrx_word' id='word_1_789' title='bbox 3324 4576 3421 4629; x_wconf 84' lang='lat' dir='ltr'><strong>hoc</strong></span> <span class='ocrx_word' id='word_1_790' title='bbox 3459 4584 3540 4628; x_wconf 88' lang='lat' dir='ltr'><strong>est</strong></span> <span class='ocrx_word' id='word_1_791' title='bbox 3574 4568 3728 4630; x_wconf 88' lang='lat' dir='ltr'><strong>lento</strong></span> 
     </span>
    </p>
   </div>
   <div class='ocr_carea' id='block_1_115' title="bbox 2151 4638 3731 4708">
    <p class='ocr_par' dir='ltr' id='par_1_115' title="bbox 2151 4638 3731 4708">
     <span class='ocr_line' id='line_1_116' title="bbox 2151 4638 3731 4708; baseline 0.006 -15"><span class='ocrx_word' id='word_1_792' title='bbox 2151 4648 2205 4693; x_wconf 90' lang='lat' dir='ltr'><strong>et</strong></span> <span class='ocrx_word' id='word_1_793' title='bbox 2235 4638 2440 4704; x_wconf 90' lang='lat' dir='ltr'><strong>inutili,</strong></span> <span class='ocrx_word' id='word_1_794' title='bbox 2475 4649 2529 4691; x_wconf 90' lang='lat' dir='ltr'><strong>ut</strong></span> <span class='ocrx_word' id='word_1_795' title='bbox 2574 4638 2948 4708; x_wconf 83' lang='lat' dir='ltr'><strong>interpretatur</strong></span> <span class='ocrx_word' id='word_1_796' title='bbox 2993 4642 3252 4708; x_wconf 76' lang='lat' dir='ltr'><strong>Isidorus,</strong></span> <span class='ocrx_word' id='word_1_797' title='bbox 3297 4644 3459 4698; x_wconf 48' lang='lat' dir='ltr'><strong>facilis</strong></span> <span class='ocrx_word' id='word_1_798' title='bbox 3487 4657 3569 4701; x_wconf 77' lang='grc' dir='ltr'><strong>εει</strong></span> <span class='ocrx_word' id='word_1_799' title='bbox 3596 4660 3731 4701; x_wconf 73' lang='lat' dir='ltr'><strong>con-</strong></span> 
     </span>
    </p>
   </div>
   <div class='ocr_carea' id='block_1_116' title="bbox 2147 4708 3556 4782">
    <p class='ocr_par' dir='ltr' id='par_1_116' title="bbox 2147 4708 3556 4782">
     <span class='ocr_line' id='line_1_117' title="bbox 2147 4708 3556 4782; baseline 0.005 -20"><span class='ocrx_word' id='word_1_800' title='bbox 2147 4710 2353 4782; x_wconf 54' lang='lat' dir='ltr'><strong>jactura</strong></span> <span class='ocrx_word' id='word_1_801' title='bbox 2387 4728 2397 4761; x_wconf 92' lang='lat'><strong>:</strong></span> <span class='ocrx_word' id='word_1_802' title='bbox 2425 4708 2687 4782; x_wconf 73' lang='lat' dir='ltr'><strong>eluvitleni</strong></span> <span class='ocrx_word' id='word_1_803' title='bbox 2717 4726 2960 4782; x_wconf 67' lang='lat' dir='ltr'><strong>numnam</strong></span> <span class='ocrx_word' id='word_1_804' title='bbox 2985 4716 3051 4765; x_wconf 87' lang='lat' dir='ltr'><strong>sit</strong></span> <span class='ocrx_word' id='word_1_805' title='bbox 3074 4715 3242 4782; x_wconf 81' lang='lat' dir='ltr'><strong>origo,</strong></span> <span class='ocrx_word' id='word_1_806' title='bbox 3276 4730 3378 4768; x_wconf 92' lang='lat' dir='ltr'><strong>non</strong></span> <span class='ocrx_word' id='word_1_807' title='bbox 3410 4717 3556 4769; x_wconf 87' lang='lat' dir='ltr'><strong>item.</strong></span> 
     </span>
    </p>
   </div>
   <div class='ocr_carea' id='block_1_117' title="bbox 2224 4779 3630 4851">
    <p class='ocr_par' dir='ltr' id='par_1_117' title="bbox 2224 4779 3630 4851">
     <span class='ocr_line' id='line_1_118' title="bbox 2224 4779 3630 4851; baseline 0.006 -19"><span class='ocrx_word' id='word_1_808' title='bbox 2224 4780 2243 4810; x_wconf 85' lang='grc'>³</span> <span class='ocrx_word' id='word_1_809' title='bbox 2281 4779 2497 4851; x_wconf 76' lang='lat' dir='ltr'><strong>Tollitur</strong></span> <span class='ocrx_word' id='word_1_810' title='bbox 2517 4780 2732 4851; x_wconf 79' lang='lat' dir='ltr'><strong>adcliui]</strong></span> <span class='ocrx_word' id='word_1_811' title='bbox 2757 4783 3077 4837; x_wconf 80' lang='lat' dir='ltr'><strong>Claudianus</strong></span> <span class='ocrx_word' id='word_1_812' title='bbox 3104 4779 3363 4851; x_wconf 77' lang='lat' dir='ltr'><strong>(leAponi</strong></span> <span class='ocrx_word' id='word_1_813' title='bbox 3390 4786 3591 4841; x_wconf 87' lang='lat' dir='ltr'><strong>balucis</strong></span> <span class='ocrx_word' id='word_1_814' title='bbox 3616 4805 3630 4841; x_wconf 86' lang='lat'><strong>:</strong></span> 
     </span>
    </p>
   </div>
   <div class='ocr_carea' id='block_1_118' title="bbox 2275 4848 3293 4921">
    <p class='ocr_par' dir='ltr' id='par_1_118' title="bbox 2275 4848 3293 4921">
     <span class='ocr_line' id='line_1_119' title="bbox 2275 4848 3293 4921; baseline 0.004 -22"><span class='ocrx_word' id='word_1_815' title='bbox 2275 4850 2387 4921; x_wconf 62' lang='lat' dir='ltr'><strong>Alio</strong></span> <span class='ocrx_word' id='word_1_816' title='bbox 2404 4848 2527 4921; x_wconf 74' lang='lat' dir='ltr'><strong>collo</strong></span> <span class='ocrx_word' id='word_1_817' title='bbox 2550 4848 2731 4921; x_wconf 72' lang='lat' dir='ltr'><strong>minor,</strong></span> <span class='ocrx_word' id='word_1_818' title='bbox 2747 4855 2905 4921; x_wconf 66' lang='lat' dir='ltr'><strong>parvis</strong></span> <span class='ocrx_word' id='word_1_819' title='bbox 2916 4855 3129 4921; x_wconf 50' lang='lat' dir='ltr'><strong>erectior</strong></span> <span class='ocrx_word' id='word_1_820' title='bbox 3147 4848 3293 4914; x_wconf 83' lang='lat' dir='ltr'><strong>arvis,</strong></span> 
     </span>
    </p>
   </div>
   <div class='ocr_carea' id='block_1_119' title="bbox 2339 4912 3323 4971">
    <p class='ocr_par' dir='ltr' id='par_1_119' title="bbox 2339 4912 3323 4971">
     <span class='ocr_line' id='line_1_120' title="bbox 2339 4912 3323 4971; baseline 0.004 -10"><span class='ocrx_word' id='word_1_821' title='bbox 2339 4913 2604 4971; x_wconf 67' lang='lat' dir='ltr'><strong>Consliicuo</strong></span> <span class='ocrx_word' id='word_1_822' title='bbox 2630 4912 2780 4961; x_wconf 78' lang='lat' dir='ltr'><strong>clivus</strong></span> <span class='ocrx_word' id='word_1_823' title='bbox 2799 4914 3007 4962; x_wconf 88' lang='lat' dir='ltr'><strong>molliter</strong></span> <span class='ocrx_word' id='word_1_824' title='bbox 3028 4918 3147 4963; x_wconf 87' lang='lat' dir='ltr'><strong>orbe</strong></span> <span class='ocrx_word' id='word_1_825' title='bbox 3183 4912 3323 4965; x_wconf 80' lang='lat' dir='ltr'><strong>nitet.</strong></span> 
     </span>
    </p>
   </div>
   <div class='ocr_carea' id='block_1_120' title="bbox 2283 4972 3497 5038">
    <p class='ocr_par' dir='ltr' id='par_1_120' title="bbox 2283 4972 3497 5038">
     <span class='ocr_line' id='line_1_121' title="bbox 2283 4972 3497 5038; baseline 0.005 -17"><span class='ocrx_word' id='word_1_826' title='bbox 2283 4972 2461 5038; x_wconf 67' lang='lat' dir='ltr'><strong>Ardent</strong></span> <span class='ocrx_word' id='word_1_827' title='bbox 2475 4978 2512 5021; x_wconf 67' lang='lat' dir='ltr'><strong>is</strong></span> <span class='ocrx_word' id='word_1_828' title='bbox 2534 4974 2769 5038; x_wconf 73' lang='lat' dir='ltr'><strong>fecundus</strong></span> <span class='ocrx_word' id='word_1_829' title='bbox 2792 4989 2947 5031; x_wconf 62' lang='lat' dir='ltr'><strong>aquae.</strong></span> <span class='ocrx_word' id='word_1_830' title='bbox 2967 4978 3246 5038; x_wconf 90' lang='lat' dir='ltr'><strong>quicunque</strong></span> <span class='ocrx_word' id='word_1_831' title='bbox 3266 4990 3497 5027; x_wconf 83' lang='lat' dir='ltr'><strong>cavernas</strong></span> 
     </span>
    </p>
   </div>
   <div class='ocr_carea' id='block_1_121' title="bbox 2342 5034 3355 5101">
    <p class='ocr_par' dir='ltr' id='par_1_121' title="bbox 2342 5034 3355 5101">
     <span class='ocr_line' id='line_1_122' title="bbox 2342 5034 3355 5101; baseline 0.006 -18"><span class='ocrx_word' id='word_1_832' title='bbox 2342 5034 2582 5101; x_wconf 79' lang='lat' dir='ltr'><strong>Perierat,</strong></span> <span class='ocrx_word' id='word_1_833' title='bbox 2612 5035 2795 5101; x_wconf 79' lang='lat' dir='ltr'><strong>offenso</strong></span> <span class='ocrx_word' id='word_1_834' title='bbox 2821 5034 3041 5101; x_wconf 81' lang='lat' dir='ltr'><strong>truditur</strong></span> <span class='ocrx_word' id='word_1_835' title='bbox 3065 5034 3181 5101; x_wconf 84' lang='lat' dir='ltr'><strong>igne</strong></span> <span class='ocrx_word' id='word_1_836' title='bbox 3206 5038 3355 5089; x_wconf 77' lang='lat' dir='ltr'><strong>latex.</strong></span> 
     </span>
    </p>
   </div>
   <div class='ocr_carea' id='block_1_122' title="bbox 2230 5094 3737 5179">
    <p class='ocr_par' dir='ltr' id='par_1_122' title="bbox 2230 5094 3737 5179">
     <span class='ocr_line' id='line_1_123' title="bbox 2230 5094 3737 5179; baseline 0.009 -32"><span class='ocrx_word' id='word_1_837' title='bbox 2230 5094 2252 5179; x_wconf 45' lang='grc' dir='ltr'><strong><em>ξ</em></strong></span> <span class='ocrx_word' id='word_1_838' title='bbox 2278 5095 2383 5178; x_wconf 42' lang='lat' dir='ltr'><strong>.Ilic</strong></span> <span class='ocrx_word' id='word_1_839' title='bbox 2427 5094 2891 5179; x_wconf 33' lang='lat' dir='ltr'><strong>pyra.&#39;gut&#39;gitibtts_|</strong></span> <span class='ocrx_word' id='word_1_840' title='bbox 2920 5102 3008 5153; x_wconf 82' lang='lat' dir='ltr'><strong>Sic</strong></span> <span class='ocrx_word' id='word_1_841' title='bbox 3026 5094 3303 5179; x_wconf 67' lang='lat' dir='ltr'><strong>legendum</strong></span> <span class='ocrx_word' id='word_1_842' title='bbox 3324 5105 3737 5179; x_wconf 67' lang='lat' dir='ltr'><strong>proms,quod</strong></span> 
     </span>
    </p>
   </div>
   <div class='ocr_carea' id='block_1_123' title="bbox 2162 5171 3734 5249">
    <p class='ocr_par' dir='ltr' id='par_1_123' title="bbox 2162 5171 3734 5249">
     <span class='ocr_line' id='line_1_124' title="bbox 2162 5171 3734 5249; baseline 0.008 -31"><span class='ocrx_word' id='word_1_843' title='bbox 2162 5174 2243 5247; x_wconf 73' lang='lat' dir='ltr'><strong>est</strong></span> <span class='ocrx_word' id='word_1_844' title='bbox 2278 5171 2328 5249; x_wconf 81' lang='lat' dir='ltr'><strong>in</strong></span> <span class='ocrx_word' id='word_1_845' title='bbox 2365 5171 2621 5249; x_wconf 72' lang='lat' dir='ltr'><strong>antiquis,</strong></span> <span class='ocrx_word' id='word_1_846' title='bbox 2679 5181 2799 5222; x_wconf 87' lang='lat' dir='ltr'><strong>nota</strong></span> <span class='ocrx_word' id='word_1_847' title='bbox 2842 5171 3030 5249; x_wconf 73' lang='lat' dir='ltr'><strong>littera:</strong></span> <span class='ocrx_word' id='word_1_848' title='bbox 3067 5173 3359 5249; x_wconf 89' lang='lat' dir='ltr'><strong>muta_tione</strong></span> <span class='ocrx_word' id='word_1_849' title='bbox 3396 5191 3408 5227; x_wconf 93' lang='lat'><strong>:</strong></span> <span class='ocrx_word' id='word_1_850' title='bbox 3452 5185 3507 5229; x_wconf 91' lang='lat' dir='ltr'><strong>ut</strong></span> <span class='ocrx_word' id='word_1_851' title='bbox 3549 5171 3640 5230; x_wconf 89' lang='lat' dir='ltr'><strong>lib.</strong></span> <span class='ocrx_word' id='word_1_852' title='bbox 3687 5192 3734 5243; x_wconf 82' lang='grc' dir='ltr'><strong>ι,</strong></span> 
     </span>
    </p>
   </div>
   <div class='ocr_carea' id='block_1_124' title="bbox 2161 5237 3741 5317">
    <p class='ocr_par' dir='ltr' id='par_1_124' title="bbox 2161 5237 3741 5317">
     <span class='ocr_line' id='line_1_125' title="bbox 2161 5237 3741 5317; baseline 0.008 -28"><span class='ocrx_word' id='word_1_853' title='bbox 2161 5237 2405 5317; x_wconf 65' lang='lat' dir='ltr'><strong>epist._4.</strong></span> <span class='ocrx_word' id='word_1_854' title='bbox 2445 5239 2707 5317; x_wconf 77' lang='lat' dir='ltr'><strong>peripotna</strong></span> <span class='ocrx_word' id='word_1_855' title='bbox 2744 5242 3423 5317; x_wconf 71' lang='lat' dir='ltr'><strong>pro_pyri_poma._Paribus</strong></span> <span class='ocrx_word' id='word_1_856' title='bbox 3451 5237 3741 5302; x_wconf 77' lang='lat' dir='ltr'><strong>antithetis</strong></span> 
     </span>
    </p>
   </div>
   <div class='ocr_carea' id='block_1_125' title="bbox 2161 5306 3741 5371">
    <p class='ocr_par' dir='ltr' id='par_1_125' title="bbox 2161 5306 3741 5371">
     <span class='ocr_line' id='line_1_126' title="bbox 2161 5306 3741 5371; baseline 0.006 -10"><span class='ocrx_word' id='word_1_857' title='bbox 2161 5306 2228 5361; x_wconf 91' lang='lat' dir='ltr'><strong>de</strong></span> <span class='ocrx_word' id='word_1_858' title='bbox 2245 5307 2428 5362; x_wconf 91' lang='lat' dir='ltr'><strong>eadem</strong></span> <span class='ocrx_word' id='word_1_859' title='bbox 2448 5306 2514 5360; x_wconf 67' lang='grc' dir='ltr'><strong>τοι</strong></span> <span class='ocrx_word' id='word_1_860' title='bbox 2531 5306 2768 5363; x_wconf 78' lang='lat' dir='ltr'><strong>scribens</strong></span> <span class='ocrx_word' id='word_1_861' title='bbox 2789 5306 2952 5363; x_wconf 70' lang='lat' dir='ltr'><strong>utiin&#39;r</strong></span> <span class='ocrx_word' id='word_1_862' title='bbox 2978 5306 3325 5368; x_wconf 80' lang='lat' dir='ltr'><strong>Cassiodorus</strong></span> <span class='ocrx_word' id='word_1_863' title='bbox 3349 5331 3363 5368; x_wconf 90' lang='lat'><strong>:</strong></span> <span class='ocrx_word' id='word_1_864' title='bbox 3387 5314 3538 5371; x_wconf 73' lang='lat' dir='ltr'><strong>Juvat</strong></span> <span class='ocrx_word' id='word_1_865' title='bbox 3561 5318 3741 5371; x_wconf 65' lang='lat' dir='ltr'><strong>videre</strong></span> 
     </span>
    </p>
   </div>
   <div class='ocr_carea' id='block_1_126' title="bbox 2160 5380 3737 5461">
    <p class='ocr_par' dir='ltr' id='par_1_126' title="bbox 2160 5380 3737 5461">
     <span class='ocr_line' id='line_1_127' title="bbox 2160 5380 3737 5461; baseline 0.007 -30"><span class='ocrx_word' id='word_1_866' title='bbox 2160 5387 2426 5461; x_wconf 72' lang='lat' dir='ltr'><strong>secretum,</strong></span> <span class='ocrx_word' id='word_1_867' title='bbox 2474 5380 2648 5461; x_wconf 74' lang='lat' dir='ltr'><strong>latices</strong></span> <span class='ocrx_word' id='word_1_868' title='bbox 2693 5396 2901 5461; x_wconf 67' lang='lat' dir='ltr'><strong>vapores</strong></span> <span class='ocrx_word' id='word_1_869' title='bbox 2939 5380 3109 5452; x_wconf 80' lang='lat' dir='ltr'><strong>igneos</strong></span> <span class='ocrx_word' id='word_1_870' title='bbox 3156 5383 3461 5448; x_wconf 69' lang='lat' dir='ltr'><strong>exhalantes.</strong></span> <span class='ocrx_word' id='word_1_871' title='bbox 3507 5390 3737 5442; x_wconf 82' lang='lat' dir='ltr'><strong>amicum</strong></span> 
     </span>
    </p>
   </div>
   <div class='ocr_carea' id='block_1_127' title="bbox 2160 5450 3740 5531">
    <p class='ocr_par' dir='ltr' id='par_1_127' title="bbox 2160 5450 3740 5531">
     <span class='ocr_line' id='line_1_128' title="bbox 2160 5450 3740 5531; baseline 0.008 -31"><span class='ocrx_word' id='word_1_872' title='bbox 2160 5450 2312 5531; x_wconf 67' lang='lat' dir='ltr'><strong>undis</strong></span> <span class='ocrx_word' id='word_1_873' title='bbox 2336 5450 2671 5531; x_wconf 67' lang='lat' dir='ltr'><strong>indesinenter</strong></span> <span class='ocrx_word' id='word_1_874' title='bbox 2697 5450 3026 5531; x_wconf 40' lang='lat' dir='ltr'><strong>ardor-emet</strong></span> <span class='ocrx_word' id='word_1_875' title='bbox 3047 5456 3265 5508; x_wconf 88' lang='lat' dir='ltr'><strong>calorem</strong></span> <span class='ocrx_word' id='word_1_876' title='bbox 3294 5459 3458 5512; x_wconf 74' lang='lat' dir='ltr'><strong>venire</strong></span> <span class='ocrx_word' id='word_1_877' title='bbox 3482 5460 3544 5511; x_wconf 86' lang='lat' dir='ltr'><strong>de</strong></span> <span class='ocrx_word' id='word_1_878' title='bbox 3572 5474 3740 5513; x_wconf 73' lang='lat' dir='ltr'><strong>cursu</strong></span> 
     </span>
    </p>
   </div>
   <div class='ocr_carea' id='block_1_128' title="bbox 2157 5520 3512 5661">
    <p class='ocr_par' dir='ltr' id='par_1_128' title="bbox 2157 5520 3512 5661">
     <span class='ocr_line' id='line_1_129' title="bbox 2157 5520 3210 5593; baseline 0.007 -21"><span class='ocrx_word' id='word_1_879' title='bbox 2157 5520 2275 5586; x_wconf 81' lang='lat' dir='ltr'><strong>rivi,</strong></span> <span class='ocrx_word' id='word_1_880' title='bbox 2307 5520 2439 5571; x_wconf 79' lang='lat' dir='ltr'><strong>unde</strong></span> <span class='ocrx_word' id='word_1_881' title='bbox 2467 5521 2706 5573; x_wconf 70' lang='lat' dir='ltr'><strong>usualilrr</strong></span> <span class='ocrx_word' id='word_1_882' title='bbox 2727 5520 2915 5574; x_wconf 75' lang='lat' dir='ltr'><strong>solebat</strong></span> <span class='ocrx_word' id='word_1_883' title='bbox 2938 5524 3210 5593; x_wconf 73' lang='lat' dir='ltr'><strong>exstingui.</strong></span> 
     </span>
     <span class='ocr_line' id='line_1_130' title="bbox 2231 5588 3512 5661; baseline 0.009 -23"><span class='ocrx_word' id='word_1_884' title='bbox 2231 5589 2251 5661; x_wconf 56' lang='grc' dir='ltr'>ξ</span> <span class='ocrx_word' id='word_1_885' title='bbox 2284 5588 2596 5661; x_wconf 57' lang='lat' dir='ltr'><strong>Parthenius</strong></span> <span class='ocrx_word' id='word_1_886' title='bbox 2623 5590 2811 5661; x_wconf 72' lang='lat' dir='ltr'><strong>nastir]</strong></span> <span class='ocrx_word' id='word_1_887' title='bbox 2839 5592 2910 5646; x_wconf 90' lang='lat' dir='ltr'><strong>De</strong></span> <span class='ocrx_word' id='word_1_888' title='bbox 2940 5612 3042 5661; x_wconf 88' lang='lat' dir='ltr'><strong>quo</strong></span> <span class='ocrx_word' id='word_1_889' title='bbox 3072 5595 3164 5650; x_wconf 74' lang='lat' dir='ltr'><strong>liii.</strong></span> <span class='ocrx_word' id='word_1_890' title='bbox 3198 5612 3265 5661; x_wconf 77' lang='lat' dir='ltr'><strong>vr,</strong></span> <span class='ocrx_word' id='word_1_891' title='bbox 3302 5598 3457 5661; x_wconf 85' lang='lat' dir='ltr'><strong>epist.</strong></span> <span class='ocrx_word' id='word_1_892' title='bbox 3490 5597 3512 5650; x_wconf 79' lang='grc' dir='ltr'><strong>Ι</strong></span> 
     </span>
    </p>
   </div>
   <div class='ocr_carea' id='block_1_129' title="bbox 2228 5612 3733 5742">
    <p class='ocr_par' dir='ltr' id='par_1_129' title="bbox 2228 5612 3733 5742">
     <span class='ocr_line' id='line_1_131' title="bbox 2231 5612 3539 5671; baseline 0.008 -31"><span class='ocrx_word' id='word_1_893' title='bbox 2231 5612 2250 5621; x_wconf 67' lang='grc' dir='ltr'><strong>ν</strong></span> <span class='ocrx_word' id='word_1_894' title='bbox 2284 5612 2596 5671; x_wconf 63' lang='lat' dir='ltr'><strong>rttrmentus</strong></span> <span class='ocrx_word' id='word_1_895' title='bbox 2626 5612 2811 5661; x_wconf 69' lang='lat' dir='ltr'><strong>nostirt</strong></span> <span class='ocrx_word' id='word_1_896' title='bbox 2840 5612 2910 5646; x_wconf 84' lang='lat' dir='ltr'><strong>ve</strong></span> <span class='ocrx_word' id='word_1_897' title='bbox 2940 5612 3042 5662; x_wconf 87' lang='lat' dir='ltr'><strong>quo</strong></span> <span class='ocrx_word' id='word_1_898' title='bbox 3072 5612 3164 5650; x_wconf 78' lang='lat' dir='ltr'><strong>lli).</strong></span> <span class='ocrx_word' id='word_1_899' title='bbox 3198 5612 3265 5661; x_wconf 75' lang='lat' dir='ltr'><strong>Vl,</strong></span> <span class='ocrx_word' id='word_1_900' title='bbox 3302 5612 3457 5663; x_wconf 80' lang='lat' dir='ltr'><strong>eplSI.</strong></span> <span class='ocrx_word' id='word_1_901' title='bbox 3490 5612 3539 5650; x_wconf 81' lang='grc'><strong>1.</strong></span> 
     </span>
     <span class='ocr_line' id='line_1_132' title="bbox 2228 5658 3733 5742; baseline 0.007 -30"><span class='ocrx_word' id='word_1_902' title='bbox 2228 5659 2249 5691; x_wconf 77' lang='grc'>⁸</span> <span class='ocrx_word' id='word_1_903' title='bbox 2278 5659 2406 5742; x_wconf 70' lang='lat' dir='ltr'><strong>Meis</strong></span> <span class='ocrx_word' id='word_1_904' title='bbox 2439 5658 2643 5742; x_wconf 65' lang='lat' dir='ltr'><strong>ofﬁciis]</strong></span> <span class='ocrx_word' id='word_1_905' title='bbox 2664 5664 2791 5742; x_wconf 66' lang='lat' dir='ltr'><strong>Qua:</strong></span> <span class='ocrx_word' id='word_1_906' title='bbox 2822 5664 3362 5742; x_wconf 82' lang='lat' dir='ltr'><strong>inSymtnaclticausa</strong></span> <span class='ocrx_word' id='word_1_907' title='bbox 3384 5671 3733 5736; x_wconf 57' lang='lat' dir='ltr'><strong>praestiterat.</strong></span> 
     </span>
    </p>
   </div>
   <div class='ocr_carea' id='block_1_130' title="bbox 2153 5732 3737 5814">
    <p class='ocr_par' dir='ltr' id='par_1_130' title="bbox 2153 5732 3737 5814">
     <span class='ocr_line' id='line_1_133' title="bbox 2153 5732 3737 5814; baseline 0.005 -30"><span class='ocrx_word' id='word_1_908' title='bbox 2153 5737 2264 5814; x_wconf 75' lang='lat' dir='ltr'><strong>tum</strong></span> <span class='ocrx_word' id='word_1_909' title='bbox 2288 5732 2581 5814; x_wconf 44' lang='lat' dir='ltr'><strong>caeteris-in“</strong></span> <span class='ocrx_word' id='word_1_910' title='bbox 2600 5732 2781 5814; x_wconf 80' lang='lat' dir='ltr'><strong>rebus,</strong></span> <span class='ocrx_word' id='word_1_911' title='bbox 2801 5745 2908 5814; x_wconf 66' lang='lat' dir='ltr'><strong>tum</strong></span> <span class='ocrx_word' id='word_1_912' title='bbox 2930 5732 3159 5814; x_wconf 76' lang='lat' dir='ltr'><strong>maxime</strong></span> <span class='ocrx_word' id='word_1_913' title='bbox 3183 5739 3232 5791; x_wconf 92' lang='lat' dir='ltr'><strong>in</strong></span> <span class='ocrx_word' id='word_1_914' title='bbox 3251 5732 3503 5814; x_wconf 77' lang='lat' dir='ltr'><strong>Apologia</strong></span> <span class='ocrx_word' id='word_1_915' title='bbox 3523 5756 3615 5807; x_wconf 85' lang='lat' dir='ltr'><strong>pro</strong></span> <span class='ocrx_word' id='word_1_916' title='bbox 3637 5756 3737 5809; x_wconf 79' lang='lat' dir='ltr'><strong>sy-</strong></span> 
     </span>
    </p>
   </div>
   <div class='ocr_carea' id='block_1_131' title="bbox 2153 5801 3733 5872">
    <p class='ocr_par' dir='ltr' id='par_1_131' title="bbox 2153 5801 3733 5872">
     <span class='ocr_line' id='line_1_134' title="bbox 2153 5801 3733 5872; baseline 0.009 -16"><span class='ocrx_word' id='word_1_917' title='bbox 2153 5801 2473 5866; x_wconf 79' lang='lat' dir='ltr'><strong>nodo,cujus</strong></span> <span class='ocrx_word' id='word_1_918' title='bbox 2487 5801 2794 5861; x_wconf 85' lang='lat' dir='ltr'><strong>defensione</strong></span> <span class='ocrx_word' id='word_1_919' title='bbox 2808 5805 3107 5865; x_wconf 65' lang='lat' dir='ltr'><strong>Symmachi</strong></span> <span class='ocrx_word' id='word_1_920' title='bbox 3123 5801 3733 5872; x_wconf 51' lang='lat' dir='ltr'><strong>innocentia&#39;nitebatu&#39;r.</strong></span> 
     </span>
    </p>
   </div>
  </div>
