3998 6362
250 322 314 375 95
1532 321 2009 383 EPISTULAIIUH
2046 324 2176 381 LIB.
2202 326 2265 384 ν.
3439 337 3508 395 οι

248 431 713 499 cocgitexpetere.
739 431 935 487 Sancta
955 438 1079 484 sunt
1109 430 1282 486 studia
1307 430 1604 486 litterarum
1636 433 1687 487 in
1711 433 1831 499 qui-
1856 435 1909 497 Α
1934 437 2167 507 theuius,
2199 439 2403 497 sororis
2425 456 2557 499 mea
2583 442 2745 512 filius,
2777 457 2874 513 per
2899 442 3133 500 liberalis
3152 445 3314 502 studii
3339 447 3506 503 disci-

248 524 346 578 bus
375 530 500 577 ante
531 523 863 578 incrementa
897 524 1098 591 peritiae
1143 523 1269 576 vitia
1316 524 1682 577 dediscuntur.
1716 524 1830 579 Hoc

250 615 438 671 itinere
462 627 597 667 cana
624 614 690 668 ad
718 629 885 669 annos
916 614 1144 682 pueriles
1166 614 1338 668 solent
1362 616 1545 669 venire
1568 616 1824 671 consilia:

248 708 374 764 dum
413 708 555 779 quod
594 716 727 762 retas
772 708 965 776 refugit
1016 718 1210 762 norunt
1255 709 1500 765 instituta
1550 720 1826 781 prastare.

247 797 446 853 Favete
472 813 604 866 ergo
632 815 645 851 :
674 798 691 829 ¹
723 799 967 852 veniendi
997 814 1187 854 causas
1220 800 1479 869 patefacta
1510 804 1831 873 consangui-

247 889 414 943 nitate
443 887 732 944 didicistis.
784 888 999 943 Habetis
1038 888 1304 959 obsidem,
1358 891 1411 946 in
1443 907 1547 962 quo
1597 894 1830 949 dilucide

247 982 561 1037 meritorum
617 981 753 1047 apud
802 997 897 1035 vos
948 998 1187 1036 meorum
1228 984 1455 1053 qualitas
1506 986 1825 1043 innotescat.

246 1072 496 1138 Domine,
546 1084 605 1125 ut
647 1087 830 1141 supra,
878 1072 1209 1127 salutationis
1262 1076 1615 1130 reverentiam
1668 1078 1828 1133 obse-

246 1167 492 1236 quiorum
510 1164 799 1218 devotiOue
820 1165 1120 1229 restituens,
1149 1180 1339 1233 precor
1357 1174 1413 1219 ut
1440 1166 1669 1235 perlator
1690 1183 1830 1237 pra:-

245 1256 476 1310 seutium
525 1253 759 1310 famulus
789 1265 961 1309 vester
1004 1254 1145 1309 felici
1186 1264 1330 1311 sorte
1378 1257 1644 1325 peregrini
1688 1260 1828 1328 apud

243 1364 338 1402 vos
381 1363 581 1402 nomen
631 1347 864 1416 excipiat
905 1348 1075 1415 :quia
1129 1348 1267 1418 quod
1315 1350 1623 1404 attributum
1670 1348 1829 1405 fuerit

243 1440 494 1513 precibus
525 1442 678 1506 meis,
708 1452 941 1497 vestrum
990 1455 1149 1513 supra
1181 1442 1331 1498 d0tes
1362 1455 1486 1496 suas
1530 1450 1686 1496 ornat
1710 1443 1830 1497 offi-

244 1547 405 1585 etum.

809 1623 1133 1679 EPISTULA
1174 1622 1265 1679 XI.

750 1731 1004 1771 ENNODIUS
1045 1731 1325 1771 LUMINOSO.

1910 533 2106 601 plinas
2133 533 2392 601 ingenuus
2423 536 2537 589 vult
2563 534 2770 592 videri:
2803 545 2973 604 aptat,
3008 537 3058 591 ni
3100 537 3276 602 fallor,
3311 540 3505 607 peculii

1935 626 2096 679 vestri
2147 624 2343 680 habere
2375 626 2759 681 testimonium.
2802 627 3104 697 Magnitudo
3142 628 3301 697 igitur
3329 640 3505 684 vestra

1932 718 2322 785 praeteritorum
2366 724 2546 781 tenax,
2592 730 2797 772 memor
2844 719 3219 785 praesentium,
3274 718 3505 786 prudi-ns

1932 807 2117 873 futuri,
2150 808 2468 876 perlatorem
2512 821 2607 876 pro
2650 821 2769 862 mea
2816 808 3280 863 commendatione
3328 811 3504 864 susci-

1934 899 2043 967 piat
2074 914 2087 950 :
2122 907 2178 951 et
2203 898 2288 966 qui
2320 899 2424 951 erit
2452 912 2547 967 per
2575 896 2833 952 visionem
2864 910 3095 952 vestram
3130 900 3401 954 scribente
3429 897 3503 954 fe-

1932 991 2101 1055 licior,
2136 990 2573 1061 peregrinationis
2615 1004 2722 1044 non
2768 990 2997 1059 patiatur
3024 991 3247 1046 adversa
3276 992 3499 1047 sentire.

1932 1082 2158 1143 Domine
2202 1082 2294 1148 tui,
2340 1082 2575 1137 debitum
2615 1084 2888 1136 servitium
2934 1081 3162 1137 reddens
3205 1098 3393 1152 precor
3445 1091 3503 1138 ut

1932 1177 2014 1232 vel
2048 1192 2140 1245 per
2162 1176 2298 1229 hanc
2319 1177 2654 1229 occasionem
2681 1190 2784 1245 qua
2808 1175 2954 1231 illinc
2984 1175 3301 1231 Parthenius
3323 1190 3501 1231 susce-

1934 1276 2051 1337 ptas
2073 1270 2271 1337 poterit
2298 1266 2517 1335 p‘.ginas
2546 1265 2836 1334 destinare,
2869 1266 3157 1323 desiderati
3184 1265 3500 1337 multiplice-

1934 1369 2017 1412 tur
2045 1358 2209 1412 forma
2238 1358 2507 1427 colloquii.

2457 1445 2791 1503 EPISTOLA
2828 1446 2969 1504 XIII.

2418 1554 2671 1594 ENNODIUS
2708 1553 3010 1593 HOBHISDE.

2000 1632 2206 1686 Scimus
2234 1628 2468 1698 religiosi
2500 1641 2828 1685 sacramenta
2857 1629 3112 1700 propositi
3172 1629 3240 1685 ab
3269 1628 3501 1685 obnoxia

1934 1726 2168 1795 pecealis
2200 1722 2557 1787 multitudine,
2584 1723 2885 1777 innocentia
2926 1733 2978 1777 et
3010 1722 3111 1777 fide
3143 1724 3400 1792 separari,
3447 1732 3500 1779 et

322 1804 518 1864 Videor
547 1807 681 1878 apud
707 1823 843 1878 qnos
874 1808 1115 1879 plurimis
1146 1807 1467 1863 asserendus
1511 1817 1615 1875 eSl.
1664 1825 1821 1880 quem
1854 1798 1902 1860 Β
1931 1819 2112 1873 titulos
2130 1813 2622 1870 venerabilisofﬁcii
2653 1830 2829 1869 mores
2856 1814 3303 1884 potiusinsiguire
3341 1828 3499 1884 quam

243 1904 477 1958 instituti
504 1903 733 1957 liberalis
762 1916 891 1957 cura
922 1903 1173 1955 sollicitat
1198 1920 1209 1953 :
1237 1917 1329 1955 vos
1360 1912 1607 1970 patronos
1631 1905 1825 1959 meruit

240 2010 403 2051 causa
432 1996 751 2049 communis.
802 1992 920 2049 Non
961 1994 1128 2064 ignari
1178 1995 1487 2065 peregrinos
1528 1997 1820 2066 suscipitis,

239 2100 337 2141 nec
365 2085 688 2140 erudiendos
713 2085 983 2137 animatis.
1024 2080 1268 2151 Expertis
1299 2099 1486 2137 manus
1522 2087 1815 2139 necessita-

239 2176 384 2232 tibus
416 2175 725 2241 frequenter
753 2175 1058 2237 adhibetur,
1112 2175 1235 2227 dum
1266 2173 1331 2227 ad
1363 2173 1677 2242 eloquentizn
1708 2175 1819 2239 pal-

238 2285 379 2325 mam
407 2270 603 2324 feriato
631 2282 726 2322 ore
757 2281 850 2321 eos
877 2270 964 2335 qui
994 2267 1220 2320 titubant
1255 2266 1514 2320 invitatis.
1551 2267 1820 2335 Exemplis

239 2361 485 2431 hortatur
504 2377 570 2415 ex
597 2360 880 2430 peregrino
903 2368 1113 2428 potens,
1130 2373 1195 2413 ex
1222 2359 1508 2426 insipiente
1533 2359 1818 2427 perfectus.

239 2452 476 2523 Utraque
508 2452 814 2517 Parthenio,
852 2465 1118 2519 germanae
1148 2464 1278 2505 mea:
1309 2450 1440 2514 filio,
1474 2465 1594 2518 pars
1625 2466 1824 2505 conve-

238 2546 349 2601 nit:
390 2549 480 2599 cui
527 2545 594 2598 ad
625 2544 958 2598 venerabiles
987 2542 1294 2611 disciplinas
1327 2543 1548 2596 Romam
1596 2545 1819 2609 petenti,

239 2654 332 2709 pro
359 2639 581 2693 ferratis
609 2636 911 2691 calcaribus
937 2633 1134 2689 sufficit
1162 2648 1255 2688 vos
1283 2634 1487 2690 videre.
1541 2633 1596 2689 Si
1624 2636 1690 2687 ab
1720 2635 1819 2688 htt-

238 2730 493 2785 manitate
536 2741 644 2783 non
691 2726 979 2795 discrepat,
1032 2724 1412 2779 sublimitatem
1445 2733 1586 2777 tuum
1628 2738 1820 2793 gerens

238 2832 361 2878 ante
386 2823 599 2886 oculos,
627 2820 794 2874 rebus
820 2819 886 2872 ad
916 2821 1163 2873 virtutem
1197 2818 1376 2887 potius
1406 2833 1563 2886 quam
1603 2816 1819 2872 monitis

238 2917 521 2973 excitatur.
554 2914 802 2983 Magistra
835 2913 1027 2967 laboris
1053 2921 1137 2966 est
1166 2912 1335 2965 laudis
1359 2911 1599 2976 ambitio,
1632 2909 1822 2981 pracci-

240 3020 339 3078 pue
362 3008 580 3077 quando
607 3006 660 3060 in
691 3006 780 3058 illo
821 3004 1096 3068 exuberat,
1139 3018 1298 3072 quem
1346 3003 1539 3058 similis
1586 3006 1820 3058 retineas

240 3100 405 3155 fuisse
433 3098 685 3153 fortuna.
717 3094 824 3152 Sed
857 3095 901 3149 si
930 3094 1079 3150 vobis
1106 3094 1254 3148 cordi
1278 3110 1416 3157 sum,
1446 3097 1589 3149 circa
1618 3109 1820 3150 memo-

1925 1924 2168 1977 corpora.
2196 1908 2324 1973 Quis
2342 1906 2539 1960 bonum
2563 1906 2903 1959 Conscientia:
2928 1905 3065 1959 inter
3089 1906 3333 1959 homines
3358 1921 3501 1974 quaa-

1925 2012 2027 2062 rat.
2060 2001 2104 2053 si
2134 1998 2313 2052 mundi
2341 1996 2639 2051 adhibenda
2687 2006 2771 2051 est
2797 1999 2939 2051 circa
2970 1995 3277 2067 pontificum
3306 2005 3501 2050 statuta

1925 2093 2251 2156 necessitas,
2301 2089 2347 2143 si
2395 2090 2732 2143 sacerdotum
2783 2089 3068 2157 promissio
3113 2087 3501 2156 circumspecta

1923 2186 2170 2239 cautione
2221 2182 2557 2237 servabitur?
2595 2180 2901 2250 Nunquam
2953 2178 3138 2233 habuit
3195 2180 3247 2234 in
3308 2177 3500 2234 affectu

1925 2276 2303 2340 constantiam,
2346 2275 2429 2328 cui
2479 2272 2651 2327 facere
2696 2270 2835 2325 aliud
2873 2272 2939 2325 de
2980 2270 3359 2341 pollicitatione
3396 2287 3501 2326 non

1924 2369 2093 2424 licuit.
2152 2367 2343 2421 Saeculi
2400 2364 2737 2420 conversatio
2784 2365 2958 2433 legum
3013 2374 3153 2419 metu
3204 2364 3497 2418 retinetur:

1928 2461 2017 2516 Dei
2051 2460 2277 2513 famulos
2305 2457 2444 2525 quod
2484 2458 2677 2510 bonum
2710 2465 2792 2510 est
2819 2455 3073 2511 exhibere
3112 2454 3362 2510 convenit
3392 2470 3497 2509 non

1928 2550 2215 2613 formidini,
2260 2548 2353 2603 sed
2385 2546 2571 2602 amori.
2606 2546 2810 2599 Dudum
2856 2545 2982 2598 dum
3023 2545 3175 2600 nobis
3216 2553 3387 2600 metus
3414 2546 3498 2599 in-

1925 2649 2112 2709 staret,
2157 2650 2209 2695 et
2249 2640 2316 2695 de
2360 2638 2639 2694 clementia
2680 2637 2751 2708 pii
2799 2639 2941 2708 regis
2982 2638 3144 2692 dubio
3183 2638 3491 2692 meritorum

1925 2734 2281 2789 aestimatione
2310 2730 2663 2799 penderemus
2703 2731 2925 2793 incerto,
2966 2730 3200 2784 camelos
3244 2737 3321 2782 tot
3367 2728 3499 2782 daa-

1924 2828 2024 2883 dus
2047 2829 2065 2858 ¹
2093 2827 2292 2880 domno
2332 2839 2481 2893 papa:
2517 2824 2605 2877 tali
2630 2824 2944 2879 reverentia
2970 2830 3162 2876 vestras
3193 2820 3499 2875 conditione

1927 2918 2263 2981 tradidimus,
2310 2924 2369 2969 ut
2412 2916 2455 2969 si
2502 2914 2652 2968 nobis
2698 2912 2950 2967 animalia
2999 2912 3115 2981 ipsa
3163 2927 3268 2966 non
3317 2922 3495 2967 essent

1925 3011 2251 3072 necessaria,
2274 3010 2473 3087 justum
2506 3022 2602 3074 pro
2643 3006 2771 3076 ipsis
2817 3008 3043 3075 pretium
3081 3006 3396 3059 mitteretur.
3429 3004 3497 3058 Et

1922 3106 2047 3174 quia
2089 3104 2237 3158 novit
2280 3098 2799 3169 optime‘sanctitas
2837 3107 3031 3163 vestra,
3088 3109 3204 3160 uos,
3248 3095 3374 3149 dum
3398 3109 3495 3163 po-

239 3202 412 3250 ratum
469 3200 672 3262 patrem
716 3190 944 3253 reddite,
996 3197 1054 3243 ut
1095 3203 1246 3243 amor
1283 3197 1499 3243 mutuus
1527 3187 1593 3244 de
1621 3187 1819 3243 vicaria

1933 3164 2146 3259 luimus,
2179 3210 2274 3265 per
2301 3164 2675 3263 allegationem
2709 3200 2850 3245 tuam
2880 3190 3131 3243 utilitates
3159 3196 3357 3243 sancite
3389 3187 3499 3242 Ro-

236 3285 580 3356 impeasione
627 3283 962 3354 gratuletur:
1009 3290 1066 3335 ut
1091 3280 1345 3350 quidquid
1376 3281 1429 3335 in
1460 3280 1821 3351 magnitudine

238 3387 333 3433 tua
360 3376 559 3431 dudum
588 3376 789 3429 laboris
808 3373 1050 3434 exhibui.
1084 3372 1214 3427 mihi
1260 3388 1353 3441 per
1382 3373 1608 3427 alterum
1653 3373 1823 3429 refor-

240 3482 439 3526 matur.
465 3468 710 3532 Domine,
756 3477 811 3521 ut
841 3480 1023 3536 supra,
1071 3465 1409 3519 salutationis
1437 3464 1690 3533 obsequia
1721 3464 1819 3519 de-

236 3562 511 3633 pendens,
550 3560 680 3615 satis
720 3571 843 3615 esse
870 3558 936 3613 ad
963 3557 1480 3613 commendationem
1512 3556 1736 3623 credidi,
1777 3558 1823 3612 si

236 3655 337 3724 qui
384 3660 529 3708 esset
574 3651 802 3722 portitor
848 3664 954 3705 non
1001 3652 1211 3704 lateret.
1265 3650 1488 3703 Precum
1522 3649 1825 3718 prolixitate

237 3745 416 3799 utitur
438 3744 505 3797 da
530 3740 901 3811 impetratione
922 3740 1210 3795 diffidens:
1242 3748 1615 3809 argumentum
1643 3751 1725 3796 est
1750 3740 1824 3795 nil

240 3835 528 3898 merentis,
583 3834 675 3888 diu
714 3846 921 3901 rogare.
967 3831 1216 3887 Facessat
1256 3846 1285 3884 a
1312 3830 1549 3885 moribus
1591 3832 1718 3897 tuis,
1770 3840 1828 3887 ut

240 3928 446 3999 perdas
463 3925 838 3983 beneﬁciorum
864 3926 1100 3996 genium,
1121 3924 1246 3979 dum
1267 3925 1420 3993 longa
1440 3924 1826 3994 supplicatione

237 4019 562 4091 producitur
589 4017 655 4072 de
682 4015 875 4072 effectu
897 4017 1059 4072 celeri
1091 4016 1470 4071 sublevandus.

802 4109 1131 4166 EPISTULA
1170 4109 1283 4164 XII.

658 4220 914 4260 INIODIUS
954 4217 1157 4258 ηυετο
1193 4219 1413 4258 IUNIORI.

312 4298 431 4352 Deo
454 4298 649 4366 gratias
672 4296 947 4365 prmfatus,
998 4298 1087 4363 qui
1118 4295 1396 4349 oculorum
1429 4309 1668 4349 meorum
1694 4309 1825 4365 quas

234 4388 639 4456 inexplicabilis
667 4387 819 4442 dolor
868 4396 1147 4455 pepererat
1192 4386 1360 4440 nubes
1404 4386 1687 4439 abstersit:
1710 4386 1828 4455 jure

235 4480 306 4536 ad
323 4480 507 4549 ipsum
522 4480 771 4534 beneficia
787 4494 879 4533 sua
910 4479 1170 4543 referens,
1189 4479 1277 4548 qui
1298 4480 1473 4533 lumen
1490 4478 1827 4533 deditetred-

234 4573 403 4629 didit.
441 4571 537 4624 Vix
564 4574 704 4625 enim
735 4579 855 4641 post
879 4572 1189 4626 innumeros
1215 4571 1331 4627 dies
1359 4571 1602 4626 sanitatis
1633 4570 1825 4625 ﬁducia

233 4664 521 4719 animante
546 4664 768 4732 respiro.
789 4663 853 4717 Et
886 4664 985 4717 hoc
1017 4663 1081 4717 ad
1112 4663 1428 4717 sententiam
1461 4661 1708 4717 culminis
1736 4677 1829 4715 ve-
1874 4689 1877 4691 >

232 4759 341 4814 atri
374 4757 715 4828 prolixiorem
738 4756 975 4826 respicit,
1000 4766 1057 4811 ttt
1077 4772 1231 4827 quem
1255 4756 1442 4824 genius
1465 4770 1592 4809 suus
1614 4754 1680 4809 de
1704 4754 1831 4809 vici-

231 4854 415 4906 nitate
441 4848 698 4915 deseruit,
749 4849 820 4903 nil
854 4848 1054 4903 videret
1096 4865 1109 4901 :
1144 4848 1238 4902 sed
1275 4855 1461 4915 potens
1514 4855 1596 4900 est
1628 4846 1715 4901 ille
1741 4847 1829 4916 qui

232 4943 494 5009 corporis
525 4939 662 4994 tollit
688 4938 932 5005 nebulas,
972 4954 1148 4993 rerum
1180 4937 1469 4993 serenitate
1500 4948 1707 4992 mutare
1737 4939 1832 4991 tri-

230 5035 471 5089 stitiam.
506 5031 635 5087 Post
671 5031 1025 5087 elocutionem
1058 5032 1416 5097 necessitatis,
1460 5032 1525 5085 ad
1557 5031 1824 5093 negotium

232 5125 411 5181 redeo
438 5124 577 5193 quod
600 5134 839 5178 coactum
865 5124 1166 5193 impetravit
1195 5122 1505 5193 alloquium.
1542 5122 1823 5187 Amabitis,

234 5228 294 5270 ut
324 5230 515 5285 spero,
542 5215 777 5283 baiulum
807 5230 965 5285 quem
994 5216 1183 5269 asserit
1209 5228 1366 5268 causa
1399 5212 1671 5268 veniendi.
1701 5213 1827 5268 Par-

314 5352 331 5381 ¹
368 5350 426 5403 1η
458 5350 586 5404 edit.
614 5350 844 5413 Schotti,
877 5353 1022 5420 cujus
1044 5350 1300 5410 veniendi.
1331 5358 1435 5407 etc.

310 5423 333 5452 ³
371 5420 570 5475 Damno
599 5421 783 5492 papae]
815 5423 1137 5493 Symmacho
1178 5440 1189 5476 :
1235 5432 1288 5493 et
1330 5423 1434 5493 huc
1485 5420 1648 5491 igitur
1696 5421 1836 5493 inter

232 5492 476 5565 Ennodii
517 5508 642 5562 erga
692 5492 1073 5565 Symmachum
1118 5492 1373 5565 beneficia
1419 5492 1829 5565 numerandum.

315 5564 337 5593 ³
374 5562 628 5619 Sanctitas
658 5562 855 5634 vestra]
889 5564 949 5618 Ut
982 5562 1254 5617 Beatitndo
1290 5574 1396 5627 tua,
1430 5578 1589 5632 supra
1636 5562 1727 5617 lih.
1758 5578 1828 5628 tv,

232 5636 410 5705 epist.
432 5635 497 5692 54
530 5633 1050 5691 Ilormistlze’eidt-m.
1083 5636 1218 5688 Itara
1247 5633 1584 5698 compellatio
1616 5633 1667 5705 in
1698 5634 1831 5705 allo-

234 5704 461 5761 cutione
505 5708 741 5770 diaconi,
793 5706 944 5774 cujus
992 5706 1196 5759 ordinis
1239 5718 1347 5759 erat
1384 5704 1684 5761 llotmisda.
1738 5704 1828 5758 Est

233 5776 397 5837 enim
424 5779 800 5849 episcoporum
832 5778 1009 5846 potius
1061 5777 1139 5832 vel
1197 5776 1633 5845 presbyterorum
1660 5798 1831 5846 προσ·

1926 3305 2097 3345 manac
2130 3287 2384 3343 Ecclesia:
2422 3285 2762 3348 sublevasse,
2802 3295 2944 3337 nunc
2994 3296 3091 3351 pro
3132 3280 3498 3335 vicissitudine

1926 3381 2085 3438 facite
2109 3381 2177 3436 de
2203 3380 2427 3435 veritate
2449 3375 2781 3432 beneficium.
2810 3374 3124 3443 Qumumus
3143 3372 3327 3435 etiam,
3352 3372 3498 3425 salu-

1929 3475 2129 3528 tatione
2161 3470 2396 3541 praefata,
2432 3479 2492 3523 ut
2517 3468 2641 3537 quid
2671 3481 2834 3537 super
2878 3466 2974 3520 hac
3002 3474 3153 3534 parte
3179 3463 3497 3519 deliberatio

1926 3574 2099 3621 vestra
2130 3564 2344 3623 habeat,
2371 3561 2615 3615 indicetis
2645 3575 2662 3613 :
2704 3559 2826 3628 quia
2864 3557 3134 3612 credimus
3176 3569 3276 3610 nec
3305 3552 3498 3623 praefa-

1930 3667 2040 3712 tum
2068 3655 2212 3711 sedis
2239 3653 2545 3724 apostolica:
2572 3652 2877 3721 praesulem,
2927 3664 3027 3704 nec
3054 3662 3153 3702 vos
3180 3648 3268 3717 qui
3298 3645 3499 3701 media-

1928 3757 2073 3804 tores
2103 3746 2354 3814 existitis,
2383 3745 2525 3799 aliud
2553 3743 2815 3814 cogitare,
2846 3740 2945 3794 nisi
2976 3738 3115 3808 quod
3147 3746 3201 3793 et
3229 3735 3500 3807 preposite

1930 3849 1985 3897 et
2010 3838 2230 3908 iustitiae
2258 3836 2377 3892 sine
2400 3836 2728 3889 dubitatione
2758 3830 3058 3887 conveniat.

2457 3926 2791 3983 EPISTULA
2832 3924 2970 3978 XIV.

2374 4034 2629 4076 INNOBIUB
2669 4018 2689 4048 ⁸
2732 4029 3054 4072 ssnvtuout.

2003 4115 2076 4169 De
2099 4111 2431 4183 perfectiotte
2458 4109 2731 4165 confidunt
2756 4107 3022 4177 discipuli,
3053 4104 3304 4175 quotiens
3336 4104 3501 4173 magi-

1926 4214 2163 4261 strorum
2194 4203 2529 4272 prms‘eutiam
2577 4201 2971 4271 priestolautur.
3019 4198 3154 4266 Spes
3189 4196 3503 4250 eruditionis

1930 4297 2209 4354 manifesta
2237 4304 2339 4354 est.
2372 4306 2431 4351 ut
2462 4296 2663 4349 fruatur
2694 4294 2853 4363 genio
2881 4306 2998 4356 suo,
3044 4290 3272 4344 invitare
3320 4289 3503 4343 docto-

1932 4405 2045 4445 rem
2077 4388 2258 4443 :clara
2289 4396 2410 4442 sunt
2440 4387 2664 4455 ingenia,
2698 4401 2814 4454 qua:
2846 4384 3203 4438 instruentum
3236 4382 3503 4445 agitantur

1934 4479 2243 4536 desideriis:
2272 4478 2587 4532 monitorem
2610 4477 2907 4545 requirunt,
2929 4475 3016 4543 qui
3041 4471 3177 4527 felici
3201 4485 3345 4527 sorte
3369 4471 3503 4525 didi-

1932 4580 2141 4631 cerunt.
2168 4570 2257 4626 Sic
2286 4585 2411 4639 ergo
2437 4568 2731 4623 sanctitatis
2758 4575 2861 4621 tua
2888 4564 3172 4619 affectione
3200 4577 3501 4631 possessus,

1935 4678 2233 4734 quanquam
2260 4676 2345 4716 me
2374 4660 2439 4715 de
2462 4660 2642 4728 peritia
2665 4657 2869 4727 jactare
2890 4670 2995 4710 non
3024 4654 3271 4718 audeam,
3300 4652 3503 4705 vultum

1937 4764 2113 4810 tamen
2146 4751 2487 4823 prmecptoris
2515 4757 2768 4819 exspecto
2802 4764 2817 4803 :
2850 4763 2918 4803 ue
2942 4746 3195 4816 degeneri
3239 4756 3290 4799 te
3319 4744 3505 4798 credas

1936 4845 2357 4904 ecclesiasticum
2386 4858 2605 4913 germen
2632 4842 2741 4907 filio
2764 4839 3103 4898 commisisse
3128 4857 3139 4891 :
3174 4839 3295 4905 quia
3322 4852 3505 4906 quam-

1940 4942 2017 4996 vis
2044 4941 2297 4994 memoria
2332 4953 2449 4992 mea
2476 4936 2541 4991 ad
2580 4944 2837 4992 centenos
2864 4949 2921 4989 se
2955 4948 3059 4987 non
3091 4931 3265 4985 valeat
3306 4932 3508 4983 fructus

1934 5031 2190 5089 extollere
2227 5047 2241 5095 ;
2272 5029 2373 5085 scit
2402 5037 2575 5084 tamen
2606 5028 2811 5083 semina
2851 5025 3194 5094 multiplicata
3226 5022 3507 5078 redhibere

1933 5110 2145 5178 cultori.
2178 5121 2307 5177 Veni
2333 5132 2477 5190 ergo,
2515 5128 2569 5173 ttt
2605 5133 2784 5173 coram
2831 5117 3036 5184 positus
3078 5123 3313 5183 segetem
3363 5123 3504 5165 tuam

1934 5216 2057 5271 boni
2089 5214 2336 5285 agricola:
2364 5213 2479 5267 vice
2504 5210 2777 5281 respicias.
2808 5208 2948 5263 Deus
2982 5206 3167 5277 procul
3194 5210 3399 5263 avertat
3430 5202 3506 5253 in-

1939 5354 2176 5426 φῴνησις.
2205 5353 2455 5426 Attamen
2475 5349 2724 5426 eumdem
2756 5346 3086 5426 Hormisdam
3109 5344 3396 5426 diaconum
3420 5351 3505 5426 ta-

1939 5414 2045 5475 cito
2076 5424 2289 5475 nomine
2318 5420 2711 5474 sanctissimum
2735 5420 2890 5473 etiam
2921 5426 3077 5471 vocat
3109 5414 3198 5467 lib.
3228 5425 3317 5470 vn,
3349 5414 3504 5473 epist.

1937 5492 2008 5545 20
2037 5492 2101 5545 ad
2126 5493 2409 5545 Maximum
2436 5508 2449 5544 :
2476 5490 2644 5545 Habes
2664 5506 2778 5563 quo:
2801 5506 2913 5563 cum
2942 5490 3167 5563 Adiucono
3188 5480 3505 5563 sanctissimo

1936 5564 2000 5616 de
2019 5564 2260 5617 institutis
2291 5578 2487 5616 morum
2521 5573 2639 5615 nota
2675 5560 2876 5614 dicendi
2897 5560 3120 5610 ubertate
3142 5560 3503 5606 communicet.

2007 5633 2028 5664 ⁸
2056 5632 2365 5704 Servilioni]
2396 5632 2620 5687 Ennodii
2649 5632 2925 5699 magistro,
2948 5641 2977 5679 a
3000 5638 3108 5694 quo
3133 5621 3507 5680 ecclesiasticis

1934 5703 2193 5761 institutis
2215 5703 2387 5760 fuerat
2411 5705 2662 5759 imbutus.
