3998 6362
528 342 601 398 95
1633 332 1912 393 ENNODII
1952 331 2267 391 EPISCOPI
2308 335 2684 394 TICINENSIS
3730 334 3801 393 96

518 460 741 517 vidiam.
765 460 841 515 Ita
871 458 1178 515 vomeribus
1206 459 1311 514 tuis
1339 458 1716 515 ecclesiasticae
1756 454 2095 511 fecunditatis
2123 452 2179 511 Α

518 557 697 625 planta
728 556 1013 621 convaluit,
1066 562 1125 607 ut
1164 553 1308 608 nulla
1340 552 1611 607 saevientis
1649 552 1899 621 procella:
1929 551 2099 619 possit

477 675 480 679 ε
519 646 838 715 impulsione
854 646 1108 699 subverti.
1132 645 1267 700 Nolo
1297 644 1606 714 praejudicio
1633 643 1775 698 laudi
1795 643 2098 697 sanctitatis

519 747 624 793 tua:
653 752 873 808 gravare
912 738 1338 793 conscientiam:
1373 738 1625 804 insiticies
1649 748 1769 805 quae
1795 734 2095 789 litterarum

518 828 1486 899 testimoniodeclarantur.Superest,
1510 827 1832 884 salutatione
1856 827 2095 896 praelata,

518 932 578 977 ut
604 923 670 976 ad
700 922 890 992 gaudia
919 932 1006 977 tua
1029 924 1137 992 jam
1170 939 1468 995 properes:
1493 924 1617 992 quia
1638 922 1815 977 divina
1837 921 2097 977 beneficia

516 1014 766 1083 gradibus
792 1029 1008 1084 semper
1031 1018 1308 1085 accedunt,
1337 1026 1391 1072 et
1413 1016 1606 1088 quibus
1626 1014 1766 1071 bona
1792 1013 2097 1079 conferunt,

514 1107 737 1162 meliora
768 1108 1111 1177 pollicentur.

1057 1219 1391 1276 EPISTOLA
1435 1219 1547 1274 XV.

1034 1330 1291 1370 ENNODIUS
1329 1329 1574 1369 SENARIO.

583 1409 864 1476 Nunquam
912 1408 1050 1478 apud
1080 1410 1248 1463 Deum
1299 1407 1413 1463 fusa
1454 1407 1761 1477 deprecatio
1789 1406 1971 1463 votivo
1994 1421 2098 1460 nu-

513 1502 672 1555 datur
699 1500 912 1567 effectu,
954 1501 1092 1570 apud
1121 1517 1278 1571 quem
1318 1502 1556 1556 hilaritas
1600 1501 1852 1572 lacrymis
1889 1500 2100 1554 obtine-

513 1600 620 1654 tur,
654 1602 708 1648 et
733 1608 934 1648 mceror
959 1594 1150 1647 transit
1188 1592 1241 1647 in
1276 1593 1535 1647 laetitiam.
1579 1591 1764 1647 Adfuit
1797 1589 2099 1645 Divinitatis

513 1685 771 1740 auxilium
804 1685 1088 1741 desideriis
1121 1686 1272 1750 meis,
1314 1695 1369 1740 et
1406 1694 1488 1750 te,
1537 1685 1730 1738 animae
1762 1698 1895 1737 mete
1926 1682 2099 1752 major

512 1778 710 1846 portio,
742 1777 757 1807 ί
788 1776 857 1830 de
888 1777 1109 1847 prolixis
1136 1778 1373 1847 gentium
1408 1776 1601 1829 finibus
1630 1776 1800 1845 gratia
1829 1775 1965 1830 duce
2004 1791 2096 1830 re-

2734 453 3063 510 EPISTOLA
3105 453 3266 510 XVII.

2745 564 3000 603 EMVODIUS
3039 565 3259 604 AVIENO.

2279 640 2424 694 Bene
2470 640 2778 708 magnitudo
2827 652 3001 696 vestra
3027 684 3042 707 ,
3076 642 3201 697 dum
3234 643 3424 713 origini
3465 652 3519 700 et
3556 645 3801 703 moribus

2209 742 2427 803 praestat
2467 735 2780 801 obsequium
2806 777 2820 800 ,
2871 737 3304 792 emendationem
3352 739 3472 794 sine
3513 740 3799 798 intervallo

2206 826 2484 897 conjungit
2511 828 2683 882 errori
2718 843 2733 882 :
2763 838 2819 883 et
2846 828 2985 896 quod
3017 838 3292 898 peccatum
3335 831 3609 900 sapienter
3640 834 3801 889 intel-

2206 920 2357 990 ligit,
2412 921 2716 991 priusquam
2764 922 2933 978 altero
2971 922 3357 988 denuntietur,
3398 926 3613 981 avertit.
3663 926 3799 995 Quis

2205 1014 2389 1070 credat
2414 1013 2703 1084 deliquisse
2734 1014 2787 1069 in
2818 1016 3157 1071 correctione
3185 1015 3622 1083 velocissimum?
3659 1034 3800 1088 pene

2206 1123 2315 1163 non
2358 1108 2632 1164 vocandus
2669 1118 2753 1164 est
2787 1116 3021 1164 sectator
3060 1124 3375 1165 excessuum
3400 1150 3417 1175 ,
3459 1110 3550 1179 qui
3579 1109 3798 1166 obviam

2204 1214 2422 1254 manum
2453 1202 2603 1271 ponit
2632 1200 2685 1255 in
2710 1201 3059 1271 subreptione
3087 1202 3385 1271 culparum.
3416 1200 3565 1271 Htec,
3598 1202 3671 1256 mi
3699 1201 3801 1256 do-

2205 1293 2350 1348 mine
2369 1332 2384 1359 ,
2414 1292 2481 1347 ad
2511 1308 2574 1349 ea
2604 1308 2723 1361 quas
2753 1293 3004 1365 dignatus
3030 1308 3089 1349 es
3116 1293 3375 1360 scribere,
3406 1293 3580 1364 gratia
3612 1302 3799 1351 vestra

2204 1384 2342 1441 duce
2371 1387 2693 1457 respondeo.
2724 1386 2990 1442 Caeterum
3020 1386 3361 1441 humiliorem
3393 1401 3478 1441 me
3506 1387 3791 1457 proposito

2202 1491 2418 1536 actuum
2464 1495 2707 1535 meorum
2752 1480 2991 1551 pondera
3029 1478 3425 1535 reddiderunt:
3456 1479 3544 1535 vix
3573 1480 3798 1537 miseria

2203 1574 2438 1629 remansi
2489 1574 2716 1629 idoneus
2752 1574 3051 1631 reformare
3098 1572 3385 1644 colloquia.
3436 1573 3664 1629 Domine
3694 1574 3796 1643 mi,

2202 1665 2542 1721 salutationis
2585 1666 2842 1734 obsequia
2889 1675 3250 1735 prmsentans,
3298 1665 3464 1720 Deum
3503 1648 3662 1734 rogo,
3702 1665 3797 1734 qui

2203 1761 2526 1817 culminibus
2551 1762 2745 1819 vestris
2766 1759 3000 1816 fructum
3030 1776 3127 1830 pro
3154 1760 3256 1816 hac
3277 1774 3382 1830 qua
3403 1757 3659 1815 humilem
3682 1774 3795 1815 non

511 1876 741 1928 vocavit.
789 1874 929 1928 Vere
957 1891 1061 1929 non
1088 1891 1306 1943 possum
1336 1876 1617 1946 epistolam
1652 1875 1703 1928 in
1733 1874 1900 1928 multa
1930 1872 2088 1926 verba

2201 1856 2480 1926 spernitis,
2513 1853 2947 1910 consideratione
2977 1854 3247 1909 restituat.

510 1964 827 2030 diffundere,
864 1965 1151 2035 impeditus
1178 1967 1413 2031 fletibus,
1445 1982 1582 2038 quos
1605 1966 1797 2036 gaudia
1824 1965 1875 2020 in
1908 1979 2096 2020 cumu-
2171 2005 2186 2019 .

508 2054 619 2111 lum
646 2056 876 2111 adducta
906 2070 1248 2126 pepererunt.
1278 2058 1407 2123 Fac,
1449 2059 1520 2112 mi
1552 2058 1791 2120 domine,
1847 2055 2096 2126 parvitati

508 2162 647 2203 mea:
669 2148 908 2203 ccelestis
941 2148 1067 2203 doni
1110 2149 1495 2218 plenitudinem
1538 2164 1642 2203 non
1677 2148 1875 2217 perire.
1921 2146 2094 2202 Unum

510 2247 738 2307 uterque
770 2239 1064 2295 habeamus
1106 2241 1395 2311 hospitium
1428 2260 1441 2295 :
1474 2256 1573 2296 nec
1610 2240 1678 2296 de
1707 2241 1967 2312 parietum
1999 2256 2097 2294 an-

509 2331 684 2402 gustia
724 2331 1029 2387 sollicitudo
1072 2343 1390 2403 generetur;
1441 2332 1655 2404 quando
1702 2349 1863 2388 unum
1910 2344 2097 2403 pectus

512 2423 784 2479 sufﬁciens
811 2424 1091 2485 animabus
1122 2425 1321 2481 nostris
1350 2436 1570 2496 praestat
1598 2425 1985 2481 habitaculum.

1044 2538 1378 2595 EPISTOLA
1416 2539 1557 2595 XVI.

992 2645 1247 2686 summus
1270 2634 1289 2662 ³
1312 2646 1631 2686 ramrnomo.

585 2730 774 2802 Magna
814 2740 940 2787 sunt
964 2734 1280 2804 gaudiorum
1316 2736 1584 2804 imperiai:
1620 2750 1814 2805 expers
1849 2744 1933 2791 est
1968 2750 2097 2791 con-

514 2822 753 2879 tinentia:
774 2825 1038 2893 hilaritas,
1061 2836 1116 2882 et
1145 2826 1197 2881 in
1223 2842 1406 2882 vocem
1431 2830 1592 2899 gestit
1613 2844 1917 2898 erumpere.
1940 2828 2099 2883 Venit

510 2915 713 2984 aptatis
742 2915 1019 2971 desideriis
1047 2917 1185 2984 dies,
1217 2927 1271 2973 et
1292 2920 1382 2974 ille
1409 2935 1567 2989 quem
1597 2936 1866 2990 nunquam
1892 2920 1961 2975 de
1985 2936 2099 2976 me-

511 3008 632 3063 ritis
661 3008 815 3075 meis,
857 3009 951 3064 sed
978 3025 1191 3080 semper
1216 3012 1284 3067 de
1319 3027 1552 3080 superna
1582 3014 1780 3082 pietate
1808 3012 2093 3082 postulavi,

512 3099 868 3169 magnitudini
899 3110 1004 3156 tua:
1031 3102 1288 3171 splendor
1316 3105 1544 3159 accessit
1576 3121 1588 3157 :
1618 3104 1859 3159 redditus
1888 3113 1972 3159 est
1998 3120 2096 3175 ge-

513 3191 630 3244 neri
658 3199 711 3244 et
733 3191 973 3247 moribus
1004 3194 1107 3247 tuis
1140 3208 1300 3261 apex,
1345 3209 1438 3263 per
1474 3210 1633 3264 quem
1662 3195 2005 3251 conscientiae
2031 3195 2097 3249 fi-
2127 3218 2174 3283 ο

514 3280 649 3336 delis
676 3282 729 3336 in
762 3284 931 3339 lucem
961 3284 1174 3352 prodire
1202 3301 1307 3340 non
1342 3287 1594 3342 formidet
1624 3290 1920 3359 integritas.
1952 3290 2095 3345 Deus

514 3375 676 3440 bone,
706 3375 908 3431 indulta
942 3379 1194 3433 custodi:
1228 3395 1365 3449 auge
1401 3383 1741 3437 successibus
1766 3384 1905 3454 quod
1945 3384 2097 3440 dedi-

515 3467 582 3521 sti
602 3485 615 3522 :
636 3467 718 3522 fac
732 3467 872 3523 circa
904 3485 1118 3524 servum
1147 3480 1292 3525 tuum
1325 3473 1556 3541 primum
1585 3490 1708 3529 esse
1736 3475 1979 3544 gradum,
2003 3478 2096 3548 qui

514 3575 757 3618 summus
783 3570 887 3617 est.
919 3563 1175 3633 Prtecipio
1201 3579 1297 3634 Spe
1321 3565 1514 3636 futura,
1541 3584 1661 3638 quae
1682 3568 1944 3639 deprecor
1968 3588 1980 3624 :
2003 3587 2097 3626 ne-

512 3655 690 3710 sciunt
720 3656 775 3709 in
803 3656 1005 3711 foribus
1036 3656 1262 3727 haerere,
1294 3674 1413 3728 qua:
1442 3660 1581 3714 cmlo
1609 3672 1828 3716 auctore
1854 3662 2096 3717 tribuun-

515 3755 619 3800 tur.
648 3745 873 3816 Semper
899 3748 1245 3804 incrementis
1274 3749 1341 3804 ad
1368 3751 1580 3807 culmen
1620 3754 1960 3821 ascenditur,
2006 3756 2097 3811 ubi

514 3852 779 3908 supernus
814 3838 965 3894 favor
999 3850 1216 3909 praestat
1258 3842 1555 3898 exordium.
1597 3844 1727 3912 Quis
1757 3845 1859 3901 hoc
1898 3846 1951 3901 in
1987 3848 2097 3903 vita

510 3927 786 3984 hominum
836 3931 919 3986 vel
950 3946 1137 3989 eorum
1165 3935 1254 4002 qui
1284 3938 1746 3994 conversationem
1772 3956 1921 3995 suam
1950 3942 2095 3998 nulla

511 4022 820 4076 custodiunt
856 4024 996 4079 nube
1030 4025 1355 4094 sordentem,
1392 4030 1684 4085 accessisse
1723 4031 1827 4087 sibi
1868 4033 1953 4088 die
1991 4051 2095 4091 una

509 4114 838 4181 gratuletur;
873 4123 926 4167 te
952 4116 1215 4170 honorum
1244 4119 1481 4187 auSpicia
1509 4121 1831 4190 ingressum,
1860 4133 1917 4179 et
1937 4124 2096 4182 dulce

510 4219 687 4260 meum
720 4208 1004 4261 Senarium
1049 4209 1117 4264 ab
1145 4210 1343 4266 ultimis
1371 4220 1629 4268 terrarum
1665 4217 1904 4285 partibus
1936 4221 2092 4274 resti-

510 4299 717 4352 tutum?
746 4300 932 4356 Brevis
956 4300 1210 4359 horarum
1240 4321 1431 4362 cursus
1460 4308 1719 4379 Interfuit,
1755 4323 1810 4365 ut
1837 4322 1890 4367 et
1920 4320 1973 4366 tu
1998 4327 2091 4381 pa-

511 4390 636 4446 latio
668 4402 844 4459 natus,
872 4405 928 4450 ct
969 4395 1057 4451 ille
1098 4398 1167 4452 sit
1198 4400 1457 4458 redditus.
1504 4403 1558 4457 In
1598 4405 1820 4459 veritate
1853 4404 1995 4473 dico,
2034 4413 2090 4460 et

514 4481 573 4536 de
606 4482 695 4537 Dei
728 4486 1095 4543 misericordia
1127 4490 1254 4544 mihi
1280 4506 1500 4548 securus
1526 4495 1787 4562 spondeo,
1814 4494 2086 4567 fragilitati

517 4588 639 4628 nere
668 4576 911 4642 ρνεειίάιςι
954 4581 1092 4635 coelo
1127 4581 1458 4652 obsequente
1492 4587 1733 4641 concedi.
1775 4588 2082 4658 Spondetur
2107 4597 2162 4658 Ι)

503 4665 654 4731 mihi,
683 4668 825 4737 quod
858 4668 1008 4724 vobis
1038 4681 1119 4726 est
1148 4676 1465 4742 praestitum.
1505 4678 1729 4734 Domine
1760 4682 1852 4748 mi,
1881 4683 2081 4738 saluta-

502 4758 664 4813 tionis
686 4760 938 4829 ohsequia
964 4763 1285 4834 suscipiens,
1313 4783 1441 4838 rogo
1468 4778 1524 4823 ut
1545 4772 1587 4823 si
1613 4771 1736 4841 quid
1765 4775 1933 4828 amori
1960 4790 2079 4830 meo

499 4850 712 4917 tribuis,
753 4852 1032 4908 dominum
1082 4856 1273 4913 animae
1324 4876 1456 4916 meae
1486 4862 1788 4930 Senarium,
1828 4876 1886 4920 ut
1934 4867 2075 4936 apud

497 4956 586 4996 me
612 4951 845 5011 maneat,
873 4961 1098 5004 exorare
1128 4951 1355 5019 pleniter
1381 4969 1485 5008 non
1511 4957 1747 5012 omittas.
1795 4958 1944 5024 Quod
1975 4961 2074 5015 nisi

494 5032 810 5104 obtinueris,
842 5039 1064 5094 multum
1088 5043 1215 5097 mihi
1247 5043 1314 5097 de
1343 5044 1624 5101 hilaritatis
1650 5051 1864 5106 cumulo
1886 5052 2078 5109 decer-

493 5123 665 5193 psisti.

564 5255 686 5340 ‘_De
714 5258 928 5343 prclaris
950 5264 1171 5341 gentium
1201 5266 1417 5339 ﬁnibus]
1450 5269 1617 5338 Epist.
1650 5280 1933 5343 sequenti:
1967 5281 2066 5335 Se-

489 5330 692 5411 narium
720 5330 786 5382 ab
814 5332 1008 5409 ultimis
1038 5330 1287 5411 terrarum
1311 5330 1536 5409 pa'tibtis
1554 5330 2065 5406 restititttnnsesle-

484 5407 595 5485 gati
620 5408 978 5485 tneOnnnirum
1012 5407 1219 5485 aliqua._
1252 5407 1580 5482 Frequenter
1620 5420 1760 5471 enim
1791 5421 2058 5477 delectum

485 5475 538 5524 in
573 5475 851 5549 legationis
874 5475 1130 5549 honorem
1150 5479 1315 5538 fuisse
1340 5475 1567 5540 constat.
1592 5486 1942 5545 Cassiodorus
1966 5475 2059 5549 lili.

789 5548 823 5600 ὅ
852 5546 1083 5632 ,ξᾷῃξπίο
1108 5567 1140 5632 ς.
1166 5550 1551 5632 δαὺὶἰδιὶλεαξρε
1575 5559 1757 5612 ardua:
1794 5546 2064 5632 ιιιραιὶοηίῇ

483 5613 701 5697 amaram
721 5631 742 5668 :
765 5618 987 5673 restitisti
1016 5624 1213 5697 regibus
1260 5641 1361 5678 non
1391 5613 1556 5695 imp'ar
1585 5613 2061 5694 “somnianti;

483 5694 733 5767 justitiam
758 5698 983 5767 nostrain
1011 5702 1057 5767 et
1095 5696 1198 5748 illis
1236 5694 1513 5765 ostendere,
1566 5702 1651 5767 qui
1695 5704 1944 5757 rationem
1979 5710 2061 5761 via:

482 5765 720 5841 poterant.
742 5760 913 5841 cruda
922 5762 1262 5821 obstinatione
1282 5770 1486 5823 sentire.
1499 5760 1635 5825 'an
1657 5782 1705 5825 te
1730 5778 1906 5827 terruit
1936 5760 2057 5831 con;

486 5828 792 5883 tentionibus
817 5831 1134 5902 inﬂammata
1154 5841 1467 5895 auctoritas:
1514 5842 1801 5911 subiugasti
1829 5828 2052 5911 qnininio

2712 1966 3048 2024 EPISTULA
3086 1966 3275 2022 XVIII.

2732 2072 2992 2112 ENNODIUS
3030 2070 3253 2112 FAUS'I‘O.

2279 2149 2376 2204 Vix
2405 2156 2488 2205 est
2510 2156 2568 2203 ut
2596 2148 2831 2204 intentus
2856 2149 3016 2204 rebus
3047 2148 3295 2205 felicibus
3320 2147 3544 2203 adversa
3574 2162 3794 2218 pramo-

2201 2253 2317 2298 scat
2348 2260 2363 2297 :
2396 2242 2538 2297 velut
2566 2242 2841 2296 sinistrum
2872 2242 3014 2296 enim
3048 2240 3212 2295 animi
3243 2255 3403 2297 omen
3430 2240 3711 2310 repudiat,
3745 2241 3795 2297 si

2201 2334 2332 2405 quid
2361 2335 2428 2389 de
2456 2336 2771 2390 austeritate
2810 2334 3113 2389 futurorum
3144 2334 3420 2389 intellectu
3449 2333 3795 2404 praecedente

2200 2427 2545 2497 respexerit:
2578 2437 2726 2483 certe
2771 2443 2839 2483 ne
2884 2437 2939 2483 et
2983 2429 3159 2483 alieno
3206 2436 3449 2496 tempore
3491 2442 3693 2483 amarae
3732 2442 3794 2483 se

2201 2522 2484 2589 misceant,
2505 2522 2619 2591 ipsa
2642 2521 3008 2577 molestiarum
3036 2521 3219 2577 horret
3244 2523 3465 2590 agnitio.
3489 2521 3645 2576 Nullo
3670 2537 3793 2579 cre-

2201 2613 2393 2669 debam
2422 2613 2703 2667 intervallo
2730 2627 2873 2668 nunc
2910 2613 3250 2669 inamabilem
3281 2613 3598 2671 Ravennam
3616 2656 3631 2681 ,
3660 2615 3793 2671 dum

2202 2715 2322 2759 erat
2348 2705 2615 2760 thesauris
2638 2706 2773 2761 meis
2801 2706 2974 2775 plena,
3001 2706 3239 2762 distare:
3264 2721 3373 2761 non
3393 2722 3479 2762 me
3503 2707 3583 2763 sic
3603 2707 3793 2762 sitien-

2204 2810 2309 2855 tem
2343 2800 2492 2867 fons,
2524 2809 2839 2856 aestuantem
2868 2815 2993 2856 aura
3014 2841 3029 2865 ,
3061 2810 3120 2855 ut
3146 2801 3237 2855 illa
3260 2801 3327 2855 ad
3357 2817 3417 2857 se
3448 2815 3555 2855 non
3583 2800 3789 2856 lassum

2160 2914 2169 2925 -
2202 2894 2420 2962 requies
2455 2892 2738 2947 invitabat.
2777 2894 2846 2947 At
2883 2908 3025 2948 nunc
3062 2893 3174 2962 ipsa
3219 2893 3390 2948 Roma
3422 2901 3549 2963 puto
3576 2894 3641 2949 ad
3670 2894 3791 2949 lon-

2202 2985 2353 3054 giora
2372 3024 2388 3051 ,
2418 2999 2515 3053 pro
2551 2993 2890 3053 peccatorqu
2917 2988 3161 3039 meorum
3194 2984 3369 3051 fasce,
3398 2985 3653 3039 translata
3678 2994 3789 3040 est.

2205 3077 2305 3132 Ubi
2336 3087 2419 3133 est
2446 3077 2566 3143 illa,
2599 3093 2720 3147 quae
2755 3092 2875 3132 rara
2918 3078 3222 3148 putabatur,
3256 3077 3555 3148 frequentia
3582 3078 3791 3133 littera-

2202 3169 2356 3223 rum?
2401 3168 2490 3222 ubi
2534 3169 2719 3224 crebra
2760 3170 2931 3222 visio?
2974 3169 3062 3223 ubi
3108 3177 3187 3223 tot
3226 3170 3415 3225 solatia
3453 3168 3789 3238 diligentia!

2207 3260 2344 3316 Vere
2374 3276 2469 3330 pro
2496 3261 2628 3317 meis
2657 3261 2896 3330 partibus
2925 3261 3114 3331 loquor
3139 3278 3153 3315 :
3186 3262 3422 3317 detestor
3450 3262 3632 3327 vitam,
3663 3277 3789 3332 qum

2197 3368 2298 3408 nec
2328 3354 2377 3407 in
2404 3368 2643 3408 aerumna
2669 3354 2980 3409 constitutis
3010 3361 3093 3409 est
3134 3354 3279 3408 odio.
3322 3352 3532 3424 Allegat
3559 3353 3787 3411 forsitan

2197 3446 2410 3502 culmen
2441 3462 2596 3502 suum
2617 3488 2632 3513 ,
2662 3446 2766 3501 sibi
2796 3460 2891 3516 pro
2920 3461 3149 3513 superna
3178 3445 3579 3515 dispensatione
3605 3448 3787 3517 cupita

2197 3540 2505 3610 contigisse.
2528 3539 2645 3596 Non
2670 3549 2754 3595 est
2781 3540 2937 3609 plena
2962 3539 3210 3607 felicitas,
3238 3541 3452 3610 quando
3472 3550 3787 3596 nostrorum

2197 3632 2391 3702 aliquis
2421 3632 2650 3687 mis‘eriis
2678 3631 2826 3687 durae
2863 3632 3301 3703 sequestrationis
3344 3630 3617 3703 afﬂigitur.
3668 3632 3786 3689 Deo

2198 3726 2428 3790 credite,
2469 3740 2575 3779 non
2606 3734 2731 3779 sunt
2774 3724 2946 3780 fucata
2977 3740 3095 3795 quae
3124 3724 3327 3791 defleo;
3371 3739 3473 3781 nec
3500 3724 3567 3780 ad
3608 3726 3785 3795 expli-

2197 3816 2421 3871 candam
2450 3816 2629 3872 cordis
2659 3815 2967 3887 tragoediam
2986 3855 3004 3882 ,
3035 3826 3128 3870 aut
3156 3816 3463 3887 epistolaris
3488 3818 3784 3875 concinna-

2201 3910 2276 3965 tio
2304 3909 2539 3976 sufﬁcit,
2582 3916 2675 3964 aut
2714 3911 2987 3965 sermonis
3015 3910 3282 3980 angustia.
3336 3908 3572 3979 Christe,
3596 3925 3782 3969 rerum

2193 4007 2427 4076 arbiter,
2469 4007 2703 4077 propriae
2743 4021 2997 4062 succurre
3026 4008 3333 4063 necessitati
3368 4023 3384 4069 ;
3435 4022 3505 4064 ne
3544 4008 3781 4066 humana

2193 4100 2473 4171 fragilitas,
2507 4102 2573 4156 ad
2602 4102 2848 4157 immensi
2882 4101 3078 4157 fascem
3109 4101 3312 4157 doloris
3342 4117 3445 4157 non
3476 4100 3779 4169 sufficiens,

2195 4211 2381 4268 pressa
2422 4197 2750 4253 succumbat.
2800 4197 3028 4253 Domine
3056 4198 3165 4265 mi,
3196 4195 3529 4251 salutationis
3557 4196 3778 4254 servitia

2192 4290 2523 4360 dependens,
2556 4306 2720 4359 rogo,
2754 4301 2810 4346 ut
2853 4291 3107 4362 paginalis
3133 4293 3273 4347 circa
3307 4306 3394 4346 me
3419 4305 3547 4347 cura
3589 4306 3776 4348 serve~

2192 4393 2278 4439 tur
2311 4402 2325 4439 :
2363 4396 2417 4439 ut
2445 4385 2528 4441 vel
2561 4384 2662 4441 hoc
2687 4386 2926 4440 remedio
2952 4386 3090 4440 inter
3116 4394 3278 4440 astus
3306 4400 3461 4441 mens
3482 4384 3775 4441 constituta

2190 4479 2437 4548 respiret.

2720 4571 3051 4628 EPISTOLA
3090 4572 3232 4627 XIX.

2671 4688 2927 4727 ENNODIUS
2964 4688 3278 4728 PARIHENIO.

2253 4784 2369 4839 Non
2416 4784 2467 4838 in
2509 4793 2560 4840 te
2602 4784 2837 4839 admiror
2877 4787 3141 4840 sermonis
3178 4786 3554 4841 abstinentiam
3592 4805 3606 4843 :
3638 4791 3772 4859 quia

2182 4878 2270 4947 qui
2300 4877 2488 4947 exigua
2516 4878 2834 4945 condiderit,
2882 4879 2954 4933 nil
2986 4879 3247 4947 producit.
3302 4878 3487 4937 Credis
3517 4884 3618 4937 sub
3668 4883 3771 4940 hac

2182 4973 2465 5027 occasione
2505 4974 2774 5041 profectus
2806 4972 2884 5027 ttti
2924 4972 3089 5028 latere
3120 4974 3505 5030 substantiam?
3544 4986 3597 5031 et
3630 4981 3769 5033 taci-

2188 5062 2455 5118 turnitatis
2486 5062 2800 5134 imperitiam
2832 5063 3044 5133 prodit,
3078 5073 3130 5117 et
3165 5064 3477 5120 infabricata
3506 5069 3769 5123 confabu-

2184 5154 2312 5210 latio
2344 5156 2645 5211 manifestat
2675 5157 2970 5211 infantiam.
3004 5156 3211 5212 Interea
3248 5166 3373 5213 ante
3398 5158 3552 5227 inops
3579 5163 3767 5229 gratim

2177 5290 2446 5343 audaciam
2471 5291 2687 5357 veritati,
2712 5298 2759 5344 et
2781 5291 3043 5344 obsecutus
3068 5292 3480 5350 ordinationibus
3500 5294 3691 5349 nostris
3712 5297 3767 5351 in

2178 5361 2535 5413 conscientiam
2564 5378 2705 5414 suam
2736 5360 2976 5414 barbaros
3008 5362 3235 5431 coegisti.
3599 5371 3603 5375 ’

2245 5431 2615 5510 :Pffttft'_0n1.0]
2654 5432 2947 5510 Sublimem
2985 5434 3410 5510 et__maguificuni
3452 5438 3628 5510 virum
3662 5455 3765 5510 ap-

2175 5504 2390 5578 pell;wi_t
2418 5504 2507 5556 lib.
2538 5520 2594 5564 ll,
2626 5508 2784 5570 epist.
2815 5505 2899 5578 lb’,
2934 5512 2992 5578 et
3025 5504 3113 5558 lib.
3147 5520 3220 5567 vr,
3250 5509 3407 5576 epist.
3439 5508 3528 5578 Μ,
3559 5504 3764 5578 quibus

2170 5574 2320 5654 illum
2353 5574 2935 5654 Haustoﬁcommendat.
2968 5575 3068 5654 Pro
3098 5574 3295 5654 eodem
3319 5574 3589 5654 scribit‘ei
3617 5582 3764 5654 Aga.

2168 5645 2281 5714 pito
2312 5645 2468 5708 epist.
2615 5646 2713 5725 tibi
2740 5646 2939 5725 aliquid
2966 5647 3199 5725 insinuat
3228 5648 3300 5725 de
3331 5650 3553 5706 Vicarize
3581 5645 3762 5725 όίεἷιὶο

2168 5726 2294 5782 tate,
2321 5732 2478 5786 quam
2504 5717 2580 5771 illi
2612 5716 2837 5772 fortasse
2862 5722 2962 5774 hoc
2989 5720 3106 5773 loco
3128 5721 3447 5788 gratulatur.
3475 5716 3759 5786 Illustrem

2163 5788 2339 5844 virum
2366 5789 2509 5844 dicet
2539 5788 2629 5844 lib.
2666 5803 2759 5857 vn,
2791 5789 2953 5860 epist.
2986 5790 3034 5842 l.
