3998 6362
228 340 290 397 97
1513 342 1837 402 EPISTULA
1845 344 1987 402 RUM
2025 344 2157 401 LIB.
2184 345 2246 401 ν.
3423 354 3495 411 93

225 470 327 514 non
356 452 523 519 fuisti,
554 454 742 511 sciens
767 455 896 526 quid
926 454 1194 526 diligentia
1211 494 1226 519 ,
1253 456 1378 526 quid
1404 460 1635 515 amantis
1660 459 1810 516 solli-
1834 464 1891 523 Α
1912 468 2116 515 avertat
2145 460 2418 527 divinitas,
2450 476 2518 517 ne
2547 477 2779 534 unquam
2810 462 3118 519 testimonio
3142 478 3261 519 meo
3289 464 3490 536 fragili-

227 549 405 605 citudo
445 545 718 617 ﬂagitaret
748 563 764 603 :
796 549 969 603 factus
998 563 1055 603 es
1080 547 1341 604 bonarum
1373 565 1549 605 rerum
1579 553 1808 619 nescius,

229 651 508 711 postquam
557 649 613 695 te
660 640 729 695 ad
769 641 1057 697 obtinenda
1104 657 1222 712 qua
1264 653 1516 712 putantur
1556 646 1809 711 maxima,

229 734 648 789 transmisimus.
681 734 833 801 Quod
861 743 1058 801 restat,
1088 736 1233 803 vale,
1266 744 1319 790 et
1344 738 1612 807 accipiens
1640 740 1813 793 moni-

229 825 357 879 toris
402 824 613 889 verba,
667 825 1004 880 melioratum
1054 834 1105 881 te
1151 827 1455 896 scriptionis
1501 828 1812 885 assiduitate

229 916 459 986 divulga.

778 1006 1103 1064 EPISTULA
1145 1008 1263 1068 XX.

789 1112 1039 1152 ENNODIUS
1078 1114 1255 1155 Ανιτο.

295 1187 435 1240 Dum
460 1186 700 1242 remedia
725 1201 820 1242 sua
850 1190 1041 1257 quarit
1064 1190 1294 1258 affectio,
1319 1201 1375 1247 et
1400 1200 1587 1248 astum
1611 1194 1810 1249 sollici-

226 1275 424 1331 tudinis
473 1277 748 1347 colloquio
776 1280 921 1346 cupit
950 1282 1222 1337 mediante
1268 1283 1491 1339 relevari
1519 1327 1534 1352 ,
1574 1286 1810 1341 ardescit

225 1369 436 1423 animus
467 1370 791 1437 provisionis
818 1369 1082 1425 beneficio
1113 1386 1129 1424 :
1156 1374 1298 1429 unde
1330 1374 1597 1445 exstingui
1631 1376 1810 1430 credi-

227 1470 339 1525 tur,
377 1462 711 1531 geminatum
750 1461 1037 1532 diligentia
1079 1466 1249 1534 surgit
1289 1466 1611 1521 incendium.
1655 1468 1810 1537 Sape

226 1552 354 1616 mihi
404 1552 709 1621 bajulorum
739 1554 944 1620 copiam
989 1556 1313 1624 perquirenti
1358 1556 1480 1611 inde
1515 1573 1811 1627 agrescere

226 1647 497 1717 contigit,
542 1647 681 1700 unde
728 1648 986 1714 opinabar
1033 1649 1173 1717 quod
1223 1652 1503 1719 prodesset
1543 1650 1807 1706 accidere.

224 1736 371 1792 Ecce
412 1737 657 1793 medetur
693 1737 973 1793 desideriis
1000 1739 1166 1805 meis,
1207 1741 1297 1809 qui
1344 1755 1561 1794 suorum
1598 1740 1663 1795 ad
1713 1756 1810 1795 vos

1920 558 2004 606 tas
2028 551 2185 607 claris
2212 553 2451 607 moribus
2476 554 2687 608 inimica
2720 555 2999 624 subripiat.
3030 555 3178 609 Nulla
3204 565 3305 616 est.
3336 572 3496 625 quam

1919 642 2099 710 opime
2121 643 2386 708 texuistis,
2410 644 2460 697 in
2482 645 2634 700 vobis
2654 645 2852 699 erroris
2871 660 3029 700 causa
3047 662 3204 715 quam
3231 651 3457 701 recolam
3478 664 3494 701 :

1918 741 1974 787 et
2000 732 2043 787 si
2064 748 2160 801 pro
2191 733 2398 789 meritis
2429 734 2560 789 meis
2605 735 2929 801 exstitisset,
2963 736 3221 791 bonorum
3254 748 3497 792 veterum

1919 822 2295 878 recordatione
2348 827 2633 893 sopiretur.
2700 825 2852 893 Quod
2911 836 3113 892 restat,
3160 827 3370 894 valete,
3409 820 3497 883 ἰιιί

1918 914 2159 979 domine,
2183 926 2236 970 et
2258 918 2359 969 iter
2380 931 2555 970 meum
2582 925 2824 970 votorum
2854 917 3177 986 benignitate
3204 920 3493 987 prosecuti,

1918 1006 2155 1061 caritatis
2185 1006 2558 1063 recordatione
2589 1008 2846 1061 absentia:
2874 1022 3009 1061 mea
3036 1008 3227 1063 damna
3258 1019 3497 1079 pensate.

2442 1098 2775 1153 EPISTULA
2814 1098 2980 1153 XXII.

2379 1202 2631 1245 summus
2670 1189 2691 1219 ³
2738 1205 3024 1244 νεΝΑΝτιο.

1990 1277 2046 1333 Si
2074 1280 2387 1349 proximitas
2415 1283 2690 1349 sanguinis
2724 1281 2789 1335 ad
2824 1281 3152 1349 diligentiam
3184 1290 3391 1336 mentes
3423 1282 3500 1337 in-

1918 1370 2085 1438 vitat,
2117 1372 2184 1440 pii
2218 1372 2417 1426 amoris
2441 1373 2727 1427 obsecutus
2758 1373 3020 1440 imperiis,
3050 1373 3220 1441 gestio
3249 1388 3335 1428 me
3362 1389 3495 1443 pra-

1916 1461 2065 1516 vium
2095 1462 2406 1531 praSIitisse
2433 1479 2732 1519 sermonem
2754 1507 2771 1533 ,
2805 1474 2861 1519 et
2888 1464 3115 1519 orditum
3145 1464 3359 1535 paginas
3384 1481 3501 1520 am-

1917 1553 2218 1621 plectendis
2265 1556 2403 1609 viam
2458 1571 2725 1611 reserasse
2771 1556 3070 1624 colloquiis.
3139 1557 3235 1610 Diu
3287 1557 3503 1626 quidem

1917 1659 2071 1701 cassa
2096 1649 2494 1716 exspectatione
2522 1657 2841 1713 maceratus,
2872 1647 2997 1702 dum
3027 1648 3241 1717 operior
3263 1649 3504 1719 paginas,

1917 1754 2027 1793 non
2056 1740 2229 1794 emisi.
2278 1740 2386 1795 Sed
2416 1742 2716 1795 calcaribus
2744 1741 2855 1794 suis
2882 1743 3120 1794 animum
3151 1755 3328 1794 meum
3372 1739 3506 1795 fodit

226 1843 393 1882 causa
416 1830 755 1898 properavit:
779 1828 1221 1897 ﬁtadjumentum
1246 1830 1581 1885 necessitatis
1604 1832 1815 1896 aliena,
1848 1836 1900 1898 Β
1924 1829 2158 1898 afl‘ectio,
2191 1839 2245 1885 et
2273 1832 2338 1885 ad
2378 1830 2696 1886 tabellarum
2726 1832 2902 1884 munia
2934 1830 3163 1897 priorem
3200 1828 3325 1883 fecit
3361 1844 3506 1885 acce-

226 1921 369 1989 quod
402 1923 639 1991 propria
661 1922 1094 1977 consideratione
1120 1924 1429 1993 suscipitur.
1470 1923 1665 1979 Videro
1690 1925 1817 1995 quid

228 2014 699 2069 commendatione
724 2028 842 2068 mea
879 2014 1183 2069 Bonifacius
1223 2025 1574 2083 promoveat:
1605 2018 1819 2072 interim

230 2103 521 2172 opitulatur
548 2104 741 2159 studiis
770 2106 937 2171 meis,
966 2107 1108 2175 quod
1150 2107 1373 2177 prolixis
1401 2125 1427 2161 a
1457 2125 1542 2163 me
1574 2109 1820 2178 precibus

231 2194 557 2264 impetravit.
610 2197 766 2253 Hunc
808 2199 961 2253 bonis
1005 2210 1183 2255 ortum
1224 2201 1487 2255 natalibus
1518 2204 1671 2257 testis
1696 2218 1821 2258 san-

229 2290 400 2357 guinis
428 2304 589 2345 mens
618 2290 885 2359 designat.
928 2291 1250 2347 Germanum
1290 2308 1442 2347 suum
1484 2294 1737 2362 praefatus
1765 2296 1819 2350 in

230 2380 500 2436 vicinitate
522 2382 886 2452 Aquileiensis
906 2384 1135 2439 civitatis
1157 2387 1348 2440 asserit
1368 2402 1488 2441 esse
1508 2388 1776 2457 captivum
1802 2406 1815 2441 :

232 2475 309 2542 qui
340 2483 399 2527 ut
429 2487 462 2525 a
486 2474 643 2528 vobis
667 2474 915 2543 juvetur,
958 2477 1219 2544 exposcit.
1270 2477 1480 2532 Sancta
1507 2478 1698 2533 domus
1727 2495 1820 2534 ve-

232 2574 348 2617 stra
378 2565 728 2619 consuetudo
771 2565 983 2635 vulgata
1017 2573 1100 2619 est
1128 2581 1143 2619 :
1179 2566 1337 2621 talem
1367 2568 1525 2621 vitam
1557 2567 1819 2622 bonorum

232 2668 441 2711 actuum
479 2657 726 2712 obsidem
751 2657 861 2726 jam
900 2658 1153 2723 dedistis,
1188 2674 1216 2712 a
1260 2674 1360 2728 qua
1396 2658 1543 2714 velut
1581 2660 1818 2715 debitum

232 2757 434 2818 poscat,
467 2751 561 2817 qui
588 2748 895 2804 calamitate
924 2750 1259 2819 deprimitur.
1301 2752 1520 2806 Domine
1550 2752 1642 2815 mi,
1672 2752 1818 2807 acci-

234 2841 438 2908 pientes
463 2840 638 2908 plena
666 2840 1002 2895 salutationis
1027 2842 1363 2911 obsequium,
1394 2842 1549 2897 facite
1574 2843 1816 2913 exorari,

237 2932 366 3001 quod
397 2941 601 3003 sponte
627 2935 1000 2999 consuevistis,
1035 2946 1088 2991 ut
1122 2935 1214 3006 qui
1242 2938 1434 2992 vestris
1460 2936 1686 3007 supplex
1708 2947 1815 3004 est,

239 3026 377 3080 alteri
407 3039 535 3080 eum
572 3039 696 3082 esse
724 3039 831 3080 non
859 3026 1037 3081 liceat.

767 3117 1088 3173 EPISTULA
1132 3117 1275 3173 XXI.

788 3224 1041 3264 ENNODIUS
1078 3225 1259 3265 Ανιτο.

296 3298 728 3369 Astipulatorem
753 3316 838 3355 me
858 3300 1129 3371 opinionis
1164 3315 1277 3357 sua
1301 3301 1612 3373 magnitudo
1639 3310 1817 3360 vestra

238 3392 303 3448 ita
332 3395 733 3464 supplicatione
763 3396 1015 3466 postulat,
1047 3397 1196 3466 quasi
1227 3396 1293 3450 ad
1322 3396 1586 3451 amicitias
1616 3396 1820 3452 recenti

235 3487 405 3542 adhuc
434 3488 539 3542 sim
581 3487 775 3543 incude
812 3488 1072 3543 formatus
1110 3506 1124 3543 :
1156 3498 1249 3543 aut
1279 3504 1384 3546 non
1417 3492 1571 3560 genio
1599 3505 1697 3544 suo
1726 3491 1822 3544 de-

235 3586 478 3652 fraudet,
526 3586 617 3655 qui
672 3585 1001 3654 propositum
1045 3585 1331 3654 diligentia:
1366 3586 1466 3640 sub
1508 3598 1823 3654 quacunque

234 3677 520 3733 occasione
548 3683 861 3731 commutat.
905 3675 1157 3731 Facessat
1186 3690 1215 3730 a
1243 3676 1559 3731 Christianis
1584 3676 1824 3731 moribus

237 3769 379 3821 varia
410 3768 483 3823 de
514 3776 729 3821 amante
757 3768 1020 3822 sententia
1051 3785 1065 3821 :
1093 3768 1183 3837 qui
1210 3766 1444 3823 ofﬁcium
1474 3767 1583 3821 oris
1612 3767 1694 3821 sui
1723 3768 1825 3824 de-

237 3858 494 3913 dicaverit
519 3858 787 3922 laudibus,
818 3858 1042 3913 liberum
1073 3874 1177 3913 non
1212 3858 1370 3914 habet
1396 3858 1643 3913 inchoata
1672 3860 1829 3915 dese-

238 3966 351 4006 rere
376 3992 393 4016 ,
438 3966 509 4005 ne
540 3951 855 4005 devenustet
885 3951 1090 4019 prafati
1129 3951 1285 4005 mella
1330 3954 1586 4021 praconii
1623 3953 1828 4009 vilitate

239 4044 603 4113 sequentium.
659 4043 850 4097 Videro
887 4046 975 4113 qui
1008 4044 1024 4073 ¹
1056 4043 1324 4113 ingenium
1369 4044 1557 4099 credat
1596 4060 1716 4101 esse
1744 4060 1829 4101 se-

240 4138 368 4192 ctari
401 4140 700 4192 novitatem
735 4154 749 4203 ;
791 4154 889 4207 ego
944 4148 1001 4192 ut
1046 4140 1196 4194 tarde
1231 4139 1433 4193 amicos
1460 4139 1600 4207 eligo
1625 4180 1638 4203 ,
1672 4140 1739 4192 ita
1774 4138 1827 4193 in

239 4230 318 4285 bis
344 4231 811 4285 indemutabiliter
837 4248 1137 4302 persevero.
1171 4234 1296 4287 Mihi
1326 4234 1535 4296 adsum,
1575 4233 1827 4301 quotiens

240 4325 552 4394 Opinionem
582 4335 817 4380 vestram
850 4326 1007 4380 astris
1031 4340 1313 4395 aqttavero
1341 4342 1354 4377 :
1384 4326 1506 4393 quia
1531 4324 1668 4393 apud
1694 4336 1829 4391 quos

239 4416 402 4488 ignoti
432 4432 626 4483 sumus
654 4417 892 4472 moribus
935 4419 1131 4473 nostris
1150 4459 1165 4484 ,
1193 4416 1260 4472 de
1293 4416 1565 4471 sodalibus
1595 4416 1831 4469 astima-

240 4525 380 4565 mur.
426 4510 570 4565 Vere
621 4508 795 4564 fateor
848 4510 1188 4579 splendorem
1229 4507 1571 4564 conscientia:
1616 4517 1828 4571 vestra,

1924 1922 2074 1977 dere.
2109 1923 2131 1954 δ
2166 1923 2338 1978 Habes
2367 1923 2805 1992 praerogativam,
2846 1920 2891 1975 si
2920 1922 3057 1975 bene
3096 1920 3322 1989 conjicio
3342 1961 3356 1987 ,
3386 1921 3507 1989 plus

1923 2015 2155 2069 amantis
2196 2031 2210 2069 :
2242 2016 2331 2084 qui
2361 2024 2417 2070 et
2451 2023 2573 2083 post
2602 2012 2918 2083 productum
2960 2012 3159 2066 silentii
3199 2014 3363 2066 vestri
3399 2020 3508 2066 stu-

1924 2104 2069 2160 dium
2102 2105 2309 2176 loquor,
2342 2115 2397 2161 et
2417 2106 2589 2161 debeo
2614 2104 2938 2160 verecundia
2966 2103 3341 2157 commendare
3365 2103 3507 2171 quod

1925 2196 2089 2249 tacui.
2115 2195 2267 2250 Nunc
2298 2204 2497 2261 tamen,
2528 2210 2595 2249 ne
2625 2192 2929 2263 epistolaris
2958 2191 3299 2247 concinnatio
3330 2201 3507 2247 trans-

1923 2300 2110 2355 gressa
2141 2287 2429 2341 terminum
2459 2286 2780 2340 devenustet
2814 2293 3087 2338 auctorem
3109 2328 3124 2350 ,
3169 2284 3508 2339 salutationis

1924 2378 2145 2432 servitia
2176 2378 2493 2447 deponendo
2520 2417 2535 2443 ,
2574 2377 2677 2432 etsi
2704 2392 2945 2441 mereor,
2989 2375 3281 2445 dignationi
3313 2386 3509 2431 vestra

1926 2468 2292 2524 conciliandus
2312 2482 2577 2524 occurro:
2600 2470 2722 2536 quia
2752 2468 3019 2535 potiorum
3046 2466 3341 2520 sublimitas
3362 2481 3510 2520 com-

1926 2563 2181 2617 munione
2209 2563 2533 2631 geminatur,
2562 2568 2617 2613 et
2647 2559 2814 2613 facem
2845 2558 3057 2626 prafert
3082 2558 3507 2614 eminentissimo

1925 2656 2095 2723 gratia
2125 2669 2382 2710 concessa
2412 2652 2688 2721 subjectis.
2722 2694 2731 2697 -

2432 2742 2768 2799 EPISTULA
2807 2741 2992 2796 XXIII.

2404 2848 2657 2888 ENNODIUS
2687 2846 3030 2887 CONSTAN'I'IO.

1997 2932 2052 2987 Si
2083 2932 2268 2986 liceret
2293 2944 2412 2984 cum
2440 2928 2805 2997 magnitudine
2832 2934 3006 2980 vestra
3038 2938 3187 2991 aqua
3212 2932 3356 2980 sorte
3380 2940 3510 2980 con-

1927 3023 2072 3079 tendi
2104 3038 2118 3077 :
2149 3022 2195 3076 si
2226 3021 2487 3085 honores,
2521 3031 2674 3084 atas,
2708 3019 2954 3071 meritum
2988 3016 3129 3085 quod
3155 3015 3307 3070 vobis
3336 3017 3507 3071 facem

1924 3114 2161 3184 pratulit
2186 3155 2199 3178 ,
2245 3128 2341 3166 nos
2380 3126 2486 3165 non
2528 3113 2578 3164 in
2611 3111 2851 3163 umbram
2886 3118 3135 3177 cogeret,
3192 3122 3292 3176 ego
3333 3110 3509 3177 potius

1845 3201 1895 3266 C
1931 3207 2144 3262 culmen
2176 3215 2409 3262 vestrum
2446 3206 2514 3260 de
2552 3202 2866 3258 tabellarum
2898 3200 3219 3257 abstinentia
3246 3200 3365 3271 jure
3393 3201 3509 3256 eul-

1925 3314 2135 3369 parem;
2161 3299 2250 3366 qui
2271 3296 2546 3365 postquam
2569 3295 2633 3347 ad
2662 3294 2846 3348 urbem
2868 3293 3087 3347 Romam
3110 3292 3333 3361 profecti
3358 3292 3509 3358 estis,

1926 3391 2071 3445 nulla
2116 3405 2203 3445 me
2246 3387 2631 3442 recordationis
2660 3385 2812 3454 fruge
2851 3384 3193 3437 sublevastis.
3229 3381 3336 3437 Sed
3368 3383 3509 3447 vide,

1926 3499 2022 3554 per
2068 3497 2247 3537 rerum
2297 3478 2686 3551 providentiam
2737 3492 2895 3545 quam
2945 3484 3098 3529 cauta
3126 3482 3211 3530 est
3239 3473 3510 3527 seniorum

1926 3577 2291 3646 dispensatio,
2320 3583 2373 3628 et
2402 3570 2671 3627 fabricatis
2703 3571 2856 3639 plena
2888 3567 3227 3621 sermonibus
3258 3582 3271 3617 :
3299 3579 3511 3634 praeve-

1928 3668 2070 3723 nitttr
2100 3665 2332 3737 querelis
2361 3663 2664 3718 innocentia
2692 3676 2704 3713 :
2728 3668 2782 3713 et
2809 3672 2877 3713 ne
2902 3658 3138 3711 dolorem
3166 3672 3317 3711 suum
3351 3656 3402 3708 in
3437 3655 3512 3708 lu-

1929 3776 2047 3817 crm
2078 3760 2357 3829 producat,
2392 3754 2627 3824 arguitur
2662 3770 2676 3806 :
2707 3751 2766 3804 fit
2790 3766 2904 3814 rea,
2932 3766 2998 3803 ne
3028 3748 3205 3802 faciat.
3238 3747 3375 3816 Ergo
3400 3745 3513 3801 hac

1929 3855 2060 3909 mihi
2086 3852 2389 3921 digrediens
2419 3849 2680 3917 promissa
2713 3845 3058 3900 contnleras?
3086 3843 3199 3896 bac
3230 3842 3511 3895 deoscula-

1931 3954 2040 3998 tum
2072 3942 2259 3997 liducia
2292 3940 2601 4001 sublevasti,
2630 3946 2687 3991 ut
2713 3936 2987 3989 crederem
3014 3933 3118 3986 mei
3173 3931 3514 3985 immemores

1930 4054 2027 4095 vos
2055 4035 2302 4091 futuros?
2341 4050 2407 4087 an
2441 4032 2508 4086 ad
2535 4030 2679 4085 aliud
2706 4027 2973 4081 attributa
3000 4032 3126 4078 sunt
3152 4024 3378 4093 pagina,
3410 4020 3513 4076 nisi

1931 4141 1991 4187 ut
2039 4138 2244 4185 secreta
2294 4135 2571 4195 pectorum
2622 4122 2730 4175 oris
2777 4120 2926 4174 clave
2976 4114 3355 4169 manifestent?
3406 4110 3514 4166 Sed

1932 4225 2174 4277 abstineo
2202 4217 2503 4290 prolixitate
2530 4213 2757 4283 paginali
2778 4253 2794 4277 ,
2829 4226 2895 4264 ne
2923 4210 3259 4278 grandiorem
3291 4211 3512 4274 generet

1933 4313 2298 4373 confabulatio
2328 4310 2583 4379 producta
2612 4318 2914 4360 rancorem.
2941 4301 3021 4355 Ad
3049 4300 3381 4353 salutationis
3412 4297 3513 4352 ob—

1936 4409 2119 4478 sequia
2149 4421 2233 4459 me
2262 4404 2464 4458 reduco
2486 4441 2500 4464 ,
2527 4411 2720 4465 rogans
2752 4404 2809 4449 ut
2838 4409 2931 4461 pro
2963 4408 3047 4445 me
3076 4390 3213 4460 apud
3242 4389 3513 4457 apostolos

1937 4500 2029 4554 Dei
2057 4480 2245 4565 preces
2270 4493 2534 4555 eii'ttndas,
2563 4498 2619 4543 ut
2642 4509 2653 4537 ρ
2673 4501 2825 4541 orum
2856 4483 3127 4538 beneficiis
3149 4479 3391 4535 mortalis
3419 4494 3514 4531 an-

241 4604 397 4658 fama
425 4604 564 4671 vice,
590 4570 905 4673 copiosius;
936 4603 1121 4657 effudi.
1152 4605 1289 4657 Ante
1313 4600 1598 4656 adventum
1627 4570 1825 4654 culmi?
1853 4585 1908 4645 Ῑ)
1930 4590 2116 4661 susum
2144 4593 2424 4656 superetur
2450 4579 2774 4643 οδδεθηίιδεν
2796 4585 2851 4629 ει
2878 4574 2945 4629 de
2976 4589 3108 4673 Pl"?
3139 4570 3512 4626 ηιθηάθιοηιω

240 4696 326 4751 nis
351 4694 430 4749 tui
455 4736 473 4761 ,
505 4694 767 4764 obsequio
804 4695 1070 4749 sermonis
1103 4694 1207 4747 mei
1247 4693 1298 4747 in
1341 4691 1552 4762 Liguria
1581 4732 1596 4757 ,
1642 4690 1828 4761 quanti

242 4789 457 4858 essetis,
489 4789 751 4855 innotuit,
777 4789 885 4844 Deo
911 4790 1127 4859 gratias,
1157 4788 1244 4859 qui
1270 4803 1389 4843 cum
1417 4788 1679 4843 sententia
1708 4801 1830 4841 mea

243 4884 263 4906 '
290 4880 699 4951 generalitatem
729 4880 854 4935 fecit
882 4880 1081 4936 habere
1107 4880 1470 4935 concordiam.
1505 4880 1717 4937 Utinam
1744 4894 1832 4935 me

244 4982 363 5029 non
384 4974 696 5028 humiliaret
731 4986 1016 5045 paupertas
1045 4974 1277 5043 elottuiii
1329 4975 1449 5044 plus
1481 4974 1678 5029 habent
1708 4983 1831 5028 vota

246 5066 315 5121 de
342 5068 551 5121 meritis
578 5068 681 5121 tuis
707 5107 723 5133 ,
766 5082 922 5136 quam
965 5066 1199 5136 proferat
1226 5067 1402 5135 lingua
1436 5068 1503 5121 de
1532 5066 1781 5120 laudibus
1808 5080 1825 5119 :

244 5157 404 5228 inops
435 5157 699 5212 facundia
726 5172 821 5225 per
850 5172 1192 5227 quoscunque
1220 5159 1474 5228 strepitus
1500 5174 1618 5228 qua
1645 5155 1830 5226 gloria

246 5261 353 5306 tua
392 5258 682 5320 potuerunt
722 5250 1008 5305 convenire
1032 5293 1047 5318 ,
1090 5264 1195 5305 non
1234 5251 1393 5313 tacui.
1435 5250 1593 5306 Facta
1627 5258 1709 5304 est
1740 5248 1830 5303 lux

248 5344 391 5415 genii
425 5344 589 5400 vestri
633 5343 975 5399 conscientia
1014 5360 1148 5401 mea
1190 5344 1597 5401 demonstratio.
1637 5340 1830 5399 Procul

327 5503 343 5532 ¹
382 5501 438 5556 In
467 5501 597 5556 edit.
630 5500 871 5566 Schotti,
901 5500 1192 5567 ingenuum.

325 5572 348 5603 ⁸
385 5573 439 5626 1η
467 5571 593 5626 edit.
627 5570 857 5637 Schotti,
890 5570 1107 5637 effundi.

325 5643 346 5673 ³
392 5641 663 5714 Venantio]
696 5636 1164 5704 Vird’clarissimo,
1198 5641 1289 5694 lib.
1320 5638 1575 5714 rv,_epist.
1604 5638 1831 5714 9.__Dttos

255 5715 413 5782 hujus
434 5714 533 5767 avi
553 5710 844 5767 Venantios
868 5720 1250 5766 commemorat
1269 5710 1635 5782 tiassindorus.
1654 5712 1829 5765 Unum

257 5788 425 5839 virum
453 5784 798 5852 spectabilem
820 5824 837 5849 ,
868 5794 1227 5837 correctorem
1266 5781 1506 5852 Lucania
1536 5790 1588 5834 et
1622 5781 1828 5852 Brutin-

259 5873 376 5914 rum
405 5850 499 5913 ltb.
530 5870 623 5924 tu,
663 5853 823 5924 epist.
868 5855 901 5911 8
930 5862 984 5911 et
1010 5853 1111 5923 46,
1136 5866 1294 5924 quem
1330 5850 1541 5921 quidem
1584 5850 1828 5908 eumdem

1932 4683 2233 4741 caelestium
2264 4678 2475 4735 tramite
2508 4687 2659 4729 mens
2687 4685 2878 4726 serena
2910 4666 3227 4738 gratuletur.

2447 4762 2775 4822 EPISTULA
2818 4759 3005 4815 XXIV.

2452 4873 2705 4915 ENNODIUS
2743 4868 2987 4912 LACONIO.

1936 4962 2151 5016 “Bene
2196 4956 2392 5027 cupitis
2433 4966 2663 5023 superna
2704 4946 3032 5019 dispensatio
3062 4942 3208 4999 dedit
3241 4941 3513 5006 eli'ectum,

1936 5064 1990 5112 et
2008 5055 2075 5109 de
2101 5050 2359 5122 negotiosi
2381 5046 2663 5103 occasione
2684 5040 2931 5111 colloquii
2956 5040 3243 5093 fraternam
3270 5036 3514 5090 refovens

1936 5148 2288 5216 diligentiam,
2320 5141 2462 5212 quod
2494 5138 2775 5209 putabatur
2805 5132 3188 5193 necessarium,
3215 5129 3337 5183 fecit
3362 5136 3514 5194 θυιδ-

1936 5242 2062 5297 bile.
2095 5240 2229 5294 Hinc
2258 5236 2491 5292 caelestis
2520 5247 2648 5288 cura
2679 5231 2823 5300 nepti
2852 5244 2986 5284 mea
3017 5240 3232 5296 prorutn
3264 5238 3369 5276 non
3398 5234 3511 5273 om-

1933 5335 2061 5389 nino
2078 5349 2109 5388 a
2126 5330 2383 5401 sanguine
2402 5339 2586 5385 nostro
2605 5324 3033 5397 peregrinantem
3049 5320 3210 5391 jussit
3223 5314 3510 5371 accedere:

1935 5492 2101 5547 fuisse
2130 5504 2248 5544 cum
2294 5484 2609 5540 Ennodiano
2648 5479 2779 5536 nihil
2819 5487 2981 5533 vetat.
3029 5466 3511 5551 AlterumALiberii

1936 5544 2139 5624 filium,
2187 5561 2356 5611 virum
2407 5557 2664 5611 illustrem
2692 5595 2706 5616 ,
2754 5556 2840 5619 qui
2882 5559 3061 5624 comes
3098 5544 3510 5624 domesticorum

2202 5640 2413 5682 creatur
2455 5646 2483 5681 a
2520 5613 2850 5699 Theoderico
2881 5620 2970 5670 lib.
3016 5628 3096 5694 ιιι
3126 5616 3283 5699 epist:
3330 5613 3425 5677 I5,
3457 5619 3512 5665 et

1937 5682 2231 5758 Vettﬁauti'us
2264 5701 2511 5768 patricius
2544 5699 2733 5768 dicitur
2766 5692 2857 5742 lib.
2898 5702 2981 5753 ιν,
3015 5687 3171 5755 epist.
3208 5682 3294 5737 56.

2005 5774 2027 5805 ’⁵
2068 5777 2120 5827 Ill
2150 5762 2278 5826 edit;
2311 5770 2537 5836 Schutti,
2564 5762 2763 5815 Habeo.
2816 5826 2826 5836 _
2927 5828 2948 5836 Δ
2979 5827 3009 5836 _
3067 5826 3080 5836 _

2004 5847 2024 5870 ⁹
2065 5824 2483 5905 ἆὲὴἐταιίιαιεηι]
2516 5835 2595 5889 An
2620 5826 2949 5900 generalem?
2977 5826 3084 5885 Sed
3110 5824 3242 5882 nihil
3266 5830 3436 5879 muto.
