3998 6362
494 377 566 436 99
1586 372 1854 432 ENNODII
1893 365 2197 430 EPISCOPI
2236 370 2611 430 TICINENSIS

3647 375 3743 433 £00

492 500 550 545 ut
575 488 701 543 dum
729 486 1039 546 consulendi
1070 487 1229 542 instat
1257 488 1650 557 opportunitas,
1678 496 1865 544 sancto
1891 487 2062 542 sutori
2086 489 2391 554 Apereunt
2431 501 2445 539 :
2492 486 2667 555 potior
2717 484 2835 540 sitis
2877 493 2997 551 est,
3043 500 3203 557 quam
3251 486 3518 545 undarum
3564 495 3742 556 gustus

491 584 679 654 pabula
711 590 1104 652 praastarentur.
1136 576 1236 634 Vix
1266 580 1618 646 sustinebam,
1652 579 1841 644 fateor,
1872 593 2060 645 procu-

490 674 591 729 rati
620 672 793 729 studia
830 673 983 739 longa
1013 670 1209 725 silentii
1238 687 1253 725 :
1279 671 1372 726 sed
1404 673 1665 741 interpres
1694 670 1874 725 mitior
1906 678 2062 737 puta-

490 766 610 821 ham
634 763 999 833 applicandum
1026 763 1201 817 timori
1229 765 1367 832 quod
1398 763 1791 818 subducebatur
1826 761 2058 817 aﬁ‘ectui.

489 856 599 910 Deo
628 856 818 925 gratias
857 856 945 922 qui
978 854 1042 908 ad
1073 868 1225 909 usum
1253 855 1373 926 styli
1407 854 1788 909 fraternitatem
1827 861 2061 908 vestram

489 948 698 1000 reduxit
726 957 779 1000 et
806 946 1012 1014 gratiae.
1049 947 1065 977 ι
1104 945 1305 999 Divinis
1338 954 1513 999 tamen
1553 944 1756 1014 legibus
1783 944 2059 1013 cognatio-

486 1052 607 1089 nem
657 1036 891 1090 indiculo
930 1035 1372 1104 comprehensam
1419 1035 1473 1090 in
1513 1036 1850 1089 matrimonio
1897 1035 2061 1089 licere

484 1128 679 1181 sociari
700 1168 714 1191 ,
747 1129 865 1182 sine
894 1128 1224 1182 dubitatione
1253 1126 1529 1182 noveritis.
1574 1127 1678 1182 Sed
1709 1126 1963 1181 continuo
1991 1126 2059 1180 ad

484 1220 669 1271 urbem
701 1218 921 1272 Romani
955 1218 1194 1272 homines
1215 1232 1365 1273 meos
1392 1217 1583 1287 dirigo,
1607 1230 1892 1273 exaCIurus
1913 1232 1941 1270 a
1968 1233 2059 1273 ve-

486 1310 707 1363 nerabili
739 1325 869 1379 papa
897 1325 1055 1377 super
1078 1310 1175 1364 hac
1200 1321 1350 1378 parte
1378 1323 1713 1379 responsum,
1739 1318 1795 1363 ut
1821 1309 2057 1362 animum

485 1408 718 1453 vestrum
749 1400 969 1468 potioris
992 1402 1241 1469 praecepti
1274 1400 1447 1454 ﬁrmet
1477 1404 1785 1454 auctoritas.
1813 1400 2055 1465 Domine,

488 1504 541 1545 ut
563 1506 745 1561 supra,
769 1493 1141 1548 salutationem
1175 1492 1531 1559 plenissimam
1561 1494 1904 1562 accipientes,
1928 1508 2056 1548 sau-

485 1594 624 1637 ctum
659 1598 869 1653 quoque
897 1596 950 1637 et
976 1600 1315 1640 communem
1355 1597 1558 1653 patrem
1593 1585 1773 1653 parilis
1804 1585 2057 1639 noveritis

485 1690 602 1730 esse
630 1676 909 1730 sententiae
934 1692 947 1731 τ
973 1678 1124 1747 cujus
1152 1678 1217 1731 ad
1243 1692 1334 1733 vos
1367 1693 1459 1747 per
1489 1678 1757 1733 hominem
1789 1694 1985 1741 meum,
2011 1677 2058 1732 si

484 1770 695 1824 divinus
718 1769 865 1825 favor
886 1774 1155 1839 aunuerit,
1177 1788 1295 1827 cum
1320 1772 1461 1828 sedis
1485 1774 1790 1843 apostolicae
1817 1773 2057 1844 apicibus

483 1859 511 1912 ι.
524 1870 685 1915 tteras
714 1860 1015 1916 destinabo.

1007 1961 1337 2017 EPISTULA
1377 1963 1543 2019 XXV.

1038 2070 1291 2108 ENNODIUS
1329 2072 1507 2111 Ανιτο.

549 2144 716 2209 Quam
745 2157 888 2214 saepe
925 2143 1099 2197 aliena
1132 2154 1349 2212 peccata
1380 2159 1477 2198 nos
1504 2145 1806 2215 iugravant,
1840 2153 1894 2201 et
1914 2148 2058 2217 quod

481 2247 509 2285 a
542 2233 694 2286 nobis
724 2248 829 2287 non
859 2231 1028 2287 oritur
1047 2275 1061 2299 ,
1090 2233 1208 2303 jure
1240 2244 1424 2289 nostro
1463 2236 1749 2306 imputatur
1778 2239 2053 2293 excessui!

480 2324 560 2378 Ex
605 2340 686 2377 me
723 2324 881 2378 didici
926 2324 1084 2379 ﬁdem
1129 2339 1372 2380 veterum
1405 2342 1509 2381 non
1552 2329 1762 2396 perire,
1802 2330 1927 2383 dum
1967 2345 2060 2397 per

484 2416 693 2486 negotia
717 2417 925 2471 novella
948 2433 1078 2471 cana
1104 2428 1377 2488 poetarum
1403 2430 1682 2487 reparatur
1702 2422 2055 2475 annuntiatio.

479 2507 557 2562 De
589 2525 672 2561 me
699 2509 896 2563 dictum
937 2512 1176 2575 aestimo,
1222 2509 1421 2564 Decidit
1454 2511 1635 2579 infelix
1664 2513 1830 2565 alieno
1856 2513 2062 2567 vulnere

483 2598 721 2670 (/Eneid.
747 2601 824 2668 χ).
859 2599 1032 2668 Super
1056 2603 1433 2669 exspectandae
1461 2602 1734 2657 memoriae
1756 2603 1854 2657 viri
1877 2602 2058 2658 Sabini

480 2689 502 2719 '
536 2689 647 2742 ﬁlio
677 2689 957 2745 exhibetur
997 2692 1216 2760 prmfata
1260 2694 1598 2748 concinnatio
1631 2711 1644 2746 :
1677 2694 1767 2762 qui
1801 2693 2058 2750 haeteuus

478 2780 808 2847 aegritudinis
832 2790 1006 2835 tentus
1029 2782 1336 2849 obstaculis,
1361 2784 1477 2838 sine
1499 2784 1625 2839 vitio
1647 2799 1746 2839 suo
1768 2787 2058 2841 constituta

480 2871 713 2923 violavit.
756 2871 986 2938 Fateor,
1022 2887 1158 2940 pene
1196 2874 1431 2929 animum
1472 2890 1648 2930 meum
1679 2891 1827 2930 reum
1855 2877 2060 2931 fecerat

481 2959 863 3030 magnitudinis
883 2972 1072 3017 vestrae
1099 2963 1250 3018 dives
1279 2964 1525 3031 assertio,
1550 2976 1603 3021 et
1631 2967 1912 3022 credebam
1943 2968 2058 3021 cul-

480 3068 598 3120 pam
629 3068 747 3108 esse
780 3057 1049 3124 propriam
1071 3096 1084 3118 ,
1115 3073 1270 3124 quam
1309 3060 1637 3114 conscientia
1667 3077 1771 3115 non
1805 3062 2048 3117 habebat.

478 3144 639 3212 Ecce,
666 3156 723 3199 ut
744 3146 969 3215 primum
995 3149 1046 3201 iu
1071 3150 1261 3203 bonam
1286 3150 1639 3205 valetudinem
1671 3150 1921 3206 reductus
1947 3161 2051 3220 est,

2168 583 2452 642 exaggerat
2484 592 2496 627 :
2531 590 2636 629 non
2679 585 2840 631 urunt
2877 578 3189 632 memoriam
3228 577 3399 647 prima
3432 577 3606 635 fronte
3636 593 3733 632 ne-

2165 676 2284 735 gata
2307 666 2560 721 beneﬁcia
2586 685 2600 720 :
2629 670 2747 734 quis
2766 668 2901 723 ferat
2919 670 3176 738 ingestam
3199 668 3367 725 oculis
3388 683 3543 737 atquo
3566 669 3741 726 animo

2164 770 2224 811 se
2247 757 2536 825 perdidisse
2558 758 2927 817 dulcedinem?
2950 761 3055 816 Sed
3079 769 3225 815 recte
3250 762 3346 814 ista
3370 760 3437 814 ad
3461 774 3740 829 supernam

2174 848 2517 903 remittuntur
2547 849 2929 918 providentiam
2959 867 2974 908 :
3007 867 3127 920 quae
3155 853 3388 907 cmlestis
3418 852 3741 921 dispensatio

2165 941 2403 1010 mysterii
2428 940 2630 995 idcirco
2648 942 2894 997 humanis
2906 942 3344 1009 disliositionibus
3372 957 3561 999 manus
3584 957 3742 1014 oppo-

2164 1030 2266 1093 nit,
2282 1037 2338 1082 ut
2358 1038 2598 1085 votorum
2625 1039 2841 1098 praestet
2862 1030 3131 1087 eﬂ'ectum.
3152 1031 3379 1087 Sanctus
3400 1042 3551 1100 pater
3572 1042 3742 1087 vester

2164 1119 2393 1175 libenter
2437 1134 2497 1176 se
2541 1125 2837 1191 parituram
2881 1123 3106 1192 jussioui
3147 1124 3527 1193 magnitudinis
3555 1135 3742 1180 vestrae

2163 1210 2339 1266 fuerat
2368 1212 2437 1268 de
2459 1228 2573 1269 mea
2595 1215 2879 1271 occasione
2902 1215 3171 1284 pollicitus
3202 1233 3216 1268 :
3245 1215 3339 1272 sed
3366 1218 3601 1272 animum
3630 1216 3741 1285 ejus

2164 1303 2218 1357 in
2240 1303 2509 1360 diversam
2545 1316 2750 1374 partem
2785 1322 2880 1376 pro
2910 1308 3157 1372 utilitate,
3183 1317 3437 1377 quantum
3465 1307 3617 1375 dicit,
3650 1308 3742 1363 Ec-

2163 1386 2345 1450 clesia:
2371 1398 2799 1465 supervenientia
2826 1413 3051 1467 rapuere
3081 1400 3333 1465 consilia;
3373 1400 3513 1455 sicut
3543 1400 3743 1469 prmfaﬁ

2163 1487 2350 1555 pagina
2377 1488 2444 1541 ad
2477 1503 2571 1542 vos
2597 1488 2801 1543 directa
2829 1490 3137 1546 declaravit.
3191 1491 3535 1547 Praaswlatur
3566 1500 3740 1549 tamen

2167 1591 2331 1646 super
2352 1580 2564 1647 negotio
2584 1579 2863 1650 designato
2891 1583 3268 1651 magnitudinis
3296 1595 3487 1638 vestra:
3512 1585 3739 1641 secunda

2165 1670 2429 1740 colloquia
2466 1687 2618 1740 :quo
2660 1673 2996 1730 manifestius
3040 1677 3092 1731 in
3145 1675 3323 1731 fratris
3364 1678 3521 1731 vestri
3567 1676 3740 1733 Fausti

2162 1762 2367 1830 patricii
2401 1764 2629 1819 utilitate
2656 1781 2743 1821 me
2772 1782 2892 1821 esse
2919 1770 3280 1824 necessarium
3304 1780 3575 1826 reseratur
3604 1788 3616 1823 :
3648 1785 3739 1825 cu-

2089 1864 2140 1924 B
2160 1853 2248 1921 jus
2273 1856 2457 1921 gratia:
2488 1856 2619 1910 nihil
2645 1856 2747 1911 sibi
2775 1858 3003 1913 aestimat
3033 1860 3257 1915 liberum
3290 1861 3569 1930 derogare.
3594 1862 3739 1928 Quod

2170 1952 2375 2009 restat,
2416 1947 2657 2015 obsequii
2686 1949 2791 2005 mei
2819 1948 3117 2005 humilitate
3144 1961 3390 2022 suscepta
3434 1969 3652 2022 precor,
3684 1964 3738 2012 ut

2161 2033 2343 2099 cptfex
2369 2035 2457 2101 qui
2488 2035 2707 2091 culmini
2731 2041 2748 2059 '
2776 2048 2966 2094 vestrae
2996 2042 3269 2109 parvitatis
3296 2059 3428 2099 mea:
3455 2060 3634 2100 curam
3658 2055 3737 2102 est

2161 2123 2410 2195 dignatus
2438 2126 2752 2194 infundere,
2784 2130 2899 2199 ipse
2930 2147 3023 2199 per
3054 2149 3147 2187 vos
3178 2136 3445 2204 sequenda
3471 2137 3736 2207 disponat.

2651 2222 2980 2279 EPISTULA
3024 2225 3236 2283 XXVII.

2670 2330 2923 2370 ENNODIUS
2964 2333 3243 2375 EUGBNETI.

2234 2401 2404 2471 Supra
2434 2403 2651 2461 modum
2678 2423 2762 2460 me
2785 2410 3073 2465 solicitant
3105 2414 3367 2478 procurati
3395 2415 3565 2470 studia
3599 2416 3739 2475 inde.

2162 2491 2299 2547 fessa
2334 2496 2530 2550 silentii
2566 2514 2578 2549 :
2609 2507 2661 2551 et
2687 2498 2807 2553 licet
2844 2502 3051 2555 animus
3079 2503 3129 2557 in
3160 2506 3387 2560 statione
3414 2508 3484 2562 sit
3514 2510 3735 2576 positus,

2161 2584 2443 2637 contristat
2468 2590 2733 2641 sermonis
2758 2590 3100 2657 abstinentia,
3122 2608 3239 2662 qua:
3260 2596 3394 2651 vivis
3423 2598 3737 2667 imaginibus

2161 2684 2423 2729 secretum
2458 2678 2691 2743 pectoris
2724 2680 2837 2733 oris
2876 2684 3029 2736 clave
3060 2685 3380 2742 manifestat.
3414 2688 3597 2744 Patior
3626 2691 3737 2760 qui-

2160 2762 2281 2818 dem
2312 2765 2582 2825 interdum
2613 2772 2891 2828 caritatem
2936 2776 3037 2830 sub
3085 2778 3390 2846 paginarum
3434 2784 3738 2852 promulga-

2161 2856 2307 2910 tione
2353 2855 2637 2913 simulari:
2673 2877 2942 2932 nunquam
2991 2875 3169 2921 tamen
3209 2869 3370 2927 credo
3416 2870 3497 2925 his
3544 2875 3739 2931 muniis

2158 2945 2427 3005 abstinere
2492 2954 2581 3018 qui
2659 2951 2902 3022 diligunt.
2967 2955 3184 3013 Referat
3243 2960 3380 3017 forte
3429 2965 3738 3034 magnitudo

2160 3047 2341 3092 vestra
2393 3040 2616 3108 publicae
2668 3051 3034 3115 occupationis
3078 3066 3259 3108 curam
3306 3055 3482 3111 locum
3524 3057 3738 3127 scriptis

2156 3131 2504 3190 familiaribus
2533 3154 2638 3193 non
2668 3141 2902 3198 dedisse.
2934 3144 3038 3201 Sed
3071 3148 3207 3202 idem
3245 3158 3414 3205 status
3442 3162 3583 3217 erat,
3618 3167 3735 3208 cum

476 3234 835 3291 Mediolanum
875 3253 994 3292 cum
1030 3254 1237 3293 summa
1288 3243 1660 3309 properatione
1708 3246 2046 3300 commeavit.

2159 3229 2492 3296 praecedente
2515 3241 2749 3303 tempore
2769 3238 3034 3309 colloquia
3053 3243 3265 3298 culmen
3287 3254 3522 3301 vestrum
3542 3248 3736 3304 crebra

476 3326 682 3382 Caetera
713 3328 850 3397 apud
881 3344 978 3383 vos
1018 3329 1296 3399 alleganda
1342 3346 1463 3387 esse
1508 3349 1610 3387 non
1659 3335 1858 3389 credidi
1890 3339 2051 3406 :quia

479 3416 568 3487 qui
600 3418 942 3473 commendat
987 3424 1193 3488 magnis
1232 3422 1359 3477 viris
1389 3422 1686 3492 justitiam,
1727 3428 2050 3485 oblivionem

475 3507 685 3561 videtur
714 3510 977 3579 mquitatis
1007 3526 1299 3580 opponere.
1343 3515 1564 3570 Domine
1594 3520 1688 3582 mi,
1720 3519 2052 3575 salutationis

474 3597 796 3666 plenissima:
822 3617 1010 3655 munus
1030 3603 1258 3657 exhibeo
1284 3620 1297 3657 :
1321 3612 1377 3660 et
1402 3607 1540 3674 quod
1563 3622 1825 3677 supereSI,
1871 3627 2054 3679 quaeso

475 3695 532 3741 ut
560 3698 727 3743 status
757 3692 897 3745 circa
922 3708 1005 3746 me
1034 3695 1220 3762 gratia:
1250 3706 1458 3761 vestrae,
1487 3700 1725 3766 quamvis
1758 3700 1827 3752 sit
1856 3701 2051 3769 plenis-

474 3779 673 3848 simus,
706 3781 878 3836 adhuc
909 3791 1084 3837 tamen
1116 3786 1355 3853 recipere
1386 3799 1607 3857 cogatur
1634 3802 1938 3861 augmenta.

978 3895 1311 3953 EPISTULA
1350 3899 1537 3956 XXVI.

994 4004 1249 4045 ENNODIUS
1288 4008 1530 4050 AGAPITO.

541 4074 817 4132 Resistunt
840 4091 1053 4148 peccata
1072 4084 1373 4153 desideriis,
1390 4097 1444 4142 et
1465 4099 1520 4142 ut
1542 4092 1849 4148 meritorum
1871 4104 2040 4153 Status

471 4167 899 4238 delinquentibus
954 4176 1287 4244 innotescat,
1328 4195 1355 4233 a
1403 4182 1662 4238 labiorum
1704 4189 2040 4256 proximitate

470 4261 643 4328 cupita
689 4262 1094 4321 subtrahuntur.
1154 4268 1345 4324 Acrius
1384 4273 1621 4345 alﬁigunt
1659 4280 1875 4351 oblata,
1916 4298 2036 4339 cum

508 4406 556 4498 εἰ
576 4407 797 4498 Δρξςξρὶε
826 4422 990 4498 tamen
1023 4416 1242 4493 legibus]
1276 4424 1499 4496 Cognati
1529 4435 1741 4498 generis
1766 4439 2036 4495 matrimo-

637 4480 832 4567 diviuae
854 4486 997 4563 luges
1024 4480 1388 4567 coercuerim:
1399 4480 1451 4551 et

471 4547 1008 4651 ξιθξῇξυέξξρεξξίξοῐξὲίξ.
1176 4547 1600 4650 sacrisrqui‘deu-t'

468 4616 726 4709 ﬂeti—pws”
744 4622 809 4677 de
843 4627 1022 4691 paucis
1048 4634 1215 4709 iisque
1252 4616 1866 4705 proxijuiis‘cauiu'mvfluit

467 4684 672 4781 longius
704 4692 812 4772 fere
843 4684 1101 4781 precessit
1122 4684 1505 4781 ‘inlerr'dictuui:

469 4765 870 4852 trisnsororisvc
908 4766 1011 4820 ﬁlia
1026 4776 1387 4852 copularetur.
1424 4785 1462 4806 “
1486 4765 2036 4852 'Imperat-ore'sUEI-r'ri;

659 4835 820 4921 etiam
854 4835 1373 4921 consobrmasjungi
1407 4835 2032 4921 vetueru‘titruvtv'ﬁieo;

464 4896 684 5001 ,0
706 4910 931 5001 lﬁltfilm‘,
965 4914 1173 5001 ut‘Sex.
1213 4896 1823 5001 ,ι
1845 4896 2031 5001 unde;

465 4968 759 5068 ἐι
789 4982 1112 5034 rontinentim
1132 5024 1144 5045 ,
1188 4997 1250 5068 ut
1278 4968 2033 5068 cortsobrinarun:septimus;

463 5044 1161 5139 2181311151.}.thEligit-Sororum:
1204 5058 1383 5139 Quare
1426 5066 1540 5139 sine
1582 5044 1843 5139 principis
1867 5044 2030 5133 venia

607 5108 939 5204 porrigebat
971 5125 1153 5204 :.q_uod
1184 5108 2030 5204 chtai-Er'ésési6AIZIEVForIZZiZ

460 5185 898 5276 'q‘uﬁncansofriltu
917 5185 1141 5276 legit-ima
1166 5200 1267 5276 ⁸[ἱαι
1296 5185 1445 5258 uia}.
1894 5185 2030 5276 '33};

462 5249 632 5349 isses.
662 5249 1047 5349 Titiin‘cesias
1076 5249 1231 5323 bod'ie
1258 5249 1869 5349 ..upr_iaga:.3':a;‘§;;tﬁ
1897 5249 2029 5344 iiii?

461 5325 609 5377 "lum
628 5365 643 5390 9
671 5325 735 5379 ad
764 5338 1047 5395 Septimum
1079 5353 1243 5405 usque
1271 5325 2028 5424 graada‘niiﬁialiub"3r3§l§-

461 5400 558 5433 (ξιιμ
583 5403 703 5433 cunt
758 5397 817 5433 Ar
845 5400 1064 5433 Funmtz:
1094 5414 1279 5433 n._..._-r,,
1330 5431 1357 5433 η
1412 5432 1419 5433 ,
1508 5420 1537 5433 ..
1652 5426 1658 5433 .
1726 5425 1734 5433 .
1782 5426 1792 5433 .

2160 3321 2443 3387 prmstabat
2488 3340 2501 3376 :
2546 3326 2691 3380 nec‘
2720 3329 2905 3386 aulicis
2952 3331 3233 3399 deputatus
3278 3338 3346 3389 ita
3396 3340 3739 3404 premebatur

2161 3411 2420 3478 excubiis,
2445 3421 2500 3470 ut
2525 3417 2772 3483 promissi
2793 3422 2992 3475 amoris
3020 3425 3329 3481 memoriam
3355 3442 3457 3483 non
3490 3429 3736 3489 haberet.

2161 3501 2290 3566 Quis
2320 3502 2449 3559 favis
2482 3506 2684 3572 toxica,
2716 3510 2833 3575 quis
2866 3526 3077 3567 caenum
3112 3515 3343 3573 fontibus
3371 3519 3739 3578 clandestinus

2161 3603 2463 3649 susurrator
2491 3597 2810 3655 admiscuit?
2851 3614 2942 3658 aut
2981 3604 3116 3662 forte
3142 3609 3281 3677 quod
3314 3610 3484 3667 fuerat
3510 3613 3583 3670 de
3610 3614 3739 3671 atie-

2161 3686 2335 3741 ctione
2395 3689 2707 3760 subreptum
2753 3694 2817 3750 ad
2851 3696 3106 3765 judicium
3147 3702 3448 3759 retulistis?
3488 3706 3599 3762 Sed
3637 3724 3737 3779 ego

2157 3788 2420 3841 occupare
2449 3794 2541 3834 vos
2574 3784 2883 3853 paginarum
2912 3792 3331 3861 promulgatioue
3360 3812 3463 3850 nou
3494 3797 3689 3855 ditfero
3718 3816 3732 3854 :

2156 3876 2210 3920 ut
2238 3867 2303 3923 ad
2334 3886 2484 3926 usum
2521 3886 2755 3932 veterem
2773 3917 2787 3941 ,
2816 3883 3151 3939 cessantibus
3178 3889 3451 3955 promissae
3474 3891 3739 3961 dignatio.

2155 3958 2241 4012 nis
2286 3962 2517 4019 stimulis
2543 4004 2560 4031 ,
2589 3968 2675 4023 vel
2716 3974 3041 4039 garrulitatis
3087 3992 3221 4033 mea:
3269 3958 3558 4049 provocati
3587 3986 3737 4056 fruge

2152 4049 2403 4110 redeatis.
2444 4054 2665 4113 Domine
2706 4063 2805 4127 mi,
2850 4066 3184 4124 salutationis
3218 4072 3530 4144 obsequium
3571 4049 3735 4148 plena

2148 4140 2445 4204 humilitate
2466 4153 2795 4221 persolvens,
2817 4158 2992 4215 iudico
3014 4179 3098 4217 me
3121 4168 3313 4222 vestris
3335 4170 3589 4239 cupidum
3611 4189 3733 4230 esse

2144 4239 2445 4303 aspectibus
2468 4248 2804 4314 prtesentari;
2830 4251 2872 4305 si
2899 4261 3073 4309 tamen
3097 4255 3421 4325 faciendum,
3443 4266 3733 4335 perpensis

2067 4346 2123 4409 Β
2145 4342 2263 4398 quae
2282 4333 2433 4388 vobis
2460 4336 2607 4393 cordi
2636 4353 2754 4397 esse
2779 4358 2883 4399 non
2910 4344 3117 4414 dubito,
3146 4352 3474 4411 rescribatis.

2142 4465 2448 4552 ‘Litterisac
2488 4473 2781 4552 principum
2828 4479 3033 4552 legibus
3073 4484 3270 4552 gradus
3310 4484 3421 4543 fere
3458 4492 3734 4548 consiste-

2142 4536 2302 4626 bant:
2340 4536 2674 4626 ιιι-θέῃσι]υέ
2715 4536 3266 4626 Ακαιιιῖζῃείδ-ξῖξϐίῖ

2140 4606 2240 4699 ira,
2265 4606 2663 4699 ῥιξιξθξίξιιθηεεξ
2693 4606 2788 4684 m',’
2812 4634 2861 4675 c.
2896 4623 2981 4676 to.
3020 4606 3736 4699 είύρξεῐνᾷοἲῖίῖίὶὶῖἕῙέεεέἐ

2140 4675 2254 4779 {tori
2265 4678 2382 4733 loco
2404 4682 2761 4771 interpretere
2772 4675 3088 4755 'uuaesacris
3117 4675 3335 4779 Litteuris
3356 4675 3731 4779 ςριιῖᾗῖθίῆῗιῖ

2141 4760 2259 4834 srve
2283 4765 2724 4839 sacros_canoues
2744 4759 2818 4814 ita
2850 4772 3020 4839 vocet,
3046 4781 3150 4832 quo
3178 4769 3336 4839 modo
3358 4770 3530 4827 Graeci
3563 4759 3736 4839 θείονξ

2139 4826 2501 4913 Effeminat
2515 4826 2728 4913 divinas
2761 4832 2971 4913 regulas
3008 4826 3209 4903 passim
3246 4838 3454 4907 Latini;
3493 4826 3735 4913 parvum

2138 4901 2253 4974 erat
2278 4892 2974 4974 llo-temporgdiscrimeu.

2210 4962 2947 5056 agmini/ilia].“Pro-epdem
2980 4979 3350 5056 scribiteliam
3379 4984 3537 5056 epist.
3580 4987 3652 5043 15
3680 4997 3735 5045 et

2138 5028 2205 5085 tt
2236 5031 2355 5086 libri
2384 5028 2655 5105 sequentis
2684 5042 2748 5095 ad
2780 5028 2997 5099 Avitum
3016 5028 3289 5108 ἔιὶῖιὶἱίέιῆἶ

2497 5129 2736 5217 excubiis]
2785 5132 3361 5217 Qtneituraenpalatime
3399 5160 3499 5214 qua
3531 5145 3733 5217 funge—

2138 5189 2310 5259 batur,
2341 5202 2395 5247 ut
2422 5195 2621 5252 dictum
2652 5189 2736 5255 esi
2764 5189 2829 5257 ad
2864 5189 3360 5273 cpist.§6rlili.wit:

2135 5282 2492 5425 άπξχίξξιωίηί
2521 5291 2715 5364 Mum]
2756 5295 2933 5352 Malim
2962 5301 3244 5371 eqttidem,
3285 5321 3328 5359 c.
3370 5316 3554 5363 vestro.
3616 5310 3727 5365 Sed

2199 5467 2238 5488 “
2264 5467 2348 5520 Est
2368 5471 2419 5521 in
2436 5474 2677 5535 apusculis
2696 5477 2958 5546 Sirmondi,
2984 5495 3043 5534 ea
3064 5484 3127 5537 de
3154 5499 3209 5537 re
3236 5496 3433 5552 quwstto
3454 5487 3665 5554 triplex.
