3998 6362
159 304 251 369 illi

1457 302 1948 365 EPISTOLARUH
1987 306 2114 364 LIB.
2163 307 2249 364 VI.

3347 314 3447 379 W3

182 419 3337 449 M—W

1298 526 1679 629 LIBER
1742 524 2286 636 SEXTUS.

657 803 993 861 EPISTOLA
1034 801 1263 858 PRIMA.

619 912 881 951 amentes
922 895 937 925 ¹
980 910 1300 949 Ρωτωτκιο.

224 987 326 1042 Nisi
370 995 425 1041 te
458 986 711 1043 efﬂictim
744 987 1022 1057 diligerem
1046 1028 1061 1051 ,
1095 996 1149 1041 et
1188 988 1258 1054 pii
1299 986 1477 1042 cordis
1517 986 1757 1042 soliditas

166 1080 527 1137 iudemutabili
562 1080 748 1137 radice
773 1088 1074 1144 constaret,
1107 1089 1287 1149 posset
1318 1081 1634 1149 iniuriarum
1666 1080 1758 1135 do-

167 1173 267 1228 lore
312 1183 680 1243 provocatus,
726 1174 805 1228 vel
852 1186 973 1227 cum
1020 1172 1301 1242 pueriliter
1344 1174 1631 1238 irasceris,
1673 1171 1757 1229 vel

166 1281 273 1321 cum
309 1277 639 1335 arroganter
683 1265 991 1334 supplicas,
1026 1266 1375 1321 commoveri.
1426 1265 1566 1321 Nihil
1613 1264 1757 1321 enim

165 1357 390 1425 invenio,
416 1358 565 1428 quod
590 1360 660 1413 sit
684 1356 939 1413 fabricata
963 1356 1262 1412 humilitate
1284 1358 1588 1425 superbius.
1615 1356 1759 1412 Prai-

165 1449 269 1506 fero
310 1449 677 1506 contumelias
732 1449 922 1503 fucatte
971 1448 1167 1503 frontis
1209 1448 1479 1517 obsequiis
1515 1468 1529 1504 κ
1572 1448 1761 1505 transit

164 1543 577 1599 amaritudinem
605 1541 833 1597 dulcedo
859 1540 1128 1596 simulata.
1165 1540 1278 1596 Non
1306 1556 1441 1609 opus
1463 1550 1547 1596 est
1574 1540 1762 1610 depre-

165 1638 483 1703 cationibtts,
509 1636 553 1690 si
577 1652 698 1707 qua:
724 1644 775 1690 te
796 1644 983 1690 catena
1019 1641 1195 1689 nectat
1222 1634 1496 1702 intelligis.
1532 1634 1761 1690 Poscant

165 1744 255 1799 pro
283 1727 606 1784 excessibus
650 1727 899 1792 veniam,
939 1725 1133 1794 quibus
1171 1735 1252 1779 est
1286 1726 1508 1781 liberum
1543 1740 1647 1780 non
1676 1741 1761 1795 pa-

164 1836 305 1874 rere.
336 1820 417 1873 Ita
450 1818 676 1872 famulos
712 1817 865 1871 uobis
892 1817 1127 1871 etelestis
1153 1816 1341 1885 judicii
1383 1816 1643 1872 claritudo
1675 1817 1762 1871 de-

164 1913 397 1983 putavit,
435 1921 490 1965 ut
522 1912 568 1965 in
594 1925 909 1979 quacunque
941 1924 1093 1964 mens
1124 1918 1273 1977 parte
1308 1909 1617 1972 defluxerit,
1651 1911 1759 1963 illo-

165 2019 277 2059 rum
327 2003 630 2056 necessitas
668 2000 975 2055 incliuetur.
1031 2000 1122 2054 llle
1170 2008 1446 2068 exspectat
1495 2000 1757 2065 clemens,

166 2095 246 2165 qui
279 2094 631 2157 destrictum,
677 2093 722 2147 si
766 2092 928 2158 velit,
964 2091 1194 2146 refutare
1238 2092 1404 2157 possit
1454 2091 1755 2159 imperium.

166 2185 311 2243 Haud
347 2185 533 2255 procul
566 2195 619 2239 te
647 2184 716 2239 ab
743 2184 845 2239 hoc
883 2182 1070 2237 ordine
1111 2183 1324 2252 evagari
1359 2192 1596 2252 potestas
1625 2184 1755 2237 mihl

165 2294 193 2334 a
239 2280 348 2334 Deo
395 2280 658 2333 attributa
709 2278 962 2345 patietur.
1019 2276 1216 2344 Optare
1284 2284 1337 2329 te
1386 2274 1637 2328 convenit
1698 2287 1764 2327 nc

167 2371 637 2428 mansuetudinem
694 2384 855 2440 quam
889 2369 940 2424 in
990 2384 1078 2424 me
1125 2368 1387 2438 praedicas
1449 2368 1764 2423 meritorum

172 2474 379 2521 tuorum
411 2462 780 2517 consideratio
805 2462 945 2531 justa
975 2461 1312 2527 devenustet,
1344 2470 1395 2515 et
1422 2460 1636 2530 pietatis
1668 2469 1769 2514 tra-

171 2560 344 2614 mitem
369 2557 655 2626 culparum
688 2555 972 2610 multitudo
1000 2553 1283 2622 depretiet.
1316 2552 1487 2617 Licet,
1513 2554 1565 2606 ni
1594 2552 1767 2616 fallor,

174 2650 595 2707 misericorditer
625 2647 859 2703 vindicta
882 2646 1167 2702 comitatur
1196 2654 1499 2711 errantem,
1534 2658 1633 2699 nec
1664 2644 1769 2697 ulla

173 2754 247 2801 est
272 2745 455 2814 patior
485 2742 742 2811 patientia
799 2741 899 2795 nisi
924 2756 1043 2810 qua:
1070 2739 1214 2793 vitiis
1238 2739 1439 2794 aditum
1470 2754 1576 2793 non
1605 2736 1776 2793 reclu-

175 2838 282 2903 dit,
305 2853 335 2893 a
368 2846 425 2891 te
448 2844 630 2890 tamen
660 2833 891 2889 facessat
917 2833 1210 2901 indignatio
1238 2841 1418 2886 nostra
1446 2848 1459 2884 :
1483 2831 1604 2897 quia
1629 2830 1771 2899 quod

175 2927 498 2998 deliqueris,
532 2940 641 2980 non
673 2924 911 2979 inclusus
937 2923 1093 2978 dolor
1121 2935 1173 2977 et
1204 2924 1371 2992 gratia
1416 2920 1635 2976 faltente
1665 2935 1776 2975 ser-

176 3032 319 3075 vatus
342 3064 359 3087 ,
395 3018 495 3074 sed
528 3019 750 3073 verbera
787 3016 1140 3085 castigabunt.
1192 3014 1343 3070 Nunc
1382 3030 1487 3068 uno
1528 3013 1690 3068 modo
1721 3012 1773 3067 in

178 3113 475 3168 cicatricem
524 3124 723 3180 cogere
767 3109 985 3163 vulnera
1028 3106 1395 3176 intemporalis
1434 3105 1774 3161 sermonibus

179 3204 377 3272 ingesta
408 3200 766 3272 przevalebis,
796 3200 843 3255 si
876 3211 928 3256 te
955 3214 1051 3268 per
1077 3200 1315 3255 culmina
1344 3197 1581 3253 liberalis
1612 3196 1781 3267 studit

178 3298 465 3368 ingenuum
496 3295 745 3351 doctrina
781 3292 1182 3349 monstraverit.
1234 3292 1479 3359 Veniam,
1509 3290 1612 3346 nisi
1640 3290 1781 3360 peri-

177 3392 243 3447 tia
269 3390 638 3461 suﬂ'tagante,
668 3404 773 3442 non
806 3388 985 3455 exiges
1014 3402 1030 3440 :
1065 3395 1288 3451 mutata,
1316 3400 1417 3455 qua
1448 3392 1606 3438 notus
1636 3398 1776 3447 sum,

1784 763 1834 820 Α
1865 788 2189 845 transmitte.
2229 790 2378 857 Quod
2412 804 2688 865 superest,
2721 802 3038 856 reverentia:
3068 811 3263 861 vestra:
3306 810 3451 877 quid-

1861 878 1987 945 quid
2028 879 2188 935 habet
2230 882 2501 941 humilitas
2548 887 2854 946 devoliouis
2902 893 3203 963 offerimus,
3254 904 3450 967 suppli-

1860 985 1987 1025 cans
2028 982 2083 1028 ut
2113 974 2316 1031 litteras
2343 987 2552 1037 vestras
2603 982 2690 1038 vel
2734 998 2832 1055 pro
2873 1002 3115 1047 mearum
3138 992 3450 1047 assiduitate

1856 1079 1965 1135 tam
1999 1082 2226 1124 merear.

2422 1166 2749 1223 EPISTOLA
2791 1170 2880 1227 ΙΙΙ.

2365 1273 2621 1314 ENNODIUS
2652 1276 2947 1321 EUPBEPIE.

1937 1342 2134 1399 lterum
2170 1348 2409 1404 omnium
2441 1366 2629 1409 cursus
2661 1356 2933 1426 obsequiis
2962 1360 3227 1428 corporis,
3260 1364 3454 1419 anima-

1862 1448 1979 1490 rum
2007 1446 2216 1492 constat
2256 1439 2484 1509 imperio
2517 1460 2529 1496 :
2560 1446 2701 1499 aliud
2735 1448 2980 1504 nobilitat
3013 1453 3247 1506 ctelestis
3276 1455 3455 1508 affini-

1864 1536 1945 1583 tas
1973 1571 1989 1596 ,
2037 1530 2180 1586 aliud
2227 1532 2457 1603 abjectio
2489 1547 2698 1592 terrena
2738 1539 3025 1597 submittit.
3072 1542 3182 1598 Nec
3223 1545 3454 1603 liberum

1862 1631 1945 1710 est
1993 1632 2049 1677 ut
2080 1640 2187 1694 quo
2211 1642 2362 1681 mens
2389 1629 2495 1684 lleo
2518 1642 2738 1699 patente
2764 1634 2957 1689 collata
2988 1636 3288 1704 deflexerit,
3312 1638 3457 1710 quod

1863 1709 1932 1765 de
1988 1714 2186 1769 ultimis
2224 1730 2557 1788 assumptum
2602 1734 2684 1778 est
2743 1740 2847 1780 non
2876 1737 3130 1798 sequatur
3161 1745 3173 1782 :
3209 1744 3308 1785 nec
3336 1709 3458 1786 licet

1868 1806 2091 1861 militem
2123 1807 2333 1864 obviam
2368 1828 2581 1867 manum
2611 1815 2844 1871 decretis
2876 1818 3215 1886 imperatoris
3241 1820 3455 1877 aﬂ‘erre.

1869 1895 2001 1950 llinc
2063 1898 2287 1969 Crispus
2330 1906 2560 1959 asseruit
2624 1908 2764 1961 aliud
2796 1908 2951 1963 nobis
2979 1925 3100 1965 cum
3126 1912 3225 1966 diis
3251 1953 3266 1975 ,
3312 1912 3459 1968 aliud

1865 2003 1986 2042 cum
2022 1990 2212 2045 bellttis
2245 2009 2365 2049 esse
2410 2011 2714 2053 commune.
2747 2000 2767 2030 ³
2800 1999 2966 2069 llujus
3011 2003 3203 2056 secreti
3254 2004 3461 2060 ratione

1866 2096 1987 2135 cum
2021 2084 2331 2140 absentibus
2380 2091 2804 2158 peregrinamur,
2836 2104 2890 2147 et
2919 2096 3063 2149 salva
3096 2097 3462 2152 membrorum

1868 2174 2177 2229 valetudine
2202 2218 2217 2242 ,
2268 2190 2541 2235 amantum
2575 2182 2814 2239 febribus
2862 2200 3151 2243 aestuamus
3186 2206 3199 2243 :
3228 2203 3324 2259 per
3350 2190 3465 2245 hac

1871 2268 2079 2321 vincula
2129 2271 2273 2324 nulla
2328 2271 2577 2328 itinerum
2626 2276 3001 2346 interjectione
3038 2280 3366 2349 dividimur,
3408 2289 3466 2339 et

1870 2363 2132 2429 segregati
2180 2363 2496 2419 habitaculis
2522 2408 2537 2432 ,
2586 2370 2638 2422 in
2668 2384 2831 2425 unum
2864 2372 3055 2427 studiis
3093 2375 3462 2431 convenimus.

1873 2449 2024 2506 Nesti
2051 2496 2064 2519 ,
2100 2468 2255 2509 soror
2284 2452 2606 2513 venerabilis
2630 2499 2645 2524 ,
2677 2468 2733 2514 et
2759 2475 2974 2518 omnem
3002 2463 3142 2533 apud
3171 2480 3257 2521 me
3286 2473 3465 2523 tram-

1874 2560 2055 2613 gre~sa
2090 2546 2452 2617 dulcedinem,
2474 2565 2593 2621 quae
2624 2552 2987 2621 praefationem
3018 2555 3284 2623 exegisset
3310 2570 3468 2613 occa-

1876 2638 1981 2692 sio.
2037 2638 2187 2695 Nunc
2232 2654 2419 2712 aperta
2472 2654 2648 2701 tecum
2693 2656 2749 2702 et
2788 2649 3005 2719 prodiga
3051 2650 3269 2718 pudoris
3298 2649 3470 2707 fronte

1877 2731 2215 2799 congrediar.
2288 2732 2386 2788 Vix
2448 2750 2567 2800 qua:
2611 2746 2737 2793 ante
2787 2737 3067 2795 direxeras
3108 2739 3471 2799 blandimenta

1883 2824 2114 2876 Sllsliltui
2153 2842 2165 2876 :
2199 2834 2317 2894 post
2346 2826 2769 2885 admonitionem
2797 2846 2969 2887 meam
2995 2832 3225 2901 duplicia
3253 2834 3304 2888 itt
3332 2834 3470 2890 litte-

1881 2912 1954 2966 ris
1985 2915 2139 2969 mella
2170 2915 2381 2983 fudisti,
2425 2934 2544 2990 qua:
2573 2929 2680 2974 tota
2713 2923 2945 2990 pectoris
2976 2934 3188 2980 secreta
3217 2935 3471 2981 concute-

1883 3014 2003 3058 rent
2030 3016 2083 3060 et
2116 3006 2180 3061 ad
2225 3009 2549 3065 desiderium
2584 3011 2661 3066 tui
2708 3016 2974 3081 captivam
3013 3015 3246 3073 animam
3286 3020 3473 3075 relicta

1882 3100 2130 3168 corporis
2158 3098 2287 3155 sede
2320 3102 2696 3159 transferrent.
2745 3104 2916 3173 Quam
2981 3108 3145 3165 timeo
3189 3124 3256 3165 ne
3287 3126 3473 3167 rursus

1884 3189 1952 3245 ad
1986 3190 2247 3247 incertum
2298 3194 2606 3251 remittatur
2632 3196 2884 3265 affectio;
2932 3208 2988 3256 et
3029 3215 3150 3259 cum
3184 3211 3290 3259 tota
3321 3218 3476 3260 mens

1887 3282 2176 3353 diligentiae
2217 3285 2336 3341 vela
2383 3286 2675 3355 laxaverit,
2716 3290 2977 3347 subducta
3029 3293 3325 3361 periculum
3368 3304 3478 3351 sta-

1889 3382 2033 3436 tione
2088 3383 2351 3451 patiaturl
2401 3385 2629 3441 Animus
2662 3400 2815 3441 meus
2844 3386 2967 3457 quia
2999 3386 3105 3445 fuci
3146 3390 3217 3445 sit
3264 3391 3477 3447 nescius
3510 3424 3515 3429 ι

176 3485 295 3553 lege
322 3483 613 3553 parcendi,
652 3482 793 3535 circa
827 3480 1067 3535 desidem
1111 3480 1368 3533 saevitiam
1402 3478 1501 3533 sub
1534 3477 1779 3547 perenni'
1805 3508 1852 3572 Ο
1893 3474 2227 3543 cognovisti;
2273 3489 2373 3530 nec
2402 3476 2777 3534 detestabilem
2808 3477 2950 3535 inter
2982 3489 3226 3536 amantes
3254 3482 3478 3539 urbani-

180 3585 283 3632 tate
311 3576 568 3632 servabo.
618 3573 772 3641 Quod
816 3580 1000 3635 restat,
1038 3572 1202 3627 Deum
1234 3586 1449 3642 precor,
1483 3579 1538 3624 ut
1571 3570 1770 3635 valeas,

180 3673 322 3726 etde
354 3671 604 3725 versibus
636 3667 770 3733 tuis,
814 3667 1018 3723 caelesti
1052 3666 1233 3722 favore
1265 3666 1580 3734 comitatus,
1622 3681 1771 3736 spem

180 3778 373 3835 augeas
398 3778 560 3834 quam
592 3761 813 3817 dedisti.

772 3850 1101 3908 EPISTULA
1138 3851 1197 3906 ll.

722 3958 976 3999 ENNODIUS
1018 3960 1236 3998 FACSTO.

250 4037 473 4093 Summa
501 4034 819 4105 gaudiorum
850 4044 931 4090 est
952 4036 1324 4105 Opportunitas
1353 4034 1658 4105 perlatoris,
1686 4033 1777 4103 qui

184 4131 429 4186 minister
454 4129 750 4199 diligentiae
797 4145 892 4199 per
933 4128 1277 4185 necessitates
1325 4143 1449 4184 suas
1498 4128 1779 4186 desideriis

186 4221 500 4290 obsequium
544 4229 761 4290 praestat
798 4222 1006 4276 alienis.
1060 4220 1211 4276 llunc
1256 4220 1471 4293 quidem
1526 4222 1780 4277 honestas

186 4312 568 4379 commendat,
600 4322 653 4368 et
682 4315 995 4384 peregrinus
1024 4313 1090 4369 ab
1139 4314 1321 4369 officio
1351 4318 1663 4370 mercatoris
1695 4330 1783 4384 pu-

188 4407 286 4463 dor
336 4408 578 4462 insinuat
618 4424 632 4462 :
678 4407 959 4477 jungitur,
1006 4408 1148 4476 quod
1205 4406 1488 4463 einotitia
1531 4408 1783 4461 culminis

188 4501 357 4557 vestri
396 4500 465 4555 ad
494 4499 653 4555 ﬁdem
686 4500 966 4569 probitatis
1008 4499 1254 4555 accessit.
1297 4499 1430 4554 Nam
1478 4499 1785 4567 scriptionis

188 4593 515 4649 veneranda:
563 4591 803 4662 frugibus
834 4593 949 4662 ipso
986 4601 1325 4648 comoieante
1368 4592 1593 4647 satiatus
1641 4607 1781 4650 sum.

191 4685 441 4741 Refundo
470 4700 598 4756 ergo
626 4684 960 4754 depositum,
992 4684 1156 4740 officii
1186 4687 1300 4755 lege
1338 4687 1690 4750 COIIall‘iCIUS;
1732 4692 1787 4739 et

190 4794 355 4849 quem
401 4778 457 4833 in
504 4777 723 4848 Liguria
764 4776 993 4847 positum
1039 4792 1135 4847 pro
1175 4777 1369 4832 virium
1419 4777 1787 4833 mediocritate

1890 3576 2050 3621 tatem
2084 3569 2252 3636 possit
2289 3583 2589 3626 assumere.
2640 3570 2754 3627 Tua
2799 3588 2988 3630 rursus
3012 3574 3284 3631 diversum
3313 3590 3476 3633 sexus

1881 3670 1936 3715 et
1963 3670 2152 3715 natura
2177 3660 2482 3730 pollicetur,
2500 3672 2561 3719 ut
2578 3663 2708 3720 dicit
2732 3666 3163 3737 sapientissimus
3189 3668 3473 3724 Salomon:

1880 3755 2068 3810 Anima
2098 3754 2117 3784 ³
2159 3769 2276 3824 qua:
2316 3756 2369 3809 in
2416 3758 2685 3810 saturitate
2723 3767 2835 3827 est,
2882 3758 3015 3829 favis
3060 3759 3231 3814 illudi:
3276 3760 3477 3832 (Prov.

1883 3860 2053 3912 xxvn,
2090 3846 2166 3911 7).
2218 3846 2331 3902 Scit
2385 3848 2671 3902 verborum
2718 3863 2959 3903 meorum
3010 3852 3161 3904 testis
3202 3860 3257 3906 et
3288 3850 3474 3920 judex,

1882 3936 2216 4005 diSposuisse
2243 3954 2328 3992 me
2372 3939 2497 4009 (nisi
2528 3938 2663 3994 forte
2692 3938 2921 3995 subdolo
2948 3941 3135 4010 gratiae
3162 3956 3354 4010 sapore
3383 3941 3479 3997 de—

1882 4030 2051 4098 cipiar
2076 4070 2090 4095 ,
2145 4039 2201 4084 et
2238 4030 2536 4100 degustata)
2576 4033 2818 4088 caritatis
2848 4034 3048 4088 sitienti
3082 4034 3269 4103 pocula
3297 4035 3479 4091 oblata

1883 4123 2253 4194 submoveris)
2296 4125 2551 4194 spiritalis
2581 4124 2815 4196 conjugii
2849 4142 2953 4181 non
2984 4126 3355 4194 simulacrum,
3384 4128 3481 4183 sed

1884 4217 2055 4287 ipsam
2107 4218 2331 4287 implere
2383 4220 2688 4275 veritatem.
2734 4218 2801 4276 Ut
2838 4219 2965 4277 dum
3015 4221 3155 4275 inter
3186 4237 3286 4276 nos
3315 4236 3480 4278 unum

1884 4312 2057 4378 velle,
2087 4320 2141 4367 et
2165 4328 2327 4367 unum
2359 4313 2502 4369 nolle
2531 4315 2835 4371 constiterit
2860 4356 2875 4380 ,
2907 4316 2989 4373 vel
3025 4316 3165 4384 quod
3200 4317 3370 4373 honos
3410 4318 3481 4374 ad

1887 4403 2243 4459 imitationem
2283 4405 2554 4470 stimulet,
2590 4406 2674 4461 vel
2707 4406 2850 4475 quod
2892 4408 3065 4463 malos
3096 4408 3332 4478 alliciat,
3367 4424 3485 4465 om-

1890 4496 2033 4551 nium
2068 4499 2239 4552 oculis
2270 4508 2322 4552 ct
2355 4497 2621 4552 mentibus
2654 4497 2932 4554 exhibere.
2986 4499 3065 4555 Tu
3098 4509 3300 4557 tantum
3326 4540 3343 4568 ,
3376 4502 3485 4557 Deo

1890 4586 2068 4641 medio
2102 4628 2117 4653 ,
2167 4587 2429 4642 adversus
2477 4603 2693 4642 omnem
2730 4606 2847 4657 qua:
2896 4607 2962 4645 ex
3000 4591 3205 4647 invidia
3246 4594 3486 4651 nascitur

1890 4680 2350 4752 impugnationem
2378 4724 2393 4747 ,
2428 4684 2637 4737 firmant
2687 4684 2937 4752 promitte
2968 4693 3021 4739 et
3052 4685 3486 4742 indemutabilem

1890 4775 2211 4830 servandam
2240 4790 2362 4830 esse
2392 4777 2771 4830 constantiam.
2804 4776 3063 4841 Quocirca
3107 4778 3247 4844 vale,
3292 4778 3361 4831 mi
3389 4778 3487 4833 do-

188 4872 411 4941 suscepi
433 4912 448 4939 ,
482 4869 546 4924 ad
583 4870 855 4941 potissima
887 4872 1179 4941 patrocinia
1211 4870 1403 4927 tabella
1432 4881 1789 4941 prosequente
1812 4892 1871 4957 ι)
1896 4870 2068 4935 mina,
2107 4877 2163 4923 et
2192 4867 2338 4923 brevi
2372 4881 2468 4937 pro
2507 4868 2759 4922 maximis
2796 4866 3168 4923 admonitione
3210 4877 3489 4937 contenta,

265 5034 282 5064 ²
334 5031 639 5106 Parthenio]
661 5032 946 5089 Germanae
971 5032 1194 5087 Ennodii
1219 5033 1420 5088 sororis
1442 5032 1603 5106 filium
1629 5031 1792 5106 fuisse

190 5106 497 5159 docttexunt
528 5104 636 5157 nos
658 5106 860 5229 aliqpot
902 5105 1178 5172 superiore
1211 5106 1347 5159 libro
1375 5105 1639 5172 epismlm,
1674 5104 1791 5171 qui-

192 5177 292 5229 bus
352 5175 700 5229 Parthenium
802 5190 974 5229 omam
1019 5177 1317 5229 modiorum
1366 5189 1528 5229 causa
1579 5174 1791 5229 prolici-

192 5177 292 5230 bus
352 5175 700 5230 Parthenium
754 5174 974 5229 Romam
1019 5177 1317 5231 studiorum
1366 5189 1528 5230 causa
1579 5174 1794 5243 prolici-

190 5257 439 5301 scentem
486 5247 958 5301 commendatione
1006 5262 1100 5301 sua
1162 5255 1472 5311 prosecutus
1517 5254 1619 5300 est.
1684 5246 1790 5300 Sed

190 5319 376 5373 sorori
409 5334 602 5374 nomen
638 5320 779 5387 qttod
814 5316 1008 5384 fuerit,
1039 5333 1296 5387 nusquam
1324 5319 1541 5371 indicat.
1587 5318 1793 5384 Eupre—

196 5393 341 5456 trium
371 5394 514 5443 enim
539 5406 644 5443 non
669 5405 792 5442 esse
822 5389 870 5442 id
897 5390 1152 5456 OSIctIdit,
1176 5389 1315 5457 quod
1350 5390 1629 5457 Euprepiw
1655 5389 1793 5443 Illius

140 5504 149 5509 -
192 5476 363 5530 quem
396 5460 611 5516 unicum
645 5462 849 5523 habuit,
886 5460 1192 5529 Lupicinus,
1219 5477 1323 5514 non
1356 5460 1671 5515 Parthenius
1700 5475 1794 5514 vo-

192 5534 447 5585 cabatur.
486 5532 687 5586 Deinde
716 5532 978 5601 Euprepia
1010 5533 1163 5585 vidua
1193 5542 1337 5593 erat;
1373 5532 1640 5585 Parthenii
1668 5548 1793 5585 vitro

192 5616 359 5671 pater
401 5615 677 5671 superstes
704 5602 801 5657 lib.
850 5618 917 5656 vu
944 5645 956 5664 .
999 5604 1153 5671 epist.
1203 5606 1272 5657 δυ
1302 5613 1356 5656 et
1385 5603 1472 5657 51.
1524 5603 1793 5657 Par-Itettii

193 5690 372 5745 porro
400 5674 733 5729 nobilitatem
768 5685 817 5726 rt
851 5674 1021 5729 felicia
1047 5674 1364 5729 eruditionis
1390 5676 1623 5744 auspicia
1656 5675 1798 5729 cele-

194 5747 324 5800 brat
355 5748 406 5798 in
438 5746 682 5800 Dictione
713 5745 744 5796 4
770 5746 1108 5811 scholastica,
1142 5762 1243 5815 qua
1269 5746 1465 5815 gratias
1490 5749 1595 5815 egit
1618 5761 1797 5815 gram-

192 5819 426 5885 matico,
451 5818 669 5888 quando
696 5816 1017 5873 Parthenius
1052 5818 1188 5874 bene
1214 5818 1493 5872 recitavit:
1520 5818 1647 5872 item
1674 5818 1796 5873 libri

1870 5030 2058 5095 'hujns
2079 5027 2238 5094 epist.
2262 5026 2353 5082 23.
2382 5024 2586 5091 Quibus
2614 5026 2945 5095 argumentis
2971 5024 3159 5088 ducor,
3185 5034 3242 5079 ut
3269 5023 3338 5079 de
3372 5025 3496 5080 Par-

1903 5102 2084 5156 thenio
2114 5098 2204 5152 illo
2237 5097 2545 5166 conjiciam.
2582 5098 2671 5167 qui
2708 5096 2956 5167 magister
2985 5096 3283 5149 officiorum
3312 5111 3374 5150 ac
3405 5112 3497 5166 pa-

1900 5173 2087 5226 tricius
2126 5170 2338 5223 tandem
2379 5168 2475 5220 fuit
2504 5184 2517 5220 :
2552 5170 2615 5220 ad
2646 5166 2807 5233 quem
2838 5175 3012 5221 exstat
3049 5166 3345 5235 clegiacum
3379 5181 3497 5219 car-

1901 5259 2021 5298 men
2056 5241 2296 5297 Aratoris
2320 5281 2334 5305 ,
2368 5239 2507 5308 quod
2541 5238 2633 5292 lib.
2666 5254 2718 5291 Ix
2750 5240 3135 5307 producetnus,
3168 5241 3218 5291 in
3250 5254 3355 5308 quo
3386 5239 3496 5289 siu-

1894 5322 2133 5385 guluretn
2203 5310 2319 5381 ejus
2368 5310 2725 5385 eruditiottent
2785 5324 2907 5385 cum
2953 5311 3166 5379 geni-ris
3220 5307 3498 5361 nobilitate

1896 5380 2260 5456 conjunctatn,
2291 5398 2351 5436 ac
2377 5383 2619 5456 diversas
2649 5380 2943 5451 legationes
2971 5387 3379 5435 commemorat.

1970 5453 2009 5491 "
2030 5457 2251 5513 Sallust.
2282 5456 2336 5509 in
2366 5453 2525 5508 Catil.

1969 5529 1991 5562 ⁸
2029 5531 2215 5582 Anima
2242 5542 2358 5597 quis
2396 5528 2449 5579 in
2493 5521 2788 5595 saturitate]
2838 5520 3127 5597 Cassianus
3171 5518 3354 5597 co‘llal.
3406 5520 3495 5597 tl,

1899 5617 2016 5669 cap.
2061 5603 2122 5655 I5
2157 5616 2170 5655 :
2203 5591 2387 5652 Anima
2416 5615 2529 5668 qua:
2560 5599 2614 5650 in
2636 5591 2868 5669 sutieiale
2894 5592 3150 5669 θεμιτειῂ
3181 5591 3496 5669 ἰΙΙαιίίι.-Ει

1898 5658 1981 5728 esi
2013 5673 2172 5725 lectio
2205 5658 2555 5738 interpreum
2591 5667 2729 5722 LXX
2763 5669 2961 5741 :__Yuxri
2988 5658 3500 5741 ia__tr)inopovti_oi_taat

1899 5750 2088 5821 κηρίοις
2108 5734 2363 5821 iungite}
2389 5742 2494 5821 l‘lec
2516 5742 2738 5793 multum
2759 5734 3285 5806 discrepatVulgata,
3306 5734 3503 5789 'Anima

1901 5815 2137 5873 salttrata'
2160 5815 2373 5869 culcabit
2400 5818 2595 5877 (avum.
