3998 6362
546 362 651 421 103

1573 350 1846 408 ENNODII
1886 347 2191 407 EPISCOPI
2229 346 2604 405 TICINENSI‘S

3697 338 3800 399 1οι

548 496 671 567 quia
708 506 807 549 nec
842 488 1141 560 epistolaris
1166 484 1507 543 concinnatio
1546 484 1694 554 plura
1734 483 1931 552 patitur
1957 522 1972 548 ,
2017 495 2118 536 nec
2144 463 2199 521 Α
2228 476 2329 567 ξηθ
2351 459 2689 567 μοδεθαυῇιαι·
2747 456 2928 513 ἀεὶ)Πο
2950 496 2967 523 .
3021 456 3187 511 altera
3233 462 3519 525 praestatur
3564 456 3799 512 aﬂectui.

547 590 685 645 ratio
737 584 1082 656 penetralium
1144 580 1349 650 paginis
1394 578 1593 632 debere
1636 578 1894 632 committi
1920 615 1936 641 ,
1969 578 2014 629 si
2055 573 2123 627 ad

548 681 662 735 haec
688 693 807 748 quae
837 676 1066 730 indicata
1117 682 1242 728 sunt
1276 680 1403 726 voto
1435 680 1485 725 et
1517 670 1619 723 fide
1648 668 1964 739 respondes,
1998 680 2123 737 pro-

548 771 678 840 priae
714 765 1018 837 scriptionis
1049 764 1356 839 testimonio
1387 760 1659 831 pollicere.

1112 854 1439 910 EPISTULA
1471 850 1561 906 IV.

1083 962 1337 1003 ENNODIUS
1375 957 1600 999 FAUSTO.

617 1042 733 1098 Non
765 1041 975 1111 scripsi,
1005 1048 1061 1093 ut
1082 1052 1262 1093 amaro
1292 1029 1744 1090 incommoditatis
1772 1041 1906 1082 meat
1931 1025 2131 1081 indicio

547 1150 644 1190 vos
672 1148 989 1204 gravarem;
1020 1129 1114 1185 sed
1146 1138 1202 1183 ut
1225 1124 1636 1182 sollicitudinem
1663 1131 1918 1186 vestram,
1947 1127 2133 1188 quate-

548 1243 652 1283 nus
696 1228 906 1282 insistat
947 1223 1314 1289 orationibus,
1361 1220 1727 1275 convenirem.
1770 1214 1904 1270 Male
1949 1212 2132 1267 oculos

549 1332 700 1373 meos
722 1326 842 1372 ante
871 1325 1098 1384 recepta:
1128 1311 1448 1368 valetudinis
1477 1307 1827 1364 substantiam
1854 1304 2134 1373 impositus

550 1408 705 1464 labor
727 1408 932 1478 accepit
957 1445 973 1475 ,
999 1420 1157 1461 omne
1186 1420 1214 1458 a
1242 1418 1327 1457 me
1348 1401 1622 1455 vobiscum
1646 1399 1824 1453 lumen
1851 1394 2131 1450 abscessit.

552 1500 696 1556 Satis
726 1500 796 1553 sit
840 1490 1166 1567 significasse
1204 1493 1343 1563 quod
1386 1491 1576 1561 patior.
1618 1490 1861 1543 Vestrum
1892 1494 1974 1541 est
2007 1498 2134 1553 pro-

553 1594 861 1663 Speritatem
936 1605 1107 1645 meam
1155 1604 1184 1642 a
1228 1587 1339 1642 Deo
1393 1600 1548 1654 quem
1615 1580 1863 1652 precibus
1917 1575 2136 1647 placatis

553 1684 767 1752 exigere
790 1724 808 1749 ,
846 1691 900 1736 et
930 1680 1189 1736 reseranti
1229 1677 1524 1731 litterarum
1570 1671 1714 1726 fores
1743 1661 1948 1725 crebris
1979 1680 2136 1737 opem

554 1778 700 1833 ferre
728 1777 1030 1845 colloquiis.
1064 1774 1289 1827 Domine
1317 1772 1410 1837 mi,
1437 1771 1601 1824 Deum
1633 1782 1834 1837 quaeso,
1865 1775 1921 1819 ut
1951 1763 2078 1819 illud
2104 1776 2137 1818 a

553 1868 703 1922 vobis
732 1866 953 1922 indicari
979 1864 1139 1921 faciat
1182 1862 1323 1931 quod
1355 1876 1440 1915 me
1467 1860 1696 1916 delectet
1723 1871 2033 1929 agnoscere.

1116 1951 1448 2007 EPISTOLA
1486 1950 1554 2005 V.

1040 2061 1296 2103 BNNODIUS
1337 2057 1657 2099 AUBELIANO.

626 2143 742 2198 Non
780 2153 863 2198 est
895 2140 1087 2195 ﬁducia
1118 2154 1236 2193 mea
1267 2134 1606 2206 praecognitis
1648 2131 1843 2187 nudata
1878 2126 2137 2183 successi-

556 2239 679 2292 bus.
713 2234 931 2291 Validus
954 2234 1005 2287 in
1031 2231 1312 2286 affectione
1337 2238 1419 2284 est
1439 2268 1453 2293 ,
1481 2241 1637 2296 quem
1663 2224 1841 2278 animo
1868 2236 1989 2277 meo
2018 2220 2137 2274 dili-

555 2330 749 2400 gentia:
795 2340 1082 2384 memorem
1119 2325 1260 2394 juSIa
1298 2338 1416 2399 sum
1457 2319 1815 2376 aestimatione
1846 2316 2133 2387 pollicitus.

556 2420 769 2477 Gratias
787 2419 902 2485 tibi,
926 2432 1156 2487 superna
1178 2414 1530 2484 dispensatio,
1558 2426 1674 2481 qua:
1703 2409 1950 2464 humanis
1978 2408 2137 2462 rebus

558 2527 939 2585 prosperorum
970 2508 1200 2564 fructum
1241 2508 1311 2561 de
1338 2504 1674 2559 adversitatis
1702 2502 1987 2558 occasione
2034 2499 2140 2553 lar-

558 2606 720 2675 giris,
773 2617 871 2660 nec
909 2606 1107 2672 pateris
1140 2599 1193 2653 in
1234 2598 1422 2653 ordine
1465 2611 1562 2651 suo
1601 2595 1773 2649 tristia
1805 2605 2135 2663 permanere.

556 2697 750 2752 Nescio
798 2694 927 2764 quid
973 2690 1325 2761 magnitudini
1370 2697 1560 2743 vestra:
1606 2684 1814 2740 hostilis
1852 2683 2045 2737 malitia
2071 2680 2141 2736 de

556 2788 862 2859 patrimonii
893 2786 1140 2840 ubertate
1180 2781 1540 2850 decerpserit;
1580 2788 1760 2832 tamen
1802 2777 1904 2829 sub
1940 2774 2043 2827 hoc
2076 2771 2141 2826 ti-

557 2881 670 2935 tulo
700 2876 1034 2934 invictissimi
1072 2873 1272 2930 domini
1302 2876 1525 2928 multum
1568 2869 1883 2938 locupletem
1915 2866 2138 2936 gratiam

556 2973 903 3043 comparavit.
937 2971 1084 3025 Bona
1109 2977 1192 3023 est
1229 2967 1437 3037 jactura
1478 2963 1789 3018 substantiae
1816 3004 1830 3028 ,
1862 2959 1907 3014 si
1954 2957 2142 3028 inclyti

556 3066 746 3123 notitia
777 3062 1030 3134 principis
1061 3058 1353 3128 dispendiis
1380 3055 1668 3110 invenitur.
1714 3051 1829 3105 Non
1860 3058 1941 3105 est
1970 3046 2139 3102 facul-

563 3168 732 3213 tatum
781 3151 1116 3209 formidanda
1162 3148 1437 3213 decessio,
1480 3145 1526 3199 si
1564 3159 1659 3213 per
1687 3157 1809 3196 eum
1839 3141 1925 3210 qui
1952 3150 2140 3195 omnes

560 3248 742 3302 vincat
767 3244 1011 3311 divitias,
1039 3239 1232 3296 summi
1264 3237 1474 3292 Domini
1502 3249 1653 3288 amor
1683 3232 1993 3301 acquiritur.
2028 3230 2141 3285 lluc

560 3343 768 3400 accedit
795 3340 935 3412 quod
969 3352 1066 3394 nec
1096 3338 1183 3391 illa
1216 3332 1536 3395 imminutio,
1568 3329 1692 3384 dum
1719 3327 1854 3381 facta
1899 3336 1979 3380 est
2009 3323 2141 3378 lucri

559 3445 734 3493 mater
771 3443 826 3489 et
869 3433 1129 3487 honorum
1156 3428 1241 3482 via
1267 3468 1283 3494 ,
1333 3424 1577 3493 impacta:
1621 3418 1933 3474 humilitatis
1973 3416 2142 3487 potuit

561 3538 747 3585 tenere
776 3523 1148 3580 substantiam.
1196 3520 1288 3574 Sic
1323 3525 1563 3586 reparata
1592 3523 1719 3569 sunt
1748 3527 1867 3582 qua:
1898 3510 2140 3564 inimicus
2220 3536 2221 3539 η

562 3619 795 3690 eripuit,
836 3626 895 3670 ut
922 3614 1096 3668 adhuc
1125 3610 1439 3681 gaudiorum
1474 3605 1746 3661 cumulum
1796 3588 2138 3673 prae'stoleris.

562 3714 857 3783 Supersunt
885 3724 1004 3780 qua:
1048 3708 1103 3761 in
1149 3720 1245 3774 spe
1291 3703 1608 3765 habeantur,
1643 3713 1764 3752 cum
1803 3698 2019 3752 culmini
2052 3704 2141 3747 tuo

562 3781 847 3875 contigerit
878 3801 1103 3856 maxima
1134 3798 1240 3865 jam
1274 3806 1476 3851 tenere.
1527 3791 1621 3847 Ilis
1648 3781 1919 3843 beneficiis
1944 3829 1957 3852 ,
2000 3785 2140 3840 ctelo

562 3904 781 3952 auctore
806 3892 1037 3959 collatis,
1060 3890 1263 3959 notitia:
1282 3896 1339 3942 et
1365 3882 1761 3941 communionis
1784 3888 1977 3934 nostra:
2002 3878 2141 3933 bona

561 3990 866 4061 jungamus.
898 3982 1121 4052 Quando
1149 3980 1280 4035 mihi
1310 3987 1512 4032 tantum
1543 3975 1713 4029 virum
1742 4014 1758 4040 ,
1796 3972 1896 4027 nisi
1926 3986 2018 4039 per
2050 3968 2138 4022 illa

565 4099 685 4153 qua:
716 4080 966 4150 przefatus
1004 4090 1119 4130 sum
1142 4115 1156 4139 ,
1190 4071 1502 4140 contigisset
1538 4065 1863 4137 agnoscere?
1907 4063 2011 4117 Sed
2046 4077 2140 4115 att-

568 4179 729 4242 geant
781 4183 1009 4237 superna
1068 4179 1185 4234 qua:
1220 4163 1488 4227 tribuunt;
1535 4169 1589 4214 et
1634 4159 1698 4212 ad
1729 4174 1845 4226 qua:
1873 4155 2137 4210 desideria

566 4263 931 4333 porriguntur,
963 4256 1141 4311 divina
1171 4269 1269 4310 nos
1302 4267 1430 4308 cura
1462 4251 1737 4321 perducat.
1769 4249 1919 4315 Quod
1950 4256 2134 4313 restat,

562 4356 702 4423 vale,
734 4355 806 4409 mi
836 4353 1079 4416 domine,
1107 4359 1160 4404 et
1195 4358 1462 4402 amantem
1494 4345 1565 4399 tui
1590 4344 1793 4398 crebris
1824 4342 1948 4396 fove
1973 4339 2140 4395 collo-

564 4448 705 4518 quiis
733 4464 747 4499 :
774 4446 894 4516 quia
941 4443 1043 4497 nisi
1086 4439 1390 4511 epistolaris
1419 4435 1760 4492 concinnatio
1797 4441 2002 4488 teneret
2032 4440 2138 4487 ter-

562 4540 766 4593 minum
793 4537 906 4604 lege
928 4533 1318 4604 praescriptum,
1355 4529 1545 4600 gaudia
1573 4543 1659 4583 me
1689 4528 1741 4583 in
1783 4528 1947 4581 multa
1974 4524 2135 4580 verba

562 4628 941 4686 diffundereut.

1124 4713 1451 4769 EPISTOLA
1492 4711 1580 4766 VI.

1063 4820 1317 4860 ENNODIUS
1356 4805 1373 4835 ¹
1414 4816 1627 4857 ιοετιο.

634 4902 737 4958 Par
776 4898 991 4971 quidem
1030 4896 1205 4951 fuerat
1242 4895 1364 4949 unis
1400 4892 1590 4946 litteris
1624 4886 1999 4959 magnitudinis
2028 4893 2135 4941 tua:

562 4992 908 5063 respondisse
934 4989 1278 5058 simpliciter,
1325 4999 1422 5039 nec
1447 4983 1720 5053 geminare
1747 4979 1944 5034 debere
1971 4978 2134 5032 collo-

562 5086 685 5155 quia
730 5084 895 5138 semel
931 5080 1219 5136 obnoxium
1263 5095 1278 5127 :
1313 5075 1409 5131 sed
1451 5074 1699 5127 cautione
1739 5071 1804 5125 ad
1844 5070 1943 5137 hoc
1968 5109 1983 5135 ,
2029 5082 2133 5122 non

562 5176 775 5233 inscitia
814 5172 1098 5229 devolutus
1127 5183 1268 5226 sum.
1299 5166 1376 5221 De
1402 5166 1675 5235 utriusque
1701 5161 1843 5217 enim
1873 5159 2134 5229 epiStolis,

634 5330 651 5362 ⁸
689 5324 903 5397 Boetio]
952 5322 1076 5379 llaec
1117 5319 1347 5397 secunda
1376 5315 1625 5397 .EDDOIiii
1668 5314 1741 5368 ad
1775 5312 2139 5397 Boetiumnest

559 5381 829 5471 epistola:
858 5381 911 5471 «th
933 5407 1119 5471 contra
1148 5393 1314 5461 prima
1343 5389 1550 5442 videtur
1574 5400 1694 5471 quae
1720 5384 1989 5464 sequentis
2015 5381 2138 5464 libri

559 5454 732 5528 est‘du
757 5469 994 5523 idecima.
1026 5454 1173 5520 Adeo
1196 5476 1374 5516 verum
1396 5470 1476 5512 est
1500 5454 1640 5526 quod
1669 5458 1989 5517 monuimus,
2014 5454 2129 5519 cpi-

562 5545 816 5596 stolarum
868 5536 1090 5592 Ennodii
1137 5533 1327 5587 seriem
1375 5530 1568 5598 tibique
1613 5536 1809 5581 rectam
1854 5541 1956 5598 non
1988 5538 2128 5598 esse.

562 5593 675 5668 inin
710 5593 759 5663 in
792 5609 1020 5666 nominis
1058 5607 1319 5669 scriptura
1363 5593 1568 5652 variant
1607 5600 1837 5669 codices.
1884 5594 2012 5669 Nam
2042 5593 2132 5669 alii

564 5664 805 5737 Doetium
842 5664 1113 5741 scribmtt,
1146 5664 1231 5727 alii
1260 5670 1537 5725 Boethium
1580 5686 1592 5741 ς
1625 5667 1763 5737 quod
1802 5666 2047 5741 quidem,
2084 5664 2129 5718 si

563 5736 771 5817 Crucem,
794 5753 937 5803 vocis
961 5736 1110 5817 origo
1138 5754 1438 5817 spectetur,
1466 5736 1824 5817 metittsfrat.
1869 5736 1972 5817 sed
2007 5747 2131 5787 usus

564 5806 808 5888 obtinuit,
833 5830 889 5877 ut
914 5806 1153 5876 Boetium
1169 5806 1358 5886 'potius
1381 5812 1638 5869 dicamus.
1669 5809 1735 5865 Et
1754 5806 1865 5874 jam
1892 5806 2019 5863 olim
2043 5820 2127 5860 va-

2157 4578 2213 4639 D

2226 553 2472 618 Credite,
2499 551 2647 606 nefas
2676 552 2854 620 ptttavi
2900 565 3005 603 non
3028 564 3148 604 cum
3174 546 3356 604 fenore
3396 563 3494 604 suo
3524 549 3807 604 restituere

2227 642 2370 712 quod
2419 658 2568 698 mens
2616 640 2937 697 venerabilis
2975 642 3142 710 prima
3192 641 3512 696 contu'erat.
3561 640 3808 696 Dulciora

2228 744 2352 789 sunt
2386 744 2508 788 ante
2563 734 2865 802 exemplum
2914 733 3051 786 bona
3096 731 3428 800 diligentiae:
3467 746 3567 786 nec
3606 739 3807 788 tantum

2230 826 2390 881 habet
2437 826 2627 880 virium
2670 834 2761 878 aut
2787 824 2931 895 genii
2981 823 3071 892 qui
3110 822 3467 877 amicuiarum
3504 818 3696 877 callem
3738 825 3810 879 fe-

2229 916 2435 971 cundus
2464 916 2782 985 ingreditur.
2827 916 3144 971 Summatim
3177 915 3274 969 sibi
3314 916 3539 985 gratiam
3575 932 3684 971 non
3717 932 3807 985 po-

2233 1018 2336 1064 test
2362 1008 2653 1074 vindicare,
2681 1008 2768 1064 cui
2799 1008 2853 1063 in
2878 1023 3063 1063 amore
3092 1007 3259 1061 forma
3283 1017 3566 1078 prmstatur
3594 1025 3609 1061 :
3636 1008 3814 1076 impo-

2233 1102 2428 1156 dentite
2458 1110 2542 1155 est
2572 1114 2678 1155 non
2716 1099 3042 1168 respondere
3084 1097 3328 1163 caritati,
3359 1112 3477 1151 cum
3511 1098 3812 1152 manifestet

2233 1210 2321 1250 res
2347 1195 2482 1249 bene
2503 1203 2621 1249 orta
2650 1193 2919 1247 virtutem.
2944 1192 3068 1245 llaec
3090 1190 3142 1244 in
3172 1191 3506 1245 festinatione
3532 1191 3812 1259 perlatoris

2235 1290 2382 1345 celer
2419 1286 2632 1356 scripsi.
2688 1285 2871 1340 Latius
2901 1284 3125 1354 posthac
3159 1285 3318 1338 verba
3348 1281 3639 1336 diffundant
3673 1299 3689 1338 :
3721 1296 3813 1337 nec

2235 1382 2460 1436 maciem
2490 1378 2689 1448 ingenii
2719 1379 2851 1441 mei,
2872 1377 2997 1432 dum
3023 1376 3211 1431 merita
3234 1385 3413 1430 vestra
3435 1374 3811 1444 respiciuntur,

2237 1472 2491 1541 aspiciam
2526 1488 2539 1523 :
2570 1472 2613 1525 si
2646 1479 2824 1523 tamen
2860 1467 3142 1523 desideriis
3183 1467 3319 1521 meis
3360 1466 3679 1520 tabellarum
3714 1465 3815 1520 fre-

2239 1565 2508 1634 quentiam
2532 1561 2903 1617 commodetis.
2934 1560 3156 1613 Domine
3183 1558 3276 1622 mi,
3305 1558 3641 1611 salutationis
3666 1558 3814 1611 uber-

2238 1657 2389 1710 rimae
2417 1654 2631 1709 servitia
2662 1650 2994 1720 dependens,
3023 1663 3225 1718 qumso,
3262 1657 3317 1701 ut
3347 1652 3664 1703 memoriam
3692 1664 3814 1718 pro-

2238 1748 2496 1803 ximitatis
2527 1759 2626 1801 vos
2666 1744 2866 1799 habere
2905 1743 3117 1812 signent
3146 1741 3476 1811 promulgata
3505 1742 3622 1796 sine
3651 1740 3814 1795 inter-

2164 1836 2216 1900 B
2240 1842 2495 1899 missione
2529 1838 2816 1911 Colloquia.

2784 1925 3119 1982 EPISTOLA
3156 1925 3265 1981 VII.

2774 2035 3033 2076 ENNODIUS
3071 2032 3287 2073 AVIENO.

2307 2116 2409 2170 Diu
2456 2126 2537 2170 est
2569 2113 2709 2185 quod
2740 2112 3018 2167 desideriis
3058 2110 3337 2165 veracibus
3385 2122 3678 2178 suspensus
3706 2108 3817 2164 solo

2236 2210 2530 2264 litterarum
2569 2220 2765 2275 pascor
2802 2203 2977 2257 officio
3008 2219 3024 2258 :
3052 2202 3177 2256 dum
3217 2202 3358 2255 enim
3399 2200 3817 2270 magnitudinem

2236 2310 2469 2355 vestram
2501 2299 2765 2368 alloquor,
2792 2295 2973 2349 votivo
2999 2308 3084 2348 me
3109 2293 3315 2347 aestimo
3341 2307 3445 2347 non
3468 2292 3660 2347 deesse
3691 2308 3818 2346 con-

2238 2390 2461 2459 Spectui.
2500 2387 2608 2443 Sed
2648 2385 2897 2441 remediis
2936 2385 3048 2438 suis
3085 2382 3294 2437 animus
3332 2384 3573 2450 aegrescit
3604 2383 3815 2448 afﬂicti;

2238 2491 2292 2536 et
2330 2480 2469 2549 quod
2519 2479 2807 2548 diligentia;
2854 2475 3104 2546 pabulum
3155 2474 3458 2537 invenitur,
3508 2478 3609 2529 hoc
3650 2475 3818 2541 magis

2240 2581 2475 2627 macerat
2512 2570 2580 2626 de
2617 2572 2814 2624 amoris
2856 2568 3002 2637 fruge
3041 2567 3319 2635 jejunium.
3364 2565 3531 2632 Vere,
3579 2565 3817 2631 domine,

2240 2664 2320 2718 sic
2346 2678 2441 2719 vos
2481 2662 2680 2715 lumina
2722 2676 2839 2715 mea
2869 2660 3009 2714 Deus
3047 2667 3229 2713 servet
3267 2657 3593 2720 incolumes;
3624 2658 3746 2726 quia
3776 2658 3818 2712 si

2241 2765 2331 2809 aut
2355 2754 2494 2808 vires
2516 2753 2757 2823 corporis
2780 2752 2883 2807 mei
2906 2752 3177 2814 sivissent,
3203 2758 3294 2803 aut
3320 2750 3589 2804 festinatio
3612 2750 3815 2816 domui,

2244 2846 2549 2900 Ravennam
2580 2846 2705 2899 totis
2735 2842 3045 2896 intentionis
3069 2856 3202 2895 meae
3242 2840 3446 2895 viribus
3471 2842 3816 2909 expetiSsem.

2245 2936 2349 2993 Sed
2388 2936 2432 2990 si
2460 2936 2600 2991 Deus
2630 2935 2890 3000 voluerit,
2935 2934 3080 2988 salva
3122 2934 3229 2986 vita
3275 2931 3454 2986 domui
3501 2932 3604 2987 inci
3659 2932 3821 3003 patris

2244 3029 2431 3094 vestri,
2463 3036 2519 3081 et
2543 3027 2752 3081 domnae
2782 3025 2996 3087 matris,
3031 3032 3148 3093 post
3177 3024 3374 3077 Pascha
3406 3039 3524 3078 cum
3556 3024 3822 3093 adjutorio

2244 3132 2479 3187 superno
2518 3120 2729 3172 veniam
2750 3161 2764 3183 ,
2797 3127 2853 3170 ut
2881 3115 3034 3170 vobis
3061 3116 3191 3169 visis
3218 3115 3282 3169 ad
3313 3130 3467 3182 opem
3498 3116 3619 3170 vita:
3676 3130 3823 3171 reva-

2166 3200 2213 3266 C
2245 3210 2463 3265 lescam.
2510 3208 2733 3264 Domine
2760 3208 2853 3275 mi,
2884 3208 3255 3262 salutationem
3286 3208 3606 3263 uberrimam
3639 3209 3821 3264 dicens

2247 3315 2457 3371 precor,
2481 3307 2539 3354 ut
2563 3313 2749 3355 omnes
2777 3308 2990 3355 sanctos
3019 3313 3175 3354 orare
3199 3314 3297 3369 pro
3322 3314 3407 3356 me
3435 3299 3821 3358 instantissime

2245 3391 2562 3462 proca-retis.

2774 3482 3107 3539 EPISTOLA
3147 3482 3285 3539 VIII.

2756 3616 3016 3658 ENNODIUS
3053 3616 3299 3658 SENARIO.

2313 3714 2566 3782 Quamvis
2582 3729 2679 3786 pro
2691 3702 2923 3785 peccatis'
2951 3714 3086 3769 meis
3109 3715 3269 3770 etiam
3299 3714 3594 3769 litterarum
3622 3724 3824 3769 vestra-

2242 3822 2359 3863 rum
2402 3806 2590 3861 solatia
2623 3806 3005 3873 subducantur,
3041 3822 3141 3874 ego
3180 3814 3360 3862 tamen
3403 3822 3612 3862 memor
3652 3807 3823 3863 debiti

2242 3915 2347 3970 quo
2384 3915 2467 3954 me
2492 3915 2585 3968 per
2618 3900 2843 3969 gratiam
2871 3910 3123 3963 vestram,
3159 3909 3217 3954 ut
3250 3899 3342 3954 Dei
3371 3914 3663 3966 memores,
3694 3899 3825 3956 obli-

2241 3994 2423 4063 gastis,
2459 3992 2698 4046 scribere
2728 4007 2833 4047 non
2862 3993 3085 4047 omitto:
3108 4006 3350 4060 sperans,
3382 3992 3580 4048 domne
3607 3993 3822 4063 Senari,

2241 4094 2299 4139 ut
2322 4084 2486 4137 Deum
2516 4099 2671 4152 quem
2713 4084 2767 4137 in
2810 4100 2895 4139 me
2934 4085 3198 4154 cogitasti,
3230 4100 3445 4153 semper
3471 4086 3724 4141 attendas
3774 4093 3827 4141 et

2241 4175 2552 4245 frequenter
2582 4175 2709 4229 mihi
2742 4177 3035 4230 litterarum
3067 4186 3364 4231 vestrarum
3395 4192 3588 4231 munus
3622 4179 3824 4247 imper-

2243 4270 2362 4326 tias.
2388 4272 2590 4325 Domne
2609 4270 2700 4336 mi,
2726 4271 2896 4324 saluto
2918 4270 3200 4339 plurimum
3220 4272 3517 4325 reverentia
3539 4279 3825 4339 consueta,

2240 4372 2295 4419 et
2338 4365 2563 4431 imploro
2603 4373 2659 4416 ut
2704 4377 2797 4430 per
2835 4376 3022 4417 omnes
3068 4372 3370 4417 sanctorum
3434 4362 3689 4419 basilicas
3732 4376 3827 4433 pro

2238 4456 2525 4512 afflictione
2555 4470 2671 4511 mea
2700 4455 2864 4511 Deum
2898 4470 3085 4525 rogare
3114 4470 3218 4511 non
3244 4456 3485 4512 desinas.

2795 4566 3134 4622 EPISTULA
3173 4566 3265 4623 IX.

2769 4694 3026 4735 ENNODIUS
3064 4695 3281 4736 FAUS'I‘O.
3308 4728 3313 4733 .

2308 4794 2563 4862 Quamvis
2618 4793 2681 4848 ad
2724 4793 2943 4849 tutelam
2989 4793 3252 4863 pontiﬁcis
3301 4793 3605 4847 innocentia
3660 4793 3828 4848 oftieii

2239 4888 2355 4957 ejus
2380 4902 2561 4942 comes
2587 4887 2831 4952 assistat;
2871 4901 2971 4941 nec
2995 4900 3130 4955 Opus
3156 4887 3223 4940 sit
3245 4884 3493 4939 humanis
3519 4886 3736 4941 solatiis
3782 4887 3831 4941 ei

2239 4982 2327 5052 qui
2358 4980 2742 5035 humanitatem
2786 4979 3117 5049 professione
3154 4980 3426 5048 superavit
3456 5018 3472 5044 ,
3502 4979 3606 5032 scit
3648 4987 3829 5033 tamen

2238 5073 2577 5142 omnipotens
2606 5073 2767 5137 Deus,
2797 5086 2883 5125 me
2913 5072 3082 5124 sancti
3111 5070 3345 5139 episcopi
3377 5070 3660 5139 portitoris
3691 5086 3833 5141 prae—

2237 5167 2466 5222 sentium
2515 5164 2738 5234 jussioni
2791 5171 3034 5217 exactum
3087 5162 3410 5229 impendisse
3460 5159 3827 5231 colloquium.

2239 5320 2449 5375 riabant
2476 5318 2665 5388 sculpti
2687 5317 2908 5387 lapides,
2935 5325 2991 5371 ut
3018 5317 3288 5371 Romanus
3313 5315 3399 5372 hic
3425 5315 3479 5370 in
3506 5315 3627 5372 aede
3658 5317 3834 5373 beatae

2240 5395 2417 5460 Agnes
2445 5392 2766 5460 suburbana.

2449 5470 2715 5525 VALENS
2756 5459 2818 5523 Ῠ.
2852 5468 2914 5522 D.
2942 5464 3173 5521 COMiT.
3218 5464 3602 5522 DEPOSITUS

2443 5550 2601 5604 KAL.
2655 5550 2797 5603 JUL.
2862 5547 3054 5600 CONS.
3119 5545 3367 5599 BOETHI
3420 5546 3485 5600 V.
3538 5545 3606 5599 C.

2238 5633 2301 5688 Et
2331 5632 2484 5685 aliter
2516 5634 2565 5683 in
2594 5631 2656 5683 D.
2690 5629 2957 5683 Laurentii
2987 5629 3262 5695 tetrastylo
3290 5635 3439 5680 extra
3467 5639 3678 5678 muros.

2304 5708 2776 5767 GENEROSUS
2824 5705 3243 5762 EUNUCHUS
3300 5704 3764 5760 DEPOSITUS

2307 5801 2372 5855 IN
2399 5798 2574 5867 PAQE
2604 5798 2706 5855 VII.
2730 5798 2815 5854 ID.
2841 5796 3082 5854 OCTOB.
3106 5795 3353 5852 ΒΟΕΤΙΟ
3379 5796 3442 5852 V.
3466 5796 3524 5852 C.
3549 5796 3759 5856 CONS.
