3998 6362
286 344 381 395 105

1545 360 2021 420 EPISTULARUM
2064 364 2187 420 LIB.
2217 366 2304 421 η.

3448 397 3547 454 I06

280 453 373 508 Diu
414 455 559 508 enim
603 459 819 517 renisus
857 477 997 533 sum,
1041 481 1107 521 ne
1147 482 1404 537 arrogans
1449 471 1741 539 videretur,
1775 478 1789 507 ⁸
1824 477 1869 531 si
1895 480 1946 539 Α
1974 477 2249 549 alleganda
2278 495 2384 536 non
2407 485 2709 553 supprimit.
2736 490 2888 556 Quod
2912 504 3096 565 restat,
3123 500 3298 560 valere
3322 521 3425 573 me,
3450 510 3557 565 Deo

280 545 521 601 minister
549 550 890 620 antistitem,
921 565 976 611 et
1003 557 1143 625 apud
1172 560 1561 618 sanctissimam
1592 567 1869 622 conscien-

280 636 401 692 tiam
430 639 777 705 potissimum
807 646 893 701 vix
921 648 1211 706 mediocris
1235 665 1525 709 assereret.
1556 657 1661 713 Sed
1696 660 1869 728 perfe-

276 739 357 784 cta
388 730 704 795 obedientia
731 747 834 805 est,
863 740 1123 811 quidquid
1153 760 1395 800 summus
1422 748 1613 818 exigit,
1642 766 1745 806 non
1776 768 1869 808 ne-

271 822 405 890 gari.
448 824 517 879 Et
552 825 679 882 ideo
719 831 1169 905 prelato'debita:
1209 838 1545 897 salutatioois
1583 843 1863 912 obsequio,

273 929 481 982 precor,
516 929 573 972 ut
605 920 672 975 ad
702 924 1125 982 consolationem
1168 930 1349 984 multis
1376 931 1864 1003 impugnationibus

271 1010 590 1077 przegravati
613 1012 911 1072 subsidium
934 1018 1227 1075 conferatis
1255 1039 1268 1075 :
1293 1032 1557 1093 quatenus
1579 1027 1863 1098 singularis

268 1095 388 1150 boni
420 1114 537 1153 rem
571 1100 854 1170 facientes,
883 1122 988 1161 non
1018 1111 1293 1178 patiamini
1323 1118 1649 1174 immeritum
1672 1095 1861 1178 sacer-

265 1189 443 1247 dotem
469 1191 743 1251 diuturna:
765 1198 1046 1268 subjacere
1070 1204 1360 1263 maestitia.

846 1312 1176 1373 EPISTULA
1221 1320 1289 1375 X.

798 1407 1057 1451 ENNODIUB
1095 1414 1321 1455 I’AUSTO.

328 1474 495 1542 Deus,
524 1480 615 1547 qui
641 1480 901 1539 bonorum
948 1502 1171 1556 operum
1218 1493 1401 1549 animo
1424 1504 1605 1554 vestro
1632 1498 1857 1557 inseruit

257 1566 542 1639 affectum,
578 1573 695 1641 ipse
723 1576 1111 1647 obsequentem
1152 1584 1256 1639 sibi
1299 1585 1453 1657 longa
1489 1589 1853 1651 felicissimum

256 1667 415 1715 aetate
438 1670 655 1719 tueatur
676 1681 691 1719 :
711 1667 836 1736 quia
858 1672 1105 1739 quamvis
1126 1673 1437 1733 innocentia
1459 1696 1618 1750 quam
1642 1686 1850 1752 fovetis,

250 1750 623 1811 indesinentes
648 1775 744 1825 pro
768 1762 921 1818 vobis
940 1763 1099 1820 ducat
1119 1770 1402 1835 excubias;
1428 1773 1641 1845 obligati
1672 1750 1845 1833 tamen

1973 575 2207 642 auspice,
2229 576 2499 644 nuntians,
2522 584 2891 651 prosperitatis
2914 599 3103 645 vestrze
3130 593 3265 650 bona
3290 598 3553 669 disquiro,

1970 678 2024 722 et
2047 670 2259 737 plenum
2288 672 2453 729 reddo
2479 677 2818 736 salutationis
2846 684 3183 757 obsequium,
3208 692 3545 762 deprecatus.

1972 767 2029 813 ut
2055 760 2304 817 ﬁduciam
2338 780 2507 821 meam
2540 768 2844 841 incorrupta
2875 775 3195 846 dignationis
3227 760 3417 844 vestrae
3444 760 3550 847 non

1968 852 2204 909 denudet
2230 855 2528 927 integritas.

2505 972 2836 1033 EPISTULA
2878 981 3015 1038 XIII.

2518 1081 2772 1125 ENNODIUS
2812 1088 2993 1130 AVITO.

2036 1168 2401 1237 Importunum
2431 1190 2515 1231 me
2539 1176 2658 1233 facit
2686 1181 2854 1237 aliena
2885 1190 3201 1260 necessitas,
3228 1196 3349 1263 quia
3374 1197 3544 1255 debeo

1962 1276 2059 1331 pro
2099 1265 2425 1334 deprecante
2464 1286 2789 1329 sermonem.
2836 1276 2941 1333 Lex
2988 1285 3240 1351 pr0p0siti
3286 1288 3544 1347 interces-

1960 1355 2128 1410 sionis
2168 1358 2363 1415 refutat
2399 1364 2697 1419 avaritiam.
2746 1367 2875 1425 Nam
2918 1372 2984 1426 ad
3030 1377 3372 1432 conscientim
3413 1398 3543 1437 mea:

1959 1450 2223 1504 sarcinam
2251 1453 2509 1521 jungitur,
2542 1459 2584 1511 si
2617 1474 2865 1529 reSpuam
2899 1468 3307 1534 supplietntcm.
3341 1471 3543 1541 EXSIIC-

1957 1542 2167 1597 clandaa
2208 1549 2481 1601 memoriae
2511 1549 2693 1604 Sabini
2738 1552 2874 1607 ﬁlius
2916 1556 2981 1609 ad
3013 1558 3154 1612 diem
3198 1565 3541 1622 constitutum

1957 1642 2276 1695 sententiam
2304 1645 2704 1710 prmstolaturus
2726 1651 2961 1704 occurrit
2986 1669 2998 1705 :
3024 1654 3113 1707 sed
3139 1657 3363 1725 agellum
3386 1675 3541 1717 suum

1956 1734 2199 1788 utilitatis
2241 1738 2443 1791 ratione
2472 1752 2553 1794 est
2584 1753 2797 1796 coactus
2828 1757 3111 1815 expetere;
3156 1754 3277 1819 quia
3320 1764 3373 1807 ct
3414 1756 3539 1809 fide-

256 1843 534 1902 beneﬁciis
561 1821 755 1906 “siris
774 1868 883 1907 non
915 1821 1144 1925 possum'
1162 1821 1411 1931 aug—px)
1873 1867 1922 1927 Β
1952 1821 2127 1890 jnssor
2143 1837 2195 1880 et
2214 1840 2495 1884 exsecutor
2509 1831 2753 1889 defuncta
2768 1836 2856 1891 die
2873 1838 3174 1895 defuerunt.
3198 1844 3538 1912 Abjurantem

250 1934 386 1991 bent
409 1949 529 1993 vota
549 1944 910 2029 comprimere
933 1965 946 2002 :
970 1951 1095 2018 quia
1119 1968 1213 2019 pro
1236 1954 1493 2024 impensis
1514 1964 1710 2029 gratias
1736 1980 1841 2019 non

248 2029 457 2085 referre
478 2042 536 2087 et
554 2022 694 2091 Deus
715 2037 769 2093 in
790 2054 952 2096 carne
970 2046 1290 2101 constitutus
1311 2050 1605 2107 exhorruit.
1626 2054 1838 2113 Utinam

254 2131 465 2175 tantum
499 2127 731 2183 valerem
764 2144 861 2199 pro
890 2132 1051 2189 rebus
1077 2137 1363 2195 verborum
1395 2142 1652 2211 tribuere,
1675 2163 1845 2217 quan-

249 2220 355 2266 tum
373 2215 556 2270 sentio
579 2232 666 2274 me
686 2219 911 2277 debere!
939 2224 1030 2279 llis
1059 2236 1258 2293 tamen,
1280 2233 1419 2301 quod
1442 2234 1506 2288 ad
1523 2236 1679 2291 aliam
1694 2215 1841 2295 iner-

248 2307 429 2360 cedem
458 2319 698 2366 vestram
726 2316 1027 2382 pertineat,
1073 2334 1364 2389 suggerere
1395 2342 1496 2379 non
1530 2330 1741 2395 omitto,
1784 2344 1840 2387 ut

246 2399 486 2455 chartam
515 2417 676 2471 quam
708 2406 761 2459 in
798 2422 954 2463 causa
982 2409 1261 2467 Laurentii
1297 2416 1538 2472 tabularii
1571 2425 1840 2478 comensis

247 2489 469 2560 fecistis,
499 2493 775 2565 impletam
799 2500 929 2554 mihi
953 2506 1237 2559 transmitti
1260 2506 1524 2576 iubeatis;
1553 2520 1607 2566 et
1632 2528 1727 2581 pro
1748 2516 1836 2571 illa

245 2594 379 2638 οδω
412 2584 645 2642 muliere
674 2605 832 2659 quam
864 2591 1123 2650 Martinus
1154 2598 1450 2654 conductor
1477 2603 1496 2631 ⁸
1528 2602 1596 2657 de
1620 2603 1835 2662 Moditia

244 2678 521 2747 opprimit,
546 2683 761 2740 comitis
788 2688 1089 2754 patrimonii
1130 2691 1337 2746 litteras
1371 2695 1571 2749 tollatis
1592 2736 1606 2761 ,
1641 2698 1835 2766 quibus

241 2774 516 2844 iubeatur,
547 2780 690 2850 quod
724 2782 773 2837 ei
801 2784 1019 2855 abstulit
1048 2790 1396 2859 mancipium,
1439 2791 1557 2847 sine
1580 2792 1835 2852 dilatione

242 2868 541 2925 reformare
574 2890 587 2924 ;
618 2874 741 2943 quia
770 2877 908 2944 quod
941 2878 993 2931 in
1027 2884 1278 2946 prasenti
1310 2882 1360 2936 in
1392 2886 1654 2942 mandatis
1682 2903 1834 2945 acceo

243 2958 333 3028 pit,
362 2960 545 3019 facere
570 2979 668 3033 pro
696 2968 893 3021 rustica
927 2972 1227 3028 temeritate
1251 2976 1565 3032 contemnit.

806 3079 1136 3138 EPISTULA
1183 3084 1271 3139 ΧΙ.

782 3176 1035 3218 ENNODIUS
1077 3181 1291 3221 AVIBNO.

1948 1933 2033 1971 me
2054 1918 2118 1972 de
2143 1921 2348 1986 praefati
2375 1924 2588 1992 negotio
2612 1928 2748 1982 ultra
2772 1928 3033 1987 vilescere
3055 1935 3266 2003 bajulus
3302 1940 3535 2007 impulit,

1947 2019 2002 2060 ut
2032 2009 2098 2061 ad
2129 2026 2249 2065 eum
2292 2014 2530 2081 nuntios,
2566 2029 2829 2084 quatenus
2870 2037 3055 2078 rursus
3084 2039 3414 2093 occurreret,
3444 2029 3537 2084 de¢

1945 2102 2201 2157 stinarem
2220 2122 2229 2155 :
2247 2106 2388 2174 quod
2415 2123 2497 2161 me
2522 2108 2714 2165 fecisse
2734 2113 2997 2181 significo.
3027 2116 3176 2172 Nunc
3198 2120 3533 2176 salutationis

1945 2210 2077 2247 mea:
2101 2195 2285 2251 dicens
2309 2200 2588 2269 obsequia,
2618 2203 2670 2254 in
2696 2215 2961 2271 potestate
2982 2218 3064 2262 est
3083 2211 3327 2266 culminis
3350 2216 3532 2280 vestri,

1945 2288 1996 2339 in
2036 2287 2269 2354 prmdicti
2315 2305 2497 2357 causa,
2545 2294 2669 2363 quid
2710 2296 2913 2364 justitia
2955 2316 3114 2368 quam
3162 2302 3370 2371 fovetis,
3406 2308 3532 2377 quid

1945 2378 2134 2435 fiducia
2167 2396 2323 2449 quam
2353 2384 2576 2439 dedistis
2611 2398 2879 2444 mereatur
2911 2394 3219 2451 ostendere.

2479 2499 2809 2557 EPISTULA
2849 2503 2964 2559 XIV
2980 2546 2992 2558 .

2504 2607 2758 2648 ENNODIUS
2796 2612 2979 2652 Ανιτο.

2011 2691 2133 2747 Scio
2156 2708 2270 2748 mea
2294 2696 2433 2763 apud
2456 2711 2551 2752 vos
2574 2699 2809 2757 clamare
2830 2705 3073 2770 silentia;
3110 2722 3208 2763 nec
3233 2711 3525 2782 quidquam

1940 2784 2072 2849 fieri,
2107 2786 2247 2855 quod
2278 2802 2382 2842 non
2416 2800 2620 2846 secreta
2651 2793 3091 2863 interpretatione
3120 2809 3379 2858 teneatur.
3418 2806 3523 2875 Ego

1939 2887 2114 2931 tamen
2138 2893 2166 2932 a
2189 2880 2479 2948 scriptioiw
2503 2898 2606 2936 non
2625 2884 2834 2949 destiti;
2868 2903 2966 2943 nec
2987 2891 3230 2946 sublimis
3249 2898 3523 2953 memoria:

1937 2968 2035 3023 viri
2060 2970 2248 3026 Sabini
2273 2971 2439 3026 filium
2462 2972 2719 3029 fabricato
2753 2977 2963 3045 ingenio
2990 2996 3015 3033 a
3040 2982 3366 3050 judicatione
3396 2988 3522 3042 sub-

1938 3062 2093 3125 traxi,
2116 3064 2204 3131 qui
2228 3064 2511 3120 violentias
2537 3066 2589 3119 in
2616 3067 2790 3137 agello
2813 3084 2912 3124 suo
2933 3086 3238 3141 perpessus,
3263 3076 3519 3133 hactenus

1935 3167 2151 3222 operam
2183 3154 2378 3211 dicitur
2407 3172 2633 3214 navasse
2662 3174 2783 3213 cum
2816 3160 3077 3241 barbaris.
3118 3166 3333 3222 Credite
3362 3170 3518 3235 milii,

308 3246 565 3316 Digresso
589 3249 659 3305 de
684 3251 1066 3311 Μεσίοιεηρηεί
1096 3258 1226 3312 urbe
1251 3258 1271 3290 ι
1293 3263 1562 3316 communi
1588 3261 1828 3332 domino,
1858 3251 1905 3316 ο
1935 3247 2109 3303 aderit
2148 3258 2360 3304 secutus
2400 3254 2664 3319 examini,
2708 3266 2763 3311 et
2802 3256 3244 3327 disceptationem
3284 3270 3519 3319 vestram

244 3337 351 3394 sola
378 3340 433 3396 in
466 3343 843 3399 consolatione
875 3360 1248 3404 remanserunt
1277 3353 1465 3408 solatia
1496 3354 1822 3410 litterarum:

247 3432 364 3499 quia
406 3432 537 3487 dum
579 3450 760 3491 sermo
795 3438 860 3490 ad
896 3454 990 3493 vos
1019 3440 1287 3511 dirigitur,
1321 3446 1493 3513 aliqua
1534 3451 1830 3517 prmsontite

249 3532 432 3578 vestra:
473 3525 759 3583 desideriis
802 3532 938 3587 meis
976 3535 1151 3603 imago
1192 3536 1479 3592 blanditur.
1523 3540 1675 3607 Quod
1707 3552 1761 3597 et
1799 3559 1829 3598 a

242 3616 390 3672 vobis
414 3619 650 3676 dominis
674 3624 829 3688 meis,
861 3632 917 3678 ut
945 3624 1137 3681 crebro
1172 3627 1393 3695 faciatis,
1426 3644 1696 3699 exposco;
1738 3648 1829 3688 co-

241 3709 470 3777 gitantes
494 3713 792 3768 absentiam
817 3727 1048 3772 vestram
1071 3718 1170 3774 hac
1198 3721 1309 3775 sola
1333 3736 1493 3791 posse
1516 3725 1831 3783 assiduitate

242 3804 516 3860 sustineri.
563 3805 806 3862 llabeant
845 3809 1143 3865 felicissimi
1190 3814 1417 3868 votivam
1456 3818 1827 3884 prrsentiam:

242 3895 367 3949 mihi
398 3897 597 3953 delicta
638 3915 757 3954 mea
788 3902 1040 3969 cogitanti
1073 3903 1373 3971 epistolaris
1411 3921 1537 3961 cura
1573 3909 1823 3965 sufficiet.

243 3985 468 4046 Domine
509 3991 602 4056 mi,
644 3993 871 4048 salutem
918 3996 1245 4051 uberrimam
1276 3998 1484 4063 dicens,
1526 4015 1736 4069 precor,
1770 4012 1828 4059 ut

239 4095 331 4148 per
367 4091 587 4140 sanctos
616 4083 823 4141 Domini
858 4101 955 4155 pro
995 4102 1081 4143 me
1123 4103 1308 4157 preces
1349 4091 1570 4147 fundere
1607 4096 1826 4152 minime

240 4174 539 4239 desistatis,
570 4186 626 4230 et
658 4177 883 4233 Domino
909 4180 1107 4249 gratias
1138 4181 1354 4245 referte,
1387 4181 1539 4251 cujus
1566 4184 1708 4240 circa
1738 4203 1826 4243 me

240 4266 500 4323 beneficia
531 4268 693 4322 etiam
730 4270 996 4337 insperata
1028 4271 1353 4329 tribuuntur.

788 4380 1121 4438 EPISTULA
1163 4383 1272 4438 XII.

310 4483 567 4525 caaootus
609 4484 838 4537 Lissnto,
881 4487 1168 4541 BUGENETI,
1211 4492 1463 4544 Αωιητο,
1505 4493 1749 4546 εειηλιιιο,

931 4560 1140 4599 ALBINO.

306 4612 657 4698 liberioribus
696 4658 829 4713 opus
869 4654 951 4700 est
982 4648 1219 4716 paginis,
1263 4648 1354 4704 ubi
1393 4650 1524 4707 ﬁdes
1552 4644 1816 4708 claudicat
1844 4643 1898 4704 D

237 4737 515 4806 perlatoris
540 4755 552 4791 :
586 4753 680 4807 per
711 4750 979 4795 amantem
1012 4741 1113 4796 mei
1144 4742 1403 4800 cultorem
1435 4758 1666 4800 vestrum
1697 4748 1815 4803 Ste-

236 4829 465 4897 phanum
483 4829 793 4898 diaconum,
811 4832 1007 4888 sufﬁcit
1024 4849 1181 4905 parca
1206 4838 1489 4893 collocatio
1509 4856 1521 4891 :
1540 4838 1628 4904 qui
1652 4848 1818 4894 trans-

233 4923 483 4991 grediens
526 4923 779 4991 epistolas
825 4925 878 4978 in
920 4926 1078 4979 multa
1119 4928 1279 4981 verba
1320 4929 1570 4994 diffusas,
1604 4930 1818 4998 praefert

236 5011 575 5069 afﬂuentibus
599 5016 925 5079 necessaria,
947 5015 1075 5071 dum
1099 5019 1417 5089 compendio
1436 5021 1608 5076 fidelis
1636 5027 1815 5078 arcani

332 5169 347 5198 ¹
389 5168 451 5222 Si
506 5171 738 5245 minister
794 5172 1090 5245 antistitem]
1151 5172 1414 5245 Diaconns
1479 5176 1808 5244 episcopum.

235 5240 465 5301 Διάκονος
482 5252 567 5295 est
594 5242 854 5297 minister.
879 5245 1022 5310 Quos
1048 5240 1176 5312 e'rgo
1199 5244 1450 5299 diaconos
1475 5240 1811 5302 Graeca'voce

236 5310 289 5364 in
319 5310 557 5366 Ecclesia
584 5328 972 5382 nuncupamus,
1004 5310 1277 5370 ministros
1304 5316 1465 5371 etiam
1493 5318 1811 5382 simpliciter

230 5383 588 5449 appellabant.
618 5384 1067 5439 Commodtanus:

303 5476 583 5517 IINISTRIS.

240 5532 293 5575 Ξ
323 5536 339 5553 ⁹
359 5535 690 5597 Minister-ium
724 5536 922 5597 Christi,
948 5538 1179 5593 Zacones,
1209 5546 1445 5589 exercete
1465 5547 1613 5591 caste.

242 5614 294 5632 --
354 5595 770 5663 Idcirro‘ministri
796 5595 939 5649 facite
960 5612 1202 5663 praecepta
1227 5603 1463 5659 magistri.

242 5668 297 5707 :2
356 5656 515 5726 {Nolite
540 5658 715 5726 fugere
741 5656 993 5723 personam
1018 5656 1187 5723 iudicis
1210 5656 1350 5726 aequi.

242 5741 296 5759 ~
356 5719 612 5799 integrate
638 5719 792 5799 locu-"ii
820 5719 1055 5781 vestrum,
1084 5719 1350 5799 per-omnia
1374 5727 1536 5799 docti._
1640 5791 1668 5799 Α.

240 5798 294 5833 ω
355 5784 557 5860 gursu'nt
580 5787 918 5860 inti-ridentes,
944 5801 1147 5848 semper
1171 5789 1278 5859 Deo
1301 5802 1487 5860 summo
1509 5789 1687 5839 devoti.

245 5868 296 5905 ..ε
356 5845 474 5895 Tota
498 5847 603 5896 Deo
631 5847 825 5897 reddite
857 5850 1020 5899 inlaesa
1043 5845 1178 5900 sacra
1206 5851 1473 5899 ministeria
1500 5864 1610 5899 arte.

351 5928 575 5981 Fortasse
601 5931 895 5996 mysterium.

368 6030 643 6092 Ρλτιιοι.
678 6028 907 6107 LXIII.

1932 3339 2049 3395 sine
2078 3341 2252 3410 aliqua
2277 3342 2562 3399 formidine
2583 3347 2759 3402 veniet
2787 3350 3141 3419 ingressurus.
3174 3351 3395 3408 Domine
3420 3354 3516 3421 mi,

1932 3432 2144 3487 salutati
2193 3438 2552 3492 reverentiam
2597 3438 2809 3507 dicens,
2891 3457 3080 3511 precor
3129 3455 3183 3499 ut
3232 3461 3515 3515 personam

1931 3541 2105 3580 meam
2142 3528 2269 3581 tanti
2304 3528 2543 3584 habeatis
2578 3529 2751 3586 insita}
2778 3533 2977 3589 dudum
3006 3535 3302 3594 affectionis
3332 3553 3514 3594 recor-

1930 3617 2147 3676 datione
2169 3620 2374 3677 fulcire.

2488 3736 2817 3793 EPISTULA
2860 3741 2974 3795 XV.

2468 3846 2722 3886 ENNODIUS
2764 3847 2987 3887 I-‘AUSTO.

2003 3934 2145 3986 Bene
2176 3932 2507 4001 providentia
2542 3948 2771 4002 superna
2817 3936 3081 4004 diSponit,
3122 3948 3179 3991 ut
3208 3939 3335 3993 dum
3365 3954 3393 3993 a
3423 3957 3511 3996 tne

1930 4021 2185 4077 beneﬁcia
2215 4025 2573 4093 posmlantur,
2606 4026 2683 4080 sic
2712 4026 3016 4082 sollicitudo
3047 4044 3163 4084 mea
3193 4030 3401 4087 votivos
3432 4033 3511 4088 in-

1932 4116 2112 4171 veniat
2143 4118 2458 4186 perlatores.
2506 4102 2754 4173 Facessat
2790 4135 2985 4189 negare
3028 4121 3147 4176 aliis
3203 4124 3345 4193 quod
3381 4126 3513 4180 mihi

1929 4215 2104 4269 tribuo
2148 4231 2161 4268 :
2207 4223 2260 4269 et
2300 4213 2429 4269 illud
2470 4216 2692 4269 avaritia
2735 4216 2985 4272 sordente
3027 4218 3333 4285 continere,
3366 4221 3510 4290 quod

1928 4308 2164 4361 sublevat
2207 4308 2537 4376 largientem.
2573 4307 2948 4376 Simplicianus
2982 4309 3320 4376 praesentium
3352 4312 3529 4381 baju-‘

1929 4399 2029 4463 lus,
2057 4398 2372 4453 adolescens
2400 4398 2782 4463 nobilissimus,
2810 4398 3040 4453 natalem
3068 4402 3303 4456 scientia:
3324 4404 3508 4458 sedem

1928 4488 2150 4542 Romam
2182 4499 2403 4545 conatus
2432 4498 2718 4558 expetere,
2754 4490 2855 4544 hoc
2883 4490 2982 4545 sibi
3014 4492 3238 4547 credidit
3270 4509 3366 4562 pro
3397 4495 3507 4550 sin-

1925 4579 2099 4650 gulari
2128 4583 2346 4636 evenire
2387 4581 2733 4648 compendio,
2779 4581 2824 4634 si
2865 4581 2932 4636 ad
2976 4586 3215 4639 notitiam
3256 4586 3504 4641 culminis

1927 4672 2089 4728 vestri
2126 4674 2261 4728 duce
2302 4675 2488 4744 pagina
2526 4677 2845 4743 perveniret.
2890 4674 2989 4730 Cui
3029 4690 3130 4747 ego
3169 4691 3501 4749 nequaquam

1925 4768 2068 4824 volui
2099 4767 2279 4838 cupita
2310 4768 2645 4833 subtrahere,
2677 4770 2851 4823 sciens
2881 4770 3281 4825 consuetudinis
3315 4781 3502 4827 vestra:

1925 4875 2045 4915 esse
2088 4860 2226 4931 quod
2258 4860 2447 4929 reliqui
2480 4860 2673 4915 faciunt
2700 4863 2924 4917 exorati.
2958 4862 3127 4927 Nunc,
3157 4864 3226 4917 mi
3264 4865 3499 4929 domine,

1924 4953 2141 5010 servitia
2172 4952 2505 5008 salutationis
2534 4954 2878 5023 accipientes,
2913 4953 3069 5009 facite
3108 4964 3164 5009 ut
3219 4957 3499 5025 pra-fatum

1926 5046 2370 5117 peregrinationis
2418 5045 2549 5102 dura
2596 5061 2703 5101 non
2753 5058 2977 5102 onerent
3016 5064 3028 5099 :
3069 5064 3262 5121 meque
3308 5052 3498 5106 crebra

1930 5205 1978 5244 =3
2044 5204 2209 5267 Rebus
2234 5206 2282 5252 in
2304 5204 2515 5253 diversis
2534 5203 2813 5266 exemplum
2834 5204 2947 5254 date
2972 5206 3143 5267 p‘trati.

1929 5280 1977 5301 -σ
2038 5266 2273 5338 Ιηριλιιεηε
2298 5274 2442 5338 caput
2466 5274 2585 5338 vesti
2602 5280 2678 5338 um
2702 5266 3103 5338 pastoribusipsi.

1926 5337 1977 5370 ω
2039 5330 2118 5379 Sic
2138 5328 2222 5378 ﬂet
2245 5334 2298 5377 ut
2321 5328 2491 5377 Christi
2515 5328 2687 5390 populo
2710 5330 2813 5377 sitis
2838 5328 3045 5389 probati.

1987 5416 2006 5444 '
2035 5412 2108 5468 De
2128 5410 2361 5481 moditia]
2391 5411 2655 5467 Modoetia
2684 5429 2698 5468 :
2737 5412 2877 5477 quod
2922 5421 3103 5464 notum
3148 5420 3229 5463 est
3270 5409 3495 5481 Liguria:

1918 5485 2168 5559 oppidum
2196 5485 2332 5536 haud
2352 5480 2542 5559 procul
2562 5483 2888 5559 Mediolano,_
2912 5480 3492 5559 ubiLangobardorum

1908 5550 1971 5612 et
2000 5556 2159 5609 Italia:
2202 5569 2355 5624 reges
2386 5554 2509 5607 olim
2543 5555 2805 5631 coronati.
2842 5553 3053 5631 Muditia
3094 5566 3188 5617 pro
3223 5550 3491 5631 Medomia

1911 5628 2026 5696 pari
2073 5627 2492 5695 antiquariorum
2548 5625 3085 5703 licentia-scriptum,
3116 5636 3180 5703 ac
3212 5625 3356 5703 mira.
3393 5639 3491 5689 pro

1910 5693 2099 5759 intera,
2151 5693 2326 5752 idest
2373 5704 2531 5771 μοῖρα
2571 5693 2709 5763 apud
2730 5693 3032 5771 ξίᾷριιὶυιιι,
3075 5702 3129 5771 et
3172 5693 3360 5746 metici
3384 5709 3494 5771 pro

1911 5770 2135 5825 mctoeci
2165 5760 2413 5829 ιιέτοικοὶ,
2444 5760 2495 5820 i'n
2523 5760 2700 5819 vetere
2725 5760 2859 5814 Galli
2886 5764 3118 5816 auctoris
3140 5766 3489 5841 panegyrico.

1982 5867 2002 5898 ³
2030 5864 2294 5920 Communi
2324 5858 2548 5927 domino]
2589 5856 2802 5923 Fausto,
2848 5865 2996 5926 patre
3024 5859 3231 5914 Avieni.

2932 6003 2969 6065 ιι
