3998 6362
453 431 551 487 107

1580 427 1847 493 ENNODII
1887 428 2191 499 setscoet
2233 426 2621 491 TICINENSIS

3622 428 3726 487 I08

453 541 756 615 scriptionis
786 549 980 598 vestra:
1012 553 1104 609 per
1132 538 1268 594 hanc
1297 537 1636 609 impetratam
1669 541 2023 612 frequentiam
2056 547 2107 607 Α
2129 541 2413 612 dignetur;
2467 551 2730 609 quatenus
2776 539 2877 596 sub
2934 539 3368 599 confabulatione
3413 541 3595 597 votiva
3641 544 3724 613 pia

453 632 692 692 celerare
719 634 895 689 munia
929 647 1033 689 non
1064 631 1349 689 desistant.

990 744 1316 802 EI’ISTOLA
1368 746 1508 801 XVI.

963 852 1216 892 ENNODIUS
1258 853 1534 893 LUMINOSO.

531 931 644 985 Non
683 930 939 986 deberent
982 945 1101 985 esse
1145 931 1416 1000 negotiosa
1459 932 1721 1001 colloquia
1784 946 1903 1003 qute
1945 946 2041 1001 pro

358 1020 363 1027 ’
458 1023 694 1076 remedio
727 1021 828 1075 sibi
857 1036 1009 1075 amor
1036 1021 1258 1088 invenit,
1289 1038 1387 1077 nec
1417 1023 1692 1094 religionis
1715 1024 2042 1093 stipendium

455 1114 521 1168 ad
548 1115 843 1170 necessaria
872 1130 968 1169 nos
988 1124 1260 1184 oporteret
1283 1131 1510 1172 evocare
1537 1117 1893 1173 commercia:
1919 1116 2042 1188 quia

454 1205 615 1259 dulce
656 1214 799 1259 esset
837 1204 1183 1272 epistolarum
1215 1207 1393 1261 munia
1424 1207 1523 1262 soli
1552 1208 1784 1263 militare
1821 1221 2045 1273 concor-

455 1294 582 1359 diae,
630 1310 729 1348 nec
756 1309 871 1348 rem
904 1294 1195 1364 diligentiae
1234 1298 1286 1351 in
1319 1298 1543 1368 aucupia
1578 1300 1869 1353 transferre
1898 1313 2046 1354 com-

456 1386 658 1457 pendii.
694 1386 798 1441 Sed
840 1402 926 1440 res
957 1386 1022 1440 ad
1056 1387 1155 1441 hoc
1195 1388 1383 1454 rediit,
1413 1398 1472 1443 ut
1508 1389 1608 1444 nisi
1645 1391 1825 1445 senior
1853 1390 2045 1445 caritas

456 1495 575 1549 qua:
600 1480 737 1534 inter
762 1494 859 1534 nos
882 1480 949 1533 ab
972 1480 1087 1549 ipso
1110 1481 1231 1537 vitae
1258 1481 1459 1537 lumine
1487 1484 1717 1555 sumpsit
1741 1484 2042 1553 exordium,

457 1582 513 1629 et
530 1586 623 1641 per
640 1570 814 1626 varias
831 1572 1161 1640 profectuum
1187 1572 1323 1627 vires
1346 1588 1572 1628 messem
1595 1575 1779 1644 gratim
1800 1575 2049 1643 perduxit

459 1665 527 1717 ad
555 1678 755 1727 aream,
788 1665 1062 1734 compulsa
1101 1680 1198 1734 pro
1238 1667 1369 1719 meis
1402 1668 1638 1734 partibus
1665 1668 1883 1723 stimulo
1914 1671 2043 1723 scri-

457 1754 657 1825 ptionis
686 1766 947 1826 assurgat,
983 1757 1169 1825 grandi
1201 1757 1593 1829 ingratitudinis
1622 1769 1675 1815 et
1697 1761 2048 1817 detrimento-

457 1862 575 1901 rum
597 1846 878 1902 sterilitate
899 1850 1188 1918 percutiar.
1219 1850 1233 1878 ¹
1260 1850 1502 1904 Meminit
1526 1852 1820 1922 amplitudo
1843 1861 2041 1922 vestra,

2145 634 2406 690 desideria
2447 634 2812 689 subleventur.
3217 694 3222 701 .

2680 724 3012 783 EPISTOLA
3054 727 3196 783 XIX.

2676 836 2929 877 ENNODIUS
2967 836 3187 877 FAUI'I’O.
3256 880 3259 883 ν

2217 914 2503 984 Postquam
2529 914 2808 969 desideriis
2838 915 2972 969 meis
3000 914 3215 970 videndi
3245 930 3339 970 vos
3366 916 3591 973 facultas
3615 918 3729 974 ela-

2147 1022 2239 1077 psa
2271 1017 2381 1075 cst,
2414 1009 2607 1063 iterum
2637 1007 2702 1062 ad
2732 1008 2937 1062 litteras
2969 1022 3121 1063 mens
3148 1010 3432 1066 revertitur
3465 1027 3478 1065 :
3521 1012 3731 1082 cogitur

2144 1103 2446 1171 abjuratum
2475 1117 2697 1173 poscere
2727 1104 2969 1174 paginale
2998 1105 3320 1175 subsidium,
3350 1116 3403 1161 ct
3430 1109 3729 1164 inStltutam

2147 1194 2461 1249 melioribus
2500 1195 2669 1265 copiis
2712 1196 2967 1260 animam,
3007 1199 3154 1267 quasi
3200 1200 3402 1256 vilioris
3440 1201 3542 1255 cibi
3586 1203 3732 1257 alere

2147 1296 2235 1339 aut
2256 1295 2556 1341 sustentare
2576 1288 2919 1351 commercio.
2945 1290 2989 1349 0
3004 1304 3162 1359 quam
3179 1305 3341 1360 grave
3360 1302 3463 1358 est,
3485 1296 3732 1362 quotiens

2147 1379 2308 1433 variis
2331 1379 2743 1435 necessitatibus
2773 1380 3155 1452 obsequentem
3182 1381 3397 1453 fugitiva
3421 1384 3643 1440 libertas
3664 1387 3732 1441 ad

2148 1486 2285 1535 nova
2318 1472 2557 1528 instituta
2589 1473 2917 1528 transducitl
2945 1473 3073 1540 Quae
3101 1474 3231 1528 dura
3262 1484 3414 1540 sunt,
3448 1477 3732 1531 continua-

2149 1564 2292 1625 tione
2324 1563 2640 1634 franguntur
2673 1582 2686 1618 :
2731 1565 2956 1620 multum
2993 1566 3061 1621 de
3085 1566 3347 1636 gravitate
3386 1571 3566 1623 oneris
3604 1583 3733 1624 usus

2148 1654 2331 1711 incidit
2369 1672 2384 1719 ;
2430 1641 2620 1715 flebilis
2674 1656 2910 1711 conditio
2947 1657 3012 1711 ad
3058 1666 3233 1727 optata
3277 1674 3396 1729 quae
3449 1674 3553 1713 non
3609 1669 3734 1715 sunt

2150 1762 2397 1805 mansura
2446 1748 2724 1816 perducit;
2750 1749 2917 1805 levior
2938 1764 3053 1804 sors
3074 1762 3155 1805 est
3179 1751 3319 1805 curis
3335 1750 3547 1821 jugibus
3575 1766 3735 1807 oceu-

2150 1840 2279 1908 pati.
2328 1840 2440 1896 Hoc
2467 1855 2586 1897 sum
2619 1841 2888 1898 infelicior
2917 1844 3259 1912 peccatorum
3297 1842 3462 1909 fasce,
3495 1846 3634 1915 quod
3668 1846 3734 1901 de

456 1952 575 2007 quae
599 1936 665 1992 de
687 1936 941 2007 expensis
965 1954 1081 2007 qute
1103 1939 1243 2008 apud
1262 1939 1569 1995 Ravennam
1592 1942 1872 2013 episcopus
1896 1959 2047 1999 meus
2076 1923 2126 1983 B
2152 1929 2411 1987 bonarum
2442 1947 2618 1991 rerum
2646 1948 2841 2002 sapore
2864 1936 3094 2004 gustavi.
3137 1935 3241 1990 Sed
3274 1935 3399 1991 hinc
3426 1936 3576 1992 alias.
3621 1938 3734 1994 Deo

457 2028 690 2095 fecerat,
723 2047 807 2086 me
836 2032 886 2085 ei
925 2031 1340 2086 redhibitionem
1377 2036 1751 2103 promittente,
1784 2051 1878 2104 pro
1905 2038 2049 2091 sedis

464 2124 774 2193 apostolica:
798 2124 1052 2187 utilitate,
1094 2125 1367 2179 vobiscum
1407 2126 1569 2180 fuerit
1607 2128 1925 2183 collocutus.
1975 2129 2049 2184 De

458 2234 563 2288 qua
592 2217 924 2273 restituenda
964 2219 1193 2273 celerem
1224 2221 1591 2289 promiseratis
1630 2221 1877 2277 effectum
1909 2241 1919 2275 :
1952 2222 2048 2278 sed

457 2326 559 2380 pro
590 2311 820 2379 peccatis
859 2313 992 2365 meis
1030 2313 1210 2366 nescio
1244 2314 1333 2380 qui
1377 2329 1532 2368 casus
1562 2316 1808 2385 opposuit
1838 2331 2047 2372 manus.

460 2402 539 2457 De
558 2418 658 2472 qua
681 2402 745 2457 ad
770 2419 856 2457 me
879 2404 1118 2471 praedicti
1144 2405 1393 2459 antistitis
1421 2421 1479 2461 se
1501 2408 1765 2461 convertit
1794 2407 2044 2475 intentio,

460 2503 519 2549 ut
564 2496 645 2549 vix
702 2497 941 2551 inducias
986 2496 1051 2551 ad
1102 2499 1517 2552 sacratissimam
1568 2501 1751 2555 urbem
1804 2501 2046 2556 tribuerit

457 2588 783 2643 destinandi.
830 2589 977 2643 Nunc
1010 2598 1129 2656 post
1158 2590 1321 2645 Deum
1364 2593 1414 2645 in
1448 2593 1597 2648 vobis
1624 2609 1778 2648 causa
1812 2605 1923 2661 est;
1955 2596 2046 2663 qui

457 2681 679 2751 potestis
708 2690 762 2736 et
794 2696 1075 2750 personam
1110 2698 1282 2738 meam
1314 2684 1610 2740 offensione
1643 2688 1907 2755 pontificis
1938 2689 2047 2743 mei

457 2783 509 2829 et
552 2773 889 2831 detrimentis
928 2776 1172 2843 eripere;
1222 2792 1287 2831 ne
1333 2776 1569 2832 officium
1616 2778 1739 2833 fidei
1781 2780 1909 2833 mihi
1955 2780 2043 2833 uni

458 2869 735 2936 peperisse
767 2867 1009 2922 videatur
1034 2868 1278 2923 adversa.
1342 2869 1565 2924 Domine
1589 2871 1680 2935 mi,
1710 2871 2043 2926 salutationis

455 2971 675 3014 munera
724 2958 1058 3028 persolvens,
1116 2960 1396 3016 Dominum
1439 2977 1651 3030 precor,
1695 2974 1754 3018 ut
1805 2964 2041 3017 animum

454 3060 689 3105 vestrum
711 3049 777 3105 ad
800 3049 1048 3107 utilitatis
1070 3068 1202 3106 mete
1225 3054 1706 3108 considerationem
1730 3055 2043 3110 incunctan-

456 3153 536 3198 te:
562 3144 771 3198 invitet.
812 3144 924 3213 Ego
953 3145 1345 3219 quidamplins
1395 3148 1622 3201 facerem
1666 3149 1905 3203 invenire
1937 3164 2040 3204 non

456 3236 624 3304 potui,
659 3236 756 3288 nisi
789 3248 842 3289 ut
880 3250 1002 3290 cum
1041 3238 1358 3306 allegatione
1399 3239 1679 3293 manifesta
1712 3240 1870 3294 fidum
1909 3242 2036 3297 mihi

455 3325 741 3394 dirigerem
774 3327 1113 3395 perlatorem.

986 3442 1315 3497 EPISTOLA
1362 3443 1519 3498 XVII.

784 3548 1038 3586 ENNtlDIUS
1079 3548 1410 3589 MARCELLINO
1452 3550 1716 3591 EPISCOPO.

528 3623 787 3692 Magnifici
834 3624 931 3677 viri
972 3626 1151 3678 tlomni
1185 3627 1533 3696 Stephanioni
1580 3628 1670 3684 filii
1715 3632 1881 3685 vestri
1914 3632 2038 3687 facit

454 3716 689 3785 dignatio
732 3725 785 3770 ut
842 3716 1150 3771 beatitudini
1198 3728 1383 3773 vestrae
1424 3720 1682 3790 legendus
1727 3737 2035 3792 occurram,

453 3809 605 3877 cujus
627 3808 883 3863 beneficio
906 3808 1111 3865 itineris
1132 3812 1329 3865 caritas
1351 3812 1669 3867 detrimenta
1694 3831 1799 3870 non
1821 3817 2036 3885 patitur,

452 3908 507 3953 et
554 3899 695 3969 quod
734 3903 1016 3970 praesentia
1060 3918 1165 3956 non
1212 3903 1369 3969 valet,
1412 3920 1665 3961 sermone
1702 3921 2034 3978 compensat.

450 3989 548 4044 His
577 4005 705 4061 ergo
732 3992 946 4046 servitia
976 3993 1292 4061 apostolatui
1328 4010 1507 4049 veStro
1536 3997 1711 4051 debita
1746 4015 2041 4065 repraesen-

449 4091 591 4151 tans,
636 4098 818 4150 quer
854 4091 909 4137 ut
950 4099 1035 4136 me
1075 4086 1378 4140 orationum
1406 4086 1674 4156 'snflragio
1717 4090 2039 4144 snblevetis:

449 4181 713 4242 quatenus
760 4172 991 4227 insertus
1038 4176 1328 4229 venerabili
1382 4177 1746 4245 conscientiae,
1790 4178 1857 4234 de
1894 4185 2042 4239 omni

449 4279 662 4321 merear
703 4264 1026 4335 dignationis
1071 4276 1264 4321 vestrae
1294 4266 1442 4337 fruge
1470 4270 1756 4340 gratulari;
1814 4274 1932 4341 quia
1982 4274 2045 4331 fi-

450 4355 622 4413 duciae
651 4372 783 4413 mea:
810 4371 1067 4413 coronam
1100 4368 1333 4413 vestram
1374 4375 1477 4415 non
1513 4361 1726 4432 ambigo
1759 4378 2044 4434 responsu-

450 4463 567 4507 l'alll
576 4490 590 4504 .

965 4542 1291 4599 EPISTOLA
1339 4543 1524 4598 XVIII.

952 4652 1207 4692 ENNODIUS
1246 4652 1534 4693 DOIINICrE.

522 4746 668 4802 Fecit
709 4747 1015 4818 magnitudo
1058 4760 1234 4804 vestra
1274 4752 1414 4821 quod
1454 4761 1509 4806 et
1548 4752 1748 4808 sanctis
1797 4756 2031 4811 moribus

449 4839 561 4893 suis
588 4839 747 4894 debet
784 4850 834 4895 et
874 4842 1146 4911 sanguini,
1182 4853 1238 4896 ut
1268 4846 1680 4915 propinquitatis
1719 4848 2032 4903 memoriam

449 4932 646 4997 silentii
679 4948 782 4985 non
813 4934 1041 5001 patiatur
1071 4943 1287 5003 torpore
1315 4936 1679 5006 languescere.
1712 4940 1767 4994 In
1796 4956 2033 5010 quacun-

449 5038 554 5092 que
600 5032 861 5078 terrarum
907 5037 1056 5094 parte
1100 5028 1227 5082 vivit
1263 5029 1497 5084 afﬁnitas
1529 5073 1543 5098 ,
1577 5048 1676 5087 nec
1721 5044 2035 5103 separmtur

447 5114 757 5184 regionibus
799 5119 1083 5184 parentelte
1123 5128 1308 5174 catena
1358 5121 1565 5176 sociati.
1615 5125 1829 5181 Credite
1871 5128 2027 5197 mihi,

447 5205 665 5263 dilectio
704 5217 887 5262 sancta
928 5224 1032 5265 non
1072 5210 1325 5280 deperit,
1367 5230 1464 5271 nec
1496 5215 1656 5272 ullum
1696 5219 1891 5288 patitur
1938 5235 2030 5289 per

445 5298 724 5355 divisionis
762 5300 954 5355 itinera
992 5313 1179 5357 natura
1208 5304 1568 5373 diSpendium.
1610 5309 1742 5364 Nam
1770 5326 2027 5380 generum

446 5402 683 5448 vestrum
722 5403 925 5448 tantum
967 5395 1098 5449 mihi
1136 5399 1392 5453 noveritis
1420 5402 1656 5457 caritatis
1690 5403 2023 5473 impendere,

446 5497 701 5556 quantum
736 5490 801 5545 ad
843 5490 1266 5548 vicissitudinem
1317 5494 1459 5548 nulla
1497 5496 1793 5554 satisfactio
1823 5502 2022 5559 existat

446 5576 655 5635 idonea.
700 5581 851 5648 Quod
897 5594 1173 5654 superest,
1205 5585 1421 5641 domina
1452 5588 1543 5653 mi,
1578 5588 1899 5659 accipientes
1928 5594 2025 5649 dc-

444 5669 573 5725 bita:
608 5675 939 5732 salutationis
969 5679 1246 5748 affectum,
1280 5680 1443 5735 Deum
1473 5696 1684 5751 precor,
1720 5693 1777 5739 ut
1805 5686 1855 5740 in
1888 5687 2027 5742 bono

444 5773 631 5819 mutuo
676 5763 942 5823 felicitatis
986 5772 1196 5827 videndi
1250 5788 1342 5829 vos
1391 5775 1727 5832 occasionem
1783 5781 2025 5835 conferre

517 5897 533 5929 ⁸
561 5897 660 5953 Inf.
696 5901 848 5970 epist.
877 5903 963 5958 55.

2152 2020 2501 2091 relinquenda
2545 2033 2689 2090 sunt,
2726 2025 3118 2093 quahumano
3157 2027 3447 2084 remedium
3492 2032 3732 2089 nesciunt

2152 2113 2352 2177 habere
2376 2116 2625 2172 consilio.
2660 2118 2818 2173 Vobis
2850 2121 3061 2175 interim
3089 2123 3441 2179 reverentiam
3465 2125 3735 2181 salutatio.

2152 2207 2236 2263 nis
2264 2207 2602 2275 impendens,
2632 2212 2837 2266 reditus
2866 2214 2968 2267 mei
2998 2212 3171 2269 facere
3201 2215 3393 2271 indicia
3420 2232 3525 2272 non
3552 2220 3733 2291 omisi,

2150 2298 2369 2366 cupiens
2400 2303 2511 2368 pari
2542 2303 2850 2371 scriptionis
2879 2315 3069 2361 vestra:
3100 2307 3365 2365 hilaritate
3405 2311 3652 2367 relevarl.

2698 2417 3030 2473 EPISTOLA
3070 2419 3187 2474 XX.

2674 2525 2929 2566 ENNODIUS
2972 2528 3191 2568 FAUSTO.

2222 2599 2500 2668 lgnoratur
2529 2602 2787 2657 bonorum
2818 2620 2977 2675 sapor
3008 2607 3057 2661 In
3088 2609 3360 2677 prosperis
3388 2625 3402 2675 ;
3431 2609 3516 2665 vix
3545 2611 3738 2681 digno-

2148 2692 2313 2746 scitur
2341 2696 2557 2763 superni
2599 2696 2823 2766 qualitas
2858 2699 3119 2767 beneficii,
3156 2701 3284 2755 dum
3314 2709 3527 2759 tenetur
3557 2723 3569 2771 ;
3612 2714 3738 2774 post

2148 2787 2519 2856 migrationem
2559 2790 2737 2859 cupita
2781 2791 3092 2848 dulcescunt
3125 2795 3435 2858 ;.desiderii
3477 2799 3645 2868 pretia
3680 2799 3737 2855 in

2146 2880 2391 2932 manibus
2428 2882 2713 2935 constituta
2762 2885 3051 2939 nescimus.
3101 2884 3236 2941 Vere
3278 2886 3466 2953 fateor,
3496 2888 3739 2957 quandiu

2147 2967 2400 3024 Ravenna
2424 2986 2519 3025 vos
2546 2974 2749 3039 habuit,
2779 2974 3056 3030 sinistrum
3082 2992 3239 3033 omen
3268 2979 3468 3033 credidi
3497 2982 3738 3051 cogitare

2145 3074 2263 3126 quae
2302 3064 2503 3129 patior;
2552 3080 2648 3119 nec
2691 3071 2829 3121 inter
2858 3084 2946 3123 res
2978 3072 3260 3135 secundas,
3292 3074 3440 3142 quasi
3470 3074 3738 3145 malignus

2145 3154 2376 3221 pr0priae
2418 3156 2684 3211 felicitatis
2715 3158 3007 3229 interpres,
3040 3178 3159 3233 quae
3188 3179 3280 3232 per
3308 3165 3603 3220 absentiam
3643 3183 3739 3219 ve-

2144 3252 2312 3301 SIram
2345 3249 2560 3303 evenire
2615 3259 2861 3320 poterant
2887 3256 3169 3324 suspiravi.
3204 3257 3317 3311 Non
3349 3258 3505 3313 debui
3538 3261 3739 3316 merita

2149 3351 2288 3404 mea,
2315 3338 2359 3392 si
2384 3339 2453 3394 ab
2476 3341 2691 3397 homine
2721 3359 2825 3398 non
2854 3360 3152 3417 separarer,
3183 3364 3493 3419 agnoscere,
3526 3368 3625 3406 nec
3652 3353 3740 3407 in-

2146 3428 2387 3501 telligere
2420 3433 2695 3503 fugitivum
2726 3452 2874 3501 esse,
2907 3440 3045 3508 quod
3078 3441 3304 3495 scclanti
3336 3453 3550 3511 peccata
3580 3443 3740 3499 blan-

2140 3524 2303 3579 ditur.
2340 3527 2445 3583 Sed
2471 3530 2597 3598 quid
2624 3531 2929 3599 epistolaris
2958 3535 3296 3589 concinnatio
3324 3538 3593 3606 castigatae
3623 3546 3739 3591 ter-

2141 3617 2344 3673 mitium
2371 3619 2620 3675 dictionis
2657 3623 2909 3676 excedit?
2942 3624 3098 3678 Ferat
3125 3626 3206 3681 his
3238 3628 3396 3683 rebus
3434 3630 3735 3699 medelam,

2141 3710 2297 3779 cujus
2329 3713 2553 3780 imperio
2582 3714 2829 3768 universa
2864 3716 3202 3771 famulantur.
3246 3719 3357 3788 Ego
3400 3729 3574 3775 tamen
3606 3738 3737 3791 pro-

2144 3814 2262 3873 pter
2300 3808 2440 3875 qnod
2481 3809 2751 3863 attributa:
2791 3820 2915 3864 sunt
2963 3814 3195 3882 paginae,
3238 3816 3390 3870 valeo
3429 3819 3733 3877 substantia

2143 3902 2440 3968 corporali;
2471 3912 2522 3955 et
2550 3918 2645 3971 per
2671 3903 2781 3957 haec
2808 3906 3011 3969 munia,
3039 3908 3136 3961 sub
3160 3908 3251 3962 Dei
3280 3924 3401 3980 ope,
3427 3923 3482 3965 ut
3507 3928 3736 3983 prospe-

2143 3992 2272 4045 ritas
2288 4003 2463 4046 vestra
2486 3997 2757 4050 nuntietur
2777 4008 3048 4067 exspecto.
3070 4000 3307 4071 Accipite
3328 4018 3455 4073 ergo
3474 4004 3736 4075 obsequia

2145 4101 2295 4150 mea;
2329 4090 2445 4141 etsi
2468 4089 2591 4157 quid
2617 4090 2751 4144 inter
2778 4091 2890 4145 haec
2917 4108 3035 4163 qua:
3066 4110 3268 4150 mecum
3299 4099 3409 4168 geri
3442 4099 3731 4175 didicistis,

2143 4187 2369 4233 eventus
2396 4180 2586 4236 dexter
2620 4185 2875 4255 attulerit,
2917 4186 3033 4243 sine
3066 4189 3507 4249 dissimulationis
3546 4194 3735 4252 obsta-

2143 4269 2264 4323 culo
2296 4275 2554 4327 nuntiate.

2676 4366 3005 4425 EPISTOLA
3047 4371 3187 4431 XXI.

2668 4475 2925 4515 ENNODIUS
2964 4478 3189 4518 PAUITO.

2216 4547 2271 4600 In
2302 4550 2584 4603 occasione
2614 4554 2763 4619 rapui
2797 4554 3065 4608 solvenda:
3096 4557 3406 4613 humilitatis
3438 4577 3730 4630 personam

2062 4677 2118 4738 υ
2144 4638 2421 4695 domestici
2448 4642 2748 4712 perlatoris.
2781 4645 3067 4703 Desideriis
3106 4652 3237 4706 meis
3266 4653 3532 4725 militabit,
3578 4660 3731 4727 quod

2138 4733 2190 4786 in
2231 4734 2456 4790 aliorum
2490 4739 2822 4808 negotiorum
2855 4742 3086 4799 efficacia
3117 4748 3439 4814 providistis.
3499 4751 3729 4824 Fateor,

2138 4823 2330 4879 durum
2350 4828 2549 4883 credidi
2568 4830 2793 4887 vicinior
2818 4833 3020 4889 litteras
3037 4835 3321 4907 denegare,
3344 4842 3433 4913 qui
3450 4823 3731 4914 nunquam

2138 4922 2285 4989 potui
2326 4921 2379 4974 in
2412 4921 2701 4993 longinquo
2744 4928 3063 4983 constitutus
3103 4930 3375 4989 absdnere
3411 4936 3727 5004 colloquiis.

2141 5014 2320 5069 Visum
2342 5018 2481 5070 enim
2508 5018 2632 5072 mihi
2657 5034 2794 5084 sum,
2819 5022 3214 5081 Ravennatibus
3243 5040 3530 5097 occupatus-
3555 5045 3732 5086 excu-

2139 5106 2267 5173 biis,
2304 5110 2720 5179 magnitudinem
2752 5125 2981 5170 vestram
3013 5120 3240 5191 quadam
3274 5124 3466 5181 mentis
3498 5123 3729 5180 dextera

2135 5202 2442 5271 contigisse.
2477 5201 2678 5263 Idcirco
2705 5207 2771 5263 ad
2805 5208 3053 5265 levamen
3084 5210 3338 5271 desiderii
3368 5217 3562 5281 scripta
3598 5232 3733 5283 pro.

2132 5294 2334 5362 rogavi,
2363 5297 2580 5365 utquod
2605 5297 2737 5353 vivis
2762 5299 3175 5357 subtraltebatur
3196 5305 3460 5372 affatibus,
3488 5308 3733 5366 lectione

2130 5399 2431 5454 pensarem.
2468 5390 2603 5458 Ergo
2629 5391 2887 5446 honorem
2915 5395 3126 5449 salutati
3159 5397 3440 5467 exhibens,
3480 5415 3624 5470 rogo,
3661 5412 3731 5456 ut

2128 5494 2215 5534 me
2248 5480 2574 5551 hujusmodi,
2605 5485 2851 5555 quotiens
2889 5491 3259 5559 opportunitas
3299 5492 3499 5562 ingesta
3527 5492 3724 5561 fuerit,

2132 5576 2384 5631 remedds
2411 5577 2718 5645 subievetis,
2750 5578 2801 5632 in
2829 5581 3022 5645 quibus
3052 5581 3289 5637 absentia
3316 5584 3527 5639 unicum
3556 5585 3725 5647 habet

2132 5667 2313 5723 divina
2340 5671 2645 5738 provisione
2676 5672 2992 5731 subsidium.
3037 5676 3341 5747 Agnovistis
3374 5696 3493 5750 quae
3525 5680 3594 5735 sit
3624 5698 3725 5757 cu-

2130 5761 2266 5814 ratio
2286 5762 2561 5816 afl'ectione
2584 5762 2850 5832 languenti
2880 5786 2888 5817 :
2916 5776 3148 5825 vestrum
3171 5779 3253 5826 est
3274 5770 3533 5826 medelam
3556 5774 3726 5841 tegril

2129 5854 2324 5907 animis
2353 5870 2454 5907 non
2482 5869 2694 5925 negate.
