3998 6362
516 524 610 579 HI

1615 526 1891 581 ENNODII
1931 524 2236 582 EPISCOI’I
2275 525 2649 583 TICINILNSIS

3592 480 3605 491 ’
3670 526 3769 583 ita

468 620 474 645 ⁷
511 637 763 693 tationem
788 638 1147 707 plenissimam
1170 637 1372 701 dicens,
1396 650 1600 705 qua‘so,
1623 647 1680 692 nt
1704 654 1788 693 me
1809 639 2081 708 antiquum
2111 645 2158 701 Α
2187 648 2296 704 rat;
2329 655 2487 710 quam
2513 654 2630 693 cum
2665 648 2821 707 negat
2850 636 3022 691 anxiis
3053 636 3098 691 is
3130 636 3218 705 qui
3251 634 3396 689 nullo
3426 636 3648 691 labascit
3687 638 3767 692 in-

507 730 769 785 cultorem
810 737 1044 783 vestrum
1084 728 1177 782 illo
1216 728 1440 783 foveatis
1466 744 1571 799 quo
1608 729 1735 783 olim
1768 730 2083 798 promisistis

501 826 693 882 aﬁ'ectu
733 844 746 878 :
794 834 848 881 et
892 839 1147 896 prospera
1186 833 1358 880 vestra
1398 825 1705 895 paginarum
1746 840 1833 880 me
1880 823 2084 880 faciatis

501 921 795 976 directione
824 933 1176 991 cognoscere.

1014 1010 1349 1067 EPISTOLA
1388 1010 1581 1065 XXIX.

1037 1118 1293 1159 ENNODIUS
1332 1118 1553 1157 FAUSTO.

568 1200 826 1266 Quamvis
856 1198 1070 1254 sublimi
1102 1198 1217 1253 viro
1242 1206 1296 1252 et
1322 1198 1467 1251 omni
1497 1195 1800 1265 integritate
1834 1193 2077 1263 prmdito,

499 1294 513 1323 ‘
540 1292 742 1349 Sabino
771 1293 993 1347 Romam
1032 1300 1382 1361 properante,
1417 1300 1529 1344 tute
1565 1290 1875 1358 paginarum
1906 1286 2078 1341 officia

494 1384 909 1451 commisissem,
943 1392 1000 1438 ut
1030 1383 1345 1453 resignanda
1380 1398 1471 1451 per
1504 1383 1706 1435 litteras
1738 1380 1909 1433 fidelis
1942 1379 2079 1433 rela-

494 1486 577 1532 tor
593 1487 859 1533 assereret
886 1516 903 1542 ,
938 1486 1172 1531 attamen
1202 1462 1550 1530 sollicitudini
1577 1489 1707 1527 mea:
1732 1472 1888 1526 debui
1906 1471 2079 1533 dupli-

491 1569 642 1624 cibus
682 1568 1101 1639 magnitudinem
1147 1578 1377 1621 vestram
1416 1566 1631 1621 indiciis
1673 1565 1983 1629 informare,
2021 1575 2079 1619 ut

492 1661 725 1730 perlator
774 1676 839 1716 ex
888 1661 1079 1715 litteris
1123 1671 1337 1713 secutus
1388 1658 1703 1727 principium
1755 1658 2075 1711 narrationis

491 1760 748 1805 assumat.
784 1751 907 1804 Ilatc
946 1749 1148 1817 scripto
1176 1749 1452 1817 degustata
1495 1747 1763 1802 sufficiant
1798 1766 1808 1799 :
1842 1748 1906 1800 ad
1942 1746 2072 1801 illud

490 1850 747 1907 revertor,
783 1848 998 1910 propter
1028 1840 1166 1909 quod
1200 1840 1443 1908 epistolae
1480 1839 1833 1893 destinantur.
1883 1839 2074 1893 Valere

489 1949 572 1987 me
596 1948 821 2003 corpore
848 1934 1063 1997 nuntio;
1088 1933 1197 1986 Deo
1224 1933 1550 2001 supplicans,
1576 1940 1635 1986 ut
1660 1942 1857 1986 suatum
1879 1932 2071 1987 anima:

486 2024 550 2079 de
578 2034 753 2079 vestra
784 2023 945 2079 faciat
969 2024 1325 2093 prosperitate
1355 2025 1614 2091 reparari.

1003 2132 1337 2188 EPISTULA
1380 2133 1547 2187 XXX.

1015 2242 1271 2281 ENNODIUS
1310 2242 1531 2280 FAUSTO.

557 2320 669 2374 Non
695 2326 873 2389 potest
891 2320 1093 2375 doloris
1117 2318 1535 2388 magnitudinem
1560 2316 1735 2387 eloqui
1762 2317 1873 2371 oris
1898 2316 2069 2371 infan-

482 2410 551 2464 tia
572 2452 587 2476 ,
628 2413 715 2479 qui
751 2409 877 2464 mihi
908 2410 975 2464 de
1005 2411 1091 2464 illa
1123 2426 1181 2464 re
1211 2410 1461 2479 contigit,
1496 2414 1638 2479 quod
1670 2408 1857 2463 harum
1890 2410 2067 2478 perla-

484 2502 692 2556 toribus
721 2501 787 2555 ad
815 2500 1081 2571 Liguriam
1110 2501 1391 2556 destinatis
1422 2516 1451 2553 a
1480 2503 1771 2570 scriptione
1804 2509 2067 2570 tempera-

484 2594 618 2648 stis:
652 2608 875 2663 quorum
907 2594 1349 2649 commeationem
1381 2610 1475 2649 vos
1505 2594 1784 2663 ignorasse
1815 2610 1918 2647 non
1950 2608 2067 2649 cre-

481 2688 613 2752 didi,
647 2698 697 2741 et
731 2689 1070 2757 praesentiam
1101 2688 1482 2755 magnitudinis
1510 2698 1702 2742 vestrae
1731 2703 1760 2739 a
1790 2687 2063 2756 petitionis

479 2777 736 2846 qualitate
762 2779 1089 2847 deprehendi
1122 2798 1133 2832 :
1162 2778 1320 2833 datur
1348 2784 1488 2833 enim
1519 2779 1745 2833 inveniri
1774 2794 1801 2829 a
1833 2780 2063 2847 disposi-

478 2870 544 2922 tis
573 2878 945 2924 tractatorem.
992 2869 1073 2925 Me
1115 2879 1289 2926 tamen
1323 2883 1481 2925 urunt
1518 2872 1861 2935 epistolarum
1892 2871 2056 2938 ferite,

477 2976 607 3030 quas
648 2962 713 3015 ad
757 2962 999 3016 levamen
1041 2964 1287 3018 llifBl‘Ol‘lS
1326 2963 1430 3017 mei
1462 2964 1621 3017 etiam
1662 2966 2058 3032 occupatissimi

476 3053 766 3123 repulistis.
796 3054 948 3109 Nunc
976 3054 1041 3107 ad
1071 3066 1191 3108 vota
1223 3054 1407 3109 redeo.
1442 3055 1646 3116 Valete,
1679 3061 1693 3075 ‘
1726 3058 1796 3108 mi
1828 3054 2055 3121 domini,

476 3157 530 3201 et
562 3147 839 3203 caelestem
885 3149 1026 3203 circa
1066 3164 1161 3203 vos
1201 3149 1427 3218 gratiam
1468 3149 1751 3217 multiplici
1790 3151 2057 3220 resignate

476 3241 759 3311 colloquio.
803 3242 1019 3297 Partum
1062 3252 1145 3297 est
1186 3243 1327 3303 enim
1369 3244 1574 3299 actibus
1607 3244 1818 3308 vestris,
1861 3244 2055 3313 quietis

476 3344 717 3403 tempore
742 3334 809 3387 de
833 3350 896 3389 ea
921 3350 1040 3404 quae
1068 3334 1122 3389 in
1150 3334 1423 3390 laboribus
1453 3345 1565 3389 sata
1596 3346 1699 3402 est,
1732 3336 2053 3391 innocentia:

475 3441 650 3481 messe
678 3426 935 3496 gaudere.

987 3511 1318 3567 EPISTULA
1359 3512 1555 3568 XXXI.

925 3620 1179 3659 ENNODIUS
1219 3622 1396 3661 DOMNO
1438 3622 1605 3660 PAPA'Z.

547 3695 773 3763 Pervigil
814 3696 1161 3752 beatitudinis
1209 3710 1407 3753 vestrae
1460 3715 1620 3767 cura,
1673 3702 1820 3770 quasi
1872 3717 2051 3759 coram

475 3791 697 3857 positos,
724 3790 774 3843 in
799 3805 1115 3860 quocunque
1140 3791 1243 3845 loci
1267 3792 1393 3859 sint,
1426 3793 1781 3865 obsequentes
1804 3798 2049 3864 attendit,

471 3892 521 3935 et
560 3885 678 3936 sine
720 3883 841 3936 ullis
884 3884 1051 3951 feriis,
1099 3886 1225 3939 dum
1264 3886 1447 3954 gratia:
1491 3886 1796 3955 suffragium
1836 3898 2054 3957 pra-stat

471 3975 726 4042 expertis,
757 3975 945 4028 invitat
970 3986 1278 4030 extraneos.
1311 3978 1517 4032 Etenim
1547 3979 1727 4047 plures
1748 3980 1815 4035 de
1844 3992 2053 4050 specta-

471 4067 590 4119 culo
636 4065 840 4119 fructus
884 4067 1164 4133 capiuntur
1215 4068 1413 4122 laboris
1458 4070 1619 4124 alieni
1666 4088 1679 4124 :
1728 4074 1848 4140 quia
1894 4074 2051 4131 discit

471 4173 686 4225 operam
735 4160 931 4213 navare
980 4159 1030 4212 in
1078 4164 1231 4228 cujus
1282 4163 1454 4217 oculis
1499 4164 1793 4219 redduntur
1836 4170 2049 4234 praemia

470 4248 679 4304 sudoris
705 4262 755 4305 et
780 4250 920 4305 fidei.
941 4249 1116 4319 Atque
1140 4253 1338 4308 utinam
1362 4269 1454 4322 par
1475 4257 1614 4311 votis
1636 4268 1778 4313 esset
1798 4259 2045 4317 effectus!

470 4352 519 4395 ct
539 4343 680 4409 quod
705 4343 865 4399 didici
889 4360 982 4412 pro
1006 4346 1278 4415 religione,
1298 4353 1545 4416 cup'erem
1569 4351 1783 4406 daretur
1803 4354 2043 4423 implere.
2110 4382 2113 4385 ι

472 4434 698 4489 Domine
737 4436 827 4501 mi,
873 4435 1157 4491 famulatus
1206 4437 1312 4493 mei
1357 4438 1711 4498 humilitatem
1761 4447 2043 4513 exhibens,

471 4540 626 4591 parca
656 4527 710 4579 in
736 4527 985 4583 maximis
1012 4530 1315 4587 elocutione
1341 4543 1646 4600 contentus,
1670 4538 1793 4606 quid
1816 4538 2045 4595 domnus

469 4620 751 4687 episcOpus
780 4620 940 4676 frater
970 4632 1147 4679 vester
1187 4640 1348 4694 super
1376 4627 1575 4681 directa
1619 4630 1879 4698 legatione
1916 4648 2041 4688 sen-

470 4713 617 4777 serit,
651 4714 1074 4782 patefaciendum
1102 4717 1309 4786 pra-fati
1342 4719 1536 4774 litteris
1565 4721 1898 4795 derelinquo.

961 4816 1292 4873 EPISTULA
1331 4818 1543 4875 XXXII.

995 4926 1252 4966 ENNODIUS
1292 4929 1503 4967 AVIENO.

532 4998 666 5055 Cum
697 5014 909 5068 semper
932 5000 1040 5057 sint
1065 5001 1361 5058 litterarum
1389 5006 1525 5060 inter
1545 5018 1785 5064 amantes
1808 5011 2043 5081 jucunda

465 5094 805 5160 commercia,
831 5102 885 5147 et
910 5109 974 5149 ex
1007 5093 1090 5148 his
1112 5094 1325 5161 muniis,
1351 5099 1511 5153 etiam
1541 5101 1585 5154 si
1609 5112 1856 5169 spartana
1887 5105 2042 5161 adhi-

464 5187 653 5241 beatur
690 5186 941 5252 brevitas,
985 5188 1176 5257 gaudia
1208 5189 1420 5258 prolixa
1464 5202 1783 5259 nascantur;
1822 5198 2035 5268 sintque

463 5281 762 5349 hujusmodi
776 5282 947 5337 officia
966 5285 1203 5339 remedio
1219 5286 1733 5353 absentibus,votiva
1756 5293 2003 5349 sollicitis
2024 5314 2035 5349 :

462 5384 697 5431 attamen
728 5392 870 5446 aeger
892 5378 1104 5432 animus
1124 5393 1285 5449 super
1309 5396 1491 5437 eorum
1522 5382 1588 5437 de
1606 5384 1796 5453 quibus
1817 5390 2032 5459 pendet,

466 5472 815 5539 prosperitate
834 5469 1092 5540 jactatnr,
1118 5481 1173 5527 et
1201 5473 1299 5528 hac
1331 5484 1533 5530 tantum
1561 5480 1835 5535 curatione
1870 5484 2039 5553 respi-

534 5605 547 5632 ¹
574 5603 632 5657 S.
658 5603 721 5656 V.
742 5604 955 5680 Sabino]
982 5607 1211 5678 Hujusce
1232 5612 1459 5665 nominis
1479 5613 1783 5679 prazfectum
1806 5631 2035 5674 annonae

463 5671 626 5749 Itonia
669 5678 847 5749 paucis
892 5671 1009 5745 post
1046 5671 1198 5733 annis
1230 5680 1431 5747 habuit,
1463 5671 1617 5749 cujus
1650 5687 1750 5740 hoc
1778 5699 1938 5741 restat
1982 5671 2033 5743 in

460 5744 675 5866 falsilica
706 5744 933 5802 Ostiensi
965 5752 1315 5822 epitaphium,
1346 5744 1440 5809 sed
1473 5744 1883 5814 tnendosissime
1910 5775 2039 5815 exa-

490 5832 515 5863 a
548 5830 633 5866 um
660 5831 675 5866 :

490 5830 633 5866 atum
660 5831 675 5868 ε

532 5914 639 5967 HIC
680 5916 1088 5982 REQUIESCIT
1126 5924 1191 5978 IN
1225 5925 1400 5981 PACE
1429 5967 1441 5979 .
1471 5926 1756 5983 SABINUS
1799 5929 1859 5982 V.
1905 5931 1960 5986 S.

528 6004 748 6062 PRIEF.
792 6009 943 6067 ΑΝΝ.
988 6012 1103 6078 QUI
1163 6012 1343 6068 VIXIT
1407 6016 1628 6072 ANNOS
1689 6018 1818 6073 LIII.
1873 6021 1959 6076 ET

2096 2031 2146 2091 Β

2187 740 2359 796 certo,
2394 734 2626 802 resignat
2652 746 2709 785 se
2732 730 3005 800 diligentia
3030 745 3136 784 non
3170 730 3362 784 teneri.
3386 729 3652 783 Paverunt
3670 730 3763 785 diu

2184 824 2420 879 animum
2452 838 2627 879 meum
2654 838 2685 877 a
2714 822 3078 889 magnitudine
3098 831 3274 877 vestra
3302 822 3566 877 destinata
3592 822 3764 877 collo-

2185 918 2333 986 quia,
2402 927 2457 972 et
2515 916 2769 971 hilaritati
2834 930 3068 985 congrua
3138 915 3326 985 pabula
3374 917 3759 984 praestiterunt.

2184 1008 2419 1076 Quorum
2451 1022 2590 1063 nunc
2610 1007 2989 1062 abstinentiam
3014 1021 3121 1061 non
3152 1006 3306 1061 affert
3330 1006 3626 1075 tristitiam,
3658 1012 3751 1062 sed

2182 1102 2326 1172 cogit
2352 1101 2419 1157 ad
2462 1101 2700 1158 exitium.
2736 1102 2915 1156 Potuit
2942 1101 3086 1157 enim
3126 1101 3284 1155 saluti
3315 1117 3473 1173 opem
3504 1103 3758 1170 tribuere,

2182 1197 2323 1267 quod
2359 1205 2483 1250 ante
2513 1196 2756 1250 militavit
2800 1194 3051 1261 aﬂ'ectui;
3105 1194 3349 1263 abjurata
3393 1207 3475 1251 est
3518 1198 3760 1255 caritatis

2181 1290 2388 1359 religio,
2421 1290 2635 1359 quando
2662 1288 2937 1357 profutura
2973 1303 3107 1343 meae
3133 1288 3427 1343 valetudini
3468 1291 3629 1346 verba
3662 1293 3758 1347 de-

2182 1391 2461 1453 negantur.
2503 1382 2809 1451 Agnovistis
2846 1382 2971 1452 quid
3020 1382 3261 1437 fecerunt
3298 1384 3508 1439 silentia
3543 1396 3756 1451 vestra;

2180 1476 2376 1545 quibus
2415 1475 2795 1530 emendatione
2842 1476 3183 1529 succurrite:
3230 1490 3349 1529 nam
3396 1475 3535 1546 apud
3577 1493 3671 1531 vos
3712 1478 3757 1533 si

2180 1567 2284 1621 mei
2310 1582 2415 1621 non
2437 1566 2743 1621 dominatur
2769 1565 2990 1631 oblivio,
3020 1565 3311 1636 scriptione
3340 1576 3626 1621 mutantur.
3655 1568 3757 1623 Do-

2180 1658 2322 1713 mine
2363 1659 2457 1725 mi,
2501 1659 2727 1713 salutem
2774 1657 3125 1728 largissimam
3156 1660 3415 1721 referens.
3450 1660 3616 1715 Deum
3662 1660 3755 1716 de-

2180 1768 2389 1823 precor,
2430 1762 2489 1807 ut
2515 1753 2734 1807 aestibus
2773 1754 2909 1807 meis
2961 1756 3179 1822 superni
3219 1753 3504 1823 dispositio
3555 1754 3755 1809 favoris

2175 1855 2411 1913 occurat,
2440 1854 2495 1900 et
2524 1846 2576 1899 in
2602 1846 2796 1900 solatio
2824 1860 3111 1900 mmrorum
3145 1860 3386 1900 meorum
3426 1846 3512 1900 illa
3543 1861 3574 1900 a
3606 1846 3755 1901 vobis

2177 1937 2400 1994 indicari
2430 1939 2604 2004 faciat,
2636 1952 2755 2008 quae
2775 1938 3003 1993 delectet
3029 1940 3266 2007 agnosci.

2652 2032 2980 2087 EPISTULA
3023 2033 3261 2087 XXXIII.

2442 2138 2709 2179 ‘ENNODIUS
2745 2141 3021 2180 IIORIISDE
3061 2142 3128 2180 ET
3168 2141 3442 2182 DIOSCORO.

2242 2213 2369 2269 Scio
2432 2216 2817 2270 conscientiam
2863 2217 3167 2285 religiosam
3234 2219 3436 2289 grande
3478 2220 3749 2275 aestimare

2170 2306 2570 2376 compendium,
2598 2309 2645 2362 si
2678 2308 2961 2376 prmstandi
2987 2321 3234 2365 nas<-atur
3260 2312 3491 2377 occasio,
3524 2313 3604 2367 his
3637 2333 3749 2366 mn-

2169 2402 2313 2456 xime
2372 2417 2504 2471 quos
2552 2403 2773 2456 devotos
2823 2403 3095 2459 exstitisse
3161 2406 3543 2462 meminerunt.
3604 2406 3751 2477 Ergo

2168 2495 2411 2563 quamvis
2451 2494 2623 2563 prima
2658 2496 2972 2550 reverentiae
3018 2504 3208 2551 vestrae
3244 2510 3403 2552 causa
3443 2500 3515 2553 sit
3550 2498 3749 2568 scripta

2166 2587 2431 2654 mittendi,
2478 2595 2535 2643 et
2582 2587 2822 2641 utilitatis
2882 2588 3131 2656 allegatio
3170 2590 3241 2643 sit
3290 2590 3615 2659 Subjicienda
3668 2591 3749 2645 di-

2166 2679 2431 2749 ligentiae,
2500 2689 2733 2735 attamen
2785 2682 2972 2735 anxius
3004 2682 3212 2736 animus
3260 2696 3403 2751 saape
3441 2683 3747 2737 necessaria

2167 2775 2426 2842 prmponit
2448 2773 2684 2829 ati‘ectui.
2733 2774 2946 2829 Retinet
2968 2774 3272 2831 fraternitas
3292 2789 3466 2831 vestra
3488 2777 3745 2832 domuum

2176 2881 2366 2937 papam
2396 2868 2463 2923 de
2492 2883 2747 2939 expensa,
2778 2884 2937 2939 quam
2963 2870 3245 2938 episcopus
3286 2885 3435 2925 meus
3460 2872 3597 2940 apud
3636 2872 3746 2926 lla-

2163 2974 2389 3014 vennam
2410 2976 2505 3030 pro
2532 2960 2647 3030 ejus
2671 2960 2895 3015 utilitate
2910 2976 2995 3016 me
3021 2962 3319 3027 spondente
3343 2962 3561 3031 fecerat,
3578 2964 3743 3017 resti-

2164 3052 2423 3107 tutionem
2452 3052 2618 3109 fuisse
2649 3054 2962 3119 pollicitum.
3008 3052 3116 3109 Sed
3146 3066 3322 3110 actum
3345 3064 3429 3111 est
3456 3065 3515 3109 ut
3545 3054 3629 3109 vix
3660 3054 3736 3111 ad

2160 3159 2256 3201 vos
2285 3145 2547 3214 dirigendi
2570 3153 2848 3215 praestaret
2871 3146 3114 3201 inducias
3140 3187 3156 3213 ,
3192 3156 3248 3202 et
3274 3148 3345 3203 de
3372 3162 3487 3203 mea
3518 3147 3616 3203 sibi
3644 3162 3744 3203 sa-

2162 3235 2527 3292 tisfaciendum
2563 3251 2683 3292 esse
2718 3238 3013 3293 substantia
3046 3248 3393 3308 protestatur.
3429 3239 3582 3294 Nunc
3610 3242 3743 3308 quia

2158 3330 2372 3399 grandis
2401 3344 2609 3384 summa
2640 3344 2748 3385 non
2776 3340 2861 3385 est
2888 3346 3008 3401 qua:
3034 3331 3361 3401 reposcitur,
3393 3344 3447 3387 et
3470 3347 3742 3388 summum

2088 3416 2133 3480 C
2164 3430 2247 3476 est
2280 3422 2594 3477 beneficium
2624 3437 2709 3477 me
2764 3424 2831 3477 ab
2876 3424 3255 3492 ingratitudine
3295 3424 3412 3495 ejus
3438 3441 3554 3495 quae
3583 3426 3741 3481 vide-

2158 3521 2243 3566 tur
2264 3512 2426 3583 justa,
2457 3515 2800 3581 subtrahere,
2837 3515 3082 3571 ordinate
3116 3518 3254 3587 quod
3279 3518 3428 3574 vobis
3455 3518 3742 3573 retributio

2157 3622 2386 3677 superna
2417 3618 2751 3678 eompenset.
2802 3609 3029 3665 Domine
3058 3611 3153 3678 mi,
3198 3614 3423 3667 salutem
3456 3612 3740 3667 abundan-

2157 3700 2413 3755 tissimam
2445 3702 2697 3767 reddens,
2732 3704 2898 3758 Deum
2922 3719 3127 3773 quazso,
3160 3719 3265 3774 quo
3292 3704 3489 3759 animis
3515 3706 3739 3773 vestris,

2154 3796 2295 3865 quod
2325 3811 2409 3850 me
2438 3797 2719 3851 sublevare
2748 3800 2941 3867 possit,
2976 3798 3217 3868 inspiret.
3240 3798 3353 3869 Ego
3383 3809 3558 3855 autem
3588 3800 3741 3855 adfui

2155 3887 2394 3957 partibus
2443 3890 2598 3955 meis,
2630 3891 2719 3960 qui
2759 3906 2881 3945 cum
2913 3893 3303 3963 contestatione
3351 3894 3599 3949 maeroris
3644 3909 3741 3965 per

2152 3981 2371 4052 paginas
2420 3982 2635 4037 indicati
2669 3983 2846 4038 direxi
2878 3983 3247 4039 fidelissimum
3279 3986 3620 4054 perlatorem,
3646 3986 3741 4058 qui

2155 4076 2308 4131 nobis
2328 4075 2647 4146 perferenda
2669 4080 2784 4131 sine
2813 4077 3183 4134 imminutione
3210 4079 3482 4150 suscipiat.

2638 4171 2967 4227 EPISTULA
3007 4172 3245 4227 XXXIV.

2602 4279 2857 4321 ENNODIUS
2895 4282 3097 4322 FAUSTO
3136 4284 3288 4323 ALBO.

2224 4356 2478 4423 Quamvis
2525 4358 2834 4428 magnitudo
2864 4367 3038 4414 vestra
3083 4375 3176 4429 per
3215 4360 3428 4431 longum
3463 4360 3741 4419 silentium

2150 4447 2467 4503 oblivionem
2500 4450 2602 4504 mei
2649 4449 2807 4504 fuerit
2834 4460 3162 4518 contestata,
3195 4462 3249 4507 et
3277 4453 3403 4508 dum
3435 4455 3501 4509 ab
3531 4456 3741 4525 episto-

2152 4540 2351 4595 laribus
2376 4543 2573 4597 muniis
2597 4553 2879 4614 temperat,
2897 4530 3223 4599 memoriam
3250 4546 3610 4617 obsequentis
3645 4550 3743 4605 ab-

2146 4632 2335 4701 jecerit
2360 4672 2376 4699 ,
2410 4644 2642 4689 attamen
2672 4636 3003 4705 providentia
3026 4638 3265 4693 caelestis
3294 4639 3577 4695 desideriis
3600 4641 3743 4697 meis

2152 4741 2403 4796 prospera
2435 4739 2610 4785 vestra
2653 4746 2759 4785 non
2788 4732 2982 4801 patitur
3003 4732 3282 4797 occultari,
3311 4743 3366 4788 et
3400 4735 3564 4789 variis
3596 4734 3745 4791 indi-

2072 4801 2129 4861 Β
2151 4820 2249 4874 ciis
2271 4835 2575 4877 successum
2603 4824 2745 4879 circa
2777 4840 2870 4880 vos
2914 4826 3149 4896 resignat
3171 4837 3430 4896 optatum.
3463 4827 3621 4884 Nunc
3655 4838 3743 4884 ta-

2150 4927 2271 4968 men
2296 4918 2504 4971 animus
2546 4933 2694 4973 meus
2722 4934 2888 4989 usque
2918 4919 2983 4973 ad
3008 4921 3106 4973 hoc
3134 4921 3469 4977 devinctione
3496 4922 3744 4992 produc-

2148 5014 2235 5063 tus
2277 5018 2383 5077 est,
2433 5018 2487 5063 ut
2530 5012 2803 5081 proprium
2832 5012 2896 5067 ad
2931 5028 3025 5068 vos
3065 5013 3350 5085 dirigerem
3385 5017 3745 5085 perlatorem,

2149 5103 2239 5173 qui
2285 5104 2421 5158 vivis
2453 5115 2635 5173 pastus
2680 5107 3003 5175 aspectibus,
3038 5107 3174 5162 bona
3214 5110 3277 5164 ad
3324 5126 3409 5165 me
3447 5112 3747 5170 manifesta

2148 5195 2421 5263 prrducat.
2452 5197 2687 5263 Credite,
2709 5198 2935 5266 domini,
2952 5214 3137 5269 magna
3161 5216 3247 5257 me
3271 5194 3423 5257 vobis
3463 5218 3585 5258 esse
3601 5205 3749 5262 obli-

2108 5304 2109 5307 ‘
2146 5288 2361 5355 gatione
2401 5290 2772 5356 constrictum,
2827 5307 2924 5346 nec
2980 5293 3116 5349 ullas
3171 5296 3369 5364 pectori
3401 5311 3522 5351 meo
3567 5297 3750 5355 ferias

2144 5378 2283 5446 dari,
2315 5381 2507 5449 quibus
2532 5382 2793 5437 visionem
2841 5394 3072 5439 vestram
3105 5401 3208 5442 non
3242 5389 3398 5456 plena
3434 5391 3751 5448 intentione

2144 5468 2457 5541 disquiram.
2500 5472 2760 5543 Superest
2809 5484 2886 5544 ut,
2934 5477 2955 5507 ³
3010 5478 3224 5534 reducta
3260 5479 3314 5534 in
3356 5480 3602 5537 Ecclesia
3635 5483 3750 5542 Ro-

2216 5623 2372 5680 DIES
2428 5623 2617 5681 xxw.
2679 5612 2785 5687 ὥ.
2830 5629 2941 5687 xv.
3001 5632 3383 5722 KALﬂ.
3440 5636 3669 5697 smn.

2402 5788 2405 5791 _
2476 5717 2564 5772 ET
2603 5719 2846 5779 nemo
2886 5723 2973 5778 w.
3016 5722 3119 5779 cc.
3160 5717 3394 5784 απ.
3463 5758 3479 5776 .

2216 5830 2255 5915 ξ.
2283 5828 2512 5915 Reduch
2572 5830 2819 5915 Ero/eane
2868 5843 3187 5915 concordia]
3237 5844 3445 5902 Sedatis
3491 5852 3747 5909 motibus

2144 5899 2448 5955 schismatis
2480 5902 2841 5962 Laurentiani.

2209 5994 2223 6011 ‘
2252 5990 2322 6043 Mi
2346 5994 2526 6045 domini
2547 5999 2562 6057 ]
2589 6004 2746 6060 t-‘orte,
2770 6001 2835 6051 mi
2858 6002 3065 6068 domine,
3094 6014 3145 6058 ut
3169 6009 3282 6060 alibi
3304 6023 3455 6075 saepe.
