3998 6362
387 216 490 272 115

370 347 526 390 mana
554 333 864 401 concordia,
890 334 1205 390 occurrendi
1240 335 1389 391 vobis
1410 338 1693 404 contingat
1717 335 1949 389 occasio.
1980 331 2033 390 Δ

367 426 594 482 Domine
642 426 737 493 mi,
766 426 1137 481 salutationem
1182 428 1499 483 reverentiae
1530 438 1723 481 vestra:
1755 428 1952 493 plenis-

367 520 555 575 simam
584 517 772 573 dicens
804 559 817 582 ,
849 518 1112 587 deprecor
1140 530 1196 572 ut
1224 519 1616 589 suggestionem
1648 518 1948 585 portitoris,

368 611 598 665 hominis
626 610 765 673 mei,
791 620 941 680 grato
964 611 1263 679 suscipiatis
1297 612 1496 675 auditu,
1520 622 1573 665 et
1604 611 1670 666 de
1694 611 1951 666 felicitate
1990 672 1991 675 η

365 712 540 757 vestra
570 704 655 757 vel
680 704 840 758 totius
868 703 1058 758 domus
1085 713 1225 759 statu
1249 706 1546 760 recurreuti
1579 719 1675 758 nos
1711 706 1950 760 instrua-

367 802 434 852 tis
462 797 723 866 alloquio.

871 866 1200 922 EPISTOLA
1240 866 1463 922 XXXV.

856 974 1113 1013 ENNODIUS
1151 974 1423 1013 DOININE.

435 1062 581 1117 Inter
627 1075 784 1117 curas
822 1072 878 1120 et
930 1064 1204 1118 molestias
1238 1063 1431 1133 quibus
1478 1078 1577 1133 pro
1608 1072 1948 1134 peccatorum

364 1156 508 1212 fasce
537 1157 820 1226 subjicior,
846 1158 979 1226 elegi
1012 1156 1283 1226 singulare
1312 1157 1631 1219 subsidium,
1662 1164 1720 1211 ut
1746 1157 1813 1211 ad
1852 1172 1950 1211 vos

375 1249 601 1304 domnas
636 1263 784 1304 meas
817 1248 1019 1303 litteras
1054 1248 1409 1312 destinarem;
1441 1264 1665 1319 quarum
1705 1248 1953 1317 precibus

377 1343 559 1396 omnia
590 1341 720 1394 mihi
765 1342 996 1396 secunda
1028 1342 1419 1413 contingerent,
1446 1351 1501 1396 et
1528 1341 1595 1395 ad
1637 1355 1828 1395 serena
1859 1340 1952 1394 la:-

366 1434 512 1499 titim,
556 1433 821 1504 depositis
875 1434 1242 1500 angustiarum
1296 1432 1552 1498 nubibus,
1600 1431 1947 1487 reformarer.

368 1525 544 1580 Prima
576 1526 720 1580 enim
761 1526 1014 1579 mceroris
1044 1539 1204 1579 causa
1234 1533 1337 1586 est.
1389 1524 1531 1594 quod
1561 1538 1815 1595 prospera
1860 1539 1949 1580 ve-

368 1627 497 1683 stra,
528 1617 656 1674 dum
706 1618 761 1670 in
792 1617 1084 1688 longinquo
1130 1618 1343 1687 degitis,
1378 1617 1467 1672 vix
1498 1616 1655 1671 datur
1692 1617 1947 1687 agnosci:

1605 216 2076 273 EPISTULARUM
2120 220 2245 273 LIB.
2291 220 2398 276 VII.
3542 232 3634 280 iit-

2518 334 2849 391 EPISTOLA
2890 336 3153 395 XXXVII.

2606 444 2860 485 ENNODIUS
2899 445 3101 486 JOANNI.

2128 516 2266 587 Ergo
2298 516 2431 571 falso
2470 519 2709 574 creditur
2759 536 2998 577 amorem
3041 524 3191 580 reddi
3231 524 3539 594 diligentia,
3577 538 3633 584 et

2057 612 2230 667 tacitis
2276 613 2481 668 animas
2504 627 2564 668 se
2593 614 2920 687 interrogare
2940 619 3253 689 colloquiis,
3286 621 3442 679 fidem
3480 638 3632 679 men-

2056 704 2185 758 tium
2225 719 2415 759 sensus
2442 720 2714 778 asserere,
2762 720 2821 764 ut
2862 712 3003 780 quod
3034 713 3390 783 impendimus
3434 716 3631 773 vicaria

2056 798 2212 852 nobis
2261 797 2521 855 relatione
2552 800 3074 860 debeatur?Vocem
3120 808 3378 863 montium
3424 818 3632 865 secreta

2056 884 2366 959 restituunt,
2390 901 2443 947 et
2472 891 2526 946 in
2553 892 2815 965 obsequio
2842 896 3185 955 humanitatis
3201 913 3343 956 muta
3372 902 3632 958 famulan-

2057 990 2143 1037 tur
2171 1001 2183 1034 :
2214 982 2308 1037 sed
2332 982 2749 1053 magnitudinem
2780 994 2921 1041 tuam
2955 989 3005 1042 in
3031 998 3337 1059 contemptu
3368 994 3472 1048 mei
3502 1008 3633 1047 con-

2056 1074 2172 1145 tigit
2200 1074 2469 1130 silentium
2518 1091 2613 1145 pro
2643 1080 2933 1149 scriptione
2961 1082 3222 1148 reddere;
3254 1091 3310 1138 et
3336 1084 3389 1138 in
3428 1087 3633 1157 astipu-

2056 1168 2254 1224 latione
2280 1169 2501 1225 artiﬁcis
2520 1169 2685 1239 genii,
2703 1172 3052 1241 temperando
3078 1188 3106 1226 a
3135 1176 3359 1244 paginis,
3390 1180 3629 1246 pertina-

2054 1260 2192 1315 ciam
2216 1262 2541 1332 garrulitatis
2563 1262 2889 1332 opprimere,
2915 1275 3121 1319 natura:
3154 1266 3270 1336 lege
3295 1268 3515 1322 calcata.
3534 1269 3633 1323 Fa-

2054 1362 2232 1408 cessat
2254 1369 2284 1409 a
2315 1355 2552 1409 moribus
2579 1356 2735 1422 meis,
2772 1358 2924 1426 sequi
2954 1360 3096 1428 quod
3126 1359 3418 1413 admissum
3449 1360 3627 1429 doleo,

2054 1454 2109 1501 et
2136 1447 2414 1501 sublevare
2463 1446 2648 1516 culpas
2694 1448 2972 1504 imitando.
3024 1449 3165 1506 Ecce
3193 1452 3385 1506 iterum
3417 1453 3631 1522 appello

2055 1540 2246 1610 lingua:
2276 1541 2441 1596 ferias
2472 1540 2761 1606 foventem,
2791 1550 2848 1597 et
2878 1544 2928 1596 in
2963 1542 3290 1613 longioribus
3315 1559 3628 1615 persequor,

2056 1632 2256 1687 habens
2299 1633 2577 1701 promissa:
2629 1634 2865 1687 caritatis
2911 1634 3244 1689 memoriam.
3293 1636 3541 1703 Domine,
3578 1644 3634 1690 ut

373 1726 439 1765 ει
472 1725 571 1780 qua
600 1712 839 1765 "35‘3""?
866 1712 1003 1764 Circa
1041 1725 1319 1779 Personam
1356 1726 1527 1765 meam
1558 1712 1737 1765 οηιηίε
1762 1712 1949 1766 δάνει’·
1979 1716 2028 1778 Β
2054 1739 2235 1792 supra,
2288 1724 2663 1777 salutationem
2712 1723 3066 1793 largissimam
3116 1724 3371 1789 offerens,
3421 1740 3627 1797 quaeso,

376 1807 522 1859 sitas.
571 1804 770 1859 Adeste
810 1820 938 1873 ergo
972 1806 1197 1875 supplici
1229 1805 1475 1875 precibus
1505 1806 1716 1871 vestris,
1766 1817 1822 1860 ut
1854 1822 1948 1875 per

371 1908 676 1951 sanctorum
716 1896 811 1952 Dei
844 1897 1095 1967 suﬂ‘ragia
1124 1912 1266 1967 aegro
1295 1899 1475 1953 animo
1502 1899 1710 1953 medela
1741 1901 1947 1955 tribua-

369 1999 476 2044 tur.
512 1989 734 2044 Domina
781 1990 875 2054 mi,
915 1990 1190 2044 servitium
1235 1990 1570 2045 salutationis
1608 1991 1944 2059 impendens,

368 2084 648 2152 deprecor,
684 2093 738 2140 et
766 2100 860 2155 per
897 2085 1061 2140 Deum
1090 2101 1220 2151 vos,
1262 2102 1419 2154 quem
1446 2086 1649 2152 colitis,
1677 2087 1946 2151 obtestor,

369 2186 426 2231 ut
453 2178 727 2232 continuis
766 2192 854 2232 me
884 2179 1331 2245 postulationibus
1372 2187 1425 2233 et
1454 2177 1726 2248 lacrymis,
1758 2179 1949 2245 quibus

374 2285 596 2337 regnum
630 2271 852 2325 cceleste
886 2271 990 2323 vim
1022 2271 1235 2336 patitur,
1268 2271 1493 2324 Domino
1520 2270 1946 2325 commendetis:

369 2366 487 2431 quia
549 2361 651 2416 hoc
723 2378 914 2417 munus
967 2364 1201 2431 speciale
1262 2372 1534 2432 computo,
1596 2370 1652 2417 et
1706 2362 1951 2418 omnibus

370 2458 668 2512 commodis
689 2467 979 2528 antepono.

857 2548 1183 2605 EPISTOLA
1224 2548 1463 2605 XXXVI.

667 2646 922 2685 ENNODIUS
963 2646 1240 2686 ADEODATO
1281 2646 1636 2685 PBBSBVTERO.

442 2724 691 2781 Caelestis
720 2724 1050 2793 dispensatio
1081 2723 1343 2793 religiosis
1373 2723 1653 2777 desideriis
1681 2736 1948 2791 nunquam

372 2827 530 2887 negat
557 2817 804 2871 effectum
832 2833 846 2871 :
876 2831 995 2869 nam
1020 2815 1159 2885 quod
1194 2815 1278 2883 pie
1299 2816 1561 2883 cupimus.
1588 2823 1796 2867 maturo
1817 2827 1954 2880 pra:-

371 2918 475 2963 stat
529 2907 727 2962 studio.
764 2906 1098 2962 Desideranti
1131 2908 1276 2960 enim
1306 2905 1432 2958 milii
1467 2920 1559 2973 per
1605 2904 1807 2957 litteras
1836 2917 1955 2956 ora-

372 3001 580 3054 tionum
625 3008 921 3054 vestrarum
976 2997 1246 3067 postulare
1291 2996 1540 3066 suffragia
1572 3038 1585 3059 ,
1627 2997 1949 3065 perlatorem

2054 1828 2111 1873 ut
2138 1819 2373 1874 debitum
2402 1818 2585 1888 gratia:
2609 1819 2692 1872 vel
2725 1833 2864 1872 nunc
2884 1819 3059 1888 exigat
3082 1820 3475 1887 importunitas,
3499 1820 3627 1874 dum

2054 1911 2363 1980 providetur
2385 1918 2649 1979 quatenus
2668 1910 2915 1965 ardorem
2938 1909 3191 1966 desiderii
3222 1910 3443 1981 prolixis
3470 1910 3631 1966 satie-

2052 2007 2120 2057 tis
2149 2001 2417 2071 alloquiis.

2517 2072 2843 2127 EPISTOLA
2886 2072 3172 2128 XXXVIII.

2577 2168 2830 2209 ENNODIUS
2871 2170 3119 2209 FIBIINE.

2122 2245 2382 2314 Quotiens
2404 2246 2579 2300 votiva
2607 2262 2695 2302 res
2727 2256 2945 2315 repente
2971 2247 3277 2317 contigerit,
3308 2249 3537 2317 pretium
3559 2248 3627 2303 de

2054 2340 2170 2409 ipsa
2216 2340 2471 2408 temporis
2510 2338 2775 2394 brevitate
2818 2339 3059 2394 sortitur.
3105 2339 3354 2396 leestis
3381 2338 3526 2395 enim
3576 2349 3633 2394 ut

2052 2439 2261 2487 crescat
2285 2429 2524 2485 beneﬁcii
2556 2431 2762 2500 genius,
2798 2432 3029 2485 subitum
3056 2431 3183 2486 facit
3212 2445 3330 2487 esse
3356 2431 3499 2503 quod
3538 2431 3633 2487 tri-

2054 2524 2195 2591 buit,
2231 2541 2299 2581 ne
2328 2524 2644 2580 devenustet
2664 2534 2971 2594 sperantum
3015 2524 3287 2593 prolixitas
3319 2522 3628 2580 misericor-

2053 2618 2195 2673 diam
2224 2616 2492 2687 largitoris
2512 2634 2526 2681 ;
2544 2619 2664 2687 quis
2692 2618 2834 2672 enim
2855 2618 3101 2673 alliciunt
3127 2617 3379 2673 desiderii
3409 2628 3631 2688 repente

2055 2710 2355 2780 suscipiens
2388 2726 2493 2764 non
2520 2710 2726 2765 avidius
2752 2711 3031 2778 impetrata
3057 2709 3383 2765 veneretur?
3412 2708 3502 2766 Sic
3544 2710 3633 2765 lit-

2056 2812 2199 2857 teras
2222 2800 2599 2871 magnitudinis
2623 2810 2818 2855 vestrte
2846 2801 3057 2866 sitiens,
3089 2810 3329 2869 tempore
3351 2800 3633 2871 profectio-

2057 2896 2138 2950 nis
2165 2896 2368 2964 accepi.
2405 2893 2677 2958 Dolebam,
2710 2892 2898 2957 fateor,
2926 2904 2981 2948 et
3008 2895 3354 2951 vehementer
3374 2897 3629 2965 angebar,

2058 2990 2185 3044 dum
2213 3004 2310 3044 nec
2333 2989 2711 3059 obsequiorum
2728 3002 2965 3043 meorum
2984 2988 3216 3059 perlator
3236 2989 3506 3054 existeret.
3536 3004 3635 3045 nec

373 3090 727 3145 domesticum
773 3101 890 3143 vota
923 3098 1274 3159 pepererunt;
1311 3098 1366 3141 ut
1401 3087 1619 3141 stimulo
1648 3087 1954 3156 scriptionis
1979 3092 2027 3158 ο
2061 3082 2333 3153 sospitatis
2378 3091 2574 3138 vestrm
2626 3082 2965 3151 digressurus
3032 3082 3170 3137 bona
3227 3096 3632 3152 cognoscerem.

374 3182 655 3248 admoniti,
677 3196 772 3243 pro
799 3181 1029 3249 suscepti
1054 3180 1226 3233 anima
1259 3178 1571 3247 supplicetis
1596 3219 1611 3240 ,
1638 3179 1758 3245 quia
1776 3179 1791 3207 ¹
1826 3178 1953 3232 doc-

376 3284 460 3329 tor
490 3276 730 3345 gentium
764 3274 976 3337 clamat,
1026 3270 1179 3325 Orate
1208 3288 1300 3341 pro
1329 3272 1541 3324 invicem
1575 3268 1712 3340 (Jac.
1746 3286 1799 3337 v,
1843 3269 1949 3339 16).

376 3369 514 3423 Nihil
545 3366 691 3421 enim
715 3374 795 3419 est
825 3364 964 3434 quod
999 3364 1165 3419 Deum
1198 3362 1443 3432 diligens,
1472 3362 1632 3416 etiam
1667 3376 1763 3431 pro
1786 3361 1955 3417 delin-

382 3460 669 3531 quentibus
723 3459 964 3514 obtinere
992 3472 1098 3511 non
1139 3457 1325 3526 possit.
1373 3456 1635 3510 Laborate
1664 3472 1791 3525 ergo
1838 3472 1957 3526 pro-

376 3552 553 3606 missis
582 3550 781 3604 duduin
816 3548 1146 3617 patrociniis,
1169 3557 1223 3601 et
1249 3546 1437 3617 gaudia
1468 3546 1596 3602 mihi
1629 3561 1723 3615 per
1770 3548 1953 3618 lacry-

375 3658 488 3697 mas
532 3651 859 3709 comparate.
916 3640 1102 3694 Veniat
1142 3641 1208 3694 ad
1246 3655 1331 3693 me
1374 3640 1575 3694 fructus
1618 3640 1944 3695 innocentia:

376 3735 580 3789 meritis
612 3735 909 3803 ignoratus.
947 3734 1072 3787 llaec
1110 3740 1234 3787 sunt
1258 3732 1325 3786 de
1362 3732 1555 3801 quibus
1586 3742 1829 3786 sanctum
1861 3733 1954 3787 Dei

374 3829 668 3881 admonere
718 3826 1056 3895 praesumpsi.
1110 3825 1298 3880 Timeo
1354 3828 1497 3880 enim
1542 3826 1717 3881 facere
1748 3828 1953 3896 prolixa

373 3920 659 3987 colloquia,
688 3920 811 3987 quia
845 3933 930 3973 res
963 3920 1261 3973 necessaria
1289 3920 1486 3973 strictis
1527 3928 1609 3975 est
1638 3920 1953 3987 postulanda

374 4012 733 4067 sermonibus.
782 4010 931 4065 Nunc
974 4011 1026 4065 in
1057 4009 1273 4066 Christo
1305 4013 1497 4079 valete,
1532 4012 1600 4065 mi
1632 4012 1866 4079 domine,
1899 4020 1955 4067 et

373 4105 573 4159 sentire
593 4119 678 4159 me
700 4103 1097 4174 deprecationis
1125 4115 1316 4159 ve5trac
1346 4120 1563 4159 munera
1590 4104 1957 4175 prosperisin-

374 4195 565 4250 dicate.

448 4310 462 4339 ¹
497 4307 685 4391 Doctor
718 4308 964 4391 gentium]
1016 4309 1179 4391 Ifaulo
1218 4308 1437 4391 tribuit,
1468 4309 1611 4380 quod
1648 4320 1731 4365 est
1772 4308 1953 4365 Jacobi

375 4381 601 4448 apostoli
632 4395 752 4447 cap.
786 4395 817 4430 v
849 4380 1098 4446 Epistolaa
1128 4380 1425 4433 catholicae.

448 4454 467 4481 ⁸
498 4449 575 4504 De
597 4451 811 4513 Alpibus
840 4449 1040 4522 Cortiis]
1074 4451 1185 4505 lloc
1212 4452 1312 4506 iter
1332 4451 1473 4521 quod
1505 4450 1764 4506 describit
1790 4453 1840 4507 in
1873 4452 1958 4506 iti-

2062 3176 2203 3231 Ecce
2223 3186 2505 3245 utrumque
2537 3175 2683 3229 frons
2706 3175 2840 3229 bona
2881 3176 3149 3231 concessit
3175 3192 3190 3229 :
3220 3176 3402 3245 accepi
3433 3176 3637 3246 pariter

2062 3270 2257 3325 indicia
2284 3279 2461 3339 optata
2493 3284 2612 3339 quas
2642 3268 2838 3334 refero,
2864 3277 2919 3325 et
2948 3283 3055 3323 uno
3076 3269 3373 3339 eodemque
3396 3278 3639 3340 tempore

2067 3378 2371 3433 regressum
2399 3377 2485 3417 me
2511 3364 2530 3392 ¹
2555 3362 2623 3417 de
2652 3362 2874 3430 Alpibus
2901 3362 3112 3430 Cottiis,
3143 3372 3198 3419 et
3225 3363 3537 3419 Ravennate
3564 3364 3640 3419 si-

2060 3455 2256 3527 gniﬁco
2286 3455 2389 3510 iter
2413 3465 2770 3525 arrepturum.
2811 3456 2972 3511 Orate
3002 3465 3060 3509 ut
3104 3456 3263 3511 variis
3290 3456 3530 3511 laborum
3557 3456 3641 3526 ja-

2063 3562 2206 3607 ctato
2237 3551 2591 3605 incommodis
2625 3552 2931 3619 patientiam
2972 3565 3220 3618 superna:
3247 3549 3638 3607 benedictionis

2064 3660 2257 3699 munus
2286 3641 2545 3698 infundat.
2576 3643 2658 3698 Me
2682 3652 2860 3699 autem
2889 3644 3028 3713 quod
3051 3644 3116 3699 ad
3140 3643 3434 3699 custodiam
3455 3645 3642 3715 gratiae

2060 3738 2305 3793 culminis
2332 3736 2492 3791 vestri
2524 3736 2775 3804 splendor
2798 3736 3061 3802 hortatur,
3093 3736 3300 3791 facilius
3332 3737 3496 3792 credo
3513 3751 3641 3793 cur-

2060 3843 2150 3884 sus
2180 3828 2455 3882 ﬂnminum
2487 3828 2538 3881 in
2570 3827 2780 3881 diversa
2814 3827 3073 3892 revocari,
3098 3835 3151 3880 et
3181 3826 3381 3881 relictis
3411 3827 3642 3883 fluento-

2062 3937 2179 3976 rum
2211 3920 2482 3975 alimoniis
2511 3918 2680 3973 aether
2705 3933 2928 3971 vacuum
2963 3918 3137 3985 pisces
3177 3929 3449 3986 expetere,
3479 3932 3639 3988 quam

2056 4020 2327 4067 tantorum
2363 4026 2449 4065 me
2485 4013 2851 4063 immemorem
2896 4008 3088 4062 delicta
3139 4007 3444 4062 reatituant.
3488 4007 3642 4076 Quod

2059 4115 2326 4175 superest,
2376 4103 2567 4168 valete,
2600 4102 2671 4156 mi
2717 4100 2957 4164 domina,
3000 4108 3055 4155 et
3098 4098 3428 4167 redemptori
3457 4107 3643 4154 nostro

2059 4214 2156 4270 pro
2188 4212 2411 4267 persona
2443 4197 2675 4265 suscepti
2698 4193 3087 4249 incessabiliter
3103 4191 3418 4261 supplicate.

2066 4313 2279 4369 nerario
2327 4311 2698 4380 Brigantionis.
2733 4310 2806 4364 De
2835 4307 3088 4363 Firmius:
3127 4314 3305 4361 autem
3336 4305 3535 4362 annulo
3561 4314 3643 4362 est

2063 4386 2388 4455 epigramma
2416 4385 2504 4436 95.

395 4553 3589 4596 ,_____________________________.__.

1428 4646 1807 4749 LIBER
1870 4640 2554 4748 SEPTIMUS.

862 4835 1186 4892 EPISTOLA
1226 4837 1462 4893 PRIMA.

871 4942 1125 4982 ENNODIUS
1157 4930 1171 4960 ¹
1202 4944 1437 4984 ιυιιλκο.

445 5017 735 5088 Praeceptis
775 5018 1157 5088 magnitudinis
1205 5030 1398 5075 vestrae
1447 5021 1798 5075 ministerium
1856 5021 1951 5077 de-

376 5111 606 5165 votionis
644 5110 973 5165 exsolvimus
1008 5128 1021 5174 ;
1077 5113 1203 5181 quia
1246 5114 1301 5165 fit
1343 5112 1576 5182 aequitati
1629 5114 1901 5180 proximus
1931 5155 1947 5180 ,

374 5205 460 5273 qui
502 5203 628 5273 justi
665 5202 765 5257 viri
809 5204 1027 5257 monitis
1064 5204 1408 5258 obseeundat.
1444 5203 1788 5273 Negotiorum
1820 5219 1952 5275 qua-

442 5340 457 5369 ¹
486 5337 742 5410 Iuliano]
767 5339 959 5392 Comiti
994 5340 1322 5410 patrimonii,
1344 5339 1434 5392 lib.
1459 5355 1534 5398 Iv.
1560 5339 1717 5410 epist.
1751 5342 1802 5393 7.

439 5410 464 5443 ⁹
492 5410 664 5479 Regii:
693 5408 872 5463 domus
911 5408 1308 5481 conductorem]
1362 5410 1461 5475 Qui
1510 5409 1689 5464 ﬁscale
1729 5410 1943 5477 aliquod

370 5484 623 5551 praedium
676 5482 1074 5545 conduxerant,
1127 5481 1176 5534 hi
1209 5481 1560 5535 conductores
1608 5484 1799 5537 domus
1830 5484 1945 5537 Au-

370 5562 533 5622 guslae
560 5551 897 5618 dicebantur,
919 5552 995 5622 de
1023 5552 1211 5613 quibus
1244 5565 1324 5605 est
1356 5554 1537 5606 titulus
1568 5553 1619 5606 in
1651 5554 1858 5616 codice,
1892 5561 1947 5607 et

373 5625 454 5677 lex
485 5624 834 5677 Valentiniani
870 5621 952 5685 tII,
978 5638 1078 5688 qua
1110 5624 1227 5675 illos
1254 5624 1446 5677 nullius
1478 5624 1681 5679 militiae
1712 5625 1941 5692 dignita-

371 5697 500 5749 tisve
529 5696 824 5764 privilegiis
854 5693 951 5747 frui
972 5693 1146 5747 docet.
1178 5692 1376 5748 Domus
1418 5699 1685 5763 Augusta,
1729 5696 1944 5764 quando

1975 4842 2031 4902 D
2055 4838 2176 4892 litas
2222 4849 2343 4904 quae
2382 4832 2449 4886 ab
2486 4844 2659 4884 amico
2700 4825 2937 4884 veritatis
2979 4823 3313 4896 agnoscenda
3354 4822 3646 4879 committi-

2054 4938 2159 4993 tur,
2202 4925 2451 4981 cautione
2474 4920 2687 4976 instruit
2708 4920 2943 4973 animum
2979 4915 3270 4987 coguitoris
3298 4915 3528 4986 integri:
3561 4915 3646 4968 af-

2053 5022 2340 5077 fectionem
2372 5017 2657 5072 infudisset
2692 5016 2847 5070 nobis
2878 5013 3255 5083 magnitudinis
3284 5022 3478 5067 vestrae
3507 5025 3640 5063 cou-

2052 5113 2327 5176 sideratio,
2354 5110 2400 5165 si
2431 5110 2605 5165 studia
2655 5123 2760 5162 non
2808 5106 3100 5161 dedissent.
3153 5105 3209 5160 In
3242 5105 3454 5173 negotio
3483 5102 3643 5172 igitur

2054 5207 2195 5278 quod
2223 5207 2359 5261 inter
2386 5205 2677 5259 Bautonem
2698 5204 2743 5268 ',
2765 5200 2923 5271 regia:
2946 5200 3134 5255 domus
3162 5198 3565 5265 conductorem,
3586 5205 3642 5251 et

2060 5340 2408 5408 imperatores
2453 5344 2635 5409 erant,
2677 5333 3001 5409 vocabatur;
3054 5345 3195 5385 nunc
3228 5328 3423 5409 domus
3471 5328 3641 5409 regia,

2061 5400 2317 5479 regnante
2345 5407 2676 5462 Theoderico
2702 5447 2729 5479 ,Α
2748 5415 2802 5458 et
2828 5404 3179 5479 conductores
3209 5400 3399 5479 domus
3441 5400 3603 5479 regiae
3622 5442 3638 5465 ,

2057 5472 2409 5535 Cassiodorus
2440 5480 2530 5532 lib.
2564 5493 2617 5542 v,
2646 5477 2828 5549 epis:._
2848 5476 2937 5528 '59.
2976 5472 3173 5525 Eorum
3203 5472 3437 5549 cognitio
3458 5472 3523 5549 {id
3550 5484 3642 5525 co-

2059 5556 2240 5606 mitem
2274 5551 2575 5617 patrimonii
2604 5540 2948 5617 pertint-bat,
2970 5556 3071 5609 qua
3102 5540 3351 5617 ct_n_uitivu
3396 5540 3640 5617 lulianus

2056 5610 2397 5693 fungebatur.
2443 5610 2806 5693 'l'heodericus
2849 5611 3281 5693 loliarioeidem
3314 5610 3375 5666 C.
3414 5612 3473 5693 Ρἶ
3506 5610 3640 5693 Cori-

2058 5682 2290 5748 dur'tores
2318 5692 2470 5759 Apuli
2495 5689 2758 5755 deplorata
2792 5682 2933 5734 nobis
2957 5682 3186 5737 editione
3218 5683 3473 5752 conquesti
3496 5691 3638 5748 sunt,
