3998 6362
351 287 451 344 “Si

1485 301 1754 359 ENNODII
1798 303 2100 362 EPISCOPI
2140 300 2515 366 TICINENSIS

3510 318 3613 381 “6

348 404 364 434 ¹
389 403 741 476 Epiphaniam
762 409 1083 468 chartarium
1102 411 1347 483 vertitur,
1362 416 1487 472 dum
1510 434 1709 486 auceps
1742 421 1792 495 in
1810 420 1921 497 dis-
1948 425 2003 483 Α
2026 424 2208 479 multis
2240 425 2292 479 in
2324 424 2771 497 promissionibus
2798 426 3121 500 subvenisti;
3141 432 3368 493 dicendo
3395 450 3610 499 susten-

346 499 645 565 ceptatione
666 512 847 557 nostra
871 512 1091 562 eventus
1111 517 1342 577 nutaret,
1360 518 1415 565 et
1436 510 1641 568 alterna
1662 528 1720 568 se
1746 522 1922 583 partes

344 586 638 647 intentione.
660 594 971 651 colliderent
987 638 1001 663 ,
1018 611 1291 659 asserente
1309 603 1548 661 Bautone
1566 622 1625 663 se
1646 608 1919 677 sexaginta

342 690 398 736 et
426 696 654 775 quatuor
682 688 878 743 solidos
899 690 1156 760 publicos,
1176 711 1307 766 quos
1338 700 1405 756 tle
1435 704 1641 775 reliqua
1668 708 1917 767 indictio-

339 774 425 830 nis
446 761 585 834 illius
604 773 798 836 emisso
810 781 1165 856 chirographo
1194 788 1370 847 fuerat
1390 792 1585 852 debere
1611 800 1914 869 confessus,

338 856 539 922 idcirco
580 885 684 924 non
717 886 873 940 posse
900 877 1211 946 restituere,
1243 883 1366 951 quia
1398 899 1493 954 per
1532 902 1721 944 manus
1751 894 1917 947 subli-

339 957 442 1011 mis
470 960 565 1014 viri
598 960 826 1032 Projecti
858 968 1203 1040 quadraginta
1219 973 1420 1031 solidos
1473 978 1777 1050 Epiphanio
1801 985 1914 1041 suf-

336 1048 491 1119 fragii
520 1055 736 1127 nomine
767 1060 1102 1130 contulisset,
1152 1080 1247 1134 pro
1275 1068 1467 1139 quibus
1497 1048 1700 1129 nul—lum
1749 1077 1915 1134 bene-

333 1139 789 1225 ﬁciumsecutum
840 1149 1007 1209 fuisse
1044 1154 1357 1225 doceretur;
1395 1170 1450 1218 et
1480 1166 1766 1235 replicaret
1796 1171 1913 1240 ipse

331 1231 686 1305 Epiphanius,
717 1254 777 1296 se
804 1242 848 1297 si
878 1245 1001 1313 quid
1031 1251 1351 1319 accepisset,
1396 1254 1579 1311 labore
1616 1260 1908 1329 meruisse,

330 1339 434 1405 nec
459 1327 651 1385 frustra
680 1328 780 1388 sibi
810 1349 837 1389 a
871 1336 1107 1396 Bautone
1131 1343 1421 1415 quidquam
1446 1347 1610 1405 fuisse
1633 1327 1906 1419 collatum,

328 1418 419 1473 vel
455 1422 648 1488 prolati
679 1427 826 1481 testis
870 1428 1026 1485 ﬁdem
1062 1433 1304 1491 laudibus
1335 1439 1666 1497 incessanter
1699 1418 1906 1501 attolle?

327 1518 411 1565 ret
444 1527 459 1575 ;
512 1516 795 1574 statuimus
844 1530 901 1575 ut
931 1524 1403 1596 subjurejurando
1440 1534 1572 1588 milii
1605 1538 1906 1593 nominatus

326 1600 573 1670 superius
602 1607 685 1662 vir
709 1611 901 1667 nobilis
931 1610 1209 1685 Projectus
1231 1633 1283 1676 et
1314 1629 1509 1693 sperati
1541 1643 1710 1696 genus
1726 1630 1904 1687 decla-

324 1702 472 1748 raret
528 1695 788 1767 beneiicii,
834 1711 891 1758 et
926 1706 1197 1775 eﬁ‘cctum,
1244 1714 1286 1767 si
1335 1714 1405 1769 ita
1437 1695 1604 1789 esset,
1635 1734 1904 1780 assereret

2028 515 2245 570 tandum
2274 532 2359 572 me
2388 534 2507 574 esse
2545 519 2771 591 paginis,
2804 523 2890 592 qui
2925 520 3157 595 pr0priac
3194 526 3328 584 lucis
3360 535 3602 602 privarer

2024 606 2283 662 absentia.
2319 608 2455 665 Ecce
2486 618 2537 667 et
2573 610 2883 681 pollicitatio
2931 613 3034 671 ﬁde
3062 614 3349 688 claudicat,
3409 634 3465 680 et
3512 642 3607 699 spe

2022 696 2259 755 irritatus
2296 700 2540 757 ardesco.
2577 703 2697 774 Egit
2740 708 2960 762 veniens
2988 706 3055 763 de
3088 708 3309 767 remedii
3341 696 3605 784 praesum-

2021 789 2203 858 ptione
2227 790 2439 859 ﬁducia,
2457 802 2513 847 ut
2533 792 2804 850 difﬁcilius
2825 797 2958 852 dura
2977 799 3290 858 tolerentur.
3311 806 3415 861 Sed
3438 826 3600 877 nunc,

2020 880 2091 933 mi
2144 881 2382 947 domine,
2441 885 2699 942 honorem
2750 890 3087 947 salutationis
3113 896 3401 969 accipiens,
3453 912 3602 970 post-

2020 987 2177 1041 quam
2202 976 2343 1044 apud
2374 992 2490 1045 vos,
2526 979 2664 1047 quod
2681 981 2830 1036 male
2861 995 2941 1037 est
2963 985 3161 1053 animo,
3184 988 3601 1060 declaravi,cu-

2018 1066 2154 1119 ratio
2178 1079 2464 1136 properata
2492 1083 2792 1127 succurrat:
2816 1084 2870 1129 ut
2896 1078 2985 1146 qui
3009 1080 3195 1135 salutis
3208 1092 3402 1139 vestra:
3428 1097 3601 1143 status

2017 1157 2203 1225 estvel
2234 1160 2404 1229 gratia
2436 1163 2765 1233 principalis,
2799 1172 3131 1238 exspectatis
3161 1186 3427 1232 reseretur
3460 1179 3597 1235 allo-

2016 1251 2176 1316 quiis.
2686 1322 2691 1323 ί

2564 1322 2895 1385 EPISTOLA
2938 1326 3023 1387 ιν.

2529 1432 2787 1476 ENNODIUS
2816 1437 3073 1480 AGNELLO.

2086 1508 2309 1580 Semper
2337 1507 2962 1587 famulantes'diligentiaa
2992 1518 3209 1591 paginas
3238 1534 3378 1579 nunc
3397 1520 3447 1580 in
3471 1541 3593 1596 pro-

2007 1596 2207 1658 ditione
2246 1600 2326 1659 sui
2358 1600 2509 1661 dolor
2542 1608 2732 1678 exigit,
2760 1616 2814 1665 et
2863 1610 3172 1681 gaudiorum
3220 1614 3492 1675 ministras
3539 1622 3593 1679 in

2007 1710 2193 1771 vocem
2242 1694 2547 1756 reseranda:
2582 1700 2741 1757 traxit
2774 1702 3015 1772 injuriae;
3043 1721 3141 1762 nec
3167 1714 3421 1766 contenta
3464 1712 3589 1768 fuco

322 1798 430 1837 ηοη
474 1796 714 1845 secutum
746 1810 757 1845 ε
787 1795 927 1863 quod
959 1812 1078 1853 cum
1105 1798 1298 1858 fuisse,
1324 1784 1625 1875 impletum”
1658 1811 1895 1882 Epipha.
1926 1796 1977 1866 Β
2005 1784 2449 1882 dissimulationis
2473 1792 2689 1849 urbana:
2720 1802 2928 1852 secreta
2971 1801 3205 1868 pectoris
3230 1813 3319 1857 aut
3361 1805 3587 1862 tacitur-

320 1875 442 1930 nius
459 1891 729 1948 acccptam
757 1888 994 1952 pecunia:
1024 1892 1332 1950 refunderet
1352 1902 1725 1966 quantitatem.
1751 1905 1901 1962 Nunc

317 1965 374 2018 in
405 1977 669 2037 potestate
697 1985 779 2029 est
805 1978 1053 2036 culminis
1077 1987 1239 2040 veSIri
1280 1988 1604 2047 decisionem
1637 2007 1897 2068 nostram,

320 2058 366 2112 si
390 2060 582 2131 placet,
618 2071 935 2128 auctoritate
965 2073 1173 2132 fulcire.

892 2184 1222 2247 EPISTOLA
1264 2192 1322 2248 ll.

848 2291 1099 2335 ENNODIUS
1138 2300 1199 2337 ΡΑ
1210 2300 1355 2342 [’STU.

385 2357 651 2423 Quantum
700 2364 764 2418 ad
798 2364 992 2425 fascem
1026 2375 1269 2431 mceroris
1313 2377 1555 2453 adjungit
1600 2385 1894 2460 interrupta

315 2449 611 2521 tribulatio,
637 2458 851 2527 quando
877 2472 930 2518 nt
961 2468 1136 2523 acrius
1169 2476 1285 2526 urat
1318 2449 1635 2547 adversitas,
1667 2449 1890 2553 prospe-

309 2558 493 2601 rorum
527 2552 821 2609 mutatione
847 2550 1148 2616 blanditur!
1186 2563 1264 2618 Ad
1297 2567 1450 2637 cujus
1494 2582 1723 2642 unquam
1756 2550 1893 2632 onus

311 2637 558 2711 accessit,
590 2640 729 2712 quod
757 2648 1077 2706 continuatae
1107 2654 1370 2712 sarcinam
1398 2637 1718 2721 calamitatis
1740 2664 1890 2738 abie-

309 2728 414 2783 cit?
436 2731 602 2798 Quam
652 2735 787 2792 bene
824 2755 909 2795 me
947 2743 1014 2797 ad
1048 2747 1359 2812 patientiam
1398 2751 1653 2812 absentia:
1694 2728 1887 2817 vestrm

303 2821 498 2893 longus
530 2832 829 2897 temporum
855 2846 982 2889 usus
1022 2846 1328 2909 aptaverat;
1359 2844 1485 2901 dum
1516 2848 1617 2913 hoc
1644 2852 1785 2922 quod
1810 2852 1908 2910 fe-'

302 2914 479 2971 licitas
506 2932 611 2973 non
640 2920 904 2993 habebat,
936 2924 1236 2987 didicerant
1260 2946 1357 2991 nec
1379 2945 1498 2993 vota
1528 2914 1881 3010 praesumere!

300 3005 443 3063 Ecce
472 3009 664 3067 iterum
704 3015 771 3070 de
802 3019 1112 3076 inveteratis
1159 3024 1435 3084 doloribus
1463 3005 1641 3101 passio
1673 3036 1880 3093 novella

301 3114 389 3152 me
416 3101 630 3169 lacerat,
684 3110 739 3161 et
782 3109 1066 3167 obductam
1113 3116 1415 3174 cicatricem
1445 3124 1705 3182 rescindit
1746 3128 1881 3188 ictus

2003 1882 2169 1936 nitate
2198 1878 2427 1950 vestivit,
2486 1894 2575 1940 aut
2613 1886 2664 1941 in
2697 1896 2900 1957 partem
2940 1889 3097 1945 aliam
3133 1894 3402 1951 transtulit
3431 1898 3583 1953 blan-

2002 1973 2261 2029 dimento.
2292 1970 2422 2030 Novi
2446 1974 2662 2046 quidem
2706 1978 2985 2045 fabricata,
3026 1982 3121 2038 sed
3154 1984 3301 2053 fugio
3329 2002 3341 2039 :
3374 1996 3427 2043 et
3454 1990 3585 2044 sim-

2001 2062 2237 2135 plicitate
2288 2074 2604 2138 contentus,
2655 2084 2775 2124 cum
2818 2071 3120 2129 amantibus
3181 2078 3359 2133 sereni
3419 2082 3583 2138 animi

1998 2157 2173 2213 fronte
2196 2161 2531 2231 congredior.
2564 2156 2665 2218 Ubi
2696 2164 2931 2234 gentium
2956 2165 3056 2222 fuit
3094 2166 3196 2225 sub
3223 2168 3583 2231 obtestatione

2000 2248 2090 2304 Dei
2124 2250 2262 2305 inter
2304 2267 2401 2307 nos
2428 2250 2686 2323 promissa
2736 2256 3042 2328 devinctio,
3087 2270 3144 2316 ut
3172 2258 3581 2333 proﬁciscentes

1997 2341 2337 2398 insalutatum
2384 2361 2488 2411 me,
2519 2344 2661 2402 velut
2707 2348 3036 2422 incognitum
3095 2356 3436 2427 linqueretis,
3480 2378 3578 2417 nec

1997 2442 2314 2503 potestatem
2339 2452 2624 2495 remanens
2652 2443 3194 2504 sortirernecessaria
3224 2454 3577 2522 suggerendi?

1993 2527 2167 2584 Credo
2189 2532 2496 2600 providistis
2525 2544 2575 2587 ut
2609 2534 2904 2592 imbecillus
2926 2538 3092 2595 oculis
3116 2550 3281 2597 totum
3299 2542 3572 2602 vobiscum

1994 2617 2175 2675 lumen
2203 2623 2473 2678 amitteret
2501 2670 2514 2694 ,
2549 2640 2649 2682 nec
2669 2626 2808 2683 diem
2832 2642 3007 2685 meum
3037 2630 3134 2687 sub
3157 2636 3313 2690 amici
3340 2653 3574 2706 priesen-

1995 2715 2069 2767 tia
2098 2715 2294 2771 clausis
2321 2716 2543 2775 orbibus
2574 2716 2831 2778 intuerer.
2866 2720 2990 2779 HIBC
3019 2725 3062 2780 si
3083 2743 3175 2796 per
3197 2729 3572 2801 negligentiam

1991 2806 2350 2877 contigerunt,
2405 2809 2747 2887 aeStimationi
2778 2814 3084 2887 relinquetis
3117 2834 3274 2890 quem
3305 2824 3441 2892 apud
3474 2841 3569 2881 vos

1991 2898 2166 2954 locum
2208 2896 2510 2957 obtineam:
2558 2902 2776 2961 ferenda
2816 2915 2941 2963 sunt
2976 2911 3239 2979 acerbius,
3280 2913 3326 2969 si
3368 2910 3569 2971 intelli-

1987 3004 2184 3061 guntur
2200 2996 2457 3050 accidisse
2490 3013 2583 3067 per
2602 2999 2859 3058 studium.
2890 3000 3040 3059 Nunc
3072 3006 3211 3074 vale,
3230 3004 3301 3061 mi
3329 3004 3564 3078 domine,

1988 3094 2043 3138 et
2073 3086 2252 3141 animo
2277 3102 2399 3141 meo
2424 3104 2582 3159 quem
2614 3092 2664 3145 in
2695 3094 2925 3151 statione
2954 3097 3251 3153 consistere
3276 3099 3464 3156 suadet
3487 3100 3564 3156 in-

298 3193 527 3247 acutior.
556 3194 967 3265 Imploraveram
998 3218 1024 3256 a
1074 3172 1881 3293 discedente"misericordiam:
1909 3172 1957 3245 α
1987 3180 2256 3293 nocent?’
2281 3181 2452 3286 ᾤεθ’
2477 3184 3117 3293 .p'°p°5i'“."”.p°."°'em
3148 3192 3330 3261 “alia:
3359 3206 3562 3266 partem

297 3291 358 3336 ut
382 3287 522 3354 quod
553 3287 621 3343 de
660 3294 908 3358 praesenti
933 3296 1363 3359 confabulatione
1392 3307 1704 3378 perdebam,
1735 3287 1877 3371 line-'-

295 3379 373 3431 ris
416 3386 759 3449 pensaretur;
792 3396 891 3441 nec
920 3387 1058 3445 hanc
1089 3392 1292 3463 frugem
1319 3401 1568 3457 omnibus
1596 3403 1876 3464 desideriis

293 3469 507 3540 jejunus
545 3477 776 3532 emerui.
819 3478 931 3549 Ego
961 3487 1363 3545 consuetudinis
1396 3501 1531 3548 mea:
1561 3510 1669 3552 non
1706 3501 1875 3571 negli‘

290 3572 423 3631 gens
469 3563 606 3619 inter
648 3569 914 3641 lacrymas
979 3578 1178 3648 scripta
1230 3585 1492 3640 concinna
1536 3563 1874 3660 :qnibus'de

290 3657 581 3716 afﬂictione
610 3672 721 3718 mea
746 3667 945 3723 credidi
971 3672 1038 3723 ttil
1067 3674 1238 3742 potius
1263 3657 1624 3749 indicandum,
1648 3684 1870 3745 illustris

288 3751 387 3805 viri
417 3751 599 3810 damni
630 3756 912 3816 Pamfronii
955 3760 1213 3824 relatione
1244 3782 1544 3833 cantemus.
1585 3777 1756 3846 Nunc,
1796 3784 1864 3836 mi

286 3842 526 3914 domine,
562 3849 823 3921 obsequia“
844 3853 1021 3913 famuli
1050 3864 1214 3917 vestri
1243 3864 1526 3934 dignanter
1540 3842 1784 3941 accipite,
1813 3884 1866 3930 et

283 3938 477 3995 anima!
499 3942 551 3997 in
580 3948 835 4017 angustiis
857 3954 1162 4009 canstitutre
1189 3956 1423 4014 remedia
1446 3938 1701 4021 consueta
1730 3938 1863 4037 pra:-

279 4034 441 4087 state.

835 4112 1167 4171 EPISTOLA
1208 4118 1293 4173 Ill.

814 4218 1069 4260 ENNOIIIUS
1101 4223 1313 4265 Ανιικο.

348 4291 551 4359 Quibus
579 4282 997 4366 magmtudiriem
1034 4312 1177 4359 tuam
1212 4306 1577 4367 discedentem
1607 4316 1859 4383 precibus

275 4382 580 4451 imploravi,
632 4391 822 4444 merito
853 4404 1176 4462 retexerem,
1227 4400 1327 4453 nisi
1363 4406 1636 4460 memoria:
1664 4418 1857 4464 vestrae

273 4472 516 4543 irrogare
557 4483 910 4537 contumelias
936 4485 1251 4543 devitarem.
1294 4491 1426 4545 Nam
1454 4496 1543 4564 qui
1584 4509 1849 4554 amantem

1985 3287 2087 3342 qua
2115 3274 2269 3330 vobis
2299 3276 2602 3333 sinceritate
2635 3284 2805 3349 patuit
2834 3282 3073 3341 invitate.

2549 3381 2883 3439 EPISTOLA
2926 3386 2986 3441 V.

2500 3489 2754 3531 ENIODIUS
2792 3491 3035 3538 SENARIO.

2051 3562 2304 3629 Quamvis
2336 3575 2386 3618 tc
2416 3565 2687 3621 dominum
2711 3584 2888 3625 meum
2915 3588 3007 3640 per
3032 3572 3361 3632 intemeratas
3386 3578 3555 3634 docu-

1978 3665 2158 3711 menta
2186 3656 2308 3712 ﬁdei
2335 3660 2353 3688 ¹
2388 3659 2695 3729 principalis
2742 3663 2840 3718 sibi
2873 3680 2998 3719 cura
3027 3667 3335 3740 conjungat,
3356 3682 3410 3726 et
3439 3688 3555 3727 mo-

1976 3764 2095 3803 rum
2126 3751 2390 3806 claritudo
2439 3752 2509 3807 ita
2543 3754 2767 3822 publicis
2798 3752 2957 3813 rebus
2985 3761 3226 3828 misceat,
3262 3772 3316 3816 ut.
3343 3766 3551 3821 amabi-

1974 3840 2038 3895 lis
2067 3856 2095 3895 a
2126 3851 2176 3895 te
2198 3858 2442 3912 saporem
2487 3846 2681 3914 quietis
2711 3848 2960 3904 excludat
2993 3891 3009 3917 ,
3046 3869 3149 3907 non
3180 3855 3343 3911 credo
3372 3869 3546 3915 tamen

1970 3933 2041 3987 ita
2060 3933 2371 4003 religionem
2388 3937 2636 3990 arnicitia:
2652 3938 2977 4008 posthaberi,
2996 3951 3172 3997 utnon
3188 3946 3519 4005 satisfaciens
3532 3993 3547 4016 ,

1968 4024 2080 4079 Deo
2107 4026 2413 4095 adjuvantc,
2455 4030 2728 4098 regnantis
2768 4032 3008 4101 imperiis
3034 4035 3209 4090 debita
3241 4052 3334 4092 sua
3359 4040 3545 4096 refun-

1968 4115 2063 4170 das
2106 4115 2343 4171 aﬁ‘cctui.
2392 4117 2573 4174 Nostis
2618 4120 2743 4189 quid
2790 4134 2973 4191 poscat
3002 4126 3141 4191 aula,
3178 4130 3301 4195 quid
3331 4132 3538 4200 gratia:

1967 4223 2072 4262 uno
2099 4209 2396 4279 eodemque
2427 4222 2667 4282 tempore
2701 4230 2798 4270 nec
2844 4232 3021 4272 rerum
3065 4220 3266 4275 deestis
3296 4223 3538 4291 domino,

1962 4322 2063 4361 nec
2088 4308 2291 4375 amori,
2327 4310 2539 4379 quando
2565 4308 2881 4365 Christianae
2913 4315 3104 4367 mcntis
3136 4316 3408 4385 integritas
3445 4334 3541 4387 per

1960 4399 2057 4455 has
2101 4410 2281 4470 partes
2310 4403 2474 4457 divisa
2508 4403 2793 4457 solidatur.
2842 4403 2934 4459 His
2962 4420 3091 4474 ergo
3119 4404 3535 4465 sollicitudinem

1961 4506 2133 4547 meam
2162 4493 2325 4548 credo
2358 4496 2603 4560 relet'ari,
2638 4497 2827 4565 quibus
2855 4497 3175 4552 venerabilis
3203 4503 3535 4558 consuetudo

272 4564 342 4618 de
378 4560 459 4619 bis
482 4582 601 4634 qu.c
629 4584 817 4624 recens
859 4584 983 4627 sunt
1011 4587 1126 4630 arta
1166 4560 1499 4647 convenerit,
1548 4586 1848 4657 fugiendam
1879 4566 1933 4626 D
1959 4595 2203 4638 servatur
2237 4587 2447 4639 studiis.
2488 4586 2717 4640 Tantum
2758 4599 2858 4650 est,
2910 4596 2969 4641 ut
2997 4587 3090 4641 Dei
3124 4592 3288 4644 nostri
3328 4593 3534 4649 solatiis

270 4655 430 4711 bonis
458 4660 780 4717 oblivionem
822 4664 1154 4734 importunus
1180 4676 1401 4742 opponit
1440 4655 1743 4735 :cum'hoc
1783 4683 1852 4737 sit

267 4750 545 4818 peculiare
605 4757 926 4823 conjunctis,
979 4769 1033 4813 ut
1088 4763 1187 4815 sub
1232 4766 1457 4833 quadam
1510 4772 1848 4838 prmscieittia

267 4846 459 4897 mutuo
486 4841 584 4898 sibi
615 4850 789 4914 cupita
815 4849 1111 4919 sufﬁciant;
1146 4862 1200 4909 et
1226 4858 1290 4910 ad
1323 4860 1675 4918 substantiam
1703 4868 1845 4921 cari.

265 4934 394 4988 tatis
434 4934 637 4991 efﬁcaci
690 4939 1114 5012 dispensatione,
1146 4949 1286 5017 quod
1338 4954 1474 5006 votis
1515 4958 1841 5023 poscendum

262 5033 365 5090 est,
399 5026 589 5081 effectu
620 5029 829 5086 seniore
873 5035 1184 5091 concilient.
1228 5038 1479 5096 leestis
1506 5045 1843 5113 dispensatio

260 5118 504 5175 facienda
545 5125 802 5192 suggerit,
830 5126 875 5179 si
905 5128 1031 5195 quid
1059 5142 1211 5184 amor
1235 5143 1405 5200 Optat,
1440 5136 1694 5205 inquiras.
1746 5140 1840 5196 His

258 5208 498 5279 jungitur
549 5212 689 5281 quod
719 5214 966 5271 :estuanti
999 5219 1211 5287 animm,
1245 5222 1374 5275 dum
1416 5224 1516 5279 iter
1544 5228 1835 5298 arriperes,

256 5347 512 5424 frumenta
557 5351 651 5403 sibi
680 5352 1003 5405 inimicorum
1032 5353 1434 5424 subreptionibas
1461 5373 1783 5416 concremata
1815 5382 1834 5419 :

255 5421 563 5501 postulantes
604 5436 665 5475 ne
712 5433 959 5492 cogantur
1007 5428 1074 5477 ad
1125 5421 1373 5501 integrant
1425 5435 1825 5501 prastationem,

253 5486 434 5566 quibus
459 5486 869 5566 comiiierc‘iorvunt
889 5506 1006 5548 sunt
1034 5486 1295 5551 commoda
1313 5486 1586 5566 diminuta,
1615 5512 1716 5557 etc.

326 5556 346 5587 ⁸
372 5557 715 5643 Epiphaniam
753 5566 1082 5639 chartarium]
1102 5556 1595 5643 [sapissepulcrali's
1621 5574 1823 5643 ltomte,

252 5640 430 5701 LOCUS_
452 5629 737 5685 Van-mum
781 5629 1081 5691 culturam:
1101 5629 1205 5694 Sed
1238 5629 1536 5694 chartarins
1567 5643 1668 5697 hoc
1706 5629 1824 5701 loco

250 5712 359 5752 non
379 5698 585 5777 chartm
615 5705 820 5777 opifex.
850 5718 937 5759 aut
982 5710 1296 5777 negatiator,
1330 5713 1422 5777 sed
1464 5698 1823 5770 chartularius

249 5770 464 5827 comitis
511 5772 812 5842 patrimonii
848 5792 861 5827 :
891 5770 1155 5845 quomodo
1198 5770 1381 5853 accipi.
1404 5784 1565 5848 etiam
1617 5786 1823 5841 videtur

1957 4679 2265 4747 magnitudo
2278 4686 2453 4733 vestra
2472 4680 2647 4749 adjuta
2672 4682 2984 4750 gratuletur.
3013 4683 3238 4738 Domine
3265 4686 3357 4749 mi,
3390 4688 3530 4741 salu-

1955 4768 2170 4824 tationis
2201 4768 2452 4839 obsequia
2484 4784 2827 4839 prtesentans,
2859 4792 3016 4839 spero
3045 4786 3101 4828 ut
3121 4777 3187 4830 de
3213 4788 3389 4832 vestro
3442 4781 3526 4835 vel

1951 4863 2106 4915 amici
2137 4863 2297 4916 vestri
2329 4863 2508 4917 domni
2537 4864 2715 4919 Fausti
2751 4876 2889 4920 statu
2924 4868 3142 4922 hilarem
3172 4885 3258 4925 me
3292 4870 3404 4925 ﬁeri
3432 4887 3527 4927 vo-

1949 4953 2058 5006 tivo
2092 4954 2384 5008 litterarum
2413 4956 2683 5023 contingat
2716 4957 2933 5011 indicio.

2497 5048 2824 5104 EPISTULA
2870 5049 2950 5105 Vl.

2008 5198 2019 5205 ρ
2272 5152 2524 5194 εΝΝοιηυδ
2565 5156 2733 5195 FLORO
2772 5158 2839 5195 ΕΤ
2880 5158 3173 5199 DECORATO.

2014 5225 2237 5282 Permisi
2267 5230 2523 5285 hactenus
2549 5233 2963 5301 magnitudinem
2991 5245 3223 5289 vestram
3253 5236 3520 5292 mobilita-

1940 5367 2009 5454 ξιξ)
2070 5366 2374 5449 Athalarico
2412 5369 2535 5454 .Iib.
2590 5385 2682 5454 νιμ
2734 5367 3370 5454 Ἒίξτὶθηιῃξηθρὶειηᾷὶ,
3425 5375 3512 5454 ubi

1940 5437 2235 5513 char_tarios
2285 5439 2522 5492 nominat
2566 5441 2710 5493 sedis
2758 5440 3071 5509 Burgantiui
3098 5437 3324 5499 comitis
3352 5437 3516 5513 patri-

1932 5520 2119 5560 manu.

2001 5578 2029 5654 '_
2057 5576 2365 5654 Principalis
2411 5578 2504 5631 sibi
2530 5582 3001 5654 cura‘conjungat]
3060 5582 3152 5637 Vel
3195 5594 3410 5654 propter
3441 5586 3515 5641 lc-

1930 5652 2166 5717 gationes
2197 5649 2263 5700 ad
2298 5662 2597 5725 quassat-pe
2627 5649 2908 5725 adhibitus
2940 5649 3214 5720 senarius,
3254 5649 3334 5709 vcl
3387 5672 3512 5725 pro-

1931 5730 2047 5786 pter
2065 5722 2378 5798 esceptoris.
2399 5718 2634 5798 ofﬁcium
2654 5736 2818 5798 ,__quo
2855 5724 2905 5778 in
2938 5728 3077 5798 regis
3103 5718 3223 5798 aula
3249 5718 3511 5798 fungeba-

1931 5798 2035 5855 tur,
2065 5789 2152 5842 lib.
2190 5804 2265 5855 lit,
2299 5790 2454 5859 epist.
2485 5792 2570 5855 tl,
2594 5801 2646 5846 et
2676 5789 2771 5850 lib.
2801 5811 2851 5860 v,
2876 5789 3033 5865 epist.
3069 5796 3154 5854 15:
