3998 6362
258 358 355 416 H7

1497 335 1974 399 EPISTOLARUH
2014 337 2144 393 LIB.
2186 335 2299 391 VII.

3429 333 3527 385 118

260 483 357 527 tem
404 469 662 538 Ligurum
710 466 930 520 urbanae
962 462 1082 515 fuco
1113 456 1486 526 disputationis
1521 458 1791 508 incessere
1818 491 1833 513 ,
1866 450 1921 511 Α
1945 457 2059 501 arte
2087 446 2383 511 contendis,
2417 446 2501 501 cui
2543 460 2642 501 nec
2683 445 2983 500 satietatem
3012 444 3078 499 de
3106 444 3383 511 praesentia
3417 455 3527 505 tua.

261 563 377 635 quia
403 566 457 617 et
482 572 569 614 nte
592 556 747 628 origo
770 552 1025 611 reddebat
1056 552 1309 616 alienum,
1346 552 1403 604 et
1431 563 1525 601 vos
1553 546 1617 601 ab
1650 554 1833 599 eorum

261 651 425 722 culpis
463 650 770 708 constantia
802 647 1059 717 promissa
1092 643 1420 713 sejunxerat.
1455 639 1557 695 Sed
1591 642 1709 692 cum
1737 650 1839 690 una

261 748 402 805 surte
432 738 500 801 ab
541 736 713 799 Oculis
747 742 937 798 vestris
970 750 1023 796 et
1062 740 1240 795 mente
1283 735 1535 801 discessi,
1580 736 1839 805 przeconis

261 857 393 898 voce
431 846 727 901 contestor,
778 838 1045 891 neminem
1077 834 1332 889 damnare
1375 846 1530 899 posse
1578 826 1721 899 quod
1754 842 1837 881 se-

262 933 437 1002 quitur
468 974 485 997 ,
522 945 622 985 nec
655 928 803 983 salvo
846 928 1049 996 pudore
1072 925 1391 979 sententiam
1419 920 1729 977 exbessibus
1754 918 1838 972 di-

264 1033 403 1079 ctare
432 1028 764 1093 peccantem.
816 1018 920 1075 Fas
951 1026 1033 1073 est
1059 1016 1256 1071 liberos
1284 1018 1311 1068 a
1348 1014 1496 1069 reatu
1527 1004 1782 1067 detestari
1822 1025 1837 1075 ;

265 1117 379 1184 quis
406 1122 563 1181 atquo
592 1112 773 1165 animo
814 1108 947 1163 ferat
994 1108 1312 1161 monitorem
1374 1103 1514 1173 quod
1547 1096 1724 1157 verbis
1748 1096 1841 1154 de-

264 1208 415 1262 struit
473 1205 681 1261 actibus
725 1218 827 1257 non
870 1200 1074 1263 vitare?
1122 1186 1393 1268 Evangelii
1425 1196 1689 1251 Sententia
1736 1203 1839 1260 est,

265 1301 362 1368 Qui
403 1300 581 1369 fecerit
602 1306 647 1351 et
675 1297 900 1351 docuerit
927 1295 998 1349 sic
1022 1282 1235 1366 (Matth.
1269 1302 1321 1361 v,
1360 1292 1449 1362 19)
1483 1282 1700 1361 ilignum
1746 1276 1839 1344 Dei

262 1390 428 1462 gratia
455 1392 613 1459 poSse
642 1386 893 1456 iudicari.
929 1376 1089 1439 Vobis
1112 1385 1361 1453 ecpiosus
1384 1394 1561 1437 sermo
1583 1390 1684 1445 est,
1711 1395 1842 1449 quo-

264 1482 397 1536 tiEns
414 1490 573 1535 error
587 1481 844 1548 arguitur,
872 1484 925 1533 et
955 1474 1053 1532 sub
1073 1473 1498 1531 conversationis
1522 1470 1841 1542 negligentia

263 1570 466 1643 paritas
498 1567 868 1637 amplectenda
902 1566 1205 1623 verborum.
1236 1556 1550 1621 Perdidistis
1581 1564 1863 1634 lacrima--

263 1678 379 1721 rum
412 1670 654 1719 mearum
673 1662 1004 1723 memoriam.
1034 1676 1189 1730 quam
1215 1656 1613 1713 discedentibus
1644 1657 1841 1726 gemini

263 1756 471 1813 doloris
501 1766 638 1812 tctus
675 1754 884 1811 effudit.
934 1754 1074 1809 Ecce
1104 1752 1284 1822 quanti
1327 1750 1439 1807 dies
1467 1752 1612 1818 sunt,
1645 1752 1695 1805 in
1728 1751 1843 1821 qni-

1942 555 2040 594 nec
2086 540 2407 593 oblivionem
2468 539 2537 593 de
2578 538 2792 593 silentio
2830 537 3025 607 pateris
3075 537 3379 591 subvenire.
3416 538 3530 591 Scit

1943 632 2201 686 mentium
2251 630 2518 685 discussor
2555 629 2868 693 altissimus,
2908 629 3134 684 lectione
3160 630 3369 697 apicum
3399 639 3520 683 tuo-
3556 640 3561 647 ‘

1943 739 2061 777 rum
2090 725 2317 775 animam
2346 736 2517 776 meam
2544 720 2682 775 intra
2714 720 3005 790 penetralia
3028 736 3123 775 sua
3156 736 3263 774 non
3289 718 3529 785 potuisse

1943 817 2272 879 consistere,
2306 822 2358 869 et
2408 814 2472 867 ad
2521 812 2858 882 praasentiam
2894 822 3034 866 tuam
3064 810 3353 883 diligentia:
3401 826 3528 865 evo-

1946 911 2086 963 lasse
2130 894 2289 963 melle
2330 902 2683 975 compulsam.
2719 903 2915 959 Habuit
2953 904 3278 959 Arelatensis
3324 902 3531 957 habita-

1946 1001 2041 1063 tio,
2073 1014 2195 1053 cum
2230 996 2715 1054 Mediolanensibus
2748 998 2914 1051 muris
2942 996 3281 1050 includerer:
3322 1002 3377 1051 et
3398 995 3527 1050 dum

1943 1088 2010 1144 ad
2057 1090 2265 1145 dulcem
2306 1090 2486 1145 sedem
2530 1090 2745 1144 libertas
2794 1089 2990 1143 mentis
3020 1098 3354 1155 excurreret,
3388 1088 3526 1141 intra

1944 1182 2149 1237 italiam
2199 1198 2283 1237 me
2323 1183 2565 1252 corporis
2595 1181 2875 1249 captivitas
2906 1179 3228 1235 includebat.
3254 1180 3298 1234 Ο
3325 1182 3367 1234 si
3401 1195 3529 1249 sup-

1946 1280 2155 1343 peteret
2182 1275 2447 1329 sermonis
2480 1273 2804 1328 abundantia
2829 1268 2893 1326 ad
2924 1287 2985 1326 ea
3009 1288 3123 1341 quae
3150 1273 3297 1341 cupit
3320 1272 3533 1327 animus

1948 1365 2287 1433 exponenda,
2321 1373 2410 1419 aut
2452 1364 2520 1419 ad
2561 1364 2649 1419 illa
2699 1363 2763 1416 ad
2797 1379 2915 1434 qua:
2949 1362 3123 1433 lingua
3168 1362 3393 1428 sufficit,
3427 1378 3533 1417 non

1947 1458 2118 1529 pudor
2146 1460 2408 1527 eriperet!
2444 1458 2642 1513 Parvus
2665 1473 2815 1513 amor
2841 1467 2942 1525 est,
2972 1459 3061 1527 qui
3094 1458 3203 1512 oris
3226 1455 3534 1511 testimonio

1947 1550 2280 1605 sufficienter
2310 1548 2570 1619 aperitur.
2613 1547 2891 1603 Confessio
2922 1554 3004 1603 est
3049 1548 3237 1617 tepidze
3268 1547 3537 1608 caritatis,

1948 1646 2193 1713 quotiens
2254 1645 2305 1699 in
2351 1660 2414 1698 ea
2458 1661 2561 1698 non
2608 1644 2751 1698 cedit
2802 1643 3093 1714 eloquium.
3146 1636 3297 1709 Quod
3339 1649 3537 1708 restat,

1949 1738 2116 1792 Deum
2158 1752 2366 1805 precor,
2400 1745 2456 1790 ut
2494 1735 2675 1791 valeas
2715 1747 2768 1793 et
2801 1736 2867 1791 ad
2905 1735 3291 1791 sublevandum
3328 1749 3532 1789 πιαιτο-

265 1852 369 1907 hiis
394 1846 495 1904 sub
520 1858 657 1904 tanta
690 1848 985 1917 freqttentia
1027 1816 1424 1903 commeantem
1471 1816 1611 1899 nulla
1668 1816 1840 1911 neque

1964 1845 2058 1885 'em
2092 1846 2267 1884 meum
2312 1844 2470 1899 quem
2524 1829 2819 1897 scriptione
2864 1837 2952 1882 tua
2996 1828 3155 1882 nimis
3193 1816 3393 1880 daedala
3425 1832 3540 1880 arte

269 1940 471 2000 domini
494 1942 616 2011 mei,
644 1941 803 1997 amici
833 1940 1013 2003 vestri,
1045 1954 1215 2009 neque
1244 1942 1441 2006 vestra,
1475 1952 1592 2008 qua!
1634 1936 1699 1992 de
1750 1936 1841 1990 illo

266 2050 378 2092 rem
411 2034 519 2089 voti
552 2032 811 2098 indicent,
842 2032 1041 2102 scripta
1088 2030 1340 2100 suscipio.
1373 2026 1690 2083 Absolvistis
1723 2027 1843 2081 imi-

266 2130 467 2184 latione
493 2127 825 2195 culpabiles:
859 2140 963 2180 non
994 2124 1134 2195 quod
1164 2112 1444 2189 Liguribus
1463 2120 1699 2176 evenerit
1724 2134 1844 2189 pro-

267 2221 523 2290 positum,
558 2227 815 2287 quantum
842 2230 937 2271 vos
967 2215 1165 2283 dicitis,
1197 2208 1524 2269 infidelitatis
1554 2214 1801 2267 amittere
1827 2254 1841 2275 ,

267 2312 353 2367 sed
392 2311 536 2381 quod
565 2325 662 2365 eos
684 2300 967 2378 contigerit
988 2309 1255 2362 invenisse
1287 2306 1337 2360 in
1371 2300 1452 2360 Itis
1477 2320 1596 2375 quae
1619 2314 1741 2359 sunt
1765 2305 1843 2357 vi-

269 2404 423 2460 tanda
476 2410 782 2459 consortes.
825 2400 975 2470 Rogo
1028 2408 1224 2463 tamen,
1259 2399 1477 2454 servitio
1516 2394 1847 2452 salutationis

269 2494 528 2560 exhibito,
564 2506 618 2548 ut
643 2492 855 2548 tandem
888 2491 1193 2563 aiiqdando,
1220 2498 1469 2559 tanquam
1502 2491 1622 2543 boni
1646 2487 1848 2543 domini

270 2598 482 2658 precum
527 2598 769 2641 mearum
815 2592 1099 2646 memores,
1140 2580 1546 2651 prosperitatcut
1595 2588 1847 2641 vestram,

269 2679 347 2733 vel
393 2675 585 2732 domni
635 2676 778 2743 mei,
828 2674 1081 2729 amatoris
1120 2672 1314 2739 vestri,
1363 2672 1611 2727 reserctis
1656 2668 1851 2725 muniis

271 2770 590 2828 litterarum.

807 2856 1128 2916 EPISTOLA
1174 2854 1283 2915 νιι.

622 2992 877 3032 εκκοοιυε
918 2970 934 3008 ί
974 2990 1181 3031 ειριυιο
1220 2988 1463 3030 ωΑςοΝο.

336 3094 586 3151 Perfecta
630 3095 828 3149 caritas
876 3094 1172 3165 corporalis
1216 3092 1478 3149 absentiae
1524 3090 1716 3147 damna
1746 3105 1854 3147 non

1946 1920 2256 1992 getninasti,
2291 1912 2431 1975 bono
2461 1919 2831 1989 prosperitatis
2860 1926 3061 1973 mutuas
3094 1917 3405 1972 reserveris.

2509 2032 2839 2089 EPISTOLA
2877 2032 2968 2088 lX.

2483 2164 2744 2204 ENNODIUS
2789 2163 3005 2203 AVIBNO.

2023 2270 2278 2340 Pompam
2326 2282 2483 2341 quam
2532 2269 2585 2323 in
2635 2269 2826 2323 litteris
2866 2267 3045 2337 fugitis
3096 2264 3386 2332 obtinetis;
3444 2278 3543 2320 nec

1952 2364 2094 2418 aliud
2124 2372 2207 2417 est
2226 2364 2370 2433 loqui
2399 2373 2671 2425 vestrum,
2706 2352 2807 2415 nisi
2833 2360 3283 2416 declamationum
3317 2357 3541 2425 insignia

1953 2456 2226 2511 custodire
2264 2474 2273 2506 :
2311 2456 2409 2509 hoc
2450 2456 2503 2509 in
2553 2452 2704 2510 vobis
2734 2464 2955 2519 natura,
2990 2454 3090 2508 hoc
3122 2454 3324 2522 peritiae
3371 2461 3543 2505 mater

1956 2546 2266 2602 indeticiens
2319 2546 2561 2601 lectionis
2626 2561 2753 2600 cura
2813 2546 3099 2616 congessit.
3152 2545 3258 2599 Sed
3312 2542 3543 2597 miseriis

1958 2636 2091 2693 meis
2130 2638 2349 2693 evenire
2398 2638 2542 2692 nulla
2591 2640 2888 2694 consolatio
2931 2647 3138 2709 potest,
3180 2636 3394 2707 quando
3422 2645 3547 2690 ante

1957 2729 2139 2785 oculos
2166 2739 2289 2784 sunt
2327 2728 2529 2795 locata,
2569 2746 2687 2800 qua:
2719 2731 2888 2786 merui
2921 2771 2935 2796 ,
2973 2740 3026 2785 et
3057 2741 3316 2800 quantum
3349 2722 3545 2799 prmia-

1959 2835 2043 2874 tus
2076 2819 2341 2890 indignior
2383 2822 2678 2889 exstiterit,
2709 2831 2909 2876 tantum
2948 2822 2998 2875 in
3030 2830 3217 2890 aperto
3257 2820 3387 2874 fiunt
3424 2834 3546 2889 pec-

1958 2921 2078 2967 cata
2126 2912 2385 2980 superati.
2442 2912 2577 2978 Quid
2630 2914 2869 2967 animum
2927 2929 3131 2977 meum,
3186 2913 3547 2967 illustrissime

1961 3005 2267 3072 hominum,
2295 3006 2510 3059 conaris
2543 3005 2828 3060 attollere?
2856 3004 2983 3075 quid
3016 3006 3070 3059 in
3100 3006 3206 3058 vita
3239 3020 3359 3074 qua:
3390 3003 3545 3072 plena

1962 3097 2211 3152 moneris
2242 3106 2352 3157 est,
2383 3112 2659 3152 reservare
2691 3097 2851 3151 liccat
2901 3096 3332 3153 tribulationibus
3381 3084 3547 3149 meis?

276 3189 490 3257 patitur,
523 3202 627 3242 nec
676 3187 975 3242 animorum
1024 3202 1211 3243 serena
1250 3187 1561 3256 coniunctio
1606 3188 1854 3241 itinerum
1884 3210 1931 3275 α
1960 3206 2058 3262 pro
2099 3191 2240 3244 bono
2267 3189 2682 3259 dispensationis
2711 3190 2948 3245 ccclestis
2985 3192 3143 3245 finem
3177 3188 3256 3244 vel
3288 3205 3407 3244 cum
3440 3188 3548 3243 vita

275 3279 707 3351 sequestratione
738 3279 1025 3334 multatur:
1058 3295 1284 3350 quorum
1325 3280 1519 3333 anima:
1555 3278 1769 3332 Christo
1799 3279 1850 3332 in

275 3374 495 3427 caritate
531 3372 774 3427 sociante
814 3373 1164 3440 conveniunt,
1200 3372 1341 3427 nulla
1371 3381 1594 3441 possunt
1620 3374 1854 3441 separari

278 3466 651 3536 interiectione
706 3474 989 3519 terrarum.
1035 3456 1143 3519 Hac
1166 3481 1267 3535 ego
1309 3480 1403 3533 spe
1432 3464 1515 3519 vel
1545 3464 1854 3532 securitate,

279 3558 339 3613 de
360 3557 695 3613 conscientia
718 3564 897 3611 vestra
918 3571 1155 3623 securus,
1177 3565 1441 3611 amantem
1464 3556 1568 3609 mei
1590 3555 1855 3624 alloquor,

280 3661 529 3721 tanquam
581 3650 635 3703 in
684 3649 1015 3718 amplexibus
1050 3650 1424 3705 constitutum.
1466 3648 1631 3714 Fove,
1661 3648 1859 3704 domne

288 3744 481 3813 Elpidi,
539 3756 701 3812 quem
753 3740 868 3797 Deo
913 3741 1093 3797 medio
1147 3742 1450 3812 suscepisti.
1484 3742 1687 3797 Habeat
1736 3756 1860 3795 suas

284 3836 513 3892 mundus
537 3834 790 3900 astutias,
819 3843 873 3889 et
896 3835 1249 3890 urbanitatem
1273 3834 1489 3890 fallendi
1520 3833 1858 3904 prudentiam

283 3927 619 3985 damnandus
647 3926 907 3997 appellet.
939 3926 1019 3981 Tu
1044 3927 1118 3981 illi
1139 3926 1403 3981 dulcedini
1435 3941 1592 3995 quam
1618 3927 1858 3995 probavi,

286 4018 413 4075 nihil
436 4018 763 4084 admisceas,
798 4018 897 4071 nisi
931 4017 1072 4087 quod
1110 4016 1362 4088 gradibus
1386 4018 1449 4073 ad
1484 4018 1737 4087 perfectae
1766 4033 1859 4073 ca-

285 4111 454 4167 ritatis
484 4126 584 4165 nos
614 4110 753 4164 bona
780 4108 1053 4177 perducat.
1086 4109 1328 4173 Domine,
1363 4121 1417 4165 ut
1447 4125 1630 4179 supra,
1660 4113 1860 4166 saluta-

288 4206 483 4258 tionem
526 4203 890 4273 plenissimam
928 4201 1182 4268 reddens,
1239 4217 1423 4273 qumso
1453 4213 1509 4257 ut
1538 4203 1865 4273 prosperita-

288 4306 393 4351 tern
411 4304 645 4352 vestram
663 4294 747 4351 vel
773 4310 958 4349 eorum
980 4296 1070 4365 qui
1101 4310 1199 4351 nos
1225 4295 1450 4367 diligunt
1498 4295 1865 4365 frequentibus

289 4391 419 4445 mihi
446 4388 693 4445 indicetis
717 4388 985 4458 alloquiis.

821 4500 1149 4557 EPISTOLA
1196 4499 1328 4554 VIII.

796 4632 1047 4675 ENSODIUS
1082 4633 1373 4673 EUPIlEI‘l.£.

363 4738 535 4805 Quam
565 4735 701 4791 bene
731 4733 964 4789 animum
1018 4748 1191 4788 meum
1224 4732 1289 4786 ad
1325 4720 1628 4800 patientiam
1670 4745 1865 4800 seque-

292 4829 568 4886 strationis
594 4824 850 4880 absentia:
874 4834 1063 4878 vestrm
1095 4840 1225 4878 usus
1258 4822 1549 4893 aptaverat,
1586 4824 1711 4877 dum
1744 4839 1868 4892 pro-

293 4918 397 4977 lixa
445 4919 652 4974 silentia
702 4925 1063 4986 contemptum
1116 4915 1411 4969 dulcedinis
1453 4932 1627 4970 rerum
1656 4930 1869 4969 suarum

294 5013 616 5068 necessitate
646 5011 958 5080 pariebant!
1002 5011 1226 5064 rescissa
1260 5016 1341 5064 est
1372 5009 1591 5064 cicatrix
1642 5024 1759 5078 quae
1803 5002 1869 5061 ad

296 5106 619 5163 medicinam
670 5096 743 5176 pii
785 5104 981 5159 amoris
1018 5108 1337 5159 accesserat.
1381 5102 1669 5159 Conﬁteor.
1719 5108 1872 5155 soror

291 5196 639 5264 venerabilis,
666 5193 733 5250 ad
759 5196 1030 5265 antiquum
1063 5212 1147 5250 me
1180 5192 1499 5250 desiderium
1535 5196 1723 5249 littera:
1769 5202 1873 5247 tua!

293 5293 457 5347 nimis
475 5301 600 5345 ncto
620 5287 853 5345 conditae
880 5302 1070 5358 sapore
1093 5290 1431 5344 revocarunt.
1460 5286 1595 5342 Ecce
1627 5286 1751 5341 vide
1774 5300 1874 5357 qua

368 5450 381 5478 ¹
427 5446 667 5513 lie/pidio
696 5442 1059 5514 diacono]Lib.
1094 5458 1206 5508 vni,
1236 5446 1392 5511 epist.
1422 5444 1474 5497 8.
1507 5444 1595 5499 Sic
1614 5444 1719 5512 jam
1748 5444 1877 5499 olim

291 5520 623 5579 scribebant,
658 5533 758 5586 pro
782 5516 991 5585 Elpidio
1014 5520 1147 5575 «iuuit
1180 5526 1261 5569 est
1288 5514 1507 5578 ἑλπίδιοσ
1540 5532 1553 5568 :
1583 5526 1640 5568 ut
1672 5516 1873 5585 Ileipis,

295 5590 693 5657 Eniielpistus,
739 5598 794 5642 et
845 5588 943 5640 alia
998 5586 1047 5640 id
1100 5602 1287 5656 genus.
1318 5587 1493 5653 Quare
1545 5587 1611 5639 ita
1666 5601 1876 5657 quoque

291 5650 553 5725 scripti-tut
587 5654 653 5712 ali
682 5650 924 5711 Ennndio
953 5650 1236 5711 verisimile
1264 5650 1361 5711 est.

367 5734 389 5762 ²
421 5728 771 5790 Canum/saris
798 5728 993 5798 ofﬁcio]
1023 5728 1305 5782 Fiscalium
1342 5744 1563 5784 ouerttm
1591 5728 1880 5795 exactoris,

292 5805 388 5871 qui
444 5801 664 5868 publicis
716 5800 1072 5853 fttuctioniluls
1134 5799 1396 5871 obnoxius
1443 5802 1507 5853 ad
1560 5800 1879 5854 Sulttlionom

291 5870 591 5941 compellit.
622 5872 748 5943 [λῦε.
775 5873 805 5926 7
850 5871 967 5926 cod.
1015 5872 1079 5927 de
1128 5870 1576 5937 Exsecutorihus,
1616 5880 1667 5927 et
1696 5872 1797 5942 leg.
1830 5874 1881 5927 4.

1962 3281 2235 3338 constitui.
2271 3280 2434 3335 Vobis
2478 3292 2656 3336 tamen
2690 3284 3077 3338 insuiticientes
3107 3282 3283 3339 refero
3315 3284 3549 3351 gratias,

1962 3374 2049 3444 qui
2097 3375 2238 3427 illam
2269 3376 2410 3427 circa
2454 3390 2541 3429 me
2579 3379 2807 3429 servatis
2852 3372 3206 3446 diligentiam,
3245 3392 3344 3446 qua
3377 3378 3550 3445 potio-

1960 3474 2074 3521 rem
2107 3480 2206 3519 nec
2233 3464 2560 3534 dignissimis
2588 3469 2936 3536 praestaretis.
2974 3466 3193 3523 Domine
3223 3472 3316 3533 mi,
3349 3469 3549 3522 saluta-

1963 3558 2123 3613 tionis
2164 3557 2519 3613 reverentiam
2555 3559 2791 3625 solvens,
2822 3576 2981 3630 spero
3024 3572 3079 3614 ut
3123 3576 3281 3615 orare
3323 3576 3419 3630 pro
3466 3574 3549 3616 me

1963 3650 2185 3706 minime
2216 3648 2520 3716 desistatis,
2557 3660 2611 3706 ct
2658 3651 2726 3706 ad
2764 3655 3125 3709 calamitatum
3157 3653 3343 3708 solatia
3376 3650 3548 3709 feren-

1962 3742 2033 3798 tia
2064 3758 2219 3813 opem
2251 3741 2449 3812 scripta
2481 3742 2723 3797 mittatis.

2532 3855 2865 3912 EPISTOLA
2904 3856 2971 3911 Χ.

2318 3986 2572 4027 ικηουιυε
2605 3986 2776 4027 ηοιιο
2807 3987 2872 4027 ΕΤ
2905 3984 3205 4027 υκεοιιιτο.

2035 4083 2425 4153 ‘Compulsuris
2440 4082 2651 4138 functus
2674 4084 2872 4151 ofﬁcio,
2897 4084 2961 4138 ad
2989 4080 3401 4139 redhibitioaem
3428 4096 3551 4155 pro-

1969 4176 2244 4230 missionis
2266 4186 2377 4229 stite
2407 4175 2493 4230 vix
2540 4176 2856 4231 advocatum
2896 4176 3081 4247 coegi,
3118 4184 3172 4232 ut
3202 4176 3343 4248 quod
3391 4176 3551 4232 advo-

1970 4271 2107 4324 catis
2133 4267 2362 4323 debebat
2404 4270 2721 4324 exsolveret.
2759 4270 2942 4325 Genus
2990 4269 3137 4325 durae
3174 4269 3551 4339 professionis,

1972 4372 2027 4417 ut
2058 4378 2085 4413 a
2114 4363 2265 4417 vobis
2293 4361 2516 4416 dicenda
2550 4365 2871 4433 prmveniam
2891 4404 2903 4427 ,
2930 4363 2997 4417 ad
3030 4363 3407 4419 verecundiam
3437 4364 3551 4419 cle-

1970 4457 2113 4510 ricus
2146 4454 2415 4510 inclinavi.
2445 4457 2611 4522 Quale
2658 4459 2727 4511 sit
2757 4470 2861 4526 quo
2896 4456 3209 4511 molliuntur
3240 4456 3553 4511 obstinatis-

1974 4546 2124 4610 simi,
2178 4556 2232 4600 et
2284 4547 2409 4614 quid
2452 4548 2551 4601 sibi
2582 4548 2709 4601 velit
2756 4549 2843 4617 qui
2876 4555 3115 4617 raptores
3144 4548 3371 4617 spoliat,
3409 4550 3555 4603 aesti-

1976 4645 2137 4693 mate.
2176 4638 2391 4707 Argenti
2424 4636 2612 4692 libram
2645 4654 2801 4709 quam
2834 4638 2995 4694 frater
3026 4636 3351 4710 Epiphanius
3376 4639 3551 4705 dedit,
3650 4696 3653 4697 ν

1975 4729 2125 4785 fratri
2177 4728 2380 4785 Gaiano
2428 4724 2490 4784 ad
2544 4746 2639 4785 vos
2695 4732 3065 4802 perferendam
3110 4730 3340 4797 tradidi,
3387 4734 3559 4801 paCIis

1974 4831 2152 4877 tamen
2205 4822 2376 4875 adhuc
2434 4823 2571 4891 apud
2620 4840 2704 4879 me
2756 4838 2874 4892 qua:
2957 4824 3163 4894 suscepi
3231 4824 3553 4878 constitutis.

1979 4910 2165 4968 Restat
2206 4922 2282 4979 ut,
2331 4914 2374 4966 si
2422 4912 2631 4969 tradere
2671 4916 2923 4983 debeant,
2973 4918 3279 4987 designctis.
3334 4915 3560 4969 Domine

1976 5009 2076 5069 mi,
2111 5005 2486 5060 salutationem
2532 5007 2894 5076 plenissimam
2935 5008 3145 5074 dicens,
3202 5024 3331 5079 rogo
3363 5017 3417 5061 ut
3448 5006 3559 5075 pri-

1978 5114 2121 5155 mum
2154 5115 2251 5168 pro
2286 5114 2369 5153 me
2399 5111 2610 5155 sanctos
2645 5116 2800 5156 orarc
2831 5101 3142 5171 dignemini.
3181 5101 3375 5157 Deinde
3406 5101 3558 5156 dom-

1981 5192 2064 5246 nis
2092 5191 2421 5245 amatoribus
2452 5196 2647 5247 nostris
2677 5193 2928 5263 obsequia
2959 5209 3074 5249 mea
3106 5194 3205 5248 sub
3230 5192 3313 5248 illa
3341 5208 3441 5262 qua
3474 5207 3559 5246 me

1981 5302 2175 5357 cupere
2206 5288 2350 5342 scitis
2379 5287 2678 5345 humilitate
2711 5291 2967 5345 reddatis.

1985 5442 2061 5499 Ne
2085 5443 2384 5516 collationis
2416 5448 2693 5501 translatio
2720 5448 3016 5516 postuletur
3046 5463 3056 5498 :
3094 5455 3148 5500 et
3172 5446 3307 5511 apud
3351 5446 3562 5498 Cassio-

1982 5516 2172 5571 dorum
2207 5514 2297 5569 lib.
2333 5531 2425 5578 vn.
2455 5518 2544 5580 45;
2586 5519 2677 5571 lib.
2718 5514 2791 5579 ix,
2829 5519 2882 5581 4;
2920 5519 3012 5571 lib.
3046 5532 3139 5579 xu,
3168 5517 3220 5568 8.
3260 5516 3434 5568 l'lditiu
3467 5518 3563 5569 lia-

1984 5586 2220 5640 siliensis
2251 5586 2334 5639 hic
2383 5588 2541 5641 etiam
2594 5590 2777 5643 mutila
2824 5598 2955 5642 erat.
2993 5587 3160 5639 l’rinri
3213 5588 3351 5639 enim
3410 5587 3563 5655 hujus

1986 5658 2225 5724 epistolze
2276 5659 2516 5714 membro
2572 5660 2793 5713 alterum
2832 5658 3084 5719 attexuit,
3135 5656 3276 5726 quod
3322 5660 3563 5725 epistobe‘

1989 5730 2057 5782 15
2099 5728 2412 5782 debebatur.
2466 5731 2594 5783 Tres
2654 5730 2809 5795 igitur
2856 5728 3109 5797 epistolas
3161 5740 3447 5797 sequentes
3500 5731 3563 5782 ad

1990 5799 2291 5922 Agnelllutn,
2337 5799 2671 5855 Hormisdatn
2715 5808 2769 5851 et
2812 5796 3054 5854 Boetium
3094 5814 3157 5855 ex
3192 5796 3565 5870 tnauuseriptis

1991 5884 2123 5922 SIIDD
2148 5882 2369 5922 ονιιιιυε.
2889 5917 2895 5922 .

1991 5882 2369 5938 siipptcvtmus.
