  <div class='ocr_page' id='page_1' title='image "/cluster/home/n/w/nwhite01/storage/ocr_20150623/63/hvd.32044015469307/065.png"; bbox 0 0 3998 6362; ppageno 0'>
   <div class='ocr_carea' id='block_1_1' title="bbox 439 373 537 430">
    <p class='ocr_par' dir='ltr' id='par_1_1' title="bbox 439 373 537 430">
     <span class='ocr_line' id='line_1_1' title="bbox 439 373 537 430; baseline 0 -1"><span class='ocrx_word' id='word_1_1' title='bbox 439 373 537 430; x_wconf 84' lang='lat' dir='ltr'><strong>H9</strong></span> 
     </span>
    </p>
   </div>
   <div class='ocr_carea' id='block_1_2' title="bbox 990 488 1447 543">
    <p class='ocr_par' dir='ltr' id='par_1_2' title="bbox 990 488 1447 543">
     <span class='ocr_line' id='line_1_2' title="bbox 990 488 1447 543; baseline 0.002 -1"><span class='ocrx_word' id='word_1_2' title='bbox 990 488 1315 543; x_wconf 79' lang='lat' dir='ltr'><strong>EPISTULA</strong></span> <span class='ocrx_word' id='word_1_3' title='bbox 1358 488 1447 543; x_wconf 81' lang='lat' dir='ltr'><strong>XI.</strong></span> 
     </span>
    </p>
   </div>
   <div class='ocr_carea' id='block_1_3' title="bbox 948 583 1499 625">
    <p class='ocr_par' dir='ltr' id='par_1_3' title="bbox 948 583 1499 625">
     <span class='ocr_line' id='line_1_3' title="bbox 948 583 1499 625; baseline 0.002 -2"><span class='ocrx_word' id='word_1_4' title='bbox 948 583 1198 623; x_wconf 74' lang='lat' dir='ltr'><strong>ENNUDIUS</strong></span> <span class='ocrx_word' id='word_1_5' title='bbox 1244 584 1499 625; x_wconf 79' lang='lat' dir='ltr'><strong>AGNELLO.</strong></span> 
     </span>
    </p>
   </div>
   <div class='ocr_carea' id='block_1_4' title="bbox 507 660 2009 733">
    <p class='ocr_par' dir='ltr' id='par_1_4' title="bbox 507 660 2009 733">
     <span class='ocr_line' id='line_1_4' title="bbox 507 660 2009 733; baseline 0.003 -17"><span class='ocrx_word' id='word_1_6' title='bbox 507 660 646 717; x_wconf 81' lang='lat' dir='ltr'><strong>Male</strong></span> <span class='ocrx_word' id='word_1_7' title='bbox 686 670 769 717; x_wconf 92' lang='lat' dir='ltr'><strong>est</strong></span> <span class='ocrx_word' id='word_1_8' title='bbox 800 661 978 715; x_wconf 89' lang='lat' dir='ltr'><strong>animo</strong></span> <span class='ocrx_word' id='word_1_9' title='bbox 1019 676 1160 728; x_wconf 89' lang='lat' dir='ltr'><strong>meo,</strong></span> <span class='ocrx_word' id='word_1_10' title='bbox 1193 663 1333 733; x_wconf 91' lang='lat' dir='ltr'><strong>quod</strong></span> <span class='ocrx_word' id='word_1_11' title='bbox 1359 666 1425 719; x_wconf 90' lang='lat' dir='ltr'><strong>de</strong></span> <span class='ocrx_word' id='word_1_12' title='bbox 1451 663 1716 721; x_wconf 64' lang='lat' dir='ltr'><strong>facundiae</strong></span> <span class='ocrx_word' id='word_1_13' title='bbox 1736 678 1848 721; x_wconf 72' lang='lat' dir='ltr'><strong>sua:</strong></span> <span class='ocrx_word' id='word_1_14' title='bbox 1868 666 2009 723; x_wconf 90' lang='lat' dir='ltr'><strong>doti-</strong></span> 
     </span>
    </p>
   </div>
   <div class='ocr_carea' id='block_1_5' title="bbox 435 753 2011 817">
    <p class='ocr_par' dir='ltr' id='par_1_5' title="bbox 435 753 2011 817">
     <span class='ocr_line' id='line_1_5' title="bbox 435 753 2011 817; baseline 0.004 -7"><span class='ocrx_word' id='word_1_15' title='bbox 435 753 537 810; x_wconf 93' lang='lat' dir='ltr'><strong>bus</strong></span> <span class='ocrx_word' id='word_1_16' title='bbox 581 754 710 809; x_wconf 90' lang='lat' dir='ltr'><strong>mihi</strong></span> <span class='ocrx_word' id='word_1_17' title='bbox 765 754 1088 809; x_wconf 75' lang='lat' dir='ltr'><strong>abundantia</strong></span> <span class='ocrx_word' id='word_1_18' title='bbox 1137 765 1313 812; x_wconf 89' lang='lat' dir='ltr'><strong>vestra</strong></span> <span class='ocrx_word' id='word_1_19' title='bbox 1369 757 1501 813; x_wconf 85' lang='lat' dir='ltr'><strong>nihil</strong></span> <span class='ocrx_word' id='word_1_20' title='bbox 1561 758 1748 815; x_wconf 91' lang='lat' dir='ltr'><strong>tribuit</strong></span> <span class='ocrx_word' id='word_1_21' title='bbox 1788 777 1801 817; x_wconf 90' lang='lat'><strong>:</strong></span> <span class='ocrx_word' id='word_1_22' title='bbox 1843 769 1899 816; x_wconf 89' lang='lat' dir='ltr'><strong>et</strong></span> <span class='ocrx_word' id='word_1_23' title='bbox 1940 762 2011 817; x_wconf 87' lang='lat' dir='ltr'><strong>ita</strong></span> 
     </span>
    </p>
   </div>
   <div class='ocr_carea' id='block_1_6' title="bbox 435 847 2003 922">
    <p class='ocr_par' dir='ltr' id='par_1_6' title="bbox 435 847 2003 922">
     <span class='ocr_line' id='line_1_6' title="bbox 435 847 2003 922; baseline 0.003 -19"><span class='ocrx_word' id='word_1_24' title='bbox 435 848 755 917; x_wconf 85' lang='lat' dir='ltr'><strong>eloquentiae</strong></span> <span class='ocrx_word' id='word_1_25' title='bbox 793 847 984 917; x_wconf 90' lang='lat' dir='ltr'><strong>opibus</strong></span> <span class='ocrx_word' id='word_1_26' title='bbox 1012 847 1261 914; x_wconf 90' lang='lat' dir='ltr'><strong>incubat,</strong></span> <span class='ocrx_word' id='word_1_27' title='bbox 1286 858 1345 904; x_wconf 91' lang='lat' dir='ltr'><strong>ut</strong></span> <span class='ocrx_word' id='word_1_28' title='bbox 1371 859 1572 919; x_wconf 88' lang='lat' dir='ltr'><strong>partem</strong></span> <span class='ocrx_word' id='word_1_29' title='bbox 1599 866 1665 905; x_wconf 83' lang='lat' dir='ltr'><strong>ex</strong></span> <span class='ocrx_word' id='word_1_30' title='bbox 1692 851 1771 906; x_wconf 90' lang='lat' dir='ltr'><strong>eis</strong></span> <span class='ocrx_word' id='word_1_31' title='bbox 1802 851 2003 922; x_wconf 86' lang='lat' dir='ltr'><strong>facere,</strong></span> 
     </span>
    </p>
   </div>
   <div class='ocr_carea' id='block_1_7' title="bbox 433 940 2008 1014">
    <p class='ocr_par' dir='ltr' id='par_1_7' title="bbox 433 940 2008 1014">
     <span class='ocr_line' id='line_1_7' title="bbox 433 940 2008 1014; baseline 0.006 -21"><span class='ocrx_word' id='word_1_32' title='bbox 433 940 768 1011; x_wconf 82' lang='lat' dir='ltr'><strong>sacrilegium</strong></span> <span class='ocrx_word' id='word_1_33' title='bbox 803 950 1160 1009; x_wconf 75' lang='lat' dir='ltr'><strong>computetur.</strong></span> <span class='ocrx_word' id='word_1_34' title='bbox 1189 943 1383 1011; x_wconf 82' lang='lat' dir='ltr'><strong>Turpis</strong></span> <span class='ocrx_word' id='word_1_35' title='bbox 1409 952 1492 999; x_wconf 90' lang='lat' dir='ltr'><strong>est</strong></span> <span class='ocrx_word' id='word_1_36' title='bbox 1518 944 1762 1014; x_wconf 79' lang='lat' dir='ltr'><strong>equidem</strong></span> <span class='ocrx_word' id='word_1_37' title='bbox 1794 947 2008 1002; x_wconf 86' lang='lat' dir='ltr'><strong>univer-</strong></span> 
     </span>
    </p>
   </div>
   <div class='ocr_carea' id='block_1_8' title="bbox 433 1034 2008 1105">
    <p class='ocr_par' dir='ltr' id='par_1_8' title="bbox 433 1034 2008 1105">
     <span class='ocr_line' id='line_1_8' title="bbox 433 1034 2008 1105; baseline 0.004 -18"><span class='ocrx_word' id='word_1_38' title='bbox 433 1046 610 1087; x_wconf 84' lang='lat' dir='ltr'><strong>sarum</strong></span> <span class='ocrx_word' id='word_1_39' title='bbox 641 1047 819 1087; x_wconf 89' lang='lat' dir='ltr'><strong>rerum</strong></span> <span class='ocrx_word' id='word_1_40' title='bbox 854 1034 1073 1088; x_wconf 84' lang='lat' dir='ltr'><strong>avaritia</strong></span> <span class='ocrx_word' id='word_1_41' title='bbox 1102 1036 1361 1105; x_wconf 88' lang='lat' dir='ltr'><strong>:contigit</strong></span> <span class='ocrx_word' id='word_1_42' title='bbox 1396 1044 1570 1091; x_wconf 87' lang='lat' dir='ltr'><strong>tamen</strong></span> <span class='ocrx_word' id='word_1_43' title='bbox 1590 1078 1606 1102; x_wconf 90' lang='lat'><strong>,</strong></span> <span class='ocrx_word' id='word_1_44' title='bbox 1648 1038 1693 1092; x_wconf 89' lang='lat' dir='ltr'><strong>si</strong></span> <span class='ocrx_word' id='word_1_45' title='bbox 1722 1039 1883 1093; x_wconf 89' lang='lat' dir='ltr'><strong>verba</strong></span> <span class='ocrx_word' id='word_1_46' title='bbox 1915 1039 2008 1094; x_wconf 90' lang='lat' dir='ltr'><strong>de-</strong></span> 
     </span>
    </p>
   </div>
   <div class='ocr_carea' id='block_1_9' title="bbox 432 1122 2014 1193">
    <p class='ocr_par' dir='ltr' id='par_1_9' title="bbox 432 1122 2014 1193">
     <span class='ocr_line' id='line_1_9' title="bbox 432 1122 2014 1193; baseline 0.006 -18"><span class='ocrx_word' id='word_1_47' title='bbox 432 1136 629 1192; x_wconf 84' lang='lat' dir='ltr'><strong>neges,</strong></span> <span class='ocrx_word' id='word_1_48' title='bbox 673 1122 792 1193; x_wconf 89' lang='lat' dir='ltr'><strong>plus</strong></span> <span class='ocrx_word' id='word_1_49' title='bbox 837 1124 1099 1193; x_wconf 88' lang='lat' dir='ltr'><strong>pudenda.</strong></span> <span class='ocrx_word' id='word_1_50' title='bbox 1139 1124 1294 1193; x_wconf 72' lang='lat' dir='ltr'><strong>Stepe</strong></span> <span class='ocrx_word' id='word_1_51' title='bbox 1345 1126 1506 1181; x_wconf 90' lang='lat' dir='ltr'><strong>etiam</strong></span> <span class='ocrx_word' id='word_1_52' title='bbox 1567 1128 1745 1182; x_wconf 85' lang='lat' dir='ltr'><strong>evenit</strong></span> <span class='ocrx_word' id='word_1_53' title='bbox 1805 1139 1861 1183; x_wconf 90' lang='lat' dir='ltr'><strong>ut</strong></span> <span class='ocrx_word' id='word_1_54' title='bbox 1907 1128 2014 1185; x_wconf 86' lang='lat' dir='ltr'><strong>fre-</strong></span> 
     </span>
    </p>
   </div>
   <div class='ocr_carea' id='block_1_10' title="bbox 331 1215 2010 1290">
    <p class='ocr_par' dir='ltr' id='par_1_10' title="bbox 331 1215 2010 1290">
     <span class='ocr_line' id='line_1_10' title="bbox 331 1215 2010 1290; baseline 0.008 -25"><span class='ocrx_word' id='word_1_55' title='bbox 331 1220 337 1229; x_wconf 90' lang='lat'>&#39;</span> <span class='ocrx_word' id='word_1_56' title='bbox 432 1223 661 1286; x_wconf 85' lang='lat' dir='ltr'><strong>quenter</strong></span> <span class='ocrx_word' id='word_1_57' title='bbox 700 1215 999 1272; x_wconf 81' lang='lat' dir='ltr'><strong>scribentes</strong></span> <span class='ocrx_word' id='word_1_58' title='bbox 1030 1218 1205 1272; x_wconf 91' lang='lat' dir='ltr'><strong>minus</strong></span> <span class='ocrx_word' id='word_1_59' title='bbox 1233 1216 1457 1287; x_wconf 80' lang='lat' dir='ltr'><strong>diligant</strong></span> <span class='ocrx_word' id='word_1_60' title='bbox 1487 1234 1502 1284; x_wconf 95' lang='lat'><strong>;</strong></span> <span class='ocrx_word' id='word_1_61' title='bbox 1539 1235 1806 1290; x_wconf 85' lang='lat' dir='ltr'><strong>nunquam</strong></span> <span class='ocrx_word' id='word_1_62' title='bbox 1833 1232 2010 1278; x_wconf 89' lang='lat' dir='ltr'><strong>tamen</strong></span> 
     </span>
    </p>
   </div>
   <div class='ocr_carea' id='block_1_11' title="bbox 432 1308 2013 1383">
    <p class='ocr_par' dir='ltr' id='par_1_11' title="bbox 432 1308 2013 1383">
     <span class='ocr_line' id='line_1_11' title="bbox 432 1308 2013 1383; baseline 0.004 -22"><span class='ocrx_word' id='word_1_63' title='bbox 432 1308 663 1362; x_wconf 90' lang='lat' dir='ltr'><strong>accessit</strong></span> <span class='ocrx_word' id='word_1_64' title='bbox 699 1317 757 1362; x_wconf 93' lang='lat' dir='ltr'><strong>ut</strong></span> <span class='ocrx_word' id='word_1_65' title='bbox 785 1308 989 1378; x_wconf 90' lang='lat' dir='ltr'><strong>aliquid</strong></span> <span class='ocrx_word' id='word_1_66' title='bbox 1017 1309 1223 1364; x_wconf 85' lang='lat' dir='ltr'><strong>caritati</strong></span> <span class='ocrx_word' id='word_1_67' title='bbox 1252 1319 1520 1379; x_wconf 85' lang='lat' dir='ltr'><strong>reservet,</strong></span> <span class='ocrx_word' id='word_1_68' title='bbox 1566 1313 1655 1383; x_wconf 90' lang='lat' dir='ltr'><strong>qui</strong></span> <span class='ocrx_word' id='word_1_69' title='bbox 1680 1314 1732 1368; x_wconf 91' lang='lat' dir='ltr'><strong>in</strong></span> <span class='ocrx_word' id='word_1_70' title='bbox 1758 1324 2013 1383; x_wconf 88' lang='lat' dir='ltr'><strong>perpetua</strong></span> 
     </span>
    </p>
   </div>
   <div class='ocr_carea' id='block_1_12' title="bbox 433 1399 2015 1475">
    <p class='ocr_par' dir='ltr' id='par_1_12' title="bbox 433 1399 2015 1475">
     <span class='ocr_line' id='line_1_12' title="bbox 433 1399 2015 1475; baseline 0.004 -21"><span class='ocrx_word' id='word_1_71' title='bbox 433 1399 799 1455; x_wconf 81' lang='lat' dir='ltr'><strong>taciturnitate</strong></span> <span class='ocrx_word' id='word_1_72' title='bbox 839 1402 1111 1470; x_wconf 88' lang='lat' dir='ltr'><strong>perdurat.</strong></span> <span class='ocrx_word' id='word_1_73' title='bbox 1142 1403 1323 1459; x_wconf 84' lang='lat' dir='ltr'><strong>Potest</strong></span> <span class='ocrx_word' id='word_1_74' title='bbox 1355 1406 1502 1460; x_wconf 89' lang='lat' dir='ltr'><strong>nasci</strong></span> <span class='ocrx_word' id='word_1_75' title='bbox 1534 1404 1602 1459; x_wconf 82' lang='lat' dir='ltr'><strong>de</strong></span> <span class='ocrx_word' id='word_1_76' title='bbox 1639 1406 2015 1475; x_wconf 88' lang='lat' dir='ltr'><strong>epistolaribus</strong></span> 
     </span>
    </p>
   </div>
   <div class='ocr_carea' id='block_1_13' title="bbox 433 1490 2014 1569">
    <p class='ocr_par' dir='ltr' id='par_1_13' title="bbox 433 1490 2014 1569">
     <span class='ocr_line' id='line_1_13' title="bbox 433 1490 2014 1569; baseline 0.005 -24"><span class='ocrx_word' id='word_1_77' title='bbox 433 1490 812 1547; x_wconf 88' lang='lat' dir='ltr'><strong>blandimentis</strong></span> <span class='ocrx_word' id='word_1_78' title='bbox 843 1494 1157 1563; x_wconf 78' lang='lat' dir='ltr'><strong>ambiguitas</strong></span> <span class='ocrx_word' id='word_1_79' title='bbox 1191 1512 1205 1548; x_wconf 92' lang='lat'><strong>:</strong></span> <span class='ocrx_word' id='word_1_80' title='bbox 1237 1505 1382 1551; x_wconf 89' lang='lat' dir='ltr'><strong>certa</strong></span> <span class='ocrx_word' id='word_1_81' title='bbox 1416 1497 1547 1552; x_wconf 87' lang='lat' dir='ltr'><strong>fides</strong></span> <span class='ocrx_word' id='word_1_82' title='bbox 1579 1507 1661 1551; x_wconf 86' lang='grc' dir='ltr'><strong>εει</strong></span> <span class='ocrx_word' id='word_1_83' title='bbox 1709 1496 1777 1551; x_wconf 90' lang='lat' dir='ltr'><strong>ab</strong></span> <span class='ocrx_word' id='word_1_84' title='bbox 1806 1512 1871 1552; x_wconf 90' lang='lat' dir='ltr'><strong>eo</strong></span> <span class='ocrx_word' id='word_1_85' title='bbox 1923 1499 2014 1569; x_wconf 93' lang='lat' dir='ltr'><strong>qui</strong></span> 
     </span>
    </p>
   </div>
   <div class='ocr_carea' id='block_1_14' title="bbox 432 1584 2016 1658">
    <p class='ocr_par' dir='ltr' id='par_1_14' title="bbox 432 1584 2016 1658">
     <span class='ocr_line' id='line_1_14' title="bbox 432 1584 2016 1658; baseline 0.005 -20"><span class='ocrx_word' id='word_1_86' title='bbox 432 1592 613 1638; x_wconf 74' lang='lat' dir='ltr'><strong>servat</strong></span> <span class='ocrx_word' id='word_1_87' title='bbox 640 1584 906 1638; x_wconf 91' lang='lat' dir='ltr'><strong>silentium</strong></span> <span class='ocrx_word' id='word_1_88' title='bbox 950 1600 1053 1639; x_wconf 90' lang='lat' dir='ltr'><strong>non</strong></span> <span class='ocrx_word' id='word_1_89' title='bbox 1083 1588 1273 1641; x_wconf 88' lang='lat' dir='ltr'><strong>amari.</strong></span> <span class='ocrx_word' id='word_1_90' title='bbox 1311 1586 1436 1642; x_wconf 81' lang='lat' dir='ltr'><strong>Haec</strong></span> <span class='ocrx_word' id='word_1_91' title='bbox 1462 1596 1589 1643; x_wconf 89' lang='lat' dir='ltr'><strong>sunt</strong></span> <span class='ocrx_word' id='word_1_92' title='bbox 1633 1604 1753 1658; x_wconf 68' lang='lat' dir='ltr'><strong>quae</strong></span> <span class='ocrx_word' id='word_1_93' title='bbox 1810 1589 1860 1641; x_wconf 94' lang='lat' dir='ltr'><strong>in</strong></span> <span class='ocrx_word' id='word_1_94' title='bbox 1914 1590 2016 1646; x_wconf 88' lang='lat' dir='ltr'><strong>fes-</strong></span> 
     </span>
    </p>
   </div>
   <div class='ocr_carea' id='block_1_15' title="bbox 436 1676 2015 1749">
    <p class='ocr_par' dir='ltr' id='par_1_15' title="bbox 436 1676 2015 1749">
     <span class='ocr_line' id='line_1_15' title="bbox 436 1676 2015 1749; baseline 0.004 -20"><span class='ocrx_word' id='word_1_95' title='bbox 436 1677 696 1731; x_wconf 90' lang='lat' dir='ltr'><strong>tinatione</strong></span> <span class='ocrx_word' id='word_1_96' title='bbox 735 1676 1021 1745; x_wconf 89' lang='lat' dir='ltr'><strong>perlatoris</strong></span> <span class='ocrx_word' id='word_1_97' title='bbox 1059 1679 1202 1733; x_wconf 89' lang='lat' dir='ltr'><strong>celer</strong></span> <span class='ocrx_word' id='word_1_98' title='bbox 1245 1679 1468 1748; x_wconf 90' lang='lat' dir='ltr'><strong>scripsi,</strong></span> <span class='ocrx_word' id='word_1_99' title='bbox 1514 1681 1742 1749; x_wconf 89' lang='lat' dir='ltr'><strong>geminis</strong></span> <span class='ocrx_word' id='word_1_100' title='bbox 1784 1681 2015 1735; x_wconf 91' lang='lat' dir='ltr'><strong>stimulis</strong></span> 
     </span>
    </p>
   </div>
   <div class='ocr_carea' id='block_1_16' title="bbox 434 1768 2015 1843">
    <p class='ocr_par' dir='ltr' id='par_1_16' title="bbox 434 1768 2015 1843">
     <span class='ocr_line' id='line_1_16' title="bbox 434 1768 2015 1843; baseline 0.004 -22"><span class='ocrx_word' id='word_1_101' title='bbox 434 1768 717 1836; x_wconf 89' lang='lat' dir='ltr'><strong>incitatus,</strong></span> <span class='ocrx_word' id='word_1_102' title='bbox 748 1769 830 1823; x_wconf 85' lang='lat' dir='ltr'><strong>vel</strong></span> <span class='ocrx_word' id='word_1_103' title='bbox 862 1769 1251 1838; x_wconf 90' lang='lat' dir='ltr'><strong>properationis</strong></span> <span class='ocrx_word' id='word_1_104' title='bbox 1295 1770 1462 1839; x_wconf 88' lang='lat' dir='ltr'><strong>bajuli</strong></span> <span class='ocrx_word' id='word_1_105' title='bbox 1503 1773 1586 1825; x_wconf 86' lang='lat' dir='ltr'><strong>vel</strong></span> <span class='ocrx_word' id='word_1_106' title='bbox 1616 1771 1837 1828; x_wconf 82' lang='lat' dir='ltr'><strong>doloris.</strong></span> <span class='ocrx_word' id='word_1_107' title='bbox 1872 1772 2015 1843; x_wconf 86' lang='lat' dir='ltr'><strong>Ergo</strong></span> 
     </span>
    </p>
   </div>
   <div class='ocr_carea' id='block_1_17' title="bbox 1567 374 2588 436">
    <p class='ocr_par' dir='ltr' id='par_1_17' title="bbox 1567 374 2588 436">
     <span class='ocr_line' id='line_1_17' title="bbox 1567 374 2588 436; baseline 0.005 -7"><span class='ocrx_word' id='word_1_108' title='bbox 1567 374 1837 431; x_wconf 79' lang='lat' dir='ltr'><strong>ENNODII</strong></span> <span class='ocrx_word' id='word_1_109' title='bbox 1885 378 2179 434; x_wconf 78' lang='lat' dir='ltr'><strong>EPISCOI’I</strong></span> <span class='ocrx_word' id='word_1_110' title='bbox 2223 379 2588 436; x_wconf 82' lang='lat' dir='ltr'><strong>TICINENSIS</strong></span> 
     </span>
    </p>
   </div>
   <div class='ocr_carea' id='block_1_18' title="bbox 2038 494 3690 570">
    <p class='ocr_par' dir='ltr' id='par_1_18' title="bbox 2038 494 3690 570">
     <span class='ocr_line' id='line_1_18' title="bbox 2038 494 3690 570; baseline 0.007 -22"><span class='ocrx_word' id='word_1_111' title='bbox 2038 497 2091 557; x_wconf 78' lang='grc' dir='ltr'>Α</span> <span class='ocrx_word' id='word_1_112' title='bbox 2117 495 2412 564; x_wconf 73' lang='lat' dir='ltr'><strong>praedicare</strong></span> <span class='ocrx_word' id='word_1_113' title='bbox 2457 494 2696 562; x_wconf 77' lang='lat' dir='ltr'><strong>virtutes,</strong></span> <span class='ocrx_word' id='word_1_114' title='bbox 2740 510 2896 566; x_wconf 92' lang='lat' dir='ltr'><strong>quem</strong></span> <span class='ocrx_word' id='word_1_115' title='bbox 2947 498 3000 552; x_wconf 92' lang='lat' dir='ltr'><strong>in</strong></span> <span class='ocrx_word' id='word_1_116' title='bbox 3040 498 3197 552; x_wconf 89' lang='lat' dir='ltr'><strong>annis</strong></span> <span class='ocrx_word' id='word_1_117' title='bbox 3236 500 3543 570; x_wconf 89' lang='lat' dir='ltr'><strong>puerilibus,</strong></span> <span class='ocrx_word' id='word_1_118' title='bbox 3574 504 3690 559; x_wconf 87' lang='lat' dir='ltr'><strong>sine</strong></span> 
     </span>
    </p>
   </div>
   <div class='ocr_carea' id='block_1_19' title="bbox 3583 388 3687 443">
    <p class='ocr_par' dir='ltr' id='par_1_19' title="bbox 3583 388 3687 443">
     <span class='ocr_line' id='line_1_19' title="bbox 3583 388 3687 443; baseline 0.01 -1"><span class='ocrx_word' id='word_1_119' title='bbox 3583 388 3687 443; x_wconf 67' lang='lat'><strong>{20</strong></span> 
     </span>
    </p>
   </div>
   <div class='ocr_carea' id='block_1_20' title="bbox 2112 585 3693 665">
    <p class='ocr_par' dir='ltr' id='par_1_20' title="bbox 2112 585 3693 665">
     <span class='ocr_line' id='line_1_20' title="bbox 2112 585 3693 665; baseline 0.006 -24"><span class='ocrx_word' id='word_1_120' title='bbox 2112 586 2285 641; x_wconf 61' lang='lat' dir='ltr'><strong>astatis</strong></span> <span class='ocrx_word' id='word_1_121' title='bbox 2327 586 2660 656; x_wconf 88' lang='lat' dir='ltr'><strong>praejudicio,</strong></span> <span class='ocrx_word' id='word_1_122' title='bbox 2689 585 2946 643; x_wconf 88' lang='lat' dir='ltr'><strong>industria</strong></span> <span class='ocrx_word' id='word_1_123' title='bbox 2976 587 3100 644; x_wconf 87' lang='lat' dir='ltr'><strong>fecit</strong></span> <span class='ocrx_word' id='word_1_124' title='bbox 3125 590 3399 661; x_wconf 87' lang='lat' dir='ltr'><strong>antiquum</strong></span> <span class='ocrx_word' id='word_1_125' title='bbox 3429 610 3443 658; x_wconf 89' lang='lat'><strong>;</strong></span> <span class='ocrx_word' id='word_1_126' title='bbox 3476 594 3567 664; x_wconf 91' lang='lat' dir='ltr'><strong>qui</strong></span> <span class='ocrx_word' id='word_1_127' title='bbox 3596 610 3693 665; x_wconf 89' lang='lat' dir='ltr'><strong>per</strong></span> 
     </span>
    </p>
   </div>
   <div class='ocr_carea' id='block_1_21' title="bbox 2112 677 3694 751">
    <p class='ocr_par' dir='ltr' id='par_1_21' title="bbox 2112 677 3694 751">
     <span class='ocr_line' id='line_1_21' title="bbox 2112 677 3694 751; baseline 0.007 -19"><span class='ocrx_word' id='word_1_128' title='bbox 2112 677 2445 748; x_wconf 83' lang='lat' dir='ltr'><strong>diligentiam</strong></span> <span class='ocrx_word' id='word_1_129' title='bbox 2472 678 2661 749; x_wconf 89' lang='lat' dir='ltr'><strong>imples</strong></span> <span class='ocrx_word' id='word_1_130' title='bbox 2680 694 2839 734; x_wconf 90' lang='lat' dir='ltr'><strong>omne</strong></span> <span class='ocrx_word' id='word_1_131' title='bbox 2859 680 2999 751; x_wconf 89' lang='lat' dir='ltr'><strong>quod</strong></span> <span class='ocrx_word' id='word_1_132' title='bbox 3022 682 3265 751; x_wconf 91' lang='lat' dir='ltr'><strong>cogitur;</strong></span> <span class='ocrx_word' id='word_1_133' title='bbox 3295 685 3379 739; x_wconf 94' lang='lat' dir='ltr'><strong>cui</strong></span> <span class='ocrx_word' id='word_1_134' title='bbox 3401 686 3542 742; x_wconf 89' lang='lat' dir='ltr'><strong>inter</strong></span> <span class='ocrx_word' id='word_1_135' title='bbox 3567 687 3694 743; x_wconf 69' lang='lat' dir='ltr'><strong>vitae</strong></span> 
     </span>
    </p>
   </div>
   <div class='ocr_carea' id='block_1_22' title="bbox 2114 768 3696 842">
    <p class='ocr_par' dir='ltr' id='par_1_22' title="bbox 2114 768 3696 842">
     <span class='ocr_line' id='line_1_22' title="bbox 2114 768 3696 842; baseline 0.008 -19"><span class='ocrx_word' id='word_1_136' title='bbox 2114 768 2341 824; x_wconf 88' lang='lat' dir='ltr'><strong>exordia</strong></span> <span class='ocrx_word' id='word_1_137' title='bbox 2379 769 2536 825; x_wconf 90' lang='lat' dir='ltr'><strong>ludus</strong></span> <span class='ocrx_word' id='word_1_138' title='bbox 2566 780 2648 826; x_wconf 89' lang='lat' dir='ltr'><strong>est</strong></span> <span class='ocrx_word' id='word_1_139' title='bbox 2685 770 2929 826; x_wconf 88' lang='lat' dir='ltr'><strong>lectionis</strong></span> <span class='ocrx_word' id='word_1_140' title='bbox 2958 772 3266 842; x_wconf 86' lang='lat' dir='ltr'><strong>assiduitas,</strong></span> <span class='ocrx_word' id='word_1_141' title='bbox 3290 784 3345 830; x_wconf 91' lang='lat' dir='ltr'><strong>et</strong></span> <span class='ocrx_word' id='word_1_142' title='bbox 3370 776 3578 833; x_wconf 62' lang='lat' dir='ltr'><strong>deliciae</strong></span> <span class='ocrx_word' id='word_1_143' title='bbox 3606 793 3696 835; x_wconf 88' lang='lat' dir='ltr'><strong>su-</strong></span> 
     </span>
    </p>
   </div>
   <div class='ocr_carea' id='block_1_23' title="bbox 2115 861 3694 939">
    <p class='ocr_par' dir='ltr' id='par_1_23' title="bbox 2115 861 3694 939">
     <span class='ocr_line' id='line_1_23' title="bbox 2115 861 3694 939; baseline 0.005 -22"><span class='ocrx_word' id='word_1_144' title='bbox 2115 861 2213 917; x_wconf 88' lang='lat' dir='ltr'><strong>dor</strong></span> <span class='ocrx_word' id='word_1_145' title='bbox 2242 861 2446 916; x_wconf 92' lang='lat' dir='ltr'><strong>alienus</strong></span> <span class='ocrx_word' id='word_1_146' title='bbox 2470 880 2486 929; x_wconf 96' lang='lat'><strong>;</strong></span> <span class='ocrx_word' id='word_1_147' title='bbox 2519 864 2572 918; x_wconf 91' lang='lat' dir='ltr'><strong>in</strong></span> <span class='ocrx_word' id='word_1_148' title='bbox 2602 864 2755 931; x_wconf 88' lang='lat' dir='ltr'><strong>cujus</strong></span> <span class='ocrx_word' id='word_1_149' title='bbox 2781 864 3028 920; x_wconf 85' lang='lat' dir='ltr'><strong>manibus</strong></span> <span class='ocrx_word' id='word_1_150' title='bbox 3048 865 3317 936; x_wconf 85' lang='lat' dir='ltr'><strong>duplicato</strong></span> <span class='ocrx_word' id='word_1_151' title='bbox 3339 869 3460 939; x_wconf 90' lang='lat' dir='ltr'><strong>igne</strong></span> <span class='ocrx_word' id='word_1_152' title='bbox 3486 872 3694 937; x_wconf 85' lang='lat' dir='ltr'><strong>rutilat,</strong></span> 
     </span>
    </p>
   </div>
   <div class='ocr_carea' id='block_1_24' title="bbox 2117 954 3697 1032">
    <p class='ocr_par' dir='ltr' id='par_1_24' title="bbox 2117 954 3697 1032">
     <span class='ocr_line' id='line_1_24' title="bbox 2117 954 3697 1032; baseline 0.007 -24"><span class='ocrx_word' id='word_1_153' title='bbox 2117 970 2220 1025; x_wconf 92' lang='lat' dir='ltr'><strong>qua</strong></span> <span class='ocrx_word' id='word_1_154' title='bbox 2253 964 2462 1011; x_wconf 85' lang='lat' dir='ltr'><strong>veteres</strong></span> <span class='ocrx_word' id='word_1_155' title='bbox 2492 954 2607 1012; x_wconf 89' lang='lat' dir='ltr'><strong>face</strong></span> <span class='ocrx_word' id='word_1_156' title='bbox 2636 956 2921 1012; x_wconf 81' lang='lat' dir='ltr'><strong>fulserunt.</strong></span> <span class='ocrx_word' id='word_1_157' title='bbox 2953 958 3083 1014; x_wconf 82' lang='lat' dir='ltr'><strong>Nam</strong></span> <span class='ocrx_word' id='word_1_158' title='bbox 3115 960 3252 1029; x_wconf 90' lang='lat' dir='ltr'><strong>quod</strong></span> <span class='ocrx_word' id='word_1_159' title='bbox 3281 962 3368 1015; x_wconf 91' lang='lat' dir='ltr'><strong>vix</strong></span> <span class='ocrx_word' id='word_1_160' title='bbox 3402 963 3697 1032; x_wconf 89' lang='lat' dir='ltr'><strong>majoribus</strong></span> 
     </span>
    </p>
   </div>
   <div class='ocr_carea' id='block_1_25' title="bbox 2120 1049 3697 1121">
    <p class='ocr_par' dir='ltr' id='par_1_25' title="bbox 2120 1049 3697 1121">
     <span class='ocr_line' id='line_1_25' title="bbox 2120 1049 3697 1121; baseline 0.005 -16"><span class='ocrx_word' id='word_1_161' title='bbox 2120 1049 2264 1105; x_wconf 89' lang='lat' dir='ltr'><strong>circa</strong></span> <span class='ocrx_word' id='word_1_162' title='bbox 2285 1050 2680 1105; x_wconf 78' lang='lat' dir='ltr'><strong>extremitatem</strong></span> <span class='ocrx_word' id='word_1_163' title='bbox 2711 1051 2835 1105; x_wconf 67' lang='lat' dir='ltr'><strong>vitae</strong></span> <span class='ocrx_word' id='word_1_164' title='bbox 2862 1052 3103 1121; x_wconf 86' lang='lat' dir='ltr'><strong>contigit,</strong></span> <span class='ocrx_word' id='word_1_165' title='bbox 3134 1051 3235 1107; x_wconf 90' lang='lat' dir='ltr'><strong>hoc</strong></span> <span class='ocrx_word' id='word_1_166' title='bbox 3256 1053 3351 1108; x_wconf 91' lang='lat' dir='ltr'><strong>tibi</strong></span> <span class='ocrx_word' id='word_1_167' title='bbox 3381 1054 3617 1111; x_wconf 85' lang='lat' dir='ltr'><strong>abundat</strong></span> <span class='ocrx_word' id='word_1_168' title='bbox 3644 1058 3697 1113; x_wconf 91' lang='lat' dir='ltr'><strong>in</strong></span> 
     </span>
    </p>
   </div>
   <div class='ocr_carea' id='block_1_26' title="bbox 2120 1142 3698 1217">
    <p class='ocr_par' dir='ltr' id='par_1_26' title="bbox 2120 1142 3698 1217">
     <span class='ocr_line' id='line_1_26' title="bbox 2120 1142 3698 1217; baseline 0.004 -19"><span class='ocrx_word' id='word_1_169' title='bbox 2120 1142 2325 1199; x_wconf 83' lang='lat' dir='ltr'><strong>limine.</strong></span> <span class='ocrx_word' id='word_1_170' title='bbox 2360 1144 2497 1200; x_wconf 89' lang='lat' dir='ltr'><strong>Vere</strong></span> <span class='ocrx_word' id='word_1_171' title='bbox 2523 1145 2718 1201; x_wconf 90' lang='lat' dir='ltr'><strong>dedisti</strong></span> <span class='ocrx_word' id='word_1_172' title='bbox 2747 1147 2975 1216; x_wconf 89' lang='lat' dir='ltr'><strong>pretium</strong></span> <span class='ocrx_word' id='word_1_173' title='bbox 3022 1148 3323 1217; x_wconf 90' lang='lat' dir='ltr'><strong>loquacitati</strong></span> <span class='ocrx_word' id='word_1_174' title='bbox 3373 1163 3527 1216; x_wconf 75' lang='lat' dir='ltr'><strong>meze,</strong></span> <span class='ocrx_word' id='word_1_175' title='bbox 3570 1150 3698 1204; x_wconf 93' lang='lat' dir='ltr'><strong>dum</strong></span> 
     </span>
    </p>
   </div>
   <div class='ocr_carea' id='block_1_27' title="bbox 2120 1235 3700 1313">
    <p class='ocr_par' dir='ltr' id='par_1_27' title="bbox 2120 1235 3700 1313">
     <span class='ocr_line' id='line_1_27' title="bbox 2120 1235 3700 1313; baseline 0.005 -23"><span class='ocrx_word' id='word_1_176' title='bbox 2120 1235 2516 1293; x_wconf 87' lang='lat' dir='ltr'><strong>desiderantem</strong></span> <span class='ocrx_word' id='word_1_177' title='bbox 2561 1239 2823 1309; x_wconf 90' lang='lat' dir='ltr'><strong>colloquia</strong></span> <span class='ocrx_word' id='word_1_178' title='bbox 2864 1238 3068 1309; x_wconf 92' lang='lat' dir='ltr'><strong>primus</strong></span> <span class='ocrx_word' id='word_1_179' title='bbox 3100 1239 3433 1309; x_wconf 85' lang='lat' dir='ltr'><strong>aggrederis.</strong></span> <span class='ocrx_word' id='word_1_180' title='bbox 3464 1239 3700 1313; x_wconf 83' lang='lat' dir='ltr'><strong>Contigit</strong></span> 
     </span>
    </p>
   </div>
   <div class='ocr_carea' id='block_1_28' title="bbox 2120 1331 3701 1404">
    <p class='ocr_par' dir='ltr' id='par_1_28' title="bbox 2120 1331 3701 1404">
     <span class='ocr_line' id='line_1_28' title="bbox 2120 1331 3701 1404; baseline 0.004 -20"><span class='ocrx_word' id='word_1_181' title='bbox 2120 1344 2255 1384; x_wconf 89' lang='lat' dir='ltr'><strong>nova</strong></span> <span class='ocrx_word' id='word_1_182' title='bbox 2287 1344 2373 1385; x_wconf 90' lang='lat' dir='ltr'><strong>res</strong></span> <span class='ocrx_word' id='word_1_183' title='bbox 2406 1331 2644 1402; x_wconf 90' lang='lat' dir='ltr'><strong>garrulo,</strong></span> <span class='ocrx_word' id='word_1_184' title='bbox 2685 1341 2742 1387; x_wconf 93' lang='lat' dir='ltr'><strong>ut</strong></span> <span class='ocrx_word' id='word_1_185' title='bbox 2788 1346 2956 1403; x_wconf 90' lang='lat' dir='ltr'><strong>usque</strong></span> <span class='ocrx_word' id='word_1_186' title='bbox 2983 1332 3121 1387; x_wconf 91' lang='lat' dir='ltr'><strong>adeo</strong></span> <span class='ocrx_word' id='word_1_187' title='bbox 3162 1333 3573 1404; x_wconf 89' lang='lat' dir='ltr'><strong>produceretur,</strong></span> <span class='ocrx_word' id='word_1_188' title='bbox 3603 1337 3701 1391; x_wconf 91' lang='lat' dir='ltr'><strong>do-</strong></span> 
     </span>
    </p>
   </div>
   <div class='ocr_carea' id='block_1_29' title="bbox 2116 1421 3701 1497">
    <p class='ocr_par' dir='ltr' id='par_1_29' title="bbox 2116 1421 3701 1497">
     <span class='ocr_line' id='line_1_29' title="bbox 2116 1421 3701 1497; baseline 0.005 -23"><span class='ocrx_word' id='word_1_189' title='bbox 2116 1434 2218 1475; x_wconf 91' lang='lat' dir='ltr'><strong>nec</strong></span> <span class='ocrx_word' id='word_1_190' title='bbox 2262 1421 2538 1492; x_wconf 83' lang='lat' dir='ltr'><strong>exigerent</strong></span> <span class='ocrx_word' id='word_1_191' title='bbox 2583 1424 2781 1492; x_wconf 89' lang='lat' dir='ltr'><strong>scripta</strong></span> <span class='ocrx_word' id='word_1_192' title='bbox 2832 1437 3174 1493; x_wconf 90' lang='lat' dir='ltr'><strong>responsum.</strong></span> <span class='ocrx_word' id='word_1_193' title='bbox 3218 1424 3329 1480; x_wconf 88' lang='lat' dir='ltr'><strong>Deo</strong></span> <span class='ocrx_word' id='word_1_194' title='bbox 3358 1428 3583 1497; x_wconf 85' lang='lat' dir='ltr'><strong>gratias,</strong></span> <span class='ocrx_word' id='word_1_195' title='bbox 3610 1433 3701 1497; x_wconf 82' lang='lat' dir='ltr'><strong>qui</strong></span> 
     </span>
    </p>
   </div>
   <div class='ocr_carea' id='block_1_30' title="bbox 2117 1514 3702 1587">
    <p class='ocr_par' dir='ltr' id='par_1_30' title="bbox 2117 1514 3702 1587">
     <span class='ocr_line' id='line_1_30' title="bbox 2117 1514 3702 1587; baseline 0.005 -18"><span class='ocrx_word' id='word_1_196' title='bbox 2117 1514 2343 1571; x_wconf 91' lang='lat' dir='ltr'><strong>occultis</strong></span> <span class='ocrx_word' id='word_1_197' title='bbox 2372 1515 2653 1571; x_wconf 88' lang='lat' dir='ltr'><strong>itineribus</strong></span> <span class='ocrx_word' id='word_1_198' title='bbox 2679 1516 2747 1572; x_wconf 92' lang='lat' dir='ltr'><strong>de</strong></span> <span class='ocrx_word' id='word_1_199' title='bbox 2774 1518 3055 1587; x_wconf 81' lang='lat' dir='ltr'><strong>propinqui</strong></span> <span class='ocrx_word' id='word_1_200' title='bbox 3085 1534 3183 1574; x_wconf 91' lang='lat' dir='ltr'><strong>vos</strong></span> <span class='ocrx_word' id='word_1_201' title='bbox 3212 1520 3512 1576; x_wconf 88' lang='lat' dir='ltr'><strong>necessaria</strong></span> <span class='ocrx_word' id='word_1_202' title='bbox 3541 1520 3702 1576; x_wconf 70' lang='lat' dir='ltr'><strong>allec-</strong></span> 
     </span>
    </p>
   </div>
   <div class='ocr_carea' id='block_1_31' title="bbox 2122 1607 3703 1683">
    <p class='ocr_par' dir='ltr' id='par_1_31' title="bbox 2122 1607 3703 1683">
     <span class='ocr_line' id='line_1_31' title="bbox 2122 1607 3703 1683; baseline 0.006 -24"><span class='ocrx_word' id='word_1_203' title='bbox 2122 1607 2267 1662; x_wconf 90' lang='lat' dir='ltr'><strong>tione</strong></span> <span class='ocrx_word' id='word_1_204' title='bbox 2291 1609 2599 1663; x_wconf 84' lang='lat' dir='ltr'><strong>commovit.</strong></span> <span class='ocrx_word' id='word_1_205' title='bbox 2644 1609 2781 1662; x_wconf 83' lang='lat' dir='ltr'><strong>Ecce</strong></span> <span class='ocrx_word' id='word_1_206' title='bbox 2819 1610 3045 1679; x_wconf 70' lang='lat' dir='ltr'><strong>gemina:</strong></span> <span class='ocrx_word' id='word_1_207' title='bbox 3093 1625 3285 1667; x_wconf 88' lang='lat' dir='ltr'><strong>causas</strong></span> <span class='ocrx_word' id='word_1_208' title='bbox 3331 1612 3542 1683; x_wconf 87' lang='lat' dir='ltr'><strong>injuriae</strong></span> <span class='ocrx_word' id='word_1_209' title='bbox 3587 1614 3703 1681; x_wconf 87' lang='lat' dir='ltr'><strong>jam</strong></span> 
     </span>
    </p>
   </div>
   <div class='ocr_carea' id='block_1_32' title="bbox 2128 1701 3703 1775">
    <p class='ocr_par' dir='ltr' id='par_1_32' title="bbox 2128 1701 3703 1775">
     <span class='ocr_line' id='line_1_32' title="bbox 2128 1701 3703 1775; baseline 0.004 -22"><span class='ocrx_word' id='word_1_210' title='bbox 2128 1701 2357 1755; x_wconf 88' lang='lat' dir='ltr'><strong>tenetis:</strong></span> <span class='ocrx_word' id='word_1_211' title='bbox 2391 1716 2514 1756; x_wconf 88' lang='lat' dir='ltr'><strong>nam</strong></span> <span class='ocrx_word' id='word_1_212' title='bbox 2563 1711 2842 1771; x_wconf 85' lang='lat' dir='ltr'><strong>postquam</strong></span> <span class='ocrx_word' id='word_1_213' title='bbox 2896 1704 3123 1773; x_wconf 88' lang='lat' dir='ltr'><strong>agrestis</strong></span> <span class='ocrx_word' id='word_1_214' title='bbox 3165 1704 3391 1772; x_wconf 90' lang='lat' dir='ltr'><strong>innotui,</strong></span> <span class='ocrx_word' id='word_1_215' title='bbox 3432 1719 3703 1775; x_wconf 61' lang='lat' dir='ltr'><strong>praesumo</strong></span> 
     </span>
    </p>
   </div>
   <div class='ocr_carea' id='block_1_33' title="bbox 2121 1791 3703 1867">
    <p class='ocr_par' dir='ltr' id='par_1_33' title="bbox 2121 1791 3703 1867">
     <span class='ocr_line' id='line_1_33' title="bbox 2121 1791 3703 1867; baseline 0.007 -22"><span class='ocrx_word' id='word_1_216' title='bbox 2121 1806 2208 1846; x_wconf 90' lang='lat' dir='ltr'><strong>me</strong></span> <span class='ocrx_word' id='word_1_217' title='bbox 2256 1791 2437 1849; x_wconf 86' lang='lat' dir='ltr'><strong>dicere</strong></span> <span class='ocrx_word' id='word_1_218' title='bbox 2487 1794 3058 1863; x_wconf 87' lang='lat' dir='ltr'><strong>parentem.‘Domine</strong></span> <span class='ocrx_word' id='word_1_219' title='bbox 3101 1797 3195 1867; x_wconf 92' lang='lat' dir='ltr'><strong>mi,</strong></span> <span class='ocrx_word' id='word_1_220' title='bbox 3227 1798 3417 1855; x_wconf 87' lang='lat' dir='ltr'><strong>salutis</strong></span> <span class='ocrx_word' id='word_1_221' title='bbox 3462 1798 3703 1856; x_wconf 81' lang='lat' dir='ltr'><strong>officium</strong></span> 
     </span>
    </p>
   </div>
   <div class='ocr_carea' id='block_1_34' title="bbox 432 1859 2012 1959">
    <p class='ocr_par' dir='ltr' id='par_1_34' title="bbox 432 1859 2012 1920">
     <span class='ocr_line' id='line_1_34' title="bbox 432 1859 2012 1920; baseline 0.003 -5"><span class='ocrx_word' id='word_1_222' title='bbox 432 1859 597 1915; x_wconf 79' lang='lat' dir='ltr'><strong>taedio</strong></span> <span class='ocrx_word' id='word_1_223' title='bbox 624 1859 785 1913; x_wconf 91' lang='lat' dir='ltr'><strong>animi</strong></span> <span class='ocrx_word' id='word_1_224' title='bbox 816 1860 923 1914; x_wconf 90' lang='lat' dir='ltr'><strong>mei</strong></span> <span class='ocrx_word' id='word_1_225' title='bbox 954 1861 1188 1916; x_wconf 88' lang='lat' dir='ltr'><strong>remedia</strong></span> <span class='ocrx_word' id='word_1_226' title='bbox 1220 1862 1591 1919; x_wconf 87' lang='lat' dir='ltr'><strong>incunctanter</strong></span> <span class='ocrx_word' id='word_1_227' title='bbox 1623 1863 1873 1919; x_wconf 86' lang='lat' dir='ltr'><strong>adhibete</strong></span> <span class='ocrx_word' id='word_1_228' title='bbox 1908 1884 1921 1918; x_wconf 86' lang='lat'><strong>:</strong></span> <span class='ocrx_word' id='word_1_229' title='bbox 1958 1874 2012 1920; x_wconf 92' lang='lat' dir='ltr'><strong>ut</strong></span> 
     </span>
    </p>
   </div>
   <div class='ocr_carea' id='block_1_35' title="bbox 2118 1859 3704 1959">
    <p class='ocr_par' dir='ltr' id='par_1_35' title="bbox 2118 1882 3704 1959">
     <span class='ocr_line' id='line_1_35' title="bbox 2118 1882 3704 1959; baseline 0.006 -22"><span class='ocrx_word' id='word_1_230' title='bbox 2118 1882 2324 1947; x_wconf 89' lang='lat' dir='ltr'><strong>dicens,</strong></span> <span class='ocrx_word' id='word_1_231' title='bbox 2353 1899 2513 1953; x_wconf 80' lang='lat' dir='ltr'><strong>Spero</strong></span> <span class='ocrx_word' id='word_1_232' title='bbox 2538 1892 2595 1940; x_wconf 93' lang='lat' dir='ltr'><strong>ut</strong></span> <span class='ocrx_word' id='word_1_233' title='bbox 2618 1886 2759 1941; x_wconf 87' lang='lat' dir='ltr'><strong>circa</strong></span> <span class='ocrx_word' id='word_1_234' title='bbox 2800 1886 3101 1943; x_wconf 89' lang='lat' dir='ltr'><strong>litterarum</strong></span> <span class='ocrx_word' id='word_1_235' title='bbox 3136 1889 3316 1944; x_wconf 84' lang='lat' dir='ltr'><strong>munia</strong></span> <span class='ocrx_word' id='word_1_236' title='bbox 3346 1888 3704 1959; x_wconf 89' lang='lat' dir='ltr'><strong>frequentiam</strong></span> 
     </span>
    </p>
   </div>
   <div class='ocr_carea' id='block_1_36' title="bbox 433 1952 2013 2026">
    <p class='ocr_par' dir='ltr' id='par_1_36' title="bbox 433 1952 2013 2026">
     <span class='ocr_line' id='line_1_36' title="bbox 433 1952 2013 2026; baseline 0.004 -19"><span class='ocrx_word' id='word_1_237' title='bbox 433 1953 675 2022; x_wconf 86' lang='lat' dir='ltr'><strong>quamvis</strong></span> <span class='ocrx_word' id='word_1_238' title='bbox 704 1952 933 2007; x_wconf 82' lang='lat' dir='ltr'><strong>defuerit</strong></span> <span class='ocrx_word' id='word_1_239' title='bbox 982 1952 1239 2010; x_wconf 90' lang='lat' dir='ltr'><strong>hactenus</strong></span> <span class='ocrx_word' id='word_1_240' title='bbox 1268 1956 1534 2011; x_wconf 78' lang='lat' dir='ltr'><strong>alfectioni</strong></span> <span class='ocrx_word' id='word_1_241' title='bbox 1569 1956 1759 2026; x_wconf 88' lang='lat' dir='ltr'><strong>pabula</strong></span> <span class='ocrx_word' id='word_1_242' title='bbox 1802 1971 1927 2023; x_wconf 87' lang='lat' dir='ltr'><strong>sua,</strong></span> <span class='ocrx_word' id='word_1_243' title='bbox 1959 1957 2013 2013; x_wconf 93' lang='lat' dir='ltr'><strong>in</strong></span> 
     </span>
    </p>
   </div>
   <div class='ocr_carea' id='block_1_37' title="bbox 414 2046 2011 2117">
    <p class='ocr_par' dir='ltr' id='par_1_37' title="bbox 414 2046 2011 2117">
     <span class='ocr_line' id='line_1_37' title="bbox 414 2046 2011 2117; baseline 0.004 -18"><span class='ocrx_word' id='word_1_244' title='bbox 414 2046 663 2101; x_wconf 52' lang='lat' dir='ltr'><strong>statione</strong></span> <span class='ocrx_word' id='word_1_245' title='bbox 688 2058 809 2100; x_wconf 89' lang='lat' dir='ltr'><strong>esse</strong></span> <span class='ocrx_word' id='word_1_246' title='bbox 855 2052 1031 2101; x_wconf 91' lang='lat' dir='ltr'><strong>tamen</strong></span> <span class='ocrx_word' id='word_1_247' title='bbox 1054 2048 1312 2117; x_wconf 89' lang='lat' dir='ltr'><strong>promissa</strong></span> <span class='ocrx_word' id='word_1_248' title='bbox 1338 2048 1533 2103; x_wconf 87' lang='lat' dir='ltr'><strong>caritas</strong></span> <span class='ocrx_word' id='word_1_249' title='bbox 1559 2048 1876 2103; x_wconf 89' lang='lat' dir='ltr'><strong>innotescat.</strong></span> <span class='ocrx_word' id='word_1_250' title='bbox 1912 2050 2011 2105; x_wconf 93' lang='lat' dir='ltr'><strong>Do-</strong></span> 
     </span>
    </p>
   </div>
   <div class='ocr_carea' id='block_1_38' title="bbox 433 2136 2016 2210">
    <p class='ocr_par' dir='ltr' id='par_1_38' title="bbox 433 2136 2016 2210">
     <span class='ocr_line' id='line_1_38' title="bbox 433 2136 2016 2210; baseline 0.004 -19"><span class='ocrx_word' id='word_1_251' title='bbox 433 2136 577 2191; x_wconf 90' lang='lat' dir='ltr'><strong>mine</strong></span> <span class='ocrx_word' id='word_1_252' title='bbox 624 2137 725 2201; x_wconf 91' lang='lat' dir='ltr'><strong>mi,</strong></span> <span class='ocrx_word' id='word_1_253' title='bbox 778 2138 1005 2193; x_wconf 86' lang='lat' dir='ltr'><strong>salutem</strong></span> <span class='ocrx_word' id='word_1_254' title='bbox 1076 2140 1437 2206; x_wconf 85' lang='lat' dir='ltr'><strong>plenissimam</strong></span> <span class='ocrx_word' id='word_1_255' title='bbox 1480 2140 1687 2209; x_wconf 89' lang='lat' dir='ltr'><strong>dicens,</strong></span> <span class='ocrx_word' id='word_1_256' title='bbox 1728 2157 1910 2210; x_wconf 73' lang='lat' dir='ltr'><strong>quaeso</strong></span> <span class='ocrx_word' id='word_1_257' title='bbox 1960 2155 2016 2198; x_wconf 92' lang='lat' dir='ltr'><strong>ut</strong></span> 
     </span>
    </p>
   </div>
   <div class='ocr_carea' id='block_1_39' title="bbox 435 2228 2016 2305">
    <p class='ocr_par' dir='ltr' id='par_1_39' title="bbox 435 2228 2016 2305">
     <span class='ocr_line' id='line_1_39' title="bbox 435 2228 2016 2305; baseline 0.003 -21"><span class='ocrx_word' id='word_1_258' title='bbox 435 2228 818 2299; x_wconf 83' lang='lat' dir='ltr'><strong>exspectationi</strong></span> <span class='ocrx_word' id='word_1_259' title='bbox 849 2242 982 2283; x_wconf 81' lang='lat' dir='ltr'><strong>meae</strong></span> <span class='ocrx_word' id='word_1_260' title='bbox 1008 2229 1150 2299; x_wconf 92' lang='lat' dir='ltr'><strong>quod</strong></span> <span class='ocrx_word' id='word_1_261' title='bbox 1176 2228 1377 2305; x_wconf 80' lang='lat' dir='ltr'><strong>sufﬁcit</strong></span> <span class='ocrx_word' id='word_1_262' title='bbox 1407 2230 1661 2302; x_wconf 87' lang='lat' dir='ltr'><strong>loquendi</strong></span> <span class='ocrx_word' id='word_1_263' title='bbox 1692 2232 2016 2301; x_wconf 90' lang='lat' dir='ltr'><strong>peritissimo</strong></span> 
     </span>
    </p>
   </div>
   <div class='ocr_carea' id='block_1_40' title="bbox 435 2330 1253 2393">
    <p class='ocr_par' dir='ltr' id='par_1_40' title="bbox 435 2330 1253 2393">
     <span class='ocr_line' id='line_1_40' title="bbox 435 2330 1253 2393; baseline -0.001 -16"><span class='ocrx_word' id='word_1_264' title='bbox 435 2338 539 2379; x_wconf 94' lang='lat' dir='ltr'><strong>non</strong></span> <span class='ocrx_word' id='word_1_265' title='bbox 568 2330 809 2393; x_wconf 83' lang='lat' dir='ltr'><strong>negetur.</strong></span> <span class='ocrx_word' id='word_1_266' title='bbox 1250 2338 1253 2343; x_wconf 56' lang='lat'><em>‘</em></span> 
     </span>
    </p>
   </div>
   <div class='ocr_carea' id='block_1_41' title="bbox 970 2390 1451 2451">
    <p class='ocr_par' dir='ltr' id='par_1_41' title="bbox 970 2390 1451 2451">
     <span class='ocr_line' id='line_1_41' title="bbox 970 2390 1451 2451; baseline 0.008 -4"><span class='ocrx_word' id='word_1_267' title='bbox 970 2394 1297 2451; x_wconf 82' lang='lat' dir='ltr'><strong>EPISTOLA</strong></span> <span class='ocrx_word' id='word_1_268' title='bbox 1337 2390 1451 2451; x_wconf 82' lang='lat' dir='ltr'><strong>XII.</strong></span> 
     </span>
    </p>
   </div>
   <div class='ocr_carea' id='block_1_42' title="bbox 806 2488 1635 2534">
    <p class='ocr_par' dir='ltr' id='par_1_42' title="bbox 806 2488 1635 2534">
     <span class='ocr_line' id='line_1_42' title="bbox 806 2488 1635 2534; baseline 0.002 -6"><span class='ocrx_word' id='word_1_269' title='bbox 806 2488 1062 2530; x_wconf 73' lang='lat' dir='ltr'><strong>ENNObIUS</strong></span> <span class='ocrx_word' id='word_1_270' title='bbox 1091 2490 1367 2531; x_wconf 63' lang='lat' dir='ltr'><strong>HORMISDE</strong></span> <span class='ocrx_word' id='word_1_271' title='bbox 1393 2491 1635 2534; x_wconf 71' lang='lat' dir='ltr'><strong>DIACO‘NO.</strong></span> 
     </span>
    </p>
   </div>
   <div class='ocr_carea' id='block_1_43' title="bbox 506 2564 2018 2641">
    <p class='ocr_par' dir='ltr' id='par_1_43' title="bbox 506 2564 2018 2641">
     <span class='ocr_line' id='line_1_43' title="bbox 506 2564 2018 2641; baseline 0.006 -22"><span class='ocrx_word' id='word_1_272' title='bbox 506 2564 694 2620; x_wconf 84' lang='lat' dir='ltr'><strong>Nullus</strong></span> <span class='ocrx_word' id='word_1_273' title='bbox 721 2578 1025 2622; x_wconf 87' lang='lat' dir='ltr'><strong>remaneret</strong></span> <span class='ocrx_word' id='word_1_274' title='bbox 1069 2568 1332 2636; x_wconf 88' lang='lat' dir='ltr'><strong>imperitis</strong></span> <span class='ocrx_word' id='word_1_275' title='bbox 1364 2569 1513 2625; x_wconf 91' lang='lat' dir='ltr'><strong>locus</strong></span> <span class='ocrx_word' id='word_1_276' title='bbox 1536 2571 1737 2637; x_wconf 70' lang='lat' dir='ltr'><strong>venite,</strong></span> <span class='ocrx_word' id='word_1_277' title='bbox 1778 2571 1823 2625; x_wconf 91' lang='lat' dir='ltr'><strong>si</strong></span> <span class='ocrx_word' id='word_1_278' title='bbox 1867 2572 2018 2641; x_wconf 89' lang='lat' dir='ltr'><strong>plura</strong></span> 
     </span>
    </p>
   </div>
   <div class='ocr_carea' id='block_1_44' title="bbox 431 2658 2019 2729">
    <p class='ocr_par' dir='ltr' id='par_1_44' title="bbox 431 2658 2019 2729">
     <span class='ocr_line' id='line_1_44' title="bbox 431 2658 2019 2729; baseline 0.003 -14"><span class='ocrx_word' id='word_1_279' title='bbox 431 2658 819 2729; x_wconf 89' lang='lat' dir='ltr'><strong>loquerentur:</strong></span> <span class='ocrx_word' id='word_1_280' title='bbox 852 2658 964 2713; x_wconf 89' lang='lat' dir='ltr'><strong>sola</strong></span> <span class='ocrx_word' id='word_1_281' title='bbox 994 2658 1228 2714; x_wconf 82' lang='lat' dir='ltr'><strong>brevitas</strong></span> <span class='ocrx_word' id='word_1_282' title='bbox 1248 2661 1591 2716; x_wconf 88' lang='lat' dir='ltr'><strong>commendat</strong></span> <span class='ocrx_word' id='word_1_283' title='bbox 1621 2662 1883 2717; x_wconf 90' lang='lat' dir='ltr'><strong>indoctos.</strong></span> <span class='ocrx_word' id='word_1_284' title='bbox 1917 2663 2019 2719; x_wconf 83' lang='lat' dir='ltr'><strong>Su-</strong></span> 
     </span>
    </p>
   </div>
   <div class='ocr_carea' id='block_1_45' title="bbox 430 2752 2018 2825">
    <p class='ocr_par' dir='ltr' id='par_1_45' title="bbox 430 2752 2018 2825">
     <span class='ocr_line' id='line_1_45' title="bbox 430 2752 2018 2825; baseline 0.003 -19"><span class='ocrx_word' id='word_1_285' title='bbox 430 2766 531 2823; x_wconf 86' lang='lat' dir='ltr'><strong>pra</strong></span> <span class='ocrx_word' id='word_1_286' title='bbox 555 2765 795 2806; x_wconf 89' lang='lat' dir='ltr'><strong>errorem</strong></span> <span class='ocrx_word' id='word_1_287' title='bbox 812 2761 893 2806; x_wconf 90' lang='lat' dir='ltr'><strong>est</strong></span> <span class='ocrx_word' id='word_1_288' title='bbox 921 2752 1120 2819; x_wconf 86' lang='lat' dir='ltr'><strong>prolixa</strong></span> <span class='ocrx_word' id='word_1_289' title='bbox 1157 2754 1392 2809; x_wconf 86' lang='lat' dir='ltr'><strong>narratio</strong></span> <span class='ocrx_word' id='word_1_290' title='bbox 1423 2755 1726 2809; x_wconf 88' lang='lat' dir='ltr'><strong>rusticantis</strong></span> <span class='ocrx_word' id='word_1_291' title='bbox 1758 2772 1769 2808; x_wconf 93' lang='lat'><strong>:</strong></span> <span class='ocrx_word' id='word_1_292' title='bbox 1803 2755 2018 2825; x_wconf 84' lang='lat' dir='ltr'><strong>quando</strong></span> 
     </span>
    </p>
   </div>
   <div class='ocr_carea' id='block_1_46' title="bbox 431 2844 2018 2917">
    <p class='ocr_par' dir='ltr' id='par_1_46' title="bbox 431 2844 2018 2917">
     <span class='ocr_line' id='line_1_46' title="bbox 431 2844 2018 2917; baseline 0.003 -18"><span class='ocrx_word' id='word_1_293' title='bbox 431 2844 501 2899; x_wconf 85' lang='lat' dir='ltr'><strong>ab</strong></span> <span class='ocrx_word' id='word_1_294' title='bbox 539 2845 725 2914; x_wconf 87' lang='lat' dir='ltr'><strong>ignaro</strong></span> <span class='ocrx_word' id='word_1_295' title='bbox 771 2853 1040 2899; x_wconf 87' lang='lat' dir='ltr'><strong>extortum</strong></span> <span class='ocrx_word' id='word_1_296' title='bbox 1089 2844 1245 2898; x_wconf 88' lang='lat' dir='ltr'><strong>fuerit</strong></span> <span class='ocrx_word' id='word_1_297' title='bbox 1304 2845 1449 2915; x_wconf 92' lang='lat' dir='ltr'><strong>quod</strong></span> <span class='ocrx_word' id='word_1_298' title='bbox 1498 2846 1588 2900; x_wconf 90' lang='lat' dir='ltr'><strong>ditt</strong></span> <span class='ocrx_word' id='word_1_299' title='bbox 1634 2846 1862 2917; x_wconf 83' lang='lat' dir='ltr'><strong>legatur,</strong></span> <span class='ocrx_word' id='word_1_300' title='bbox 1915 2848 2018 2903; x_wconf 88' lang='lat' dir='ltr'><strong>sibi</strong></span> 
     </span>
    </p>
   </div>
   <div class='ocr_carea' id='block_1_47' title="bbox 428 2938 2019 3009">
    <p class='ocr_par' dir='ltr' id='par_1_47' title="bbox 428 2938 2019 3009">
     <span class='ocr_line' id='line_1_47' title="bbox 428 2938 2019 3009; baseline 0.001 -16"><span class='ocrx_word' id='word_1_301' title='bbox 428 2952 712 2994; x_wconf 87' lang='lat' dir='ltr'><strong>rancorem</strong></span> <span class='ocrx_word' id='word_1_302' title='bbox 761 2950 914 2991; x_wconf 89' lang='lat' dir='ltr'><strong>suum</strong></span> <span class='ocrx_word' id='word_1_303' title='bbox 962 2938 1121 2992; x_wconf 89' lang='lat' dir='ltr'><strong>debet</strong></span> <span class='ocrx_word' id='word_1_304' title='bbox 1159 2947 1398 2993; x_wconf 80' lang='lat' dir='ltr'><strong>exactor.</strong></span> <span class='ocrx_word' id='word_1_305' title='bbox 1431 2938 1794 3009; x_wconf 86' lang='lat' dir='ltr'><strong>Quisquamne</strong></span> <span class='ocrx_word' id='word_1_306' title='bbox 1846 2940 2019 2995; x_wconf 84' lang='lat' dir='ltr'><strong>homi-</strong></span> 
     </span>
    </p>
   </div>
   <div class='ocr_carea' id='block_1_48' title="bbox 429 3031 2019 3104">
    <p class='ocr_par' dir='ltr' id='par_1_48' title="bbox 429 3031 2019 3104">
     <span class='ocr_line' id='line_1_48' title="bbox 429 3031 2019 3104; baseline 0.001 -16"><span class='ocrx_word' id='word_1_307' title='bbox 429 3046 560 3088; x_wconf 89' lang='lat' dir='ltr'><strong>num</strong></span> <span class='ocrx_word' id='word_1_308' title='bbox 592 3031 645 3087; x_wconf 89' lang='lat' dir='ltr'><strong>in</strong></span> <span class='ocrx_word' id='word_1_309' title='bbox 677 3032 889 3103; x_wconf 84' lang='lat' dir='ltr'><strong>longum</strong></span> <span class='ocrx_word' id='word_1_310' title='bbox 912 3032 1028 3087; x_wconf 84' lang='lat' dir='ltr'><strong>vult</strong></span> <span class='ocrx_word' id='word_1_311' title='bbox 1070 3031 1392 3089; x_wconf 81' lang='lat' dir='ltr'><strong>fastidienda</strong></span> <span class='ocrx_word' id='word_1_312' title='bbox 1436 3035 1750 3104; x_wconf 81' lang='lat' dir='ltr'><strong>procedere,</strong></span> <span class='ocrx_word' id='word_1_313' title='bbox 1790 3044 1844 3089; x_wconf 91' lang='lat' dir='ltr'><strong>et</strong></span> <span class='ocrx_word' id='word_1_314' title='bbox 1872 3036 2019 3089; x_wconf 92' lang='lat' dir='ltr'><strong>nullo</strong></span> 
     </span>
    </p>
   </div>
   <div class='ocr_carea' id='block_1_49' title="bbox 428 3125 2016 3195">
    <p class='ocr_par' dir='ltr' id='par_1_49' title="bbox 428 3125 2016 3195">
     <span class='ocr_line' id='line_1_49' title="bbox 428 3125 2016 3195; baseline 0.001 -16"><span class='ocrx_word' id='word_1_315' title='bbox 428 3139 627 3195; x_wconf 88' lang='lat' dir='ltr'><strong>sapore</strong></span> <span class='ocrx_word' id='word_1_316' title='bbox 647 3126 862 3180; x_wconf 85' lang='lat' dir='ltr'><strong>condita</strong></span> <span class='ocrx_word' id='word_1_317' title='bbox 886 3126 1077 3180; x_wconf 90' lang='lat' dir='ltr'><strong>breves</strong></span> <span class='ocrx_word' id='word_1_318' title='bbox 1101 3128 1360 3181; x_wconf 88' lang='lat' dir='ltr'><strong>terminos</strong></span> <span class='ocrx_word' id='word_1_319' title='bbox 1388 3141 1492 3181; x_wconf 90' lang='lat' dir='ltr'><strong>non</strong></span> <span class='ocrx_word' id='word_1_320' title='bbox 1518 3126 1750 3184; x_wconf 84' lang='lat' dir='ltr'><strong>habere?</strong></span> <span class='ocrx_word' id='word_1_321' title='bbox 1777 3125 2016 3181; x_wconf 81' lang='lat' dir='ltr'><strong>Romana</strong></span> 
     </span>
    </p>
   </div>
   <div class='ocr_carea' id='block_1_50' title="bbox 429 3217 2013 3293">
    <p class='ocr_par' dir='ltr' id='par_1_50' title="bbox 429 3217 2013 3293">
     <span class='ocr_line' id='line_1_50' title="bbox 429 3217 2013 3293; baseline 0.006 -22"><span class='ocrx_word' id='word_1_322' title='bbox 429 3218 569 3287; x_wconf 87' lang='lat' dir='ltr'><strong>hoc,</strong></span> <span class='ocrx_word' id='word_1_323' title='bbox 614 3217 803 3285; x_wconf 89' lang='lat' dir='ltr'><strong>frater,</strong></span> <span class='ocrx_word' id='word_1_324' title='bbox 845 3228 899 3273; x_wconf 92' lang='lat' dir='ltr'><strong>et</strong></span> <span class='ocrx_word' id='word_1_325' title='bbox 936 3220 1156 3273; x_wconf 89' lang='lat' dir='ltr'><strong>nimium</strong></span> <span class='ocrx_word' id='word_1_326' title='bbox 1187 3219 1383 3274; x_wconf 80' lang='lat' dir='ltr'><strong>artifici</strong></span> <span class='ocrx_word' id='word_1_327' title='bbox 1412 3221 1705 3277; x_wconf 89' lang='lat' dir='ltr'><strong>subtilitate</strong></span> <span class='ocrx_word' id='word_1_328' title='bbox 1740 3222 2013 3293; x_wconf 83' lang='lat' dir='ltr'><strong>ﬂagitasti.</strong></span> 
     </span>
    </p>
   </div>
   <div class='ocr_carea' id='block_1_51' title="bbox 430 3308 2013 3382">
    <p class='ocr_par' dir='ltr' id='par_1_51' title="bbox 430 3308 2013 3382">
     <span class='ocr_line' id='line_1_51' title="bbox 430 3308 2013 3382; baseline 0.004 -18"><span class='ocrx_word' id='word_1_329' title='bbox 430 3308 538 3364; x_wconf 87' lang='lat' dir='ltr'><strong>Sed</strong></span> <span class='ocrx_word' id='word_1_330' title='bbox 587 3323 685 3363; x_wconf 91' lang='lat' dir='ltr'><strong>nos</strong></span> <span class='ocrx_word' id='word_1_331' title='bbox 714 3318 900 3363; x_wconf 90' lang='lat' dir='ltr'><strong>contra</strong></span> <span class='ocrx_word' id='word_1_332' title='bbox 935 3309 1216 3365; x_wconf 84' lang='lat' dir='ltr'><strong>fabricatos</strong></span> <span class='ocrx_word' id='word_1_333' title='bbox 1265 3311 1439 3365; x_wconf 91' lang='lat' dir='ltr'><strong>munit</strong></span> <span class='ocrx_word' id='word_1_334' title='bbox 1486 3313 1804 3382; x_wconf 87' lang='lat' dir='ltr'><strong>simplicitas</strong></span> <span class='ocrx_word' id='word_1_335' title='bbox 1850 3314 2013 3370; x_wconf 90' lang='lat' dir='ltr'><strong>nullis</strong></span> 
     </span>
    </p>
   </div>
   <div class='ocr_carea' id='block_1_52' title="bbox 431 3400 2012 3472">
    <p class='ocr_par' dir='ltr' id='par_1_52' title="bbox 431 3400 2012 3472">
     <span class='ocr_line' id='line_1_52' title="bbox 431 3400 2012 3472; baseline 0.007 -18"><span class='ocrx_word' id='word_1_336' title='bbox 431 3400 669 3455; x_wconf 89' lang='lat' dir='ltr'><strong>colorata</strong></span> <span class='ocrx_word' id='word_1_337' title='bbox 714 3400 1017 3470; x_wconf 57' lang='lat' dir='ltr'><strong>praestigiis.</strong></span> <span class='ocrx_word' id='word_1_338' title='bbox 1073 3400 1281 3456; x_wconf 86' lang='lat' dir='ltr'><strong>Etenim</strong></span> <span class='ocrx_word' id='word_1_339' title='bbox 1326 3404 1566 3472; x_wconf 81' lang='lat' dir='ltr'><strong>quamvis</strong></span> <span class='ocrx_word' id='word_1_340' title='bbox 1613 3420 1700 3460; x_wconf 91' lang='lat' dir='ltr'><strong>me</strong></span> <span class='ocrx_word' id='word_1_341' title='bbox 1730 3405 2012 3465; x_wconf 81' lang='lat' dir='ltr'><strong>delenifica</strong></span> 
     </span>
    </p>
   </div>
   <div class='ocr_carea' id='block_1_53' title="bbox 430 3493 2012 3565">
    <p class='ocr_par' dir='ltr' id='par_1_53' title="bbox 430 3493 2012 3565">
     <span class='ocr_line' id='line_1_53' title="bbox 430 3493 2012 3565; baseline 0.005 -15"><span class='ocrx_word' id='word_1_342' title='bbox 430 3493 676 3563; x_wconf 63' lang='lat' dir='ltr'><strong>epistolae</strong></span> <span class='ocrx_word' id='word_1_343' title='bbox 706 3503 809 3549; x_wconf 72' lang='lat' dir='ltr'><strong>tute</strong></span> <span class='ocrx_word' id='word_1_344' title='bbox 843 3495 1089 3550; x_wconf 89' lang='lat' dir='ltr'><strong>oratione</strong></span> <span class='ocrx_word' id='word_1_345' title='bbox 1119 3495 1443 3565; x_wconf 80' lang='lat' dir='ltr'><strong>produxeris</strong></span> <span class='ocrx_word' id='word_1_346' title='bbox 1465 3539 1479 3563; x_wconf 89' lang='lat'><strong>,</strong></span> <span class='ocrx_word' id='word_1_347' title='bbox 1507 3499 1608 3552; x_wconf 91' lang='lat' dir='ltr'><strong>mei</strong></span> <span class='ocrx_word' id='word_1_348' title='bbox 1640 3498 2012 3558; x_wconf 85' lang='lat' dir='ltr'><strong>immemorem</strong></span> 
     </span>
    </p>
   </div>
   <div class='ocr_carea' id='block_1_54' title="bbox 432 3584 2012 3661">
    <p class='ocr_par' dir='ltr' id='par_1_54' title="bbox 432 3584 2012 3661">
     <span class='ocr_line' id='line_1_54' title="bbox 432 3584 2012 3661; baseline 0.007 -23"><span class='ocrx_word' id='word_1_349' title='bbox 432 3600 539 3639; x_wconf 92' lang='lat' dir='ltr'><strong>non</strong></span> <span class='ocrx_word' id='word_1_350' title='bbox 571 3584 763 3642; x_wconf 89' lang='lat' dir='ltr'><strong>fecisti.</strong></span> <span class='ocrx_word' id='word_1_351' title='bbox 801 3585 925 3640; x_wconf 91' lang='lat' dir='ltr'><strong>Scio</strong></span> <span class='ocrx_word' id='word_1_352' title='bbox 946 3595 1121 3641; x_wconf 86' lang='lat' dir='ltr'><strong>artare</strong></span> <span class='ocrx_word' id='word_1_353' title='bbox 1151 3588 1423 3657; x_wconf 86' lang='lat' dir='ltr'><strong>paginam,</strong></span> <span class='ocrx_word' id='word_1_354' title='bbox 1454 3589 1605 3660; x_wconf 90' lang='lat' dir='ltr'><strong>cujus</strong></span> <span class='ocrx_word' id='word_1_355' title='bbox 1628 3592 1855 3659; x_wconf 91' lang='lat' dir='ltr'><strong>pretium</strong></span> <span class='ocrx_word' id='word_1_356' title='bbox 1888 3608 2012 3661; x_wconf 81' lang='lat' dir='ltr'><strong>pro-</strong></span> 
     </span>
    </p>
   </div>
   <div class='ocr_carea' id='block_1_55' title="bbox 435 3679 2011 3754">
    <p class='ocr_par' dir='ltr' id='par_1_55' title="bbox 435 3679 2011 3754">
     <span class='ocr_line' id='line_1_55' title="bbox 435 3679 2011 3754; baseline 0.003 -20"><span class='ocrx_word' id='word_1_357' title='bbox 435 3679 698 3749; x_wconf 88' lang='lat' dir='ltr'><strong>mulgator</strong></span> <span class='ocrx_word' id='word_1_358' title='bbox 738 3680 996 3751; x_wconf 89' lang='lat' dir='ltr'><strong>intelligo.</strong></span> <span class='ocrx_word' id='word_1_359' title='bbox 1043 3681 1266 3735; x_wconf 85' lang='lat' dir='ltr'><strong>Noveris</strong></span> <span class='ocrx_word' id='word_1_360' title='bbox 1286 3696 1373 3737; x_wconf 90' lang='lat' dir='ltr'><strong>me</strong></span> <span class='ocrx_word' id='word_1_361' title='bbox 1404 3690 1581 3738; x_wconf 90' lang='lat' dir='ltr'><strong>tamen</strong></span> <span class='ocrx_word' id='word_1_362' title='bbox 1606 3684 1742 3739; x_wconf 89' lang='lat' dir='ltr'><strong>meis</strong></span> <span class='ocrx_word' id='word_1_363' title='bbox 1772 3686 2011 3754; x_wconf 89' lang='lat' dir='ltr'><strong>partibus</strong></span> 
     </span>
    </p>
   </div>
   <div class='ocr_carea' id='block_1_56' title="bbox 430 3773 2011 3844">
    <p class='ocr_par' dir='ltr' id='par_1_56' title="bbox 430 3773 2011 3844">
     <span class='ocr_line' id='line_1_56' title="bbox 430 3773 2011 3844; baseline 0.003 -16"><span class='ocrx_word' id='word_1_364' title='bbox 430 3788 539 3830; x_wconf 90' lang='lat' dir='ltr'><strong>non</strong></span> <span class='ocrx_word' id='word_1_365' title='bbox 567 3774 777 3840; x_wconf 88' lang='lat' dir='ltr'><strong>deesse,</strong></span> <span class='ocrx_word' id='word_1_366' title='bbox 819 3773 1063 3844; x_wconf 88' lang='lat' dir='ltr'><strong>quamvis</strong></span> <span class='ocrx_word' id='word_1_367' title='bbox 1093 3784 1247 3829; x_wconf 89' lang='lat' dir='ltr'><strong>vocet</strong></span> <span class='ocrx_word' id='word_1_368' title='bbox 1272 3776 1325 3829; x_wconf 90' lang='lat' dir='ltr'><strong>in</strong></span> <span class='ocrx_word' id='word_1_369' title='bbox 1358 3775 1590 3830; x_wconf 88' lang='lat' dir='ltr'><strong>medium</strong></span> <span class='ocrx_word' id='word_1_370' title='bbox 1621 3786 1675 3831; x_wconf 92' lang='lat' dir='ltr'><strong>et</strong></span> <span class='ocrx_word' id='word_1_371' title='bbox 1697 3778 1929 3832; x_wconf 90' lang='lat' dir='ltr'><strong>urbanus</strong></span> <span class='ocrx_word' id='word_1_372' title='bbox 1958 3788 2011 3833; x_wconf 91' lang='lat' dir='ltr'><strong>et</strong></span> 
     </span>
    </p>
   </div>
   <div class='ocr_carea' id='block_1_57' title="bbox 408 3865 2010 3939">
    <p class='ocr_par' dir='ltr' id='par_1_57' title="bbox 408 3865 2010 3939">
     <span class='ocr_line' id='line_1_57' title="bbox 408 3865 2010 3939; baseline 0.001 -18"><span class='ocrx_word' id='word_1_373' title='bbox 408 3866 679 3921; x_wconf 89' lang='lat' dir='ltr'><strong>.elericus.</strong></span> <span class='ocrx_word' id='word_1_374' title='bbox 707 3866 813 3923; x_wconf 92' lang='lat' dir='ltr'><strong>Sed</strong></span> <span class='ocrx_word' id='word_1_375' title='bbox 841 3865 967 3936; x_wconf 92' lang='lat' dir='ltr'><strong>quid</strong></span> <span class='ocrx_word' id='word_1_376' title='bbox 998 3867 1233 3936; x_wconf 86' lang='lat' dir='ltr'><strong>produco</strong></span> <span class='ocrx_word' id='word_1_377' title='bbox 1263 3867 1539 3937; x_wconf 87' lang='lat' dir='ltr'><strong>paginam,</strong></span> <span class='ocrx_word' id='word_1_378' title='bbox 1583 3868 1734 3937; x_wconf 89' lang='lat' dir='ltr'><strong>cujus</strong></span> <span class='ocrx_word' id='word_1_379' title='bbox 1763 3870 2010 3939; x_wconf 89' lang='lat' dir='ltr'><strong>superius</strong></span> 
     </span>
    </p>
   </div>
   <div class='ocr_carea' id='block_1_58' title="bbox 428 3958 2012 4034">
    <p class='ocr_par' dir='ltr' id='par_1_58' title="bbox 428 3958 2012 4034">
     <span class='ocr_line' id='line_1_58' title="bbox 428 3958 2012 4034; baseline 0.001 -21"><span class='ocrx_word' id='word_1_380' title='bbox 428 3958 727 4034; x_wconf 85' lang='lat' dir='ltr'><strong>angustiam</strong></span> <span class='ocrx_word' id='word_1_381' title='bbox 776 3958 1104 4028; x_wconf 84' lang='lat' dir='ltr'><strong>pollicebar?</strong></span> <span class='ocrx_word' id='word_1_382' title='bbox 1134 3958 1258 4013; x_wconf 59' lang='lat' dir='ltr'><strong>Haec</strong></span> <span class='ocrx_word' id='word_1_383' title='bbox 1303 3958 1433 4013; x_wconf 91' lang='lat' dir='ltr'><strong>mihi</strong></span> <span class='ocrx_word' id='word_1_384' title='bbox 1476 3974 1596 4012; x_wconf 92' lang='lat' dir='ltr'><strong>cum</strong></span> <span class='ocrx_word' id='word_1_385' title='bbox 1642 3968 1853 4014; x_wconf 86' lang='lat' dir='ltr'><strong>amante</strong></span> <span class='ocrx_word' id='word_1_386' title='bbox 1883 3977 2012 4014; x_wconf 81' lang='lat' dir='ltr'><strong>cou-</strong></span> 
     </span>
    </p>
   </div>
   <div class='ocr_carea' id='block_1_59' title="bbox 428 4050 2004 4116">
    <p class='ocr_par' dir='ltr' id='par_1_59' title="bbox 428 4050 2004 4116">
     <span class='ocr_line' id='line_1_59' title="bbox 428 4050 2004 4116; baseline -0.002 -8"><span class='ocrx_word' id='word_1_387' title='bbox 428 4053 651 4108; x_wconf 85' lang='lat' dir='ltr'><strong>certatio</strong></span> <span class='ocrx_word' id='word_1_388' title='bbox 683 4064 697 4103; x_wconf 89' lang='lat'><strong>:</strong></span> <span class='ocrx_word' id='word_1_389' title='bbox 732 4051 855 4104; x_wconf 88' lang='lat' dir='ltr'><strong>talis</strong></span> <span class='ocrx_word' id='word_1_390' title='bbox 909 4050 1110 4104; x_wconf 89' lang='lat' dir='ltr'><strong>fructus</strong></span> <span class='ocrx_word' id='word_1_391' title='bbox 1139 4059 1222 4104; x_wconf 92' lang='grc' dir='ltr'><strong>εει</strong></span> <span class='ocrx_word' id='word_1_392' title='bbox 1259 4050 1580 4105; x_wconf 89' lang='lat' dir='ltr'><strong>litterarum.</strong></span> <span class='ocrx_word' id='word_1_393' title='bbox 1635 4050 1858 4105; x_wconf 88' lang='lat' dir='ltr'><strong>Domine</strong></span> <span class='ocrx_word' id='word_1_394' title='bbox 1904 4052 2004 4116; x_wconf 91' lang='lat' dir='ltr'><strong>mi,</strong></span> 
     </span>
    </p>
   </div>
   <div class='ocr_carea' id='block_1_60' title="bbox 427 4138 2011 4207">
    <p class='ocr_par' dir='ltr' id='par_1_60' title="bbox 427 4138 2011 4207">
     <span class='ocr_line' id='line_1_60' title="bbox 427 4138 2011 4207; baseline -0.002 -10"><span class='ocrx_word' id='word_1_395' title='bbox 427 4139 654 4197; x_wconf 85' lang='lat' dir='ltr'><strong>salutem</strong></span> <span class='ocrx_word' id='word_1_396' title='bbox 686 4139 1011 4193; x_wconf 84' lang='lat' dir='ltr'><strong>uberrimam</strong></span> <span class='ocrx_word' id='word_1_397' title='bbox 1043 4138 1247 4206; x_wconf 91' lang='lat' dir='ltr'><strong>dicens,</strong></span> <span class='ocrx_word' id='word_1_398' title='bbox 1288 4154 1475 4207; x_wconf 89' lang='lat' dir='ltr'><strong>precor</strong></span> <span class='ocrx_word' id='word_1_399' title='bbox 1502 4149 1558 4193; x_wconf 92' lang='lat' dir='ltr'><strong>ut</strong></span> <span class='ocrx_word' id='word_1_400' title='bbox 1598 4139 1694 4193; x_wconf 90' lang='lat' dir='ltr'><strong>Dei</strong></span> <span class='ocrx_word' id='word_1_401' title='bbox 1720 4140 1888 4195; x_wconf 90' lang='lat' dir='ltr'><strong>nostri</strong></span> <span class='ocrx_word' id='word_1_402' title='bbox 1919 4142 2011 4194; x_wconf 86' lang='lat' dir='ltr'><strong>tri-</strong></span> 
     </span>
    </p>
   </div>
   <div class='ocr_carea' id='block_1_61' title="bbox 427 4229 2010 4287">
    <p class='ocr_par' dir='ltr' id='par_1_61' title="bbox 427 4229 2010 4287">
     <span class='ocr_line' id='line_1_61' title="bbox 427 4229 2010 4287; baseline -0.001 0"><span class='ocrx_word' id='word_1_403' title='bbox 427 4230 625 4287; x_wconf 86' lang='lat' dir='ltr'><strong>buente</strong></span> <span class='ocrx_word' id='word_1_404' title='bbox 677 4229 1041 4285; x_wconf 87' lang='lat' dir='ltr'><strong>misericordia</strong></span> <span class='ocrx_word' id='word_1_405' title='bbox 1087 4230 1277 4285; x_wconf 88' lang='lat' dir='ltr'><strong>crebro</strong></span> <span class='ocrx_word' id='word_1_406' title='bbox 1302 4230 1526 4285; x_wconf 87' lang='lat' dir='ltr'><strong>salutem</strong></span> <span class='ocrx_word' id='word_1_407' title='bbox 1552 4238 1785 4285; x_wconf 82' lang='lat' dir='ltr'><strong>vestram</strong></span> <span class='ocrx_word' id='word_1_408' title='bbox 1818 4231 2010 4286; x_wconf 88' lang='lat' dir='ltr'><strong>votivis</strong></span> 
     </span>
    </p>
   </div>
   <div class='ocr_carea' id='block_1_62' title="bbox 427 4321 1797 4393">
    <p class='ocr_par' dir='ltr' id='par_1_62' title="bbox 427 4321 1797 4393">
     <span class='ocr_line' id='line_1_62' title="bbox 427 4321 1797 4393; baseline -0.004 -12"><span class='ocrx_word' id='word_1_409' title='bbox 427 4322 559 4381; x_wconf 88' lang='lat' dir='ltr'><strong>mihi</strong></span> <span class='ocrx_word' id='word_1_410' title='bbox 579 4364 594 4390; x_wconf 94' lang='lat'><strong>,</strong></span> <span class='ocrx_word' id='word_1_411' title='bbox 616 4322 739 4380; x_wconf 91' lang='lat' dir='ltr'><strong>dum</strong></span> <span class='ocrx_word' id='word_1_412' title='bbox 765 4337 937 4379; x_wconf 85' lang='lat' dir='ltr'><strong>meam</strong></span> <span class='ocrx_word' id='word_1_413' title='bbox 964 4323 1223 4393; x_wconf 69' lang='lat' dir='ltr'><strong>quaeritis,</strong></span> <span class='ocrx_word' id='word_1_414' title='bbox 1254 4321 1509 4377; x_wconf 82' lang='lat' dir='ltr'><strong>nuntietis</strong></span> <span class='ocrx_word' id='word_1_415' title='bbox 1533 4321 1797 4379; x_wconf 78' lang='lat' dir='ltr'><strong>affatibus.</strong></span> 
     </span>
    </p>
   </div>
   <div class='ocr_carea' id='block_1_63' title="bbox 931 4414 1517 4471">
    <p class='ocr_par' dir='ltr' id='par_1_63' title="bbox 931 4414 1517 4471">
     <span class='ocr_line' id='line_1_63' title="bbox 931 4414 1517 4471; baseline -0.003 -1"><span class='ocrx_word' id='word_1_416' title='bbox 931 4414 1335 4471; x_wconf 76' lang='lat' dir='ltr'><strong>EPISTULA</strong></span> <span class='ocrx_word' id='word_1_417' title='bbox 1381 4414 1517 4469; x_wconf 81' lang='lat' dir='ltr'><strong>XIII.</strong></span> 
     </span>
    </p>
   </div>
   <div class='ocr_carea' id='block_1_64' title="bbox 957 4511 1445 4552">
    <p class='ocr_par' dir='ltr' id='par_1_64' title="bbox 957 4511 1445 4552">
     <span class='ocr_line' id='line_1_64' title="bbox 957 4511 1445 4552; baseline -0.002 -1"><span class='ocrx_word' id='word_1_418' title='bbox 957 4512 1177 4551; x_wconf 75' lang='lat' dir='ltr'><strong>ENNODIU</strong></span> <span class='ocrx_word' id='word_1_419' title='bbox 1186 4511 1211 4551; x_wconf 90' lang='lat' dir='ltr'><strong>S</strong></span> <span class='ocrx_word' id='word_1_420' title='bbox 1238 4511 1445 4552; x_wconf 78' lang='lat' dir='ltr'><strong>BOETIO.</strong></span> 
     </span>
    </p>
   </div>
   <div class='ocr_carea' id='block_1_65' title="bbox 500 4585 2007 4658">
    <p class='ocr_par' dir='ltr' id='par_1_65' title="bbox 500 4585 2007 4658">
     <span class='ocr_line' id='line_1_65' title="bbox 500 4585 2007 4658; baseline -0.002 -15"><span class='ocrx_word' id='word_1_421' title='bbox 500 4588 557 4643; x_wconf 89' lang='lat' dir='ltr'><strong>Si</strong></span> <span class='ocrx_word' id='word_1_422' title='bbox 607 4587 832 4644; x_wconf 88' lang='lat' dir='ltr'><strong>liberum</strong></span> <span class='ocrx_word' id='word_1_423' title='bbox 878 4600 1021 4643; x_wconf 88' lang='lat' dir='ltr'><strong>esset</strong></span> <span class='ocrx_word' id='word_1_424' title='bbox 1069 4590 1328 4658; x_wconf 90' lang='lat' dir='ltr'><strong>imperata</strong></span> <span class='ocrx_word' id='word_1_425' title='bbox 1368 4585 1591 4654; x_wconf 76' lang='lat' dir='ltr'><strong>dilferri,</strong></span> <span class='ocrx_word' id='word_1_426' title='bbox 1621 4588 2007 4641; x_wconf 85' lang='lat' dir='ltr'><strong>concederetur</strong></span> 
     </span>
    </p>
   </div>
   <div class='ocr_carea' id='block_1_66' title="bbox 2119 1968 3703 2049">
    <p class='ocr_par' dir='ltr' id='par_1_66' title="bbox 2119 1968 3703 2049">
     <span class='ocr_line' id='line_1_66' title="bbox 2119 1968 3703 2049; baseline 0.004 -19"><span class='ocrx_word' id='word_1_427' title='bbox 2119 1978 2509 2033; x_wconf 85' lang='lat' dir='ltr'><strong>commodetis:</strong></span> <span class='ocrx_word' id='word_1_428' title='bbox 2540 1978 2594 2032; x_wconf 92' lang='lat' dir='ltr'><strong>in</strong></span> <span class='ocrx_word' id='word_1_429' title='bbox 2638 1994 2744 2047; x_wconf 89' lang='lat' dir='ltr'><strong>quo</strong></span> <span class='ocrx_word' id='word_1_430' title='bbox 2792 1994 2955 2049; x_wconf 91' lang='lat' dir='ltr'><strong>opere</strong></span> <span class='ocrx_word' id='word_1_431' title='bbox 3002 1968 3368 2036; x_wconf 82' lang='lat' dir='ltr'><strong>assiduitatem</strong></span> <span class='ocrx_word' id='word_1_432' title='bbox 3417 1993 3472 2037; x_wconf 91' lang='lat' dir='ltr'><strong>et</strong></span> <span class='ocrx_word' id='word_1_433' title='bbox 3512 1998 3703 2038; x_wconf 88' lang='lat' dir='ltr'><strong>amans</strong></span> 
     </span>
    </p>
   </div>
   <div class='ocr_carea' id='block_1_67' title="bbox 2119 2071 2728 2128">
    <p class='ocr_par' dir='ltr' id='par_1_67' title="bbox 2119 2071 2728 2128">
     <span class='ocr_line' id='line_1_67' title="bbox 2119 2071 2728 2128; baseline 0 -3"><span class='ocrx_word' id='word_1_434' title='bbox 2119 2071 2339 2127; x_wconf 79' lang='lat' dir='ltr'><strong>exhibet</strong></span> <span class='ocrx_word' id='word_1_435' title='bbox 2369 2080 2425 2128; x_wconf 89' lang='lat' dir='ltr'><strong>et</strong></span> <span class='ocrx_word' id='word_1_436' title='bbox 2450 2072 2728 2128; x_wconf 79' lang='lat' dir='ltr'><strong>facundus.</strong></span> 
     </span>
    </p>
   </div>
   <div class='ocr_carea' id='block_1_68' title="bbox 2654 2162 3151 2220">
    <p class='ocr_par' dir='ltr' id='par_1_68' title="bbox 2654 2162 3151 2220">
     <span class='ocr_line' id='line_1_68' title="bbox 2654 2162 3151 2220; baseline 0.002 -3"><span class='ocrx_word' id='word_1_437' title='bbox 2654 2162 2984 2219; x_wconf 79' lang='lat' dir='ltr'><strong>EPISTOLA</strong></span> <span class='ocrx_word' id='word_1_438' title='bbox 3015 2162 3151 2220; x_wconf 80' lang='lat' dir='ltr'><strong>XIV.</strong></span> 
     </span>
    </p>
   </div>
   <div class='ocr_carea' id='block_1_69' title="bbox 2544 2256 3263 2311">
    <p class='ocr_par' dir='ltr' id='par_1_69' title="bbox 2544 2256 3263 2311">
     <span class='ocr_line' id='line_1_69' title="bbox 2544 2256 3263 2311; baseline 0.001 -1"><span class='ocrx_word' id='word_1_439' title='bbox 2544 2270 2801 2311; x_wconf 77' lang='lat' dir='ltr'><strong>ENNODIUS</strong></span> <span class='ocrx_word' id='word_1_440' title='bbox 2835 2256 2850 2287; x_wconf 84' lang='grc'>¹</span> <span class='ocrx_word' id='word_1_441' title='bbox 2885 2272 3263 2311; x_wconf 69' lang='lat' dir='ltr'><strong>ancaorwne.</strong></span> 
     </span>
    </p>
   </div>
   <div class='ocr_carea' id='block_1_70' title="bbox 2194 2348 3706 2421">
    <p class='ocr_par' dir='ltr' id='par_1_70' title="bbox 2194 2348 3706 2421">
     <span class='ocr_line' id='line_1_70' title="bbox 2194 2348 3706 2421; baseline 0.004 -19"><span class='ocrx_word' id='word_1_442' title='bbox 2194 2350 2266 2403; x_wconf 90' lang='lat' dir='ltr'><strong>Ita</strong></span> <span class='ocrx_word' id='word_1_443' title='bbox 2288 2363 2444 2419; x_wconf 89' lang='lat' dir='ltr'><strong>supra</strong></span> <span class='ocrx_word' id='word_1_444' title='bbox 2472 2348 2773 2406; x_wconf 88' lang='lat' dir='ltr'><strong>claritatem</strong></span> <span class='ocrx_word' id='word_1_445' title='bbox 2804 2352 3018 2420; x_wconf 85' lang='lat' dir='ltr'><strong>generis</strong></span> <span class='ocrx_word' id='word_1_446' title='bbox 3046 2366 3256 2405; x_wconf 91' lang='lat' dir='ltr'><strong>morum</strong></span> <span class='ocrx_word' id='word_1_447' title='bbox 3290 2350 3410 2407; x_wconf 90' lang='lat' dir='ltr'><strong>luce</strong></span> <span class='ocrx_word' id='word_1_448' title='bbox 3444 2352 3706 2421; x_wconf 83' lang='lat' dir='ltr'><strong>profecis-</strong></span> 
     </span>
    </p>
   </div>
   <div class='ocr_carea' id='block_1_71' title="bbox 2125 2440 3707 2512">
    <p class='ocr_par' dir='ltr' id='par_1_71' title="bbox 2125 2440 3707 2512">
     <span class='ocr_line' id='line_1_71' title="bbox 2125 2440 3707 2512; baseline 0.002 -16"><span class='ocrx_word' id='word_1_449' title='bbox 2125 2440 2212 2506; x_wconf 91' lang='lat' dir='ltr'><strong>tis,</strong></span> <span class='ocrx_word' id='word_1_450' title='bbox 2244 2449 2301 2495; x_wconf 92' lang='lat' dir='ltr'><strong>ut</strong></span> <span class='ocrx_word' id='word_1_451' title='bbox 2339 2456 2472 2510; x_wconf 86' lang='lat' dir='ltr'><strong>quos</strong></span> <span class='ocrx_word' id='word_1_452' title='bbox 2520 2441 2683 2496; x_wconf 89' lang='lat' dir='ltr'><strong>etiam</strong></span> <span class='ocrx_word' id='word_1_453' title='bbox 2732 2442 2886 2497; x_wconf 85' lang='lat' dir='ltr'><strong>vobis</strong></span> <span class='ocrx_word' id='word_1_454' title='bbox 2941 2457 3047 2496; x_wconf 91' lang='lat' dir='ltr'><strong>non</strong></span> <span class='ocrx_word' id='word_1_455' title='bbox 3093 2442 3262 2496; x_wconf 89' lang='lat' dir='ltr'><strong>nectit</strong></span> <span class='ocrx_word' id='word_1_456' title='bbox 3313 2444 3707 2512; x_wconf 82' lang='lat' dir='ltr'><strong>pr0pinquitas,</strong></span> 
     </span>
    </p>
   </div>
   <div class='ocr_carea' id='block_1_72' title="bbox 2123 2532 3707 2602">
    <p class='ocr_par' dir='ltr' id='par_1_72' title="bbox 2123 2532 3707 2602">
     <span class='ocr_line' id='line_1_72' title="bbox 2123 2532 3707 2602; baseline 0.002 -13"><span class='ocrx_word' id='word_1_457' title='bbox 2123 2542 2337 2589; x_wconf 88' lang='lat' dir='ltr'><strong>actuum</strong></span> <span class='ocrx_word' id='word_1_458' title='bbox 2376 2542 2677 2588; x_wconf 87' lang='lat' dir='ltr'><strong>vestrorum</strong></span> <span class='ocrx_word' id='word_1_459' title='bbox 2726 2534 2864 2589; x_wconf 82' lang='lat' dir='ltr'><strong>bona</strong></span> <span class='ocrx_word' id='word_1_460' title='bbox 2910 2532 3215 2602; x_wconf 81' lang='lat' dir='ltr'><strong>subjiciam.</strong></span> <span class='ocrx_word' id='word_1_461' title='bbox 3251 2533 3379 2600; x_wconf 89' lang='lat' dir='ltr'><strong>Quis</strong></span> <span class='ocrx_word' id='word_1_462' title='bbox 3412 2534 3556 2590; x_wconf 89' lang='lat' dir='ltr'><strong>enim</strong></span> <span class='ocrx_word' id='word_1_463' title='bbox 3598 2551 3707 2594; x_wconf 88' lang='lat' dir='ltr'><strong>non</strong></span> 
     </span>
    </p>
   </div>
   <div class='ocr_carea' id='block_1_73' title="bbox 2125 2626 3697 2698">
    <p class='ocr_par' dir='ltr' id='par_1_73' title="bbox 2125 2626 3697 2698">
     <span class='ocr_line' id='line_1_73' title="bbox 2125 2626 3697 2698; baseline 0.001 -17"><span class='ocrx_word' id='word_1_464' title='bbox 2125 2627 2412 2698; x_wconf 87' lang='lat' dir='ltr'><strong>perfectam</strong></span> <span class='ocrx_word' id='word_1_465' title='bbox 2434 2628 2790 2683; x_wconf 88' lang='lat' dir='ltr'><strong>reverentiam</strong></span> <span class='ocrx_word' id='word_1_466' title='bbox 2816 2627 2888 2682; x_wconf 89' lang='lat' dir='ltr'><strong>sit</strong></span> <span class='ocrx_word' id='word_1_467' title='bbox 2916 2636 3129 2696; x_wconf 88' lang='lat' dir='ltr'><strong>paratus</strong></span> <span class='ocrx_word' id='word_1_468' title='bbox 3156 2626 3468 2697; x_wconf 89' lang='lat' dir='ltr'><strong>impendere</strong></span> <span class='ocrx_word' id='word_1_469' title='bbox 3498 2628 3697 2683; x_wconf 86' lang='lat' dir='ltr'><strong>animae</strong></span> 
     </span>
    </p>
   </div>
   <div class='ocr_carea' id='block_1_74' title="bbox 2125 2719 3701 2789">
    <p class='ocr_par' dir='ltr' id='par_1_74' title="bbox 2125 2719 3701 2789">
     <span class='ocr_line' id='line_1_74' title="bbox 2125 2719 3701 2789; baseline 0.002 -16"><span class='ocrx_word' id='word_1_470' title='bbox 2125 2720 2178 2773; x_wconf 91' lang='lat' dir='ltr'><strong>in</strong></span> <span class='ocrx_word' id='word_1_471' title='bbox 2212 2719 2306 2775; x_wconf 91' lang='lat' dir='ltr'><strong>Dei</strong></span> <span class='ocrx_word' id='word_1_472' title='bbox 2343 2719 2547 2775; x_wconf 89' lang='lat' dir='ltr'><strong>cultura</strong></span> <span class='ocrx_word' id='word_1_473' title='bbox 2597 2719 2847 2775; x_wconf 77' lang='lat' dir='ltr'><strong>sublimi?</strong></span> <span class='ocrx_word' id='word_1_474' title='bbox 2877 2719 2999 2789; x_wconf 90' lang='lat' dir='ltr'><strong>quia</strong></span> <span class='ocrx_word' id='word_1_475' title='bbox 3042 2720 3380 2788; x_wconf 83' lang='lat' dir='ltr'><strong>peregrinum</strong></span> <span class='ocrx_word' id='word_1_476' title='bbox 3410 2733 3469 2775; x_wconf 88' lang='lat' dir='ltr'><strong>se</strong></span> <span class='ocrx_word' id='word_1_477' title='bbox 3514 2719 3638 2775; x_wconf 87' lang='lat' dir='ltr'><strong>facit</strong></span> <span class='ocrx_word' id='word_1_478' title='bbox 3668 2736 3701 2776; x_wconf 88' lang='lat' dir='ltr'><strong>a</strong></span> 
     </span>
    </p>
   </div>
   <div class='ocr_carea' id='block_1_75' title="bbox 2125 2812 3701 2887">
    <p class='ocr_par' dir='ltr' id='par_1_75' title="bbox 2125 2812 3701 2887">
     <span class='ocr_line' id='line_1_75' title="bbox 2125 2812 3701 2887; baseline 0.002 -18"><span class='ocrx_word' id='word_1_479' title='bbox 2125 2814 2499 2883; x_wconf 85' lang='lat' dir='ltr'><strong>Redemptoris</strong></span> <span class='ocrx_word' id='word_1_480' title='bbox 2524 2816 2713 2884; x_wconf 87' lang='lat' dir='ltr'><strong>gratia,</strong></span> <span class='ocrx_word' id='word_1_481' title='bbox 2741 2815 2831 2884; x_wconf 92' lang='lat' dir='ltr'><strong>qui</strong></span> <span class='ocrx_word' id='word_1_482' title='bbox 2854 2812 2965 2869; x_wconf 91' lang='lat' dir='ltr'><strong>Deo</strong></span> <span class='ocrx_word' id='word_1_483' title='bbox 2985 2828 3092 2868; x_wconf 93' lang='lat' dir='ltr'><strong>non</strong></span> <span class='ocrx_word' id='word_1_484' title='bbox 3122 2814 3346 2883; x_wconf 89' lang='lat' dir='ltr'><strong>suscipit</strong></span> <span class='ocrx_word' id='word_1_485' title='bbox 3391 2815 3701 2887; x_wconf 90' lang='lat' dir='ltr'><strong>obsequen-</strong></span> 
     </span>
    </p>
   </div>
   <div class='ocr_carea' id='block_1_76' title="bbox 2126 2906 3704 2979">
    <p class='ocr_par' dir='ltr' id='par_1_76' title="bbox 2126 2906 3704 2979">
     <span class='ocr_line' id='line_1_76' title="bbox 2126 2906 3704 2979; baseline 0.001 -17"><span class='ocrx_word' id='word_1_486' title='bbox 2126 2916 2228 2963; x_wconf 89' lang='lat' dir='ltr'><strong>tes.</strong></span> <span class='ocrx_word' id='word_1_487' title='bbox 2282 2906 2539 2961; x_wconf 89' lang='lat' dir='ltr'><strong>lndicium</strong></span> <span class='ocrx_word' id='word_1_488' title='bbox 2594 2908 2736 2961; x_wconf 91' lang='lat' dir='ltr'><strong>enim</strong></span> <span class='ocrx_word' id='word_1_489' title='bbox 2788 2916 2871 2961; x_wconf 92' lang='lat' dir='ltr'><strong>est</strong></span> <span class='ocrx_word' id='word_1_490' title='bbox 2917 2906 3344 2961; x_wconf 76' lang='lat' dir='ltr'><strong>conversationis</strong></span> <span class='ocrx_word' id='word_1_491' title='bbox 3393 2908 3704 2979; x_wconf 71' lang='lat' dir='ltr'><strong>praecipuae,</strong></span> 
     </span>
    </p>
   </div>
   <div class='ocr_carea' id='block_1_77' title="bbox 2125 2997 3703 3067">
    <p class='ocr_par' dir='ltr' id='par_1_77' title="bbox 2125 2997 3703 3067">
     <span class='ocr_line' id='line_1_77' title="bbox 2125 2997 3703 3067; baseline 0.001 -13"><span class='ocrx_word' id='word_1_492' title='bbox 2125 2998 2326 3054; x_wconf 89' lang='lat' dir='ltr'><strong>Christi</strong></span> <span class='ocrx_word' id='word_1_493' title='bbox 2356 2999 2523 3053; x_wconf 89' lang='lat' dir='ltr'><strong>nostri</strong></span> <span class='ocrx_word' id='word_1_494' title='bbox 2566 3011 2745 3052; x_wconf 87' lang='lat' dir='ltr'><strong>amare</strong></span> <span class='ocrx_word' id='word_1_495' title='bbox 2769 2998 3004 3054; x_wconf 89' lang='lat' dir='ltr'><strong>cultores</strong></span> <span class='ocrx_word' id='word_1_496' title='bbox 3032 3039 3046 3063; x_wconf 92' lang='lat'><strong>,</strong></span> <span class='ocrx_word' id='word_1_497' title='bbox 3080 2997 3354 3067; x_wconf 87' lang='lat' dir='ltr'><strong>proximus</strong></span> <span class='ocrx_word' id='word_1_498' title='bbox 3382 3009 3466 3054; x_wconf 67' lang='lat' dir='ltr'><strong>est</strong></span> <span class='ocrx_word' id='word_1_499' title='bbox 3511 3016 3703 3056; x_wconf 85' lang='lat' dir='ltr'><strong>emen-</strong></span> 
     </span>
    </p>
   </div>
   <div class='ocr_carea' id='block_1_78' title="bbox 2126 3089 3709 3160">
    <p class='ocr_par' dir='ltr' id='par_1_78' title="bbox 2126 3089 3709 3160">
     <span class='ocr_line' id='line_1_78' title="bbox 2126 3089 3709 3160; baseline 0.002 -14"><span class='ocrx_word' id='word_1_500' title='bbox 2126 3091 2448 3156; x_wconf 90' lang='lat' dir='ltr'><strong>datissimis,</strong></span> <span class='ocrx_word' id='word_1_501' title='bbox 2497 3090 2586 3160; x_wconf 89' lang='lat' dir='ltr'><strong>qui</strong></span> <span class='ocrx_word' id='word_1_502' title='bbox 2630 3089 2804 3160; x_wconf 89' lang='lat' dir='ltr'><strong>diligit</strong></span> <span class='ocrx_word' id='word_1_503' title='bbox 2846 3090 2954 3159; x_wconf 87' lang='lat' dir='ltr'><strong>jam</strong></span> <span class='ocrx_word' id='word_1_504' title='bbox 2988 3089 3241 3160; x_wconf 91' lang='lat' dir='ltr'><strong>probatos</strong></span> <span class='ocrx_word' id='word_1_505' title='bbox 3279 3128 3297 3155; x_wconf 87' lang='lat'><strong>,</strong></span> <span class='ocrx_word' id='word_1_506' title='bbox 3342 3092 3709 3149; x_wconf 87' lang='lat' dir='ltr'><strong>testimonium</strong></span> 
     </span>
    </p>
   </div>
   <div class='ocr_carea' id='block_1_79' title="bbox 2127 3182 3710 3247">
    <p class='ocr_par' dir='ltr' id='par_1_79' title="bbox 2127 3182 3710 3247">
     <span class='ocr_line' id='line_1_79' title="bbox 2127 3182 3710 3247; baseline 0.001 -9"><span class='ocrx_word' id='word_1_507' title='bbox 2127 3184 2217 3238; x_wconf 91' lang='lat' dir='ltr'><strong>dat</strong></span> <span class='ocrx_word' id='word_1_508' title='bbox 2246 3185 2507 3238; x_wconf 90' lang='lat' dir='ltr'><strong>bonorum</strong></span> <span class='ocrx_word' id='word_1_509' title='bbox 2538 3184 2654 3237; x_wconf 89' lang='lat' dir='ltr'><strong>sine</strong></span> <span class='ocrx_word' id='word_1_510' title='bbox 2679 3182 3011 3239; x_wconf 90' lang='lat' dir='ltr'><strong>dubitatione</strong></span> <span class='ocrx_word' id='word_1_511' title='bbox 3041 3184 3377 3247; x_wconf 86' lang='lat' dir='ltr'><strong>meritorum.</strong></span> <span class='ocrx_word' id='word_1_512' title='bbox 3411 3186 3453 3238; x_wconf 91' lang='lat' dir='ltr'><strong>si</strong></span> <span class='ocrx_word' id='word_1_513' title='bbox 3488 3184 3710 3240; x_wconf 89' lang='lat' dir='ltr'><strong>studeas</strong></span> 
     </span>
    </p>
   </div>
   <div class='ocr_carea' id='block_1_80' title="bbox 2039 3263 3711 3349">
    <p class='ocr_par' dir='ltr' id='par_1_80' title="bbox 2039 3263 3711 3349">
     <span class='ocr_line' id='line_1_80' title="bbox 2039 3263 3711 3349; baseline 0 -14"><span class='ocrx_word' id='word_1_514' title='bbox 2039 3263 2086 3327; x_wconf 84' lang='lat' dir='ltr'><strong>C</strong></span> <span class='ocrx_word' id='word_1_515' title='bbox 2117 3277 2361 3337; x_wconf 90' lang='lat' dir='ltr'><strong>laudibus</strong></span> <span class='ocrx_word' id='word_1_516' title='bbox 2395 3275 2639 3348; x_wconf 85' lang='lat' dir='ltr'><strong>prosequi</strong></span> <span class='ocrx_word' id='word_1_517' title='bbox 2671 3277 2773 3333; x_wconf 80' lang='lat' dir='ltr'><strong>sub</strong></span> <span class='ocrx_word' id='word_1_518' title='bbox 2820 3276 2999 3333; x_wconf 88' lang='lat' dir='ltr'><strong>debita</strong></span> <span class='ocrx_word' id='word_1_519' title='bbox 3045 3277 3444 3333; x_wconf 90' lang='lat' dir='ltr'><strong>continuatione</strong></span> <span class='ocrx_word' id='word_1_520' title='bbox 3494 3279 3711 3349; x_wconf 85' lang='lat' dir='ltr'><strong>perlec-</strong></span> 
     </span>
    </p>
   </div>
   <div class='ocr_carea' id='block_1_81' title="bbox 2117 3363 3803 3445">
    <p class='ocr_par' dir='ltr' id='par_1_81' title="bbox 2117 3363 3803 3445">
     <span class='ocr_line' id='line_1_81' title="bbox 2117 3363 3803 3445; baseline 0 -18"><span class='ocrx_word' id='word_1_521' title='bbox 2117 3382 2199 3428; x_wconf 91' lang='lat' dir='ltr'><strong>tos</strong></span> <span class='ocrx_word' id='word_1_522' title='bbox 2230 3415 2245 3440; x_wconf 93' lang='lat'><strong>,</strong></span> <span class='ocrx_word' id='word_1_523' title='bbox 2275 3372 2333 3427; x_wconf 86' lang='lat' dir='ltr'><strong>fit</strong></span> <span class='ocrx_word' id='word_1_524' title='bbox 2361 3373 2558 3425; x_wconf 90' lang='lat' dir='ltr'><strong>sanctis</strong></span> <span class='ocrx_word' id='word_1_525' title='bbox 2588 3371 2884 3441; x_wconf 81' lang='lat' dir='ltr'><strong>proximus,</strong></span> <span class='ocrx_word' id='word_1_526' title='bbox 2915 3372 3004 3441; x_wconf 90' lang='lat' dir='ltr'><strong>qui</strong></span> <span class='ocrx_word' id='word_1_527' title='bbox 3036 3371 3087 3425; x_wconf 95' lang='lat' dir='ltr'><strong>in</strong></span> <span class='ocrx_word' id='word_1_528' title='bbox 3132 3372 3237 3426; x_wconf 90' lang='lat' dir='ltr'><strong>illis</strong></span> <span class='ocrx_word' id='word_1_529' title='bbox 3268 3363 3387 3428; x_wconf 90' lang='lat' dir='ltr'><strong>sine</strong></span> <span class='ocrx_word' id='word_1_530' title='bbox 3417 3370 3539 3428; x_wconf 89' lang='lat' dir='ltr'><strong>fuco</strong></span> <span class='ocrx_word' id='word_1_531' title='bbox 3561 3388 3709 3445; x_wconf 59' lang='lat' dir='ltr'><strong>pra-</strong></span> <span class='ocrx_word' id='word_1_532' title='bbox 3800 3384 3803 3387; x_wconf 50' lang='grc' dir='ltr'><strong><em>λ</em></strong></span> 
     </span>
    </p>
   </div>
   <div class='ocr_carea' id='block_1_82' title="bbox 2114 3463 3712 3533">
    <p class='ocr_par' dir='ltr' id='par_1_82' title="bbox 2114 3463 3712 3533">
     <span class='ocr_line' id='line_1_82' title="bbox 2114 3463 3712 3533; baseline 0.001 -13"><span class='ocrx_word' id='word_1_533' title='bbox 2114 3466 2255 3521; x_wconf 90' lang='lat' dir='ltr'><strong>dicat</strong></span> <span class='ocrx_word' id='word_1_534' title='bbox 2287 3464 2620 3518; x_wconf 87' lang='lat' dir='ltr'><strong>sanctitatem</strong></span> <span class='ocrx_word' id='word_1_535' title='bbox 2649 3504 2665 3530; x_wconf 88' lang='lat'><strong>,</strong></span> <span class='ocrx_word' id='word_1_536' title='bbox 2711 3478 3080 3533; x_wconf 91' lang='lat' dir='ltr'><strong>quemcunque</strong></span> <span class='ocrx_word' id='word_1_537' title='bbox 3123 3463 3410 3533; x_wconf 90' lang='lat' dir='ltr'><strong>diligentia</strong></span> <span class='ocrx_word' id='word_1_538' title='bbox 3458 3465 3712 3521; x_wconf 85' lang='lat' dir='ltr'><strong>hortante</strong></span> 
     </span>
    </p>
   </div>
   <div class='ocr_carea' id='block_1_83' title="bbox 2114 3554 3709 3627">
    <p class='ocr_par' dir='ltr' id='par_1_83' title="bbox 2114 3554 3709 3627">
     <span class='ocr_line' id='line_1_83' title="bbox 2114 3554 3709 3627; baseline 0 -17"><span class='ocrx_word' id='word_1_539' title='bbox 2114 3556 2437 3627; x_wconf 77' lang='lat' dir='ltr'><strong>przetuleris,</strong></span> <span class='ocrx_word' id='word_1_540' title='bbox 2463 3554 2799 3625; x_wconf 90' lang='lat' dir='ltr'><strong>dispendium</strong></span> <span class='ocrx_word' id='word_1_541' title='bbox 2820 3554 3040 3623; x_wconf 89' lang='lat' dir='ltr'><strong>pudoris</strong></span> <span class='ocrx_word' id='word_1_542' title='bbox 3061 3561 3163 3619; x_wconf 91' lang='lat' dir='ltr'><strong>est,</strong></span> <span class='ocrx_word' id='word_1_543' title='bbox 3191 3554 3258 3608; x_wconf 91' lang='lat' dir='ltr'><strong>ni</strong></span> <span class='ocrx_word' id='word_1_544' title='bbox 3290 3555 3709 3625; x_wconf 84' lang='lat' dir='ltr'><strong>sequaris.Quis</strong></span> 
     </span>
    </p>
   </div>
   <div class='ocr_carea' id='block_1_84' title="bbox 2113 3646 3702 3716">
    <p class='ocr_par' dir='ltr' id='par_1_84' title="bbox 2113 3646 3702 3716">
     <span class='ocr_line' id='line_1_84' title="bbox 2113 3646 3702 3716; baseline -0.001 -13"><span class='ocrx_word' id='word_1_545' title='bbox 2113 3647 2259 3703; x_wconf 88' lang='lat' dir='ltr'><strong>salva</strong></span> <span class='ocrx_word' id='word_1_546' title='bbox 2282 3646 2599 3702; x_wconf 90' lang='lat' dir='ltr'><strong>verecundia</strong></span> <span class='ocrx_word' id='word_1_547' title='bbox 2626 3662 2721 3716; x_wconf 92' lang='lat' dir='ltr'><strong>per</strong></span> <span class='ocrx_word' id='word_1_548' title='bbox 2749 3647 2962 3715; x_wconf 89' lang='lat' dir='ltr'><strong>spinosa</strong></span> <span class='ocrx_word' id='word_1_549' title='bbox 3000 3646 3253 3715; x_wconf 87' lang='lat' dir='ltr'><strong>gradiens</strong></span> <span class='ocrx_word' id='word_1_550' title='bbox 3283 3656 3560 3716; x_wconf 84' lang='lat' dir='ltr'><strong>purgatum</strong></span> <span class='ocrx_word' id='word_1_551' title='bbox 3595 3650 3702 3703; x_wconf 89' lang='lat' dir='ltr'><strong>it&#39;er</strong></span> 
     </span>
    </p>
   </div>
   <div class='ocr_carea' id='block_1_85' title="bbox 2113 3740 3711 3810">
    <p class='ocr_par' dir='ltr' id='par_1_85' title="bbox 2113 3740 3711 3810">
     <span class='ocr_line' id='line_1_85' title="bbox 2113 3740 3711 3810; baseline 0.001 -16"><span class='ocrx_word' id='word_1_552' title='bbox 2113 3740 2318 3795; x_wconf 88' lang='lat' dir='ltr'><strong>attollat</strong></span> <span class='ocrx_word' id='word_1_553' title='bbox 2353 3784 2367 3807; x_wconf 93' lang='lat'><strong>,</strong></span> <span class='ocrx_word' id='word_1_554' title='bbox 2401 3751 2454 3795; x_wconf 91' lang='lat' dir='ltr'><strong>et</strong></span> <span class='ocrx_word' id='word_1_555' title='bbox 2491 3741 2632 3795; x_wconf 86' lang='lat' dir='ltr'><strong>viam</strong></span> <span class='ocrx_word' id='word_1_556' title='bbox 2654 3741 2838 3795; x_wconf 90' lang='lat' dir='ltr'><strong>salutis</strong></span> <span class='ocrx_word' id='word_1_557' title='bbox 2859 3742 3124 3809; x_wconf 81' lang='lat' dir='ltr'><strong>aspiciens</strong></span> <span class='ocrx_word' id='word_1_558' title='bbox 3152 3742 3312 3797; x_wconf 90' lang='lat' dir='ltr'><strong>calles</strong></span> <span class='ocrx_word' id='word_1_559' title='bbox 3334 3742 3493 3810; x_wconf 89' lang='lat' dir='ltr'><strong>eligat</strong></span> <span class='ocrx_word' id='word_1_560' title='bbox 3518 3744 3711 3796; x_wconf 86' lang='lat' dir='ltr'><strong>noxio—</strong></span> 
     </span>
    </p>
   </div>
   <div class='ocr_carea' id='block_1_86' title="bbox 2114 3835 3706 3904">
    <p class='ocr_par' dir='ltr' id='par_1_86' title="bbox 2114 3835 3706 3904">
     <span class='ocr_line' id='line_1_86' title="bbox 2114 3835 3706 3904; baseline 0.002 -15"><span class='ocrx_word' id='word_1_561' title='bbox 2114 3835 2268 3889; x_wconf 87' lang='lat' dir='ltr'><strong>rum?</strong></span> <span class='ocrx_word' id='word_1_562' title='bbox 2298 3835 2556 3904; x_wconf 88' lang='lat' dir='ltr'><strong>professio</strong></span> <span class='ocrx_word' id='word_1_563' title='bbox 2608 3835 2862 3889; x_wconf 86' lang='lat' dir='ltr'><strong>caecitatis</strong></span> <span class='ocrx_word' id='word_1_564' title='bbox 2910 3845 3012 3901; x_wconf 88' lang='lat' dir='ltr'><strong>est,</strong></span> <span class='ocrx_word' id='word_1_565' title='bbox 3061 3836 3198 3891; x_wconf 89' lang='lat' dir='ltr'><strong>bona</strong></span> <span class='ocrx_word' id='word_1_566' title='bbox 3252 3846 3378 3890; x_wconf 90' lang='lat' dir='ltr'><strong>ante</strong></span> <span class='ocrx_word' id='word_1_567' title='bbox 3403 3836 3587 3891; x_wconf 90' lang='lat' dir='ltr'><strong>oculos</strong></span> <span class='ocrx_word' id='word_1_568' title='bbox 3642 3837 3706 3892; x_wconf 91' lang='lat' dir='ltr'><strong>in</strong></span> 
     </span>
    </p>
   </div>
   <div class='ocr_carea' id='block_1_87' title="bbox 2112 3926 3707 3998">
    <p class='ocr_par' dir='ltr' id='par_1_87' title="bbox 2112 3926 3707 3998">
     <span class='ocr_line' id='line_1_87' title="bbox 2112 3926 3707 3998; baseline 0 -16"><span class='ocrx_word' id='word_1_569' title='bbox 2112 3928 2416 3996; x_wconf 83' lang='lat' dir='ltr'><strong>exemplum</strong></span> <span class='ocrx_word' id='word_1_570' title='bbox 2444 3926 2612 3981; x_wconf 89' lang='lat' dir='ltr'><strong>locata</strong></span> <span class='ocrx_word' id='word_1_571' title='bbox 2651 3927 2944 3996; x_wconf 84' lang='lat' dir='ltr'><strong>respicere,</strong></span> <span class='ocrx_word' id='word_1_572' title='bbox 2968 3938 3022 3981; x_wconf 86' lang='lat' dir='ltr'><strong>et</strong></span> <span class='ocrx_word' id='word_1_573' title='bbox 3053 3927 3192 3981; x_wconf 90' lang='lat' dir='ltr'><strong>unde</strong></span> <span class='ocrx_word' id='word_1_574' title='bbox 3236 3926 3530 3982; x_wconf 90' lang='lat' dir='ltr'><strong>imitatione</strong></span> <span class='ocrx_word' id='word_1_575' title='bbox 3569 3942 3707 3998; x_wconf 85' lang='lat' dir='ltr'><strong>pro-</strong></span> 
     </span>
    </p>
   </div>
   <div class='ocr_carea' id='block_1_88' title="bbox 2114 4018 3710 4086">
    <p class='ocr_par' dir='ltr' id='par_1_88' title="bbox 2114 4018 3710 4086">
     <span class='ocr_line' id='line_1_88' title="bbox 2114 4018 3710 4086; baseline 0.003 -15"><span class='ocrx_word' id='word_1_576' title='bbox 2114 4019 2260 4072; x_wconf 88' lang='lat' dir='ltr'><strong>tlcias</strong></span> <span class='ocrx_word' id='word_1_577' title='bbox 2303 4032 2407 4072; x_wconf 91' lang='lat' dir='ltr'><strong>non</strong></span> <span class='ocrx_word' id='word_1_578' title='bbox 2448 4028 2650 4073; x_wconf 90' lang='lat' dir='ltr'><strong>tenere.</strong></span> <span class='ocrx_word' id='word_1_579' title='bbox 2670 4019 2813 4083; x_wconf 82' lang='lat' dir='ltr'><strong>Haec,</strong></span> <span class='ocrx_word' id='word_1_580' title='bbox 2842 4019 2911 4073; x_wconf 94' lang='lat' dir='ltr'><strong>mi</strong></span> <span class='ocrx_word' id='word_1_581' title='bbox 2941 4018 3180 4086; x_wconf 87' lang='lat' dir='ltr'><strong>domina,</strong></span> <span class='ocrx_word' id='word_1_582' title='bbox 3208 4019 3277 4074; x_wconf 92' lang='lat' dir='ltr'><strong>de</strong></span> <span class='ocrx_word' id='word_1_583' title='bbox 3306 4029 3357 4074; x_wconf 89' lang='lat' dir='ltr'><strong>te</strong></span> <span class='ocrx_word' id='word_1_584' title='bbox 3383 4034 3488 4075; x_wconf 92' lang='lat' dir='ltr'><strong>non</strong></span> <span class='ocrx_word' id='word_1_585' title='bbox 3522 4022 3710 4075; x_wconf 85' lang='lat' dir='ltr'><strong>incer-</strong></span> 
     </span>
    </p>
   </div>
   <div class='ocr_carea' id='block_1_89' title="bbox 2114 4109 3710 4181">
    <p class='ocr_par' dir='ltr' id='par_1_89' title="bbox 2114 4109 3710 4181">
     <span class='ocr_line' id='line_1_89' title="bbox 2114 4109 3710 4181; baseline 0 -16"><span class='ocrx_word' id='word_1_586' title='bbox 2114 4112 2180 4165; x_wconf 92' lang='lat' dir='ltr'><strong>tis</strong></span> <span class='ocrx_word' id='word_1_587' title='bbox 2209 4113 2345 4165; x_wconf 85' lang='lat' dir='ltr'><strong>fama</strong></span> <span class='ocrx_word' id='word_1_588' title='bbox 2375 4109 2637 4165; x_wconf 90' lang='lat' dir='ltr'><strong>nuntiavit</strong></span> <span class='ocrx_word' id='word_1_589' title='bbox 2680 4109 2918 4178; x_wconf 89' lang='lat' dir='ltr'><strong>indiciis,</strong></span> <span class='ocrx_word' id='word_1_590' title='bbox 2963 4124 3068 4164; x_wconf 90' lang='lat' dir='ltr'><strong>non</strong></span> <span class='ocrx_word' id='word_1_591' title='bbox 3116 4109 3310 4179; x_wconf 85' lang='lat' dir='ltr'><strong>loquax</strong></span> <span class='ocrx_word' id='word_1_592' title='bbox 3361 4113 3557 4181; x_wconf 92' lang='lat' dir='ltr'><strong>vulgus</strong></span> <span class='ocrx_word' id='word_1_593' title='bbox 3602 4126 3710 4181; x_wconf 84' lang='lat' dir='ltr'><strong>per</strong></span> 
     </span>
    </p>
   </div>
   <div class='ocr_carea' id='block_1_90' title="bbox 2112 4200 3709 4278">
    <p class='ocr_par' dir='ltr' id='par_1_90' title="bbox 2112 4200 3709 4278">
     <span class='ocr_line' id='line_1_90' title="bbox 2112 4200 3709 4278; baseline -0.001 -16"><span class='ocrx_word' id='word_1_594' title='bbox 2112 4208 2296 4278; x_wconf 83' lang='lat' dir='ltr'><strong>ignara</strong></span> <span class='ocrx_word' id='word_1_595' title='bbox 2321 4204 2505 4277; x_wconf 91' lang='lat' dir='ltr'><strong>judicii</strong></span> <span class='ocrx_word' id='word_1_596' title='bbox 2529 4219 2623 4260; x_wconf 90' lang='lat' dir='ltr'><strong>ora</strong></span> <span class='ocrx_word' id='word_1_597' title='bbox 2662 4205 2911 4274; x_wconf 81' lang='lat' dir='ltr'><strong>iactavit;</strong></span> <span class='ocrx_word' id='word_1_598' title='bbox 2942 4204 3025 4259; x_wconf 91' lang='lat' dir='ltr'><strong>cui</strong></span> <span class='ocrx_word' id='word_1_599' title='bbox 3078 4218 3193 4259; x_wconf 88' lang='lat' dir='ltr'><strong>mos</strong></span> <span class='ocrx_word' id='word_1_600' title='bbox 3237 4204 3419 4260; x_wconf 85' lang='lat' dir='ltr'><strong>estde</strong></span> <span class='ocrx_word' id='word_1_601' title='bbox 3448 4200 3709 4261; x_wconf 73' lang='lat' dir='ltr'><strong>humanis</strong></span> 
     </span>
    </p>
   </div>
   <div class='ocr_carea' id='block_1_91' title="bbox 2112 4294 3706 4367">
    <p class='ocr_par' dir='ltr' id='par_1_91' title="bbox 2112 4294 3706 4367">
     <span class='ocr_line' id='line_1_91' title="bbox 2112 4294 3706 4367; baseline -0.001 -12"><span class='ocrx_word' id='word_1_602' title='bbox 2112 4300 2343 4367; x_wconf 89' lang='lat' dir='ltr'><strong>actibus,</strong></span> <span class='ocrx_word' id='word_1_603' title='bbox 2374 4298 2500 4355; x_wconf 90' lang='lat' dir='ltr'><strong>dum</strong></span> <span class='ocrx_word' id='word_1_604' title='bbox 2531 4296 2793 4354; x_wconf 88' lang='lat' dir='ltr'><strong>scintillas</strong></span> <span class='ocrx_word' id='word_1_605' title='bbox 2823 4296 2877 4352; x_wconf 93' lang='lat' dir='ltr'><strong>in</strong></span> <span class='ocrx_word' id='word_1_606' title='bbox 2908 4312 3066 4367; x_wconf 92' lang='lat' dir='ltr'><strong>rogos</strong></span> <span class='ocrx_word' id='word_1_607' title='bbox 3094 4298 3315 4365; x_wconf 89' lang='lat' dir='ltr'><strong>animat,</strong></span> <span class='ocrx_word' id='word_1_608' title='bbox 3343 4294 3706 4366; x_wconf 81' lang='lat' dir='ltr'><strong>amplificatas</strong></span> 
     </span>
    </p>
   </div>
   <div class='ocr_carea' id='block_1_92' title="bbox 2112 4388 3707 4457">
    <p class='ocr_par' dir='ltr' id='par_1_92' title="bbox 2112 4388 3707 4457">
     <span class='ocr_line' id='line_1_92' title="bbox 2112 4388 3707 4457; baseline -0.002 -13"><span class='ocrx_word' id='word_1_609' title='bbox 2112 4390 2350 4446; x_wconf 80' lang='lat' dir='ltr'><strong>ﬁdelium</strong></span> <span class='ocrx_word' id='word_1_610' title='bbox 2396 4389 2637 4443; x_wconf 82' lang='lat' dir='ltr'><strong>ﬂammas</strong></span> <span class='ocrx_word' id='word_1_611' title='bbox 2661 4388 3027 4457; x_wconf 86' lang='lat' dir='ltr'><strong>exstinguere.</strong></span> <span class='ocrx_word' id='word_1_612' title='bbox 3063 4388 3174 4443; x_wconf 86' lang='lat' dir='ltr'><strong>Hoc</strong></span> <span class='ocrx_word' id='word_1_613' title='bbox 3202 4388 3509 4443; x_wconf 72' lang='lat' dir='ltr'><strong>nostrorum</strong></span> <span class='ocrx_word' id='word_1_614' title='bbox 3562 4392 3707 4443; x_wconf 82' lang='lat' dir='ltr'><strong>reln-</strong></span> 
     </span>
    </p>
   </div>
   <div class='ocr_carea' id='block_1_93' title="bbox 2113 4480 3707 4551">
    <p class='ocr_par' dir='ltr' id='par_1_93' title="bbox 2113 4480 3707 4551">
     <span class='ocr_line' id='line_1_93' title="bbox 2113 4480 3707 4551; baseline -0.001 -15"><span class='ocrx_word' id='word_1_615' title='bbox 2113 4482 2259 4537; x_wconf 89' lang='lat' dir='ltr'><strong>tione</strong></span> <span class='ocrx_word' id='word_1_616' title='bbox 2291 4482 2729 4551; x_wconf 90' lang='lat' dir='ltr'><strong>pr0pinquorum,</strong></span> <span class='ocrx_word' id='word_1_617' title='bbox 2760 4481 3030 4550; x_wconf 71' lang='lat' dir='ltr'><strong>pnccipuc</strong></span> <span class='ocrx_word' id='word_1_618' title='bbox 3070 4489 3249 4536; x_wconf 89' lang='lat' dir='ltr'><strong>tamen</strong></span> <span class='ocrx_word' id='word_1_619' title='bbox 3276 4480 3471 4535; x_wconf 89' lang='lat' dir='ltr'><strong>domna</strong></span> <span class='ocrx_word' id='word_1_620' title='bbox 3517 4490 3571 4535; x_wconf 92' lang='lat' dir='ltr'><strong>et</strong></span> <span class='ocrx_word' id='word_1_621' title='bbox 3608 4496 3707 4535; x_wconf 74' lang='lat' dir='ltr'><strong>sc-</strong></span> 
     </span>
    </p>
   </div>
   <div class='ocr_carea' id='block_1_94' title="bbox 2112 4573 3707 4643">
    <p class='ocr_par' dir='ltr' id='par_1_94' title="bbox 2112 4573 3707 4643">
     <span class='ocr_line' id='line_1_94' title="bbox 2112 4573 3707 4643; baseline 0.001 -15"><span class='ocrx_word' id='word_1_622' title='bbox 2112 4589 2237 4629; x_wconf 91' lang='lat' dir='ltr'><strong>rore</strong></span> <span class='ocrx_word' id='word_1_623' title='bbox 2270 4574 2532 4643; x_wconf 85' lang='lat' dir='ltr'><strong>Euprepia</strong></span> <span class='ocrx_word' id='word_1_624' title='bbox 2562 4573 2850 4638; x_wconf 90' lang='lat' dir='ltr'><strong>referente,</strong></span> <span class='ocrx_word' id='word_1_625' title='bbox 2884 4574 3221 4642; x_wconf 86' lang='lat' dir='ltr'><strong>percrebuit;</strong></span> <span class='ocrx_word' id='word_1_626' title='bbox 3255 4589 3360 4628; x_wconf 90' lang='lat' dir='ltr'><strong>non</strong></span> <span class='ocrx_word' id='word_1_627' title='bbox 3403 4574 3574 4627; x_wconf 89' lang='lat' dir='ltr'><strong>solum</strong></span> <span class='ocrx_word' id='word_1_628' title='bbox 3605 4589 3707 4629; x_wconf 80' lang='lat' dir='ltr'><strong>vos</strong></span> 
     </span>
    </p>
   </div>
   <div class='ocr_carea' id='block_1_95' title="bbox 342 4653 3693 4749">
    <p class='ocr_par' dir='ltr' id='par_1_95' title="bbox 342 4653 3693 4749">
     <span class='ocr_line' id='line_1_95' title="bbox 342 4653 3693 4749; baseline 0.003 -39"><span class='ocrx_word' id='word_1_629' title='bbox 342 4680 349 4683; x_wconf 58' lang='grc' dir='ltr'><strong>λ</strong></span> <span class='ocrx_word' id='word_1_630' title='bbox 428 4680 604 4739; x_wconf 67' lang='lat' dir='ltr'><strong>adhuc</strong></span> <span class='ocrx_word' id='word_1_631' title='bbox 625 4681 754 4735; x_wconf 69' lang='lat' dir='ltr'><strong>mihi</strong></span> <span class='ocrx_word' id='word_1_632' title='bbox 783 4690 1094 4736; x_wconf 69' lang='lat' dir='ltr'><strong>omamema</strong></span> <span class='ocrx_word' id='word_1_633' title='bbox 1129 4653 1328 4735; x_wconf 60' lang='grc' dir='ltr'><strong>έίιεηιίί</strong></span> <span class='ocrx_word' id='word_1_634' title='bbox 1358 4694 1464 4734; x_wconf 74' lang='lat' dir='ltr'><strong>non</strong></span> <span class='ocrx_word' id='word_1_635' title='bbox 1490 4678 1685 4749; x_wconf 62' lang='grc' dir='ltr'><strong>ρθτίτε,</strong></span> <span class='ocrx_word' id='word_1_636' title='bbox 1714 4677 1847 4732; x_wconf 69' lang='lat' dir='ltr'><strong>Nam</strong></span> <span class='ocrx_word' id='word_1_637' title='bbox 1877 4680 2011 4733; x_wconf 65' lang='grc' dir='ltr'><strong>ωεί,</strong></span> <span class='ocrx_word' id='word_1_638' title='bbox 2034 4653 2089 4715; x_wconf 86' lang='lat' dir='ltr'><strong>D</strong></span> <span class='ocrx_word' id='word_1_639' title='bbox 2113 4664 2301 4735; x_wconf 84' lang='lat' dir='ltr'><strong>dignas</strong></span> <span class='ocrx_word' id='word_1_640' title='bbox 2326 4678 2446 4719; x_wconf 78' lang='lat' dir='ltr'><strong>eSse</strong></span> <span class='ocrx_word' id='word_1_641' title='bbox 2486 4666 2788 4733; x_wconf 78' lang='lat' dir='ltr'><strong>praecauiis,</strong></span> <span class='ocrx_word' id='word_1_642' title='bbox 2821 4667 2915 4720; x_wconf 90' lang='lat' dir='ltr'><strong>sed</strong></span> <span class='ocrx_word' id='word_1_643' title='bbox 2948 4665 3241 4720; x_wconf 74' lang='lat' dir='ltr'><strong>instituisse</strong></span> <span class='ocrx_word' id='word_1_644' title='bbox 3281 4664 3693 4729; x_wconf 86' lang='lat' dir='ltr'><strong>celebrandum,</strong></span> 
     </span>
    </p>
   </div>
   <div class='ocr_carea' id='block_1_96' title="bbox 429 4772 2011 4843">
    <p class='ocr_par' dir='ltr' id='par_1_96' title="bbox 429 4772 2011 4843">
     <span class='ocr_line' id='line_1_96' title="bbox 429 4772 2011 4843; baseline -0.003 -11"><span class='ocrx_word' id='word_1_645' title='bbox 429 4775 703 4832; x_wconf 89' lang='lat' dir='ltr'><strong>turnitatis</strong></span> <span class='ocrx_word' id='word_1_646' title='bbox 731 4788 923 4829; x_wconf 91' lang='lat' dir='ltr'><strong>munus</strong></span> <span class='ocrx_word' id='word_1_647' title='bbox 947 4782 1050 4841; x_wconf 91' lang='lat' dir='ltr'><strong>est,</strong></span> <span class='ocrx_word' id='word_1_648' title='bbox 1075 4774 1214 4843; x_wconf 91' lang='lat' dir='ltr'><strong>quod</strong></span> <span class='ocrx_word' id='word_1_649' title='bbox 1238 4788 1341 4827; x_wconf 92' lang='lat' dir='ltr'><strong>non</strong></span> <span class='ocrx_word' id='word_1_650' title='bbox 1374 4773 1722 4827; x_wconf 88' lang='lat' dir='ltr'><strong>inhumanum</strong></span> <span class='ocrx_word' id='word_1_651' title='bbox 1750 4772 1895 4841; x_wconf 86' lang='lat' dir='ltr'><strong>loqui</strong></span> <span class='ocrx_word' id='word_1_652' title='bbox 1923 4787 2011 4828; x_wconf 90' lang='lat' dir='ltr'><strong>me</strong></span> 
     </span>
    </p>
   </div>
   <div class='ocr_carea' id='block_1_97' title="bbox 427 4866 2009 4944">
    <p class='ocr_par' dir='ltr' id='par_1_97' title="bbox 427 4866 2009 4944">
     <span class='ocr_line' id='line_1_97' title="bbox 427 4866 2009 4944; baseline -0.003 -18"><span class='ocrx_word' id='word_1_653' title='bbox 427 4885 589 4944; x_wconf 87' lang='lat' dir='ltr'><strong>posse</strong></span> <span class='ocrx_word' id='word_1_654' title='bbox 613 4869 935 4925; x_wconf 73' lang='lat' dir='ltr'><strong>credidistis.</strong></span> <span class='ocrx_word' id='word_1_655' title='bbox 957 4868 1151 4923; x_wconf 82' lang='lat' dir='ltr'><strong>Videte</strong></span> <span class='ocrx_word' id='word_1_656' title='bbox 1172 4878 1426 4937; x_wconf 89' lang='lat' dir='ltr'><strong>quantum</strong></span> <span class='ocrx_word' id='word_1_657' title='bbox 1448 4868 1636 4937; x_wconf 69' lang='lat' dir='ltr'><strong>lingua:</strong></span> <span class='ocrx_word' id='word_1_658' title='bbox 1661 4866 1876 4933; x_wconf 84' lang='lat' dir='ltr'><strong>genium</strong></span> <span class='ocrx_word' id='word_1_659' title='bbox 1905 4881 2009 4921; x_wconf 88' lang='lat' dir='ltr'><strong>vox</strong></span> 
     </span>
    </p>
   </div>
   <div class='ocr_carea' id='block_1_98' title="bbox 428 4958 2010 5041">
    <p class='ocr_par' dir='ltr' id='par_1_98' title="bbox 428 4958 2010 5041">
     <span class='ocr_line' id='line_1_98' title="bbox 428 4958 2010 5041; baseline -0.003 -23"><span class='ocrx_word' id='word_1_660' title='bbox 428 4978 615 5041; x_wconf 54' lang='lat' dir='ltr'><strong>pressa</strong></span> <span class='ocrx_word' id='word_1_661' title='bbox 646 4963 947 5018; x_wconf 90' lang='lat' dir='ltr'><strong>contulerit.</strong></span> <span class='ocrx_word' id='word_1_662' title='bbox 1015 4960 1117 5016; x_wconf 89' lang='lat' dir='ltr'><strong>Sed</strong></span> <span class='ocrx_word' id='word_1_663' title='bbox 1150 4974 1236 5014; x_wconf 91' lang='lat' dir='ltr'><strong>res</strong></span> <span class='ocrx_word' id='word_1_664' title='bbox 1274 4968 1357 5015; x_wconf 81' lang='lat' dir='ltr'><strong>est</strong></span> <span class='ocrx_word' id='word_1_665' title='bbox 1393 4961 1546 5014; x_wconf 89' lang='lat' dir='ltr'><strong>vacui</strong></span> <span class='ocrx_word' id='word_1_666' title='bbox 1599 4958 1828 5029; x_wconf 89' lang='lat' dir='ltr'><strong>pectoris</strong></span> <span class='ocrx_word' id='word_1_667' title='bbox 1871 4960 2010 5030; x_wconf 90' lang='lat' dir='ltr'><strong>peri-</strong></span> 
     </span>
    </p>
   </div>
   <div class='ocr_carea' id='block_1_99' title="bbox 430 5050 2013 5120">
    <p class='ocr_par' dir='ltr' id='par_1_99' title="bbox 430 5050 2013 5120">
     <span class='ocr_line' id='line_1_99' title="bbox 430 5050 2013 5120; baseline -0.002 -10"><span class='ocrx_word' id='word_1_668' title='bbox 430 5056 609 5110; x_wconf 88' lang='lat' dir='ltr'><strong>clitata</strong></span> <span class='ocrx_word' id='word_1_669' title='bbox 653 5053 886 5109; x_wconf 82' lang='lat' dir='ltr'><strong>remedia</strong></span> <span class='ocrx_word' id='word_1_670' title='bbox 927 5067 1033 5107; x_wconf 93' lang='lat' dir='ltr'><strong>non</strong></span> <span class='ocrx_word' id='word_1_671' title='bbox 1062 5062 1264 5107; x_wconf 86' lang='lat' dir='ltr'><strong>tenere.</strong></span> <span class='ocrx_word' id='word_1_672' title='bbox 1311 5052 1433 5120; x_wconf 80' lang='lat' dir='ltr'><strong>Agit</strong></span> <span class='ocrx_word' id='word_1_673' title='bbox 1460 5050 1723 5106; x_wconf 88' lang='lat' dir='ltr'><strong>sermonis</strong></span> <span class='ocrx_word' id='word_1_674' title='bbox 1763 5066 1911 5118; x_wconf 90' lang='lat' dir='ltr'><strong>cura,</strong></span> <span class='ocrx_word' id='word_1_675' title='bbox 1943 5067 2013 5107; x_wconf 91' lang='lat' dir='ltr'><strong>ne</strong></span> 
     </span>
    </p>
   </div>
   <div class='ocr_carea' id='block_1_100' title="bbox 429 5142 2012 5218">
    <p class='ocr_par' dir='ltr' id='par_1_100' title="bbox 429 5142 2012 5218">
     <span class='ocr_line' id='line_1_100' title="bbox 429 5142 2012 5218; baseline -0.003 -17"><span class='ocrx_word' id='word_1_676' title='bbox 429 5145 817 5218; x_wconf 83' lang='lat' dir='ltr'><strong>promulgantis</strong></span> <span class='ocrx_word' id='word_1_677' title='bbox 858 5143 1060 5198; x_wconf 90' lang='lat' dir='ltr'><strong>celetur</strong></span> <span class='ocrx_word' id='word_1_678' title='bbox 1087 5143 1327 5207; x_wconf 90' lang='lat' dir='ltr'><strong>inscitia,</strong></span> <span class='ocrx_word' id='word_1_679' title='bbox 1359 5142 1572 5211; x_wconf 90' lang='lat' dir='ltr'><strong>quando</strong></span> <span class='ocrx_word' id='word_1_680' title='bbox 1601 5142 1696 5197; x_wconf 92' lang='lat' dir='ltr'><strong>otii</strong></span> <span class='ocrx_word' id='word_1_681' title='bbox 1727 5143 1876 5198; x_wconf 91' lang='lat' dir='ltr'><strong>labor</strong></span> <span class='ocrx_word' id='word_1_682' title='bbox 1900 5144 2012 5213; x_wconf 85' lang='lat' dir='ltr'><strong>glo-</strong></span> 
     </span>
    </p>
   </div>
   <div class='ocr_carea' id='block_1_101' title="bbox 430 5235 2015 5307">
    <p class='ocr_par' dir='ltr' id='par_1_101' title="bbox 430 5235 2015 5307">
     <span class='ocr_line' id='line_1_101' title="bbox 430 5235 2015 5307; baseline -0.005 -11"><span class='ocrx_word' id='word_1_683' title='bbox 430 5243 567 5297; x_wconf 89' lang='lat' dir='ltr'><strong>riam</strong></span> <span class='ocrx_word' id='word_1_684' title='bbox 598 5237 886 5307; x_wconf 90' lang='lat' dir='ltr'><strong>intercipit.</strong></span> <span class='ocrx_word' id='word_1_685' title='bbox 921 5238 1054 5291; x_wconf 82' lang='lat' dir='ltr'><strong>Ecce</strong></span> <span class='ocrx_word' id='word_1_686' title='bbox 1095 5251 1193 5306; x_wconf 89' lang='lat' dir='ltr'><strong>ego</strong></span> <span class='ocrx_word' id='word_1_687' title='bbox 1224 5236 1315 5291; x_wconf 89' lang='lat' dir='ltr'><strong>ille</strong></span> <span class='ocrx_word' id='word_1_688' title='bbox 1341 5245 1463 5290; x_wconf 91' lang='lat' dir='ltr'><strong>ante</strong></span> <span class='ocrx_word' id='word_1_689' title='bbox 1489 5235 1859 5304; x_wconf 83' lang='lat' dir='ltr'><strong>probationem</strong></span> <span class='ocrx_word' id='word_1_690' title='bbox 1903 5236 2015 5289; x_wconf 61' lang='lat' dir='ltr'><strong>Iano</strong></span> 
     </span>
    </p>
   </div>
   <div class='ocr_carea' id='block_1_102' title="bbox 432 5325 2014 5393">
    <p class='ocr_par' dir='ltr' id='par_1_102' title="bbox 432 5325 2014 5393">
     <span class='ocr_line' id='line_1_102' title="bbox 432 5325 2014 5393; baseline -0.006 -7"><span class='ocrx_word' id='word_1_691' title='bbox 432 5332 589 5387; x_wconf 85' lang='lat' dir='ltr'><strong>datus</strong></span> <span class='ocrx_word' id='word_1_692' title='bbox 615 5330 819 5385; x_wconf 88' lang='lat' dir='ltr'><strong>subdor</strong></span> <span class='ocrx_word' id='word_1_693' title='bbox 847 5326 1106 5391; x_wconf 82' lang='lat' dir='ltr'><strong>examini,</strong></span> <span class='ocrx_word' id='word_1_694' title='bbox 1134 5337 1188 5381; x_wconf 90' lang='lat' dir='ltr'><strong>et</strong></span> <span class='ocrx_word' id='word_1_695' title='bbox 1218 5326 1375 5381; x_wconf 87' lang='lat' dir='ltr'><strong>ferias</strong></span> <span class='ocrx_word' id='word_1_696' title='bbox 1398 5342 1561 5393; x_wconf 90' lang='lat' dir='ltr'><strong>meas,</strong></span> <span class='ocrx_word' id='word_1_697' title='bbox 1580 5341 1645 5379; x_wconf 91' lang='lat' dir='ltr'><strong>ne</strong></span> <span class='ocrx_word' id='word_1_698' title='bbox 1672 5325 1853 5381; x_wconf 86' lang='lat' dir='ltr'><strong>videar</strong></span> <span class='ocrx_word' id='word_1_699' title='bbox 1880 5340 2014 5393; x_wconf 86' lang='lat' dir='ltr'><strong>prae-</strong></span> 
     </span>
    </p>
   </div>
   <div class='ocr_carea' id='block_1_103' title="bbox 430 5416 2012 5492">
    <p class='ocr_par' dir='ltr' id='par_1_103' title="bbox 430 5416 2012 5492">
     <span class='ocr_line' id='line_1_103' title="bbox 430 5416 2012 5492; baseline -0.005 -15"><span class='ocrx_word' id='word_1_700' title='bbox 430 5424 702 5477; x_wconf 89' lang='lat' dir='ltr'><strong>dicatione</strong></span> <span class='ocrx_word' id='word_1_701' title='bbox 733 5421 948 5492; x_wconf 90' lang='lat' dir='ltr'><strong>dignus,</strong></span> <span class='ocrx_word' id='word_1_702' title='bbox 976 5420 1235 5487; x_wconf 91' lang='lat' dir='ltr'><strong>irrumpo.</strong></span> <span class='ocrx_word' id='word_1_703' title='bbox 1274 5416 1400 5471; x_wconf 84' lang='lat' dir='ltr'><strong>Nam</strong></span> <span class='ocrx_word' id='word_1_704' title='bbox 1431 5417 1558 5471; x_wconf 91' lang='lat' dir='ltr'><strong>dum</strong></span> <span class='ocrx_word' id='word_1_705' title='bbox 1583 5416 1857 5471; x_wconf 89' lang='lat' dir='ltr'><strong>humilitas</strong></span> <span class='ocrx_word' id='word_1_706' title='bbox 1886 5416 2012 5470; x_wconf 89' lang='lat' dir='ltr'><strong>red-</strong></span> 
     </span>
    </p>
   </div>
   <div class='ocr_carea' id='block_1_104' title="bbox 430 5507 2017 5585">
    <p class='ocr_par' dir='ltr' id='par_1_104' title="bbox 430 5507 2017 5585">
     <span class='ocr_line' id='line_1_104' title="bbox 430 5507 2017 5585; baseline -0.004 -16"><span class='ocrx_word' id='word_1_707' title='bbox 430 5515 511 5568; x_wconf 91' lang='lat' dir='ltr'><strong>dit</strong></span> <span class='ocrx_word' id='word_1_708' title='bbox 555 5515 893 5585; x_wconf 90' lang='lat' dir='ltr'><strong>obsequium,</strong></span> <span class='ocrx_word' id='word_1_709' title='bbox 924 5513 1204 5580; x_wconf 87' lang='lat' dir='ltr'><strong>impetrata</strong></span> <span class='ocrx_word' id='word_1_710' title='bbox 1250 5523 1344 5578; x_wconf 87' lang='lat' dir='ltr'><strong>per</strong></span> <span class='ocrx_word' id='word_1_711' title='bbox 1387 5509 1656 5562; x_wconf 90' lang='lat' dir='ltr'><strong>silentium</strong></span> <span class='ocrx_word' id='word_1_712' title='bbox 1705 5523 1809 5561; x_wconf 92' lang='lat' dir='ltr'><strong>non</strong></span> <span class='ocrx_word' id='word_1_713' title='bbox 1853 5507 2017 5563; x_wconf 86' lang='lat' dir='ltr'><strong>habe-</strong></span> 
     </span>
    </p>
   </div>
   <div class='ocr_carea' id='block_1_105' title="bbox 430 5600 2013 5674">
    <p class='ocr_par' dir='ltr' id='par_1_105' title="bbox 430 5600 2013 5674">
     <span class='ocr_line' id='line_1_105' title="bbox 430 5600 2013 5674; baseline -0.005 -11"><span class='ocrx_word' id='word_1_714' title='bbox 430 5622 571 5663; x_wconf 82' lang='lat' dir='ltr'><strong>:nus.</strong></span> <span class='ocrx_word' id='word_1_715' title='bbox 601 5607 679 5662; x_wconf 86' lang='lat' dir='ltr'><strong>&#39;I‘u</strong></span> <span class='ocrx_word' id='word_1_716' title='bbox 710 5609 760 5662; x_wconf 91' lang='lat' dir='ltr'><strong>in</strong></span> <span class='ocrx_word' id='word_1_717' title='bbox 809 5623 915 5674; x_wconf 93' lang='lat' dir='ltr'><strong>me,</strong></span> <span class='ocrx_word' id='word_1_718' title='bbox 961 5603 1394 5661; x_wconf 90' lang='lat' dir='ltr'><strong>emendatissime</strong></span> <span class='ocrx_word' id='word_1_719' title='bbox 1438 5602 1747 5666; x_wconf 82' lang='lat' dir='ltr'><strong>hominum,</strong></span> <span class='ocrx_word' id='word_1_720' title='bbox 1768 5600 2013 5670; x_wconf 90' lang='lat' dir='ltr'><strong>dignaris</strong></span> 
     </span>
    </p>
   </div>
   <div class='ocr_carea' id='block_1_106' title="bbox 510 5711 2016 5787">
    <p class='ocr_par' dir='ltr' id='par_1_106' title="bbox 510 5711 2016 5787">
     <span class='ocr_line' id='line_1_106' title="bbox 510 5711 2016 5787; baseline -0.005 -13"><span class='ocrx_word' id='word_1_721' title='bbox 510 5722 527 5751; x_wconf 76' lang='grc'>³</span> <span class='ocrx_word' id='word_1_722' title='bbox 564 5716 935 5787; x_wconf 75' lang='grc' dir='ltr'><strong>Ανεήοιαηιὶιε]</strong></span> <span class='ocrx_word' id='word_1_723' title='bbox 966 5715 1141 5771; x_wconf 81' lang='lat' dir='ltr'><strong>Nobili</strong></span> <span class='ocrx_word' id='word_1_724' title='bbox 1192 5713 1366 5768; x_wconf 69' lang='lat' dir='ltr'><strong>vidum</strong></span> <span class='ocrx_word' id='word_1_725' title='bbox 1415 5711 1753 5780; x_wconf 84' lang='lat' dir='ltr'><strong>Arelatensi,</strong></span> <span class='ocrx_word' id='word_1_726' title='bbox 1789 5711 2016 5787; x_wconf 80' lang='lat' dir='ltr'><strong>Ennodii</strong></span> 
     </span>
    </p>
   </div>
   <div class='ocr_carea' id='block_1_107' title="bbox 437 5782 2014 5860">
    <p class='ocr_par' dir='ltr' id='par_1_107' title="bbox 437 5782 2014 5860">
     <span class='ocr_line' id='line_1_107' title="bbox 437 5782 2014 5860; baseline -0.008 -12"><span class='ocrx_word' id='word_1_727' title='bbox 437 5794 855 5860; x_wconf 75' lang='lat' dir='ltr'><strong>consanguineae</strong></span> <span class='ocrx_word' id='word_1_728' title='bbox 882 5807 894 5841; x_wconf 91' lang='lat'>:</span> <span class='ocrx_word' id='word_1_729' title='bbox 926 5782 1079 5857; x_wconf 77' lang='lat' dir='ltr'><strong>cujus</strong></span> <span class='ocrx_word' id='word_1_730' title='bbox 1102 5788 1350 5860; x_wconf 84' lang='lat' dir='ltr'><strong>pietatem</strong></span> <span class='ocrx_word' id='word_1_731' title='bbox 1371 5792 1587 5860; x_wconf 75' lang='lat' dir='ltr'><strong>tantam</strong></span> <span class='ocrx_word' id='word_1_732' title='bbox 1610 5797 1731 5860; x_wconf 83' lang='lat' dir='ltr'><strong>esse</strong></span> <span class='ocrx_word' id='word_1_733' title='bbox 1757 5782 2014 5860; x_wconf 79' lang='lat' dir='ltr'><strong>ostendit,</strong></span> 
     </span>
    </p>
   </div>
   <div class='ocr_carea' id='block_1_108' title="bbox 433 5854 2012 5930">
    <p class='ocr_par' dir='ltr' id='par_1_108' title="bbox 433 5854 2012 5930">
     <span class='ocr_line' id='line_1_108' title="bbox 433 5854 2012 5930; baseline -0.008 -11"><span class='ocrx_word' id='word_1_734' title='bbox 433 5874 495 5919; x_wconf 91' lang='lat' dir='ltr'><strong>ut</strong></span> <span class='ocrx_word' id='word_1_735' title='bbox 530 5854 1118 5930; x_wconf 40' lang='lat' dir='ltr'><strong>liliovpresbytern,&#39;qui&#39;</strong></span> <span class='ocrx_word' id='word_1_736' title='bbox 1141 5856 1424 5930; x_wconf 80' lang='lat' dir='ltr'><strong>religionis</strong></span> <span class='ocrx_word' id='word_1_737' title='bbox 1446 5855 1623 5908; x_wconf 85' lang='lat' dir='ltr'><strong>studio</strong></span> <span class='ocrx_word' id='word_1_738' title='bbox 1663 5855 1725 5930; x_wconf 78' lang='lat' dir='ltr'><strong>ad</strong></span> <span class='ocrx_word' id='word_1_739' title='bbox 1752 5854 2012 5930; x_wconf 24' lang='lat' dir='ltr'><strong>‘Lirineu-</strong></span> 
     </span>
    </p>
   </div>
   <div class='ocr_carea' id='block_1_109' title="bbox 432 5925 2008 5991">
    <p class='ocr_par' dir='ltr' id='par_1_109' title="bbox 432 5925 2008 5991">
     <span class='ocr_line' id='line_1_109' title="bbox 432 5925 2008 5991; baseline -0.009 0"><span class='ocrx_word' id='word_1_740' title='bbox 432 5950 553 5991; x_wconf 76' lang='lat' dir='ltr'><strong>sem</strong></span> <span class='ocrx_word' id='word_1_741' title='bbox 571 5925 809 5987; x_wconf 75' lang='lat' dir='ltr'><strong>ereinmn</strong></span> <span class='ocrx_word' id='word_1_742' title='bbox 826 5925 889 5981; x_wconf 74' lang='lat' dir='ltr'><strong>se</strong></span> <span class='ocrx_word' id='word_1_743' title='bbox 910 5925 1201 5991; x_wconf 77' lang='lat' dir='ltr'><strong>receperat,</strong></span> <span class='ocrx_word' id='word_1_744' title='bbox 1221 5925 1466 5990; x_wconf 68' lang='lat' dir='ltr'><strong>exemplo</strong></span> <span class='ocrx_word' id='word_1_745' title='bbox 1488 5936 1646 5987; x_wconf 83' lang='lat' dir='ltr'><strong>atque</strong></span> <span class='ocrx_word' id='word_1_746' title='bbox 1662 5925 2008 5979; x_wconf 82' lang='lat' dir='ltr'><strong>incitamento</strong></span> 
     </span>
    </p>
   </div>
   <div class='ocr_carea' id='block_1_110' title="bbox 2117 4758 3707 4829">
    <p class='ocr_par' dir='ltr' id='par_1_110' title="bbox 2117 4758 3707 4829">
     <span class='ocr_line' id='line_1_110' title="bbox 2117 4758 3707 4829; baseline -0.001 -14"><span class='ocrx_word' id='word_1_747' title='bbox 2117 4772 2171 4815; x_wconf 89' lang='lat' dir='ltr'><strong>et</strong></span> <span class='ocrx_word' id='word_1_748' title='bbox 2191 4758 2483 4814; x_wconf 89' lang='lat' dir='ltr'><strong>venerabili</strong></span> <span class='ocrx_word' id='word_1_749' title='bbox 2514 4759 2621 4813; x_wconf 89' lang='lat' dir='ltr'><strong>ftlio</strong></span> <span class='ocrx_word' id='word_1_750' title='bbox 2647 4774 2765 4813; x_wconf 92' lang='lat' dir='ltr'><strong>cum</strong></span> <span class='ocrx_word' id='word_1_751' title='bbox 2792 4760 3051 4829; x_wconf 78' lang='lat' dir='ltr'><strong>prosapia:</strong></span> <span class='ocrx_word' id='word_1_752' title='bbox 3076 4759 3241 4813; x_wconf 80' lang='lat' dir='ltr'><strong>radiis</strong></span> <span class='ocrx_word' id='word_1_753' title='bbox 3270 4762 3437 4815; x_wconf 85' lang='lat' dir='ltr'><strong>facem</strong></span> <span class='ocrx_word' id='word_1_754' title='bbox 3468 4774 3707 4814; x_wconf 88' lang='lat' dir='ltr'><strong>conver-</strong></span> 
     </span>
    </p>
   </div>
   <div class='ocr_carea' id='block_1_111' title="bbox 2118 4852 3713 4926">
    <p class='ocr_par' dir='ltr' id='par_1_111' title="bbox 2118 4852 3713 4926">
     <span class='ocr_line' id='line_1_111' title="bbox 2118 4852 3713 4926; baseline 0.002 -17"><span class='ocrx_word' id='word_1_755' title='bbox 2118 4853 2341 4909; x_wconf 88' lang='lat' dir='ltr'><strong>sationis</strong></span> <span class='ocrx_word' id='word_1_756' title='bbox 2370 4852 2631 4921; x_wconf 87' lang='lat' dir='ltr'><strong>ingerere.</strong></span> <span class='ocrx_word' id='word_1_757' title='bbox 2667 4853 2859 4918; x_wconf 86' lang='lat' dir='ltr'><strong>IIabet,</strong></span> <span class='ocrx_word' id='word_1_758' title='bbox 2891 4866 3147 4923; x_wconf 90' lang='lat' dir='ltr'><strong>quantum</strong></span> <span class='ocrx_word' id='word_1_759' title='bbox 3176 4858 3430 4926; x_wconf 85' lang='lat' dir='ltr'><strong>comperi,</strong></span> <span class='ocrx_word' id='word_1_760' title='bbox 3459 4855 3713 4912; x_wconf 85' lang='lat' dir='ltr'><strong>Lirinen-</strong></span> 
     </span>
    </p>
   </div>
   <div class='ocr_carea' id='block_1_112' title="bbox 2121 4946 3709 5018">
    <p class='ocr_par' dir='ltr' id='par_1_112' title="bbox 2121 4946 3709 5018">
     <span class='ocr_line' id='line_1_112' title="bbox 2121 4946 3709 5018; baseline 0.004 -16"><span class='ocrx_word' id='word_1_761' title='bbox 2121 4949 2195 5002; x_wconf 90' lang='lat' dir='ltr'><strong>sis</strong></span> <span class='ocrx_word' id='word_1_762' title='bbox 2239 4946 2508 4999; x_wconf 89' lang='lat' dir='ltr'><strong>habitator</strong></span> <span class='ocrx_word' id='word_1_763' title='bbox 2547 4946 2685 5013; x_wconf 88' lang='lat' dir='ltr'><strong>quod</strong></span> <span class='ocrx_word' id='word_1_764' title='bbox 2742 4946 2810 5001; x_wconf 90' lang='lat' dir='ltr'><strong>de</strong></span> <span class='ocrx_word' id='word_1_765' title='bbox 2856 4956 3038 5001; x_wconf 89' lang='lat' dir='ltr'><strong>sancta</strong></span> <span class='ocrx_word' id='word_1_766' title='bbox 3083 4961 3254 5004; x_wconf 90' lang='lat' dir='ltr'><strong>matre</strong></span> <span class='ocrx_word' id='word_1_767' title='bbox 3294 4949 3487 5018; x_wconf 90' lang='lat' dir='ltr'><strong>discat,</strong></span> <span class='ocrx_word' id='word_1_768' title='bbox 3533 4952 3709 5008; x_wconf 85' lang='lat' dir='ltr'><strong>etiam</strong></span> 
     </span>
    </p>
   </div>
   <div class='ocr_carea' id='block_1_113' title="bbox 2117 5038 3701 5111">
    <p class='ocr_par' dir='ltr' id='par_1_113' title="bbox 2117 5038 3701 5111">
     <span class='ocr_line' id='line_1_113' title="bbox 2117 5038 3701 5111; baseline 0.004 -19"><span class='ocrx_word' id='word_1_769' title='bbox 2117 5054 2237 5111; x_wconf 71' lang='lat' dir='ltr'><strong>quae</strong></span> <span class='ocrx_word' id='word_1_770' title='bbox 2270 5038 2472 5093; x_wconf 86' lang='lat' dir='ltr'><strong>urbana</strong></span> <span class='ocrx_word' id='word_1_771' title='bbox 2512 5039 2777 5093; x_wconf 83' lang='lat' dir='ltr'><strong>domicilia</strong></span> <span class='ocrx_word' id='word_1_772' title='bbox 2827 5056 2929 5094; x_wconf 93' lang='lat' dir='ltr'><strong>non</strong></span> <span class='ocrx_word' id='word_1_773' title='bbox 2980 5040 3213 5110; x_wconf 83' lang='lat' dir='ltr'><strong>reliquit.</strong></span> <span class='ocrx_word' id='word_1_774' title='bbox 3248 5042 3306 5097; x_wconf 91' lang='lat' dir='ltr'><strong>Si</strong></span> <span class='ocrx_word' id='word_1_775' title='bbox 3356 5042 3483 5097; x_wconf 88' lang='lat' dir='ltr'><strong>ntihi</strong></span> <span class='ocrx_word' id='word_1_776' title='bbox 3513 5043 3701 5100; x_wconf 90' lang='lat' dir='ltr'><strong>credit</strong></span> 
     </span>
    </p>
   </div>
   <div class='ocr_carea' id='block_1_114' title="bbox 2120 5139 3709 5212">
    <p class='ocr_par' dir='ltr' id='par_1_114' title="bbox 2120 5139 3709 5212">
     <span class='ocr_line' id='line_1_114' title="bbox 2120 5139 3709 5212; baseline 0.005 -20"><span class='ocrx_word' id='word_1_777' title='bbox 2120 5139 2291 5208; x_wconf 89' lang='lat' dir='ltr'><strong>pietas</strong></span> <span class='ocrx_word' id='word_1_778' title='bbox 2326 5148 2438 5207; x_wconf 89' lang='lat' dir='ltr'><strong>tua,</strong></span> <span class='ocrx_word' id='word_1_779' title='bbox 2474 5139 2589 5208; x_wconf 92' lang='lat' dir='ltr'><strong>plus</strong></span> <span class='ocrx_word' id='word_1_780' title='bbox 2631 5149 2715 5195; x_wconf 89' lang='lat' dir='ltr'><strong>est</strong></span> <span class='ocrx_word' id='word_1_781' title='bbox 2768 5141 2819 5194; x_wconf 91' lang='lat' dir='ltr'><strong>in</strong></span> <span class='ocrx_word' id='word_1_782' title='bbox 2872 5142 2988 5196; x_wconf 90' lang='lat' dir='ltr'><strong>acie</strong></span> <span class='ocrx_word' id='word_1_783' title='bbox 3016 5142 3212 5197; x_wconf 87' lang='lat' dir='ltr'><strong>vicisse</strong></span> <span class='ocrx_word' id='word_1_784' title='bbox 3239 5144 3515 5210; x_wconf 68' lang='lat' dir='ltr'><strong>saeculum,</strong></span> <span class='ocrx_word' id='word_1_785' title='bbox 3540 5158 3709 5212; x_wconf 86' lang='lat' dir='ltr'><strong>quam</strong></span> 
     </span>
    </p>
   </div>
   <div class='ocr_carea' id='block_1_115' title="bbox 2120 5229 3709 5305">
    <p class='ocr_par' dir='ltr' id='par_1_115' title="bbox 2120 5229 3709 5305">
     <span class='ocr_line' id='line_1_115' title="bbox 2120 5229 3709 5305; baseline 0.006 -21"><span class='ocrx_word' id='word_1_786' title='bbox 2120 5229 2323 5287; x_wconf 88' lang='lat' dir='ltr'><strong>vitasse</strong></span> <span class='ocrx_word' id='word_1_787' title='bbox 2352 5249 2366 5297; x_wconf 92' lang='lat'><strong>;</strong></span> <span class='ocrx_word' id='word_1_788' title='bbox 2396 5231 2629 5302; x_wconf 89' lang='lat' dir='ltr'><strong>resignat</strong></span> <span class='ocrx_word' id='word_1_789' title='bbox 2659 5232 2902 5288; x_wconf 90' lang='lat' dir='ltr'><strong>timorem</strong></span> <span class='ocrx_word' id='word_1_790' title='bbox 2934 5236 3049 5302; x_wconf 87' lang='lat' dir='ltr'><strong>l‘uga</strong></span> <span class='ocrx_word' id='word_1_791' title='bbox 3084 5235 3422 5299; x_wconf 85' lang='lat' dir='ltr'><strong>certaminis;</strong></span> <span class='ocrx_word' id='word_1_792' title='bbox 3450 5248 3549 5290; x_wconf 89' lang='lat' dir='ltr'><strong>nec</strong></span> <span class='ocrx_word' id='word_1_793' title='bbox 3574 5241 3709 5305; x_wconf 73' lang='lat' dir='ltr'><strong>spes</strong></span> 
     </span>
    </p>
   </div>
   <div class='ocr_carea' id='block_1_116' title="bbox 2118 5324 3705 5395">
    <p class='ocr_par' dir='ltr' id='par_1_116' title="bbox 2118 5324 3705 5395">
     <span class='ocr_line' id='line_1_116' title="bbox 2118 5324 3705 5395; baseline 0.001 -16"><span class='ocrx_word' id='word_1_794' title='bbox 2118 5333 2202 5379; x_wconf 86' lang='lat' dir='ltr'><strong>est</strong></span> <span class='ocrx_word' id='word_1_795' title='bbox 2232 5324 2335 5377; x_wconf 91' lang='lat' dir='ltr'><strong>ulla</strong></span> <span class='ocrx_word' id='word_1_796' title='bbox 2359 5324 2587 5382; x_wconf 87' lang='lat' dir='ltr'><strong>virtutis.</strong></span> <span class='ocrx_word' id='word_1_797' title='bbox 2614 5324 2824 5393; x_wconf 92' lang='lat' dir='ltr'><strong>quando</strong></span> <span class='ocrx_word' id='word_1_798' title='bbox 2846 5334 2973 5378; x_wconf 88' lang='lat' dir='ltr'><strong>ante</strong></span> <span class='ocrx_word' id='word_1_799' title='bbox 2994 5326 3429 5395; x_wconf 90' lang='lat' dir='ltr'><strong>congressionem</strong></span> <span class='ocrx_word' id='word_1_800' title='bbox 3453 5326 3705 5381; x_wconf 89' lang='lat' dir='ltr'><strong>declina-</strong></span> 
     </span>
    </p>
   </div>
   <div class='ocr_carea' id='block_1_117' title="bbox 2122 5413 3708 5487">
    <p class='ocr_par' dir='ltr' id='par_1_117' title="bbox 2122 5413 3708 5487">
     <span class='ocr_line' id='line_1_117' title="bbox 2122 5413 3708 5487; baseline 0.002 -18"><span class='ocrx_word' id='word_1_801' title='bbox 2122 5425 2208 5469; x_wconf 92' lang='lat' dir='ltr'><strong>tur</strong></span> <span class='ocrx_word' id='word_1_802' title='bbox 2228 5415 2582 5470; x_wconf 86' lang='lat' dir='ltr'><strong>adversarius.</strong></span> <span class='ocrx_word' id='word_1_803' title='bbox 2610 5413 2947 5471; x_wconf 89' lang='lat' dir='ltr'><strong>Conscientia</strong></span> <span class='ocrx_word' id='word_1_804' title='bbox 2976 5415 3184 5471; x_wconf 89' lang='lat' dir='ltr'><strong>roboris</strong></span> <span class='ocrx_word' id='word_1_805' title='bbox 3229 5418 3411 5486; x_wconf 84' lang='lat' dir='ltr'><strong>paucis</strong></span> <span class='ocrx_word' id='word_1_806' title='bbox 3452 5418 3708 5487; x_wconf 81' lang='lat' dir='ltr'><strong>acquies-</strong></span> 
     </span>
    </p>
   </div>
   <div class='ocr_carea' id='block_1_118' title="bbox 2122 5509 3711 5581">
    <p class='ocr_par' dir='ltr' id='par_1_118' title="bbox 2122 5509 3711 5581">
     <span class='ocr_line' id='line_1_118' title="bbox 2122 5509 3711 5581; baseline 0.002 -17"><span class='ocrx_word' id='word_1_807' title='bbox 2122 5518 2208 5564; x_wconf 88' lang='lat' dir='ltr'><strong>cet</strong></span> <span class='ocrx_word' id='word_1_808' title='bbox 2235 5509 2300 5563; x_wconf 90' lang='lat' dir='ltr'><strong>ad</strong></span> <span class='ocrx_word' id='word_1_809' title='bbox 2330 5510 2585 5565; x_wconf 88' lang='lat' dir='ltr'><strong>latebram</strong></span> <span class='ocrx_word' id='word_1_810' title='bbox 2615 5527 2626 5561; x_wconf 88' lang='lat'><strong>:</strong></span> <span class='ocrx_word' id='word_1_811' title='bbox 2660 5509 2759 5564; x_wconf 88' lang='lat' dir='ltr'><strong>hoc</strong></span> <span class='ocrx_word' id='word_1_812' title='bbox 2789 5520 2871 5565; x_wconf 90' lang='lat' dir='ltr'><strong>est</strong></span> <span class='ocrx_word' id='word_1_813' title='bbox 2899 5522 3162 5566; x_wconf 90' lang='lat' dir='ltr'><strong>secretum</strong></span> <span class='ocrx_word' id='word_1_814' title='bbox 3194 5512 3417 5581; x_wconf 88' lang='lat' dir='ltr'><strong>eligere,</strong></span> <span class='ocrx_word' id='word_1_815' title='bbox 3438 5511 3581 5581; x_wconf 89' lang='lat' dir='ltr'><strong>quod</strong></span> <span class='ocrx_word' id='word_1_816' title='bbox 3610 5526 3711 5567; x_wconf 79' lang='lat' dir='ltr'><strong>os-</strong></span> 
     </span>
    </p>
   </div>
   <div class='ocr_carea' id='block_1_119' title="bbox 2124 5600 3706 5672">
    <p class='ocr_par' dir='ltr' id='par_1_119' title="bbox 2124 5600 3706 5672">
     <span class='ocr_line' id='line_1_119' title="bbox 2124 5600 3706 5672; baseline 0.001 -17"><span class='ocrx_word' id='word_1_817' title='bbox 2124 5600 2357 5655; x_wconf 89' lang='lat' dir='ltr'><strong>tendisse</strong></span> <span class='ocrx_word' id='word_1_818' title='bbox 2390 5600 2750 5655; x_wconf 89' lang='lat' dir='ltr'><strong>formidinem.</strong></span> <span class='ocrx_word' id='word_1_819' title='bbox 2781 5600 2903 5657; x_wconf 69' lang='lat' dir='ltr'><strong>Haec</strong></span> <span class='ocrx_word' id='word_1_820' title='bbox 2927 5618 3027 5672; x_wconf 90' lang='lat' dir='ltr'><strong>ego</strong></span> <span class='ocrx_word' id='word_1_821' title='bbox 3055 5619 3158 5657; x_wconf 81' lang='lat' dir='ltr'><strong>neu</strong></span> <span class='ocrx_word' id='word_1_822' title='bbox 3189 5601 3465 5657; x_wconf 88' lang='lat' dir='ltr'><strong>dominum</strong></span> <span class='ocrx_word' id='word_1_823' title='bbox 3498 5617 3706 5670; x_wconf 88' lang='lat' dir='ltr'><strong>meum,</strong></span> 
     </span>
    </p>
   </div>
   <div class='ocr_carea' id='block_1_120' title="bbox 2120 5713 3709 5782">
    <p class='ocr_par' dir='ltr' id='par_1_120' title="bbox 2120 5713 3709 5782">
     <span class='ocr_line' id='line_1_120' title="bbox 2120 5713 3709 5782; baseline 0 -15"><span class='ocrx_word' id='word_1_824' title='bbox 2120 5728 2241 5768; x_wconf 90' lang='lat' dir='ltr'><strong>esse</strong></span> <span class='ocrx_word' id='word_1_825' title='bbox 2274 5714 2458 5781; x_wconf 88' lang='lat' dir='ltr'><strong>possit.</strong></span> <span class='ocrx_word' id='word_1_826' title='bbox 2486 5713 2809 5766; x_wconf 84' lang='lat' dir='ltr'><strong>Arcltotonia</strong></span> <span class='ocrx_word' id='word_1_827' title='bbox 2843 5714 3095 5768; x_wconf 78' lang='lat' dir='ltr'><strong>mendose</strong></span> <span class='ocrx_word' id='word_1_828' title='bbox 3121 5715 3373 5769; x_wconf 84' lang='lat' dir='ltr'><strong>scribitur</strong></span> <span class='ocrx_word' id='word_1_829' title='bbox 3400 5714 3537 5782; x_wconf 88' lang='lat' dir='ltr'><strong>apud</strong></span> <span class='ocrx_word' id='word_1_830' title='bbox 3566 5714 3709 5767; x_wconf 78' lang='lat' dir='ltr'><strong>Cns-</strong></span> 
     </span>
    </p>
   </div>
   <div class='ocr_carea' id='block_1_121' title="bbox 2122 5784 3705 5851">
    <p class='ocr_par' dir='ltr' id='par_1_121' title="bbox 2122 5784 3705 5851">
     <span class='ocr_line' id='line_1_121' title="bbox 2122 5784 3705 5851; baseline 0 -12"><span class='ocrx_word' id='word_1_831' title='bbox 2122 5784 2396 5839; x_wconf 86' lang='lat' dir='ltr'><strong>siodorum</strong></span> <span class='ocrx_word' id='word_1_832' title='bbox 2431 5785 2522 5836; x_wconf 84' lang='lat' dir='ltr'><strong>lib.</strong></span> <span class='ocrx_word' id='word_1_833' title='bbox 2559 5799 2628 5849; x_wconf 84' lang='lat' dir='ltr'><strong>tv,</strong></span> <span class='ocrx_word' id='word_1_834' title='bbox 2667 5784 2741 5837; x_wconf 73' lang='lat' dir='ltr'><strong>l2.</strong></span> <span class='ocrx_word' id='word_1_835' title='bbox 2776 5784 2903 5838; x_wconf 84' lang='lat' dir='ltr'><strong>Nam</strong></span> <span class='ocrx_word' id='word_1_836' title='bbox 2932 5786 2999 5840; x_wconf 91' lang='lat' dir='ltr'><strong>de</strong></span> <span class='ocrx_word' id='word_1_837' title='bbox 3027 5786 3211 5839; x_wconf 90' lang='lat' dir='ltr'><strong>eadem</strong></span> <span class='ocrx_word' id='word_1_838' title='bbox 3256 5787 3325 5841; x_wconf 88' lang='lat' dir='ltr'><strong>ibi</strong></span> <span class='ocrx_word' id='word_1_839' title='bbox 3365 5800 3545 5840; x_wconf 82' lang='lat' dir='ltr'><strong>sermo</strong></span> <span class='ocrx_word' id='word_1_840' title='bbox 3590 5796 3705 5851; x_wconf 84' lang='lat' dir='ltr'><strong>est,</strong></span> 
     </span>
    </p>
   </div>
   <div class='ocr_carea' id='block_1_122' title="bbox 2123 5855 3311 5923">
    <p class='ocr_par' dir='ltr' id='par_1_122' title="bbox 2123 5855 3311 5923">
     <span class='ocr_line' id='line_1_122' title="bbox 2123 5855 3311 5923; baseline 0.002 -14"><span class='ocrx_word' id='word_1_841' title='bbox 2123 5869 2175 5909; x_wconf 89' lang='lat' dir='ltr'><strong>ttt</strong></span> <span class='ocrx_word' id='word_1_842' title='bbox 2209 5855 2557 5911; x_wconf 77' lang='lat' dir='ltr'><strong>ostendemus</strong></span> <span class='ocrx_word' id='word_1_843' title='bbox 2581 5861 2642 5906; x_wconf 64' lang='lat' dir='ltr'><strong>asl</strong></span> <span class='ocrx_word' id='word_1_844' title='bbox 2676 5859 2955 5923; x_wconf 74' lang='lat' dir='ltr'><strong>cpistolnm</strong></span> <span class='ocrx_word' id='word_1_845' title='bbox 2986 5858 3054 5910; x_wconf 58' lang='lat'><strong>.75</strong></span> <span class='ocrx_word' id='word_1_846' title='bbox 3077 5857 3167 5913; x_wconf 89' lang='lat' dir='ltr'><strong>lib.</strong></span> <span class='ocrx_word' id='word_1_847' title='bbox 3200 5873 3311 5913; x_wconf 89' lang='lat' dir='ltr'><strong>vut.</strong></span> 
     </span>
    </p>
   </div>
  </div>
