3998 6362
222 396 317 452 ιει

1456 386 1942 447 εριδτοιλιιυη
1980 387 2112 444 LIB.
2156 386 2266 443 VII.

3398 386 3501 443 1‘22

220 520 277 569 et
290 509 506 567 familia:
527 520 729 566 nostrae
754 509 933 580 jubar,
953 506 1325 578 presbyterum
1353 519 1582 575 arguens
1612 505 1809 559 scribo:
1841 510 1895 569 Α
1924 506 2283 562 Humanitatis
2311 507 2395 563 lex
2426 515 2506 562 est
2533 516 2587 561 et
2612 508 2816 561 natura:
2843 506 3147 575 imperium,
3179 503 3499 561 hilaritatem

222 605 306 660 cui
334 617 433 657 nec
462 601 538 657 ibi
574 602 745 657 credo
780 600 1215 671 impugnationes
1256 596 1468 660 deesse,
1498 611 1629 664 quas
1656 611 1818 664 supe-

222 714 339 763 rer;
374 697 427 751 in
459 710 572 766 quo
598 695 704 750 loci
731 695 877 749 visus
892 701 975 748 est
998 692 1297 747 declinasse
1318 688 1643 743 conflictum.
1668 688 1817 742 Tunc

224 791 363 846 enim
396 790 653 844 universa
687 788 868 843 saeculi
910 784 1275 839 blandimenta
1320 782 1566 841 calcavit,
1601 781 1819 850 quando

224 881 421 946 aetatis,
479 896 668 950 opum,
702 878 956 934 natalium
1000 875 1386 945 profectionem
1428 874 1543 943 ejus
1584 874 1820 927 retinere

225 984 412 1027 catena
441 987 553 1027 non
587 971 776 1025 valuit.
822 969 927 1023 Sed
978 968 1128 1021 vobis
1172 973 1430 1036 quantum
1475 978 1639 1017 sexus
1667 962 1822 1016 infir-

227 1067 389 1131 mior,
416 1073 626 1120 tantum
653 1064 880 1119 debetur
908 1061 1180 1131 potissima
1216 1060 1284 1115 de
1311 1059 1502 1129 palma:
1538 1058 1823 1126 adeptione

227 1156 487 1211 laudatio.
538 1156 711 1223 Prope
762 1164 845 1209 est
871 1163 927 1207 ut
955 1153 1116 1206 etiam
1140 1151 1280 1206 illius
1312 1161 1365 1204 tu
1406 1151 1481 1205 sis
1505 1150 1667 1203 tutela
1698 1164 1821 1218 pro-

237 1249 397 1317 positi
428 1263 446 1303 :
479 1262 605 1317 qua:
653 1246 790 1299 mala
830 1244 1101 1298 vrduitatis
1137 1252 1191 1297 et
1217 1242 1462 1297 orbitatis
1502 1242 1727 1306 ratiens.
1756 1240 1824 1295 de

228 1341 562 1396 venerabilis
592 1340 685 1395 filii
731 1339 936 1394 meritis
980 1338 1154 1392 solatii
1187 1338 1260 1391 tui
1295 1336 1579 1390 Occasione
1629 1337 1825 1405 pateris

230 1433 298 1487 nil
323 1434 525 1501 perire.
552 1433 689 1487 Ecce
717 1433 803 1485 ubi
831 1431 1046 1495 femina,
1079 1429 1383 1499 fragilitatis
1409 1429 1595 1496 oblita,
1618 1428 1822 1483 castelli

229 1527 364 1593 vice,
399 1536 458 1581 et
509 1528 682 1581 virum
713 1536 767 1581 et
793 1526 1042 1594 juvenem
1089 1525 1156 1578 ab
1196 1523 1374 1577 hostili
1426 1524 1826 1593 impugnatinne

230 1620 507 1675 subducit.
544 1621 709 1690 llujus
738 1623 874 1675 facta
915 1620 1021 1673 dux
1063 1618 1296 1685 gloriosa
1339 1616 1619 1687 perdures,
1659 1626 1713 1669 et
1740 1630 1826 1669 us-

232 1729 338 1784 que
365 1713 435 1768 ad
465 1713 595 1768 illud
624 1714 677 1767 in
715 1713 914 1767 saeculo
949 1726 1282 1781 perseveres,
1324 1726 1431 1781 quo
1465 1710 1643 1778 illum,
1676 1708 1719 1762 si
1753 1708 1823 1762 ita

230 1824 322 1864 res
353 1808 679 1879 poposcerit,
721 1807 828 1876 jam
866 1814 1132 1859 maturum
1164 1802 1347 1857 mundi
1400 1804 1552 1856 istius
1602 1814 1825 1870 campus

1925 599 2122 654 mentis
2156 600 2346 668 Opibus
2375 598 2681 668 scriptionis
2702 599 2942 655 effluere.
2970 600 3231 654 Emanant
3256 600 3397 653 enim
3422 599 3525 653 vel.

1922 694 1966 749 si
1994 701 2276 747 arctentur
2307 693 2537 746 secunda
2559 692 2917 745 conclavibus.
2938 692 3039 746 Sed
3064 692 3114 745 in
3141 690 3504 761 magnitudine

1922 796 2123 854 vestra,
2156 787 2293 839 sicut
2322 796 2451 839 tetas
2477 799 2605 838 cana
2637 794 2740 847 est,
2766 784 2981 851 pudoris
3016 769 3345 839 et'scientite
3380 784 3507 837 dote

1924 888 2289 934 matureSCens
2310 919 2324 942 ,
2352 878 2421 931 ita
2451 877 2687 932 laetitiam
2719 879 2880 931 frenis
2907 877 3285 931 moderationis
3310 878 3506 932 astrin-

1922 973 2068 1041 gitis.
2100 971 2204 1026 Sed
2237 969 2471 1037 nunquid
2515 968 2566 1022 in
2588 968 2842 1020 damnum
2872 968 3056 1036 gratias
3098 968 3382 1037 disciplina
3416 968 3509 1021 de-

1924 1064 2015 1121 bet
2059 1078 2375 1127 excurrere;
2406 1072 2461 1116 et
2506 1063 2606 1115 hoc
2648 1061 2815 1115 minui
2854 1062 3145 1114 amicnrum
3193 1060 3507 1129 diligentias,

1925 1158 2067 1227 quod
2098 1157 2163 1210 ad
2192 1172 2398 1209 morum
2437 1166 2750 1209 ornamenta
2799 1152 3070 1208 sociatur?
3097 1153 3350 1221 Quamvis
3398 1168 3510 1207 mo-

1927 1259 2103 1303 netam
2136 1248 2364 1303 Latiaris
2406 1249 2724 1315 eloquentia:
2770 1256 2975 1311 teneas,
3024 1261 3129 1300 non
3159 1256 3310 1315 potes
3331 1255 3511 1301 tamen
3610 1280 3620 1290 -

1929 1342 2167 1394 invenire
2194 1340 2641 1408 quemadmodum
2678 1336 2799 1406 jure
2846 1339 3041 1391 factum
3088 1350 3298 1391 asseras
3362 1336 3505 1406 quod

1928 1435 2255 1505 exspectanti
2285 1434 2411 1487 mihi
2434 1434 2593 1487 verba
2629 1448 2731 1486 non
2763 1432 2971 1486 tribuis.
3000 1432 3167 1486 Decet
3196 1446 3324 1497 ergo
3352 1430 3514 1485 bene-

1928 1529 2044 1585 ficia
2086 1544 2315 1595 superna
2342 1529 2451 1579 sola
2484 1527 2785 1579 amantibus
2813 1525 3065 1594 opinione
3089 1523 3347 1591 nuntiari,
3373 1522 3515 1579 etde

1928 1623 2097 1677 solida
2145 1622 2501 1689 gratulatione
2549 1617 2818 1687 trepidare
2862 1618 3072 1685 gaudiis
3097 1618 3207 1686 jam
3251 1615 3516 1687 potitum?

1929 1716 2039 1771 Hac
2065 1730 2191 1783 ergo
2232 1715 2549 1767 necessitate
2582 1728 2805 1779 puerum
2831 1712 3021 1777 direxi,
3071 1711 3160 1782 qui
3212 1726 3316 1765 non
3361 1726 3515 1782 repo—

1930 1818 2041 1863 scat
2075 1807 2295 1875 scripta,
2330 1805 2421 1858 sed
2465 1806 2663 1874 exigat.
2696 1804 2877 1859 Nostis
2917 1820 3036 1874 qua:
3062 1805 3132 1859 sit
3156 1804 3345 1860 fiducia
3386 1807 3515 1861 sim-

231 1902 482 1969 accipiat.
517 1900 737 1965 Vellem,
780 1898 1060 1964 conﬁteor,
1108 1897 1154 1951 si
1199 1895 1501 1965 epistolaris
1548 1902 1824 1962 pateretur
1854 1902 1905 1965 3
1932 1900 2141 1969 pliciter
2186 1907 2488 1962 amantum,
2546 1912 2731 1950 eorum
2786 1898 3053 1965 ιιι-κείρω
3093 1911 3318 1965 quorum
3366 1912 3515 1966 spem

229 1994 597 2060 concinnatio,
624 1994 680 2048 in
707 1994 921 2061 longum
964 1991 1122 2045 verba
1177 1989 1492 2059 producere,
1523 1996 1577 2042 et
1621 1986 1688 2040 de
1736 2000 1824 2038 ac-

232 2095 380 2141 tuum
435 2094 739 2140 vestrorum
791 2081 1120 2136 ornamentis
1173 2094 1337 2149 pauca
1406 2078 1507 2133 sub
1570 2075 1822 2145 loquendi

236 2181 487 2235 ubertate
516 2190 756 2231 narrare.
789 2174 894 2230 Sed
924 2174 1039 2228 haec
1065 2172 1130 2227 ad
1158 2172 1293 2225 alios
1321 2168 1601 2225 scribenda
1647 2182 1824 2223 reser-

231 2285 446 2339 ventur.
480 2270 695 2327 Sufficit
742 2284 839 2324 vos
878 2269 1037 2333 scire,
1084 2270 1206 2338 quia
1236 2264 1475 2335 quamvis
1502 2278 1532 2317 a
1561 2278 1647 2318 me
1688 2278 1824 2317 nun-

230 2380 388 2435 quam
422 2365 501 2419 sis
524 2379 667 2428 vtsa,
698 2362 1063 2432 cognosceris,
1085 2369 1138 2414 et
1164 2357 1451 2413 adorandis
1473 2358 1671 2411 inserta
1704 2370 1823 2411 mo-

232 2458 509 2513 numentis
562 2455 744 2511 radice
786 2453 948 2508 animi
992 2454 1102 2522 jam
1146 2451 1365 2506 teneris.
1401 2449 1669 2518 Scriptum
1719 2456 1823 2515 est,

233 2552 537 2607 meministi
565 2566 580 2604 :
617 2550 849 2603 Laudent
898 2559 943 2601 te
966 2546 1189 2616 proximi
1220 2546 1295 2598 tui
1322 2544 1341 2611 (
1362 2542 1515 2598 Prov.
1541 2558 1703 2609 xxvtt,
1730 2542 1764 2596 2
1782 2530 1835 2611 ).’

234 2644 372 2699 Vere
402 2643 521 2698 sola
568 2641 700 2696 mihi
728 2641 915 2695 vellem
948 2654 1106 2695 causa
1138 2638 1395 2693 existeret
1423 2634 1625 2691 Gallias
1656 2648 1826 2701 expe-

232 2735 400 2801 tendi,
436 2743 497 2789 ut
520 2748 644 2788 cum
675 2733 872 2787 domno
899 2746 1019 2786 meo
1042 2730 1377 2800 presbytero,
1404 2728 1615 2796 utrique
1647 2740 1818 2780 oscu-

232 2829 407 2884 lantes
448 2840 641 2880 manus
670 2834 724 2878 et
750 2822 935 2878 oculos
964 2832 1101 2886 tuus,
1136 2822 1345 2874 beatam
1380 2829 1429 2873 te
1458 2819 1508 2871 in
1536 2818 1723 2886 quavis
1744 2816 1828 2869 af-

234 2920 475 2977 ﬂictione
503 2918 765 2985 temporis
792 2915 1159 2970 redderemus.
1178 2912 1400 2965 Domina
1432 2908 1582 2972 mihi,
1610 2916 1829 2977 propter

234 3014 373 3086 quod
415 3014 704 3067 mittuntur
733 3009 994 3079 epistolae,
1026 3021 1251 3075 corpore
1288 3020 1375 3059 me
1408 3005 1590 3057 valere
1628 3000 1829 3071 signiﬁ-

234 3123 380 3172 cans,
402 3102 778 3175 prosperitatis
808 3111 997 3156 vestrae
1023 3109 1219 3154 Statum
1256 3096 1499 3165 requiro:
1527 3094 1825 3163 deprecans

234 3211 288 3255 et
316 3216 411 3270 per
443 3200 614 3253 Deum
647 3195 939 3263 conjurans
984 3208 1050 3247 ne
1077 3206 1311 3262 unquam
1363 3189 1493 3245 mihi
1522 3187 1824 3243 orationum

237 3302 535 3348 vestrarum
563 3290 869 3358 adjumenta
897 3285 1190 3343 deneaetis.

793 3378 1125 3434 EPISTOLA
1170 3375 1284 3429 XV.

746 3486 1003 3527 ENNODIUS
1069 3482 1329 3523 ΑϐΝΕιιο.

306 3574 418 3628 Deo
436 3572 661 3643 gratias,
690 3569 781 3640 qui
814 3570 959 3624 circa
990 3564 1411 3634 magnitudinem
1440 3569 1677 3615 vestram
1703 3558 1833 3615 licet

238 3664 518 3734 protulerit
546 3660 748 3729 cupita,
777 3675 883 3714 non
913 3659 1127 3726 repulit.
1152 3656 1360 3709 Etenim
1400 3669 1465 3707 ne
1506 3650 1641 3706 fides
1673 3652 1828 3706 clau-

237 3756 380 3812 dicet
420 3753 774 3823 supplicantis
804 3750 1072 3805 desideria
1104 3746 1426 3801 differuntur
1457 3789 1472 3815 ,
1506 3745 1629 3815 quia
1674 3744 1832 3799 deve-

238 3857 420 3905 nustat
446 3854 714 3901 secutura:
743 3842 1027 3897 hilaritatis
1056 3839 1268 3909 genium
1303 3838 1460 3892 velox
1504 3836 1833 3907 impetratio.

240 3940 308 3995 Et
338 3954 435 3995 vos
463 3937 681 4010 quidem
714 3936 947 3990 honores
989 3933 1273 3995 meruisse,
1306 3946 1413 3985 non
1451 3938 1691 3998 optasse,
1725 3941 1837 3982 ma-

240 4034 492 4088 nifestum
534 4039 654 4094 est,
685 4027 778 4083 sed
811 4024 1122 4095 praecedens
1166 4022 1507 4078 concinnatio
1553 4020 1823 4090 eloquitur

240 4133 362 4177 vota
390 4120 749 4191 diligentiam.
773 4116 933 4172 Novit
952 4116 1315 4182 omnipOtens,
1341 4124 1391 4166 et
1423 4112 1641 4181 generis
1666 4109 1835 4165 vestri

242 4218 364 4272 luce
423 4222 721 4284 permotus,
755 4220 809 4266 et
836 4209 1024 4280 gratiae
1045 4221 1205 4277 quam
1236 4205 1457 4274 polliciti
1480 4207 1611 4259 estis
1642 4204 1836 4258 invita-

242 4317 329 4364 tus
372 4306 567 4361 fiducia
592 4347 607 4372 ,
639 4306 916 4374 praecessit
947 4303 1000 4355 in
1054 4300 1326 4368 prosperis
1359 4298 1552 4351 vestris
1581 4295 1837 4364 quidquid

245 4416 342 4453 vos
370 4398 656 4466 disciplina
678 4406 771 4450 aut
795 4396 1003 4449 ratione
1029 4394 1314 4447 collibetis.
1348 4390 1626 4443 Snl‘liciant
1661 4392 1711 4442 in
1744 4390 1840 4442 llo-

247 4494 395 4550 ribus
440 4493 630 4546 stricta
658 4490 965 4559 colloquia:
1000 4486 1325 4556 respondete
1368 4483 1435 4537 de
1486 4484 1839 4551 prosperitate

247 4596 425 4643 vestra
469 4584 724 4649 sollcito,
749 4582 996 4652 quamvis
1040 4582 1109 4635 de
1140 4592 1323 4633 amore
1369 4592 1473 4631 non
1507 4576 1689 4629 dubio.
1726 4576 1834 4628 Do-

249 4684 395 4735 mine
439 4678 533 4745 mi,
583 4677 924 4730 salutationis
955 4672 1281 4742 plenissima:
1329 4668 1590 4738 obsequia
1635 4666 1835 4736 depen-
1870 4662 1920 4722 ι)

250 4774 401 4835 ϐίης,
447 4772 748 4825 litterarum
802 4768 1115 4837 portitorem
1159 4761 1501 4824 commendo,
1549 4759 1673 4829 quia
1706 4759 1837 4812 mihi

251 4868 355 4922 ﬁde
377 4876 431 4921 et
459 4866 741 4918 honestate
756 4869 1063 4929 corripertus
1086 4869 1188 4921 est,
1206 4859 1387 4910 volens
1416 4851 1683 4907 uniVersis
1711 4852 1837 4918 quid

252 4956 574 5029 dignationis
605 4963 799 5009 vestrae
830 4952 1052 5007 habeam
1084 4965 1189 5004 non
1223 4947 1384 5002 taceri
1422 4988 1437 5011 ,
1470 4955 1526 4999 ut
1555 4951 1841 5015 sperantes

253 5054 323 5109 de
346 5048 647 5106 communis
676 5046 861 5116 gratiae
892 5059 1067 5098 messe
1098 5050 1405 5111 pascantur.

786 5135 1129 5193 EPISTOLA
1174 5132 1314 5187 XVI.

760 5243 1017 5286 ENNODIUS
1086 5239 1345 5283 AGNELID.

328 5329 477 5385 Solet
526 5338 912 5396 prosperorum
966 5320 1159 5374 indicia
1215 5318 1525 5385 dispergere
1580 5312 1848 5367 sermonis

256 5420 485 5492 jucunda
536 5418 835 5473 festivitas:
868 5415 991 5466 dum
1037 5410 1291 5482 quidquid
1331 5408 1452 5461 boni
1483 5404 1723 5459 facundis
1755 5418 1843 5458 ac-

257 5514 503 5579 cesserit,
527 5524 783 5582 germana
810 5492 1125 5579 gaudiorum
1155 5520 1246 5573 per
1288 5501 1515 5572 populos
1558 5514 1689 5555 voce
1735 5498 1847 5553 dis-

261 5608 451 5662 currit.
487 5605 729 5659 Facilius
758 5610 843 5657 est
874 5604 1049 5670 ignem
1072 5600 1124 5653 itt
1154 5611 1315 5668 pyras
1342 5596 1635 5649 animatum
1671 5592 1848 5659 lingua

264 5700 637 5769 comprimere,
667 5709 831 5766 quam
881 5692 1151 5748 silentium
1197 5690 1337 5745 inter
1380 5692 1561 5757 Optata
1612 5696 1846 5740 servare.

339 5820 354 5849 ¹
382 5808 762 5881 Simpliciano]
789 5809 837 5865 Is
865 5817 948 5864 est
990 5808 1056 5861 de
1096 5820 1206 5874 quo
1236 5804 1308 5881 ad
1359 5802 1611 5881 Faustum
1647 5797 1845 5881 linat,

267 5866 521 5952 cingite?
550 5903 561 5937 :
598 5866 966 5953 SimpIiciantts
1009 5866 1333 5953 praesentium
1367 5872 1570 5953 baiulos
1595 5910 1608 5933 ,
1644 5866 1849 5920 adoles-

270 5942 385 6007 cens
430 5942 795 6012 nobilissimas,
826 5942 1045 6005 natalem
1066 5948 1290 6003 scientiae
1320 5946 1487 5999 sedem
1520 5942 1731 5995 Romam
1762 5952 1851 5990 co-

1927 1993 2170 2050 retinetis
2214 1992 2397 2061 gratia:
2444 1991 2797 2058 promissione
2826 1990 3113 2042 firmatam.
3160 1988 3384 2043 Domine
3417 1990 3509 2053 mi,

1926 2086 2300 2143 salutationem
2336 2082 2696 2153 plenissimam
2724 2082 2931 2145 dicens,
2956 2096 3139 2148 quaeso
3170 2090 3224 2133 nt
3258 2081 3510 2150 frequen-

1928 2191 2008 2237 tes
2038 2189 2093 2235 et
2121 2194 2225 2233 non
2256 2178 2309 2231 in
2341 2184 2546 2230 arctum
2584 2182 2799 2228 coactas
2822 2171 3082 2241 epistolas
3110 2169 3513 2226 destinetis.Vi-

1927 2276 2051 2331 dele
2080 2272 2245 2327 animi
2270 2270 2376 2325 mei
2405 2268 2748 2324 securitatem
2781 2284 2792 2318 :
2826 2266 3063 2337 prolixas
3085 2278 3249 2336 posco
3279 2264 3516 2336 paginas.

1927 2369 2017 2439 qui
2044 2366 2217 2420 adhuc
2244 2362 2425 2418 nullas
2452 2363 2659 2428 accepi.

2453 2454 2786 2511 EPISTULA
2831 2453 2996 2509 XVII.

2482 2562 2740 2603 ENNODIUS
2772 2563 2985 2601 Ανιειω.

2000 2647 2057 2703 Si
2079 2645 2231 2701 vobis
2260 2644 2327 2699 de
2350 2644 2610 2713 parvitate
2633 2655 2752 2696 mea
2779 2640 2965 2695 fuisset
2988 2638 3093 2693 ulla
3123 2637 3351 2703 curatio,
3383 2633 3514 2691 tanti

1930 2740 2188 2810 temporis
2212 2737 2487 2793 silentium
2526 2750 2635 2789 non
2668 2741 2912 2789 maneret
2936 2750 2948 2784 :
2975 2732 3205 2785 maxime
3232 2744 3353 2784 cum
3382 2730 3509 2783 inte-

1930 2832 2160 2903 qualitas
2184 2832 2395 2883 domum
2412 2843 2565 2895 mete,
2602 2826 2792 2881 matris
2824 2836 3042 2888 vestrae,
3088 2840 3184 2893 per
3216 2828 3389 2877 varios
3421 2838 3515 2877 ru-

1932 2940 2111 2980 mores
2139 2924 2256 2978 sine
2279 2921 2521 2975 remedio
2547 2919 2749 2987 afﬂigat
2770 2918 3071 2971 absentem.
3105 2917 3227 2970 Scio
3250 2915 3390 2968 enim
3420 2916 3520 2968 hoc

1932 3020 2051 3073 solo
2070 3028 2307 3072 sanctam
2344 3014 2593 3069 feminam
2626 3011 2772 3066 fasce
2800 3009 3145 3081 praegravari,
3178 3009 3299 3078 quia
3333 3011 3520 3061 immo-

1931 3111 2106 3167 dicam
2136 3108 2386 3178 pietatem
2411 3104 2627 3160 exhibet
2658 3118 2764 3158 non
2798 3101 3044 3156 merenti.
3074 3099 3179 3154 Sed
3223 3098 3349 3168 quid
3400 3112 3521 3165 pro-

1932 3206 2072 3262 duco
2096 3204 2261 3257 verba
2292 3199 2500 3255 catenis
2534 3197 2763 3267 obligata
2795 3194 3068 3250 tristitiae?
3098 3192 3143 3246 si
3192 3192 3383 3245 bonam
3431 3204 3521 3243 va-

1855 3278 1903 3343 C
1936 3297 2228 3355 letudinem
2258 3298 2376 3363 ejus
2404 3292 2640 3348 cmlestis
2679 3290 2827 3344 favor
2867 3287 3083 3352 refudit,
3114 3296 3399 3357 properato
3432 3285 3523 3339 lit-

1936 3392 2065 3447 teris
2097 3388 2363 3445 nuntiare.
2400 3386 2646 3456 Expecto
2678 3383 2819 3438 enim
2865 3392 2921 3435 ut
2956 3390 3083 3434 tunc
3139 3392 3347 3433 mecum
3405 3392 3525 3447 pro-

1938 3500 2096 3555 spera
2123 3480 2501 3545 concilientur,
2528 3476 2742 3547 quando
2770 3490 2889 3551 cum
2919 3472 3005 3527 illa
3031 3486 3151 3527 e-se
3180 3484 3521 3539 comperero.

1936 3578 2208 3634 Didicistis
2242 3590 2457 3631 causam
2488 3572 2735 3628 maroris
2763 3609 2780 3634 ,
2805 3567 3172 3623 indifferenter
3204 3574 3321 3635 post
3352 3563 3521 3618 Deum

1936 3675 2059 3727 date
2092 3670 2333 3726 remedii.
2368 3668 2596 3721 Domine
2628 3666 2722 3733 mi,
2747 3662 3085 3718 salutationis
3105 3660 3359 3729 obsequia
3382 3672 3524 3729 prat-

1936 3778 2177 3831 sentans,
2219 3764 2443 3818 Domino
2478 3775 2573 3831 pro
2619 3775 2724 3824 me,
2756 3756 2999 3828 supplice
3027 3764 3230 3823 vestro,
3263 3752 3523 3823 obsequia

1938 3860 2094 3931 digna
2119 3856 2389 3929 porrigite.

2462 3941 2797 4000 EPISTOLA
2835 3939 3025 3996 XVIII.

2486 4052 2741 4095 ENNODIUS
2772 4050 2987 4090 AVIENO.

2009 4161 2067 4219 Si
2095 4160 2258 4230 judex
2292 4158 2475 4212 vilium
2514 4166 2863 4226 personarum
2908 4148 3117 4205 laboret
3155 4141 3386 4214 injuriis,
3426 4156 3525 4199 ne:

1939 4254 2051 4308 scio
2083 4262 2259 4306 utrum
2300 4250 2467 4319 possit
2497 4247 2564 4301 ab
2597 4246 2699 4300 hoc
2729 4257 2894 4299 onere
2935 4240 3072 4295 alios
3110 4238 3410 4303 sublevare,
3441 4235 3529 4292 cui

1940 4348 2057 4415 ipse
2099 4345 2418 4400 suci-umbit.
2446 4342 2709 4397 Gravibus
2760 4338 2966 4393 medica
3004 4349 3195 4391 manus
3234 4342 3319 4388 est
3369 4330 3529 4385 adhi-

1942 4438 2113 4493 benda
2146 4435 2480 4499 vulneribus,
2512 4448 2578 4487 ne
2627 4432 2941 4501 impunitate
2970 4426 3188 4483 morbus
3231 4422 3529 4479 adolescat.

1943 4530 2200 4586 Sublimis
2222 4528 2535 4582 virvicarius
2557 4524 2671 4597 [sic]
2692 4524 2806 4577 haec
2825 4538 2855 4576 a
2878 4536 2986 4588 me,
2999 4519 3244 4590 quamvis
3261 4532 3356 4587 pro
3362 4516 3525 4587 justi-

1949 4626 2037 4679 tiae
2074 4622 2511 4678 consideratione
2541 4619 2886 4685 deberentur,
2916 4624 3094 4669 tatnen
3134 4610 3367 4667 extorsit
3400 4609 3533 4664 allo-

1950 4718 2071 4787 quia
2104 4733 2117 4769 :
2149 4714 2275 4783 quid
2331 4712 2645 4781 pertulerit,
2680 4710 2793 4777 ipse
2835 4706 3159 4761 manifestet.
3195 4702 3367 4761 Unum
3398 4700 3533 4761 scio.

1950 4811 2071 4882 quia
2116 4811 2215 4863 nisi
2268 4804 2602 4867 succurritis,
2649 4800 2903 4873 generale
2933 4802 3164 4854 futurum
3195 4797 3416 4858 malum.
3446 4795 3534 4849 cui

1950 4908 2064 4976 ipse
2116 4916 2199 4959 est
2246 4900 2542 4967 disciplina:
2594 4907 2737 4952 tutor
2788 4894 3086 4965 expositus.
3136 4891 3247 4947 Hoc
3296 4905 3400 4945 non
3453 4896 3537 4944 est

1951 5000 2183 5053 alienum
2215 5012 2244 5051 a
2275 4994 2698 5055 Christianitate,
2724 5006 2847 5048 cum
2886 4990 3071 5044 defero
3103 5029 3117 5053 ,
3150 4987 3273 5057 quia
3314 4984 3535 5052 impium

1954 5102 2039 5146 est
2072 5104 2251 5145 rerum
2282 5087 2525 5142 ordinem
2571 5086 2669 5141 sub
2702 5086 2800 5137 hac
2851 5080 3207 5152 permixtione
3255 5075 3536 5131 confundi.

1956 5186 2177 5239 Domine
2206 5182 2296 5246 mi,
2335 5179 2669 5233 salutationis
2710 5179 2912 5230 honore
2946 5173 3186 5243 praelato,
3220 5185 3317 5225 vos
3343 5179 3528 5220 vocem

1954 5276 2213 5346 supplicis
2241 5282 2517 5342 gratanter
2546 5270 2797 5337 accipite,
2834 5275 2891 5319 ut
2919 5265 3009 5335 qui
3043 5263 3169 5318 tanti
3215 5261 3412 5315 fascem
3459 5255 3538 5309 Ia-

1954 5368 2102 5424 boris
2134 5367 2383 5437 arripuit,
2420 5362 2757 5418 convalescat
2790 5359 3004 5413 effectu.

2495 5473 2825 5530 EPISTOLA
2867 5469 3008 5525 XIX.

2426 5584 2684 5625 ENNOMUS
2710 5568 2726 5597 ¹
2759 5574 3105 5620 smrucmto.

2029 5670 2202 5726 Divini
2236 5665 2433 5723 favoris
2475 5663 2785 5731 adiumento
2832 5650 3207 5709 adulescentia:
3240 5658 3345 5702 tute
3395 5644 3543 5701 rudi-

1956 5800 2107 5844 ttattts
2154 5797 2425 5850 expetere:
2457 5780 2539 5833 cui
2586 5788 2724 5850 nunc
2758 5772 2929 5825 felicia
2963 5767 3281 5849 eloquentia!
3315 5766 3543 5850 primo]:

1956 5835 2292 5926 ἆῐῖέτᾰιὶιῑεὶι
2307 5835 2385 5907 {tr}
2413 5835 2496 5905 Fit
2518 5846 2759 5915 ejusdem
2786 5855 3047 5914 praeterea
3068 5835 3273 5897 mentio
3294 5835 3452 5912 epist.
3472 5835 3544 5891 29

1959 5932 2119 5993 huius
2143 5927 2284 5983 libri.
