3998 6362
448 282 548 355 ηδ

1556 298 1822 356 ENNODII
1862 296 2164 354 EPISGOPI
2202 295 2569 353 TICINENSIS

3587 293 3685 346 124

444 421 625 467 menta
654 410 964 467 solidentur.
1007 409 1121 479 Ipse
1146 410 1235 465 det
1264 424 1574 465 successum
1625 410 1882 480 frugibus,
1915 410 2005 479 qui
2032 408 2085 469 Α
2112 410 2194 465 vel
2214 409 2572 465 blandimenta
2590 407 2771 465 smculi
2791 406 3065 478 religionis
3082 405 3419 461 districtione
3440 419 3686 474 respuan-

445 505 673 583 contulit
694 512 1001 560 ornamenta
1039 503 1314 573 principiis
1339 520 1353 556 :
1377 512 1436 559 ut
1461 507 1604 573 quod
1636 504 1689 557 in
1717 518 1851 558 cano
1880 502 2012 558 ﬂore

444 596 769 668 praemisisti,
802 596 856 651 in
903 610 1180 665 pomorum
1225 596 1530 650 maturitate
1560 610 1665 649 non
1709 594 2009 649 subtrahas.

446 689 544 745 Est
569 687 829 759 propositi
872 687 1041 742 nostri
1070 688 1239 757 prima
1282 688 1509 755 curatio,
1532 698 1590 742 ut
1614 688 1682 743 de
1711 688 2014 757 incipientis

446 780 602 837 laude
649 779 864 835 solliciti
899 779 967 834 ad
1010 780 1173 834 Deum
1223 789 1343 833 vota
1395 779 1700 846 mittamus;
1755 788 2015 849 quatenus

444 870 584 942 quod
612 870 667 925 in
690 870 842 926 bonas
866 871 1060 926 indolis
1088 870 1389 926 eruditione
1410 879 1791 941 praesumptum
1821 880 1925 937 est,
1950 872 2016 926 de

444 977 671 1032 superna
699 977 802 1033 ope
832 971 1180 1017 maturescat.
1216 962 1308 1017 llle
1331 964 1526 1032 ingenii
1556 974 1790 1034 segetem
1825 964 2017 1032 perdu-

444 1062 530 1108 cat
556 1054 621 1107 ad
652 1053 868 1119 horrea,
893 1055 980 1124 qui
1012 1054 1251 1109 altricem
1276 1055 1549 1111 hominum
1591 1056 1809 1110 herbam
1840 1056 2019 1125 exegit

445 1159 476 1199 e
502 1145 745 1214 ceSpite;
780 1144 893 1214 ipse
922 1146 985 1199 de
1014 1156 1226 1200 terreno
1261 1147 1395 1201 lacte
1435 1162 1743 1214 expressam
1785 1146 1839 1200 in
1882 1146 2017 1201 triti-

445 1252 565 1293 cum
620 1238 814 1293 t‘nrmet
858 1238 1108 1309 effigiem,
1141 1239 1291 1309 cujus
1336 1240 1504 1293 imbre
1532 1240 1630 1295 soli
1664 1240 1825 1295 facies
1856 1239 2018 1293 mari-

446 1340 554 1387 tata
603 1332 935 1388 fecundatur.
970 1333 1084 1387 Tibi
1134 1347 1334 1399 autent,
1383 1333 1586 1389 erudite
1644 1348 1795 1403 puer,
1852 1331 2021 1386 habeo

447 1425 663 1495 gratias,
688 1424 828 1494 quod
876 1425 1119 1495 quamvis
1146 1424 1361 1480 dicendi
1408 1424 1697 1495 splendore
1744 1425 2033 1488 nituisses,

448 1527 501 1574 et
528 1518 580 1572 in
612 1517 700 1572 illa
726 1519 855 1572 urbe
901 1517 1195 1572 litterarum
1228 1519 1451 1573 scientia
1477 1518 1799 1587 astipulante
1836 1517 2021 1572 laude-

448 1609 545 1673 ris,
577 1610 679 1663 mei
712 1624 920 1678 quoque
949 1608 1223 1664 desideras
1270 1606 1576 1677 adjumenta
1610 1608 1884 1677 praeconii.
1917 1614 2020 1663 Ac-

450 1694 609 1757 cessit
637 1702 727 1757 tibi
755 1701 957 1757 fructus
988 1702 1273 1771 diligentia:
1294 1719 1448 1769 mere,
1470 1713 1523 1757 et
1547 1704 1590 1757 si
1617 1705 1756 1757 nulla
1784 1703 2023 1757 tribuun-

2115 511 2218 558 tur.
2249 502 2491 567 Domine,
2516 512 2571 556 ut
2601 516 2786 571 supra,
2817 499 3155 555 salutationis
3182 513 3401 553 munera
3445 512 3685 568 praesen-

2117 606 2255 660 tans,
2276 610 2469 669 precor
2494 604 2551 649 ut
2568 604 2842 664 gratanter
2863 594 3091 663 accipias
3119 595 3259 663 quod
3277 593 3414 648 inter
3437 607 3686 649 curarum

2116 686 2285 741 moles
2310 685 2473 755 exigit
2504 684 2621 741 ﬁeri
2649 684 2897 755 iocorum
2926 699 3031 740 non
3067 684 3367 755 respuenda
3389 680 3686 755 subreptio.

2649 818 2980 877 EPISTULA
3007 819 3148 876 XXI.

2578 954 2904 995 ENNODIUS
2952 954 3223 995 MAXIMO.

2192 1050 2289 1106 Ubi
2317 1060 2400 1106 est
2440 1051 2571 1106 lides
2600 1052 2930 1121 splendentis
2978 1053 3277 1121 periclitata
3325 1054 3691 1122 conscientia,

2119 1159 2277 1214 quam
2310 1144 2360 1199 in
2390 1147 2546 1200 annis
2588 1146 2876 1213 puerilibus
2907 1161 3036 1200 cana
3068 1148 3372 1202 reverentia
3402 1163 3510 1202 non
3532 1148 3694 1205 relin-

2120 1238 2264 1306 quit,
2288 1253 2443 1307 quam
2473 1253 2565 1307 per
2594 1239 2693 1292 mvi
2733 1239 3096 1308 prtejudicium
3128 1240 3460 1295 observantia
3499 1242 3696 1297 bones-

2123 1330 2245 1384 tatis
2288 1330 2537 1393 irradiat,
2582 1346 2699 1401 quae
2745 1332 2795 1385 in
2847 1342 3083 1401 tempore
3137 1332 3430 1401 juventutis
3482 1335 3694 1389 actibus

2122 1432 2487 1479 maturescens
2539 1424 2817 1479 infantiam
2872 1426 3107 1492 ingressa
3160 1426 3499 1493 prmlabitur?
3548 1426 3697 1481 Nun-

2122 1517 2248 1586 quid
2304 1532 2512 1587 aequnm
2568 1518 2662 1571 fuit
2699 1518 2926 1572 amantis
2957 1518 3161 1587 paginis
3191 1527 3393 1573 tantum
3444 1520 3696 1574 mandata

2123 1611 2456 1672 restitui,aut
2484 1627 2576 1681 par
2608 1611 2736 1665 fides
2760 1620 2842 1666 est
2864 1612 3041 1666 liberat
3062 1612 3365 1680 scriptionis
3393 1620 3448 1667 et
3477 1612 3698 1665 famuli?

2127 1702 2370 1773 Nunquid
2403 1704 2619 1771 dignum
2653 1704 2889 1772 probatis
2916 1705 3150 1759 moribus
3176 1705 3459 1760 censuistis
3501 1718 3701 1773 provo-

450 1802 535 1849 tur
582 1794 886 1849 rusticantis
935 1802 1242 1848 ornamenta
1296 1794 1601 1849 testimonii.
1640 1794 1836 1849 Libens
1880 1795 2019 1849 dicta
2051 1778 2100 1839 Β
2125 1804 2334 1849 cantem
2368 1795 2433 1849 ad
2465 1796 2637 1849 ol'lit-ia
2686 1796 2932 1864 religiosa
2965 1811 3070 1850 non
3101 1796 3383 1865 subsequi,
3416 1795 3498 1850 vel
3540 1796 3699 1851 nefas

449 1896 533 1942 tua
561 1902 678 1942 cum
708 1887 1099 1942 facundissimis
1136 1888 1390 1959 praedico,
1424 1903 1544 1943 cum
1575 1888 1766 1956 quibus
1806 1898 2023 1943 senten-

449 1979 575 2034 tiam
625 1994 818 2045 meam,
862 1988 921 2035 ut
965 1980 1226 2034 bonorum
1281 1980 1538 2035 ditescant
1596 1980 1869 2045 societate,
1895 1995 2023 2035 con-

448 2070 629 2142 iungo.
662 2072 975 2126 Proximum
1024 2080 1107 2126 est
1135 2079 1194 2125 ut
1223 2086 1327 2125 non
1355 2070 1658 2126 dividantur
1682 2070 1902 2137 meritis,
1934 2072 2023 2141 qui

449 2161 505 2217 in
546 2163 784 2234 qualibet
822 2162 1146 2233 judicatione
1196 2165 1555 2219 consentiunt.
1595 2162 1739 2219 Unus
1790 2173 1886 2228 est,
1926 2178 2025 2218 nec

450 2257 592 2312 enim
624 2256 806 2327 procul
834 2266 1083 2327 evagatus
1106 2256 1174 2310 ab
1204 2271 1328 2312 arce
1356 2256 1687 2321 sublimium,
1719 2257 1808 2326 qui
1830 2256 1895 2310 ad
1928 2255 2027 2310 hoc

450 2350 592 2418 quod
623 2349 696 2403 illi
727 2349 1104 2418 praenuntiant,
1131 2362 1237 2403 non
1277 2348 1477 2417 dispari
1516 2348 1872 2402 admiratione
1899 2360 2027 2401 con-

452 2442 654 2516 cordat.
696 2442 777 2496 Ad
818 2442 1056 2512 epistolae
1104 2451 1208 2496 tua:
1253 2449 1429 2497 tamen
1478 2441 1833 2510 dictionisque
1864 2441 2023 2494 mella

454 2552 541 2592 me
576 2536 789 2592 refero:
820 2538 903 2591 cui
932 2536 1009 2592 sic
1044 2546 1127 2591 est
1156 2536 1346 2591 blanda
1373 2536 1441 2591 de
1470 2536 1714 2606 praesenti
1753 2545 1807 2590 et
1845 2544 2026 2590 tenera

452 2636 608 2683 aetate
640 2627 901 2698 prmfatio,
936 2637 993 2682 ut
1029 2644 1134 2683 non
1171 2628 1515 2683 subtrahatur
1554 2628 1720 2682 virtus
1749 2638 1798 2682 et
1843 2627 2028 2696 genius

453 2720 521 2774 de
568 2718 767 2774 futura.
796 2721 810 2750 ³
844 2718 1097 2775 Constitit
1140 2720 1445 2774 concavatis
1494 2718 1723 2773 Latiaris
1772 2717 2026 2784 elocutio,

452 2810 579 2865 dum
629 2826 724 2881 per
758 2810 963 2865 alveum
1013 2826 1166 2865 suum
1218 2810 1474 2866 Romana:
1520 2810 1840 2881 eloquentiae
1888 2809 2025 2864 unda

452 2901 780 2971 praelabitur.
809 2902 887 2957 Ad
918 2918 1035 2972 quae
1082 2918 1140 2957 se
1190 2903 1446 2973 porrigat,
1496 2904 1581 2957 vix
1621 2902 2030 2972 comprehcndit

452 2992 758 3061 aestimatio,
802 2990 893 3064 qui
944 2995 1206 3049 maximus
1252 3004 1564 3064 apparescat
1608 2995 1660 3049 in
1711 2994 1932 3049 foribus.
1974 2993 2029 3048 In

453 3088 710 3142 matutina
758 3087 875 3142 luce
923 3087 1221 3142 meridiano
1253 3087 1455 3156 fulgore
1498 3087 1750 3141 rutilasti.
1794 3076 2030 3141 Tueatur

2125 1889 2350 1956 putastis
2371 1888 2620 1955 epistolas
2658 1888 2880 1943 reddere
2925 1904 3055 1955 quas
3088 1889 3237 1943 vobis
3270 1891 3407 1944 inter
3437 1904 3699 1945 excessus
3729 1875 3732 1879 ’

2124 1981 2341 2048 contigit
2375 1995 2477 2034 non
2509 1982 2753 2049 cepisse?
2777 1982 2900 2036 Haec
2944 1983 3101 2050 igitur
3126 1992 3206 2037 est
3236 1992 3322 2035 tua
3368 1982 3694 2049 disciplina?

2126 2070 2240 2126 Non
2268 2072 2423 2125 talem
2458 2083 2508 2127 te
2539 2074 2768 2139 probitas
2802 2074 2928 2127 olim
2975 2076 3315 2129 manifestata
3358 2076 3695 2130 disseminat.

2128 2164 2238 2234 Ego
2266 2174 2439 2219 tamen
2480 2166 2795 2234 loquacitate
2826 2183 2925 2235 qua
2954 2177 3107 2220 notus
3140 2184 3253 2222 sum
3286 2168 3528 2222 indurata
3560 2171 3705 2223 nitor

2129 2267 2335 2313 mutare
2363 2259 2592 2313 silentia.
2618 2260 2859 2326 Nunquid
2902 2261 3071 2329 impar
3100 2270 3181 2315 est
3211 2262 3305 2315 tibi
3337 2261 3512 2331 lingua
3542 2269 3701 2315 nata-

2128 2350 2299 2405 libus?
2339 2362 2432 2407 aut
2464 2368 2566 2407 non
2618 2354 2981 2409 testimonium
3011 2358 3221 2425 generis
3255 2360 3538 2413 annuntias
3568 2357 3707 2411 flore

2128 2444 2429 2496 sbrmonis?
2462 2444 2692 2514 nunquid
2750 2454 2954 2499 ostrum
2988 2446 3234 2512 loquendi
3279 2448 3489 2503 deseret
3521 2462 3707 2518 pecto-

2130 2534 2205 2589 ris
2247 2534 2467 2589 fecunda
2514 2537 2771 2593 dictatio?
2814 2537 2951 2591 Nihil
2994 2539 3095 2592 nisi
3128 2540 3382 2594 malitiam
3431 2541 3708 2612 designat,

2130 2625 2218 2694 qui
2249 2641 2367 2681 cum
2415 2628 2601 2695 possit,
2632 2628 2954 2684 desideranti
2984 2630 3141 2684 verba
3185 2647 3290 2683 non
3322 2632 3521 2685 tribuit.
3561 2634 3706 2688 Ecce

2130 2717 2270 2771 inter
2309 2722 2633 2774 ructationes
2664 2720 2822 2790 Lyaeo
2865 2720 3069 2775 debitas
3125 2722 3296 2789 qualia
3330 2723 3539 2778 Silenus
3570 2730 3710 2781 alter

2131 2809 2607 2889 verbagcompono.
2642 2813 2994 2869 Scribcndum
3032 2814 3212 2867 sciatis
3244 2830 3433 2869 nomen
3466 2826 3709 2871 vestrum

2132 2902 2199 2958 ad
2221 2904 2360 2973 genii
2394 2905 2495 2959 mei
2537 2920 2850 2974 purpuram,
2882 2915 2937 2959 ct
2983 2906 3175 2961 libellis
3206 2908 3435 2974 propriis
3465 2908 3710 2963 inseren-

2131 2994 2257 3049 dum
2283 3011 2295 3047 :
2325 3004 2382 3048 ιιι
2412 2996 2570 3049 etiam
2597 2996 2641 3048 si
2666 2995 2795 3049 nihil
2849 2995 3045 3049 tribues
3074 2995 3139 3049 de
3173 3011 3450 3064 responso,
3483 3012 3581 3066 ego
3626 3008 3710 3052 ta-

2134 3102 2256 3142 men
2290 3102 2465 3141 arcem
2495 3096 2722 3153 teneam,
2758 3087 2896 3156 quod
2927 3086 2992 3140 ad
3019 3086 3202 3140 doctos
3233 3102 3263 3137 v
3288 3102 3375 3139 ros
3397 3086 3566 3156 dirigo
3589 3087 3712 3142 sine

453 3180 592 3235 circa
626 3188 679 3234 te
707 3181 942 3235 caelestis
970 3182 1139 3250 gratia
1180 3195 1370 3234 munus
1400 3195 1575 3244 suum,
1605 3188 1659 3235 et
1691 3190 1746 3235 ut
1777 3179 2029 3250 frequen-
2055 3154 2103 3220 Ο
2133 3179 2487 3245 trepidatione
2529 3179 2702 3248 aliqna
2758 3178 2897 3247 quod
2945 3180 3166 3247 legatur.
3206 3178 3427 3232 Domine
3456 3179 3527 3232 nti
3550 3220 3564 3241 ,
3612 3194 3709 3232 ac-

456 3273 596 3327 tibus
626 3283 892 3329 amantem
918 3274 1261 3343 epistolarum
1291 3274 1434 3328 colas
1474 3274 1691 3340 muniis,
1729 3264 1872 3330 salus
1898 3287 2024 3329 nos-

457 3378 532 3423 tra
564 3366 810 3423 CitriSIus
841 3369 1084 3438 inspiret.

998 3497 1327 3555 EPISTOLA
1357 3497 1475 3557 XX.

944 3625 1198 3667 sanemus
1236 3612 1256 3642 ¹
1294 3616 1519 3666 Inmiti.

526 3729 659 3785 Dum
686 3728 952 3800 prelorum
980 3716 1165 3783 famuli
1194 3727 1435 3783 autumni
1462 3718 1643 3782 dotem
1672 3726 2023 3797 complerent,

455 3833 509 3882 et
543 3834 753 3880 teneras
784 3837 1006 3878 uvarum
1052 3823 1263 3877 tunicas
1300 3830 1585 3891 properata
1619 3819 1766 3877 calce
1800 3810 2030 3875 diarum.

455 3924 672 3987 perent,
698 3930 797 3985 ego
836 3915 902 3970 ad
932 3920 1249 3969 summatem
1278 3914 1449 3967 virum
1478 3917 1751 3982 parentem
1785 3910 2033 3977 fratrem-

454 4023 556 4078 que
589 4022 766 4063 meum
794 4013 851 4060 et
879 4005 1063 4060 oculos
1092 4012 1147 4060 et
1174 3996 1338 4060 verba
1364 4004 1605 4059 revoCavi
1637 4020 1652 4058 :
1676 4003 1880 4073 justum
1911 4016 2031 4058 esse

455 4096 771 4168 conﬁciens,
802 4097 929 4151 dum
958 4098 1135 4152 Vincta
1185 4098 1409 4152 uberem
1457 4096 1698 4150 tribuunt
1744 4094 2027 4165 liquorem,

457 4207 544 4251 me
564 4186 796 4247 sobriam
814 4188 1014 4261 alloqui
1039 4194 1159 4245 cum
1178 4187 1413 4259 jucunda
1434 4188 1699 4245 hilaritate
1729 4194 2029 4259 personam.

459 4284 619 4341 Solve
649 4292 775 4356 ergo
806 4283 1209 4357 Pythagoricam
1266 4283 1699 4349 taciturnitatem,
1732 4290 1786 4339 et
1824 4294 2031 4337 mecum

462 4378 663 4448 peritia:
693 4386 746 4434 et
792 4378 1050 4433 facundiae
1083 4386 1183 4433 tua:
1226 4377 1361 4432 bona
1395 4378 1630 4447 partire;
1665 4376 1736 4432 sit
1769 4376 1907 4430 inter
1937 4388 2034 4430 nos

462 4466 695 4525 felicium
728 4468 1114 4525 vindemiarum
1150 4470 1267 4525 vice
1296 4470 1654 4538 colloquium;
1681 4465 2035 4522 currahtdula

2130 3274 2249 3341 cipe
2298 3281 2495 3325 nostrae
2538 3269 2878 3325 salutationis
2925 3268 3201 3339 obsequia,
3250 3266 3477 3323 reddens
3526 3268 3711 3324 debita

2132 3364 2452 3419 litterarum.

2200 3457 2288 3514 Sic
2314 3457 2407 3512 tibi
2430 3454 2703 3527 virginitas
2735 3469 2985 3509 mansuro
3014 3462 3223 3509 constet
3253 3452 3303 3507 in
3329 3465 3444 3506 aevo
3470 3470 3482 3503 :

2286 3590 2295 3597 .
2341 3548 2451 3603 Nec
2480 3556 2661 3617 pereat
2694 3545 2944 3614 quidquid
2977 3546 3086 3598 vita
3116 3544 3264 3598 beata
3298 3542 3465 3596 dedit.

2203 3640 2292 3695 Sic
2324 3650 2411 3693 tua
2439 3654 2544 3692 non
2589 3638 2857 3693 maculent
2896 3638 3165 3703 nigrantes
3197 3633 3435 3689 membra
3483 3631 3709 3703 puellze;

2345 3731 2452 3785 Nec
2482 3739 2696 3800 propter
2724 3730 2904 3799 jaceas
2938 3728 3246 3782 Tartaream
3280 3726 3492 3780 faciem.

2205 3825 2275 3880 Ut
2302 3823 2549 3889 cupidum
2577 3823 2780 3876 sanctis
2825 3822 3030 3876 releves
3075 3837 3170 3891 per
3211 3820 3406 3889 scripta
3437 3819 3699 3889 loquelis;

2353 3916 2529 3984 Deque
2563 3915 2663 3970 tuis
2698 3915 2845 3969 ira'ri
2872 3914 3106 3970 fontibus
3133 3914 3271 3968 unda
3297 3912 3444 3968 ﬂuat.

2660 4046 2993 4102 EPISTULA
3024 4045 3189 4101 XXII.

2598 4180 2923 4220 ENNODIUS
2983 4176 3248 4219 MAXIHO.

2208 4279 2442 4335 Fidelius
2477 4295 2506 4334 a
2537 4280 2861 4334 sublimitate
2907 4290 2992 4333 tua
3037 4293 3222 4334 vocem
3274 4278 3574 4349 suscipiunt
3626 4289 3715 4335 aut

2136 4372 2427 4442 interrupta
2460 4375 2741 4436 montium,
2766 4380 2858 4424 aut
2898 4379 3102 4426 secreta
3144 4372 3421 4429 silvarum.
3456 4371 3718 4427 Praebent

2137 4462 2440 4517 hominibus
2490 4474 2693 4516 natura:
2724 4461 3056 4516 institutione
3088 4472 3140 4516 et
3170 4469 3310 4515 muta
3343 4476 3663 4530 reSponsum
3701 4479 3716 4526 ;

463 4562 541 4615 cia
570 4568 745 4615 inuata
769 4570 1093 4615 sermonum.
1116 4561 1288 4616 Habes
1315 4570 1433 4630 qua:
1462 4559 1482 4589 ⁸
1512 4572 1634 4613 cum
1661 4558 1888 4612 diacono
1912 4569 2034 4610 san-
2062 4541 2116 4602 Ῑ)
2139 4557 2279 4613 redit
2319 4557 2383 4611 ad
2438 4556 2690 4610 mortales
2732 4553 3043 4610 VICI>SIIUd0
3083 4554 3330 4609 clamosae
3375 4553 3682 4609 solitudinis
3706 4571 3719 4617 ;

463 4651 702 4708 ctlssimo
732 4652 799 4707 de
844 4654 1098 4707 institutis
1149 4662 1351 4707 tuarum
1383 4657 1509 4706 nota
1540 4648 1748 4705 dicendi
1794 4648 2034 4703 ubertate

465 4743 993 4799 commonices.Nam
1020 4745 1110 4814 qui
1135 4744 1519 4808 ecclesiastica,
1543 4750 1601 4796 ut
1622 4750 1739 4805 vos,
1773 4739 2036 4809 probitate

465 4834 781 4897 subsistunt,
812 4834 1006 4889 silentii
1040 4834 1177 4903 apud
1210 4835 1327 4888 illos
1366 4834 1506 4901 justa
1538 4831 1726 4887 vitatio
1754 4837 1854 4885 est.
1886 4829 2034 4885 Scri-

468 4928 575 4981 bite
620 4942 721 4995 qua
775 4940 932 4980 aurea
980 4927 1196 4980 castitas
1245 4925 1575 4979 districtione
1625 4931 1867 4979 teneatur
1897 4961 1911 4984 ,
1943 4935 2038 4989 per

467 5030 623 5089 quem
653 5019 841 5072 callem
880 5012 1107 5072 obscena
1141 5018 1368 5088 fugiatur
1410 5018 1629 5071 avaritia
1658 5054 1674 5082 ,
1703 5016 1895 5086 quibus
1925 5029 2038 5068 mo-

467 5110 550 5164 dis
590 5110 759 5180 turpis
807 5110 1022 5165 fallendi
1062 5109 1358 5164 declinetur
1386 5109 1707 5163 obscuritas.
1740 5106 1793 5161 In
1810 5120 2038 5169 summa,

469 5206 583 5259 sine
612 5205 1035 5258 dissimulatione
1080 5205 1267 5258 docete
1293 5218 1411 5271 quae
1440 5202 1645 5271 geritis.
1683 5200 1813 5255 Illud
1846 5199 2037 5269 pratci~

471 5312 573 5364 pue
608 5299 748 5352 scire
788 5296 1036 5367 cupidum
1067 5295 1347 5365 dignanter
1394 5296 1639 5350 instruite
1704 5308 1805 5363 qua
1837 5307 2044 5363 sponsae

544 5454 561 5482 ¹
590 5452 822 5509 Constitit
853 5454 1171 5525 concavatis]
1200 5452 1274 5506 Ita
1300 5468 1483 5525 omnes
1512 5451 1632 5506 libri
1662 5452 1865 5525 antiqui
1878 5470 1894 5525 _:
1914 5450 2036 5525 qtttd

471 5530 648 5575 autem
675 5526 775 5579 sibi
808 5526 950 5593 velit,
981 5522 1210 5596 sequens
1234 5524 1371 5579 alvei
1393 5522 1831 5578 commemoratio
1861 5522 2038 5576 decla-

473 5599 855 5737 rat{Maximo}
888 5668 1010 5723 Viro
1062 5666 1340 5737 spectabili
1382 5684 1393 5719 :
1436 5664 1588 5735 cujus
1634 5663 2034 5737 epithalamium

476 5735 690 5807 acripfit
724 5734 1025 5791 Enninlius:
1061 5734 1219 5807 alque
1252 5740 1329 5791 bis
1358 5739 1517 5791 etiam
1557 5734 1797 5806 epistolis
1828 5736 1891 5807 ad
1922 5736 2035 5799 ejus

480 5805 689 5877 nuptias
724 5807 964 5871 alludens
994 5805 1215 5871 subinde
1235 5811 1462 5882 iocatur.
1497 5805 1686 5863 Postea
1711 5806 1891 5862 consul
1939 5807 2034 5861 fuit

2141 4666 2247 4706 non
2307 4651 2442 4719 p‘rit
2471 4650 2612 4716 quod
2659 4648 2847 4718 linguae
2878 4647 3183 4716 acceperint
3220 4646 3302 4701 vel
3335 4646 3502 4700 lustra
3558 4647 3721 4700 liene-

2142 4742 2320 4796 iicium
2358 4758 2372 4796 ε
2406 4757 2571 4810 quare
2614 4741 2751 4794 istud
2801 4741 2852 4793 in
2902 4738 3261 4810 magnitudine
3312 4748 3397 4792 tua
3446 4737 3622 4792 laudis
3672 4748 3722 4791 et

2142 4832 2494 4905 pltiloSOphiaa
2520 4847 2686 4901 genus
2711 4844 2814 4896 est,
2849 4832 2976 4885 nihil
3002 4831 3201 4893 dicere,
3228 4839 3281 4884 et
3312 4829 3508 4883 silentii
3537 4840 3723 4884 tenere

2145 4928 2287 4981 inter
2313 4926 2724 4980 declamantium
2756 4926 2953 4979 incerta
2979 4923 3318 4978 cautionem?
3348 4922 3537 4983 Homo,
3561 4936 3723 4985 quem

2147 5034 2246 5071 nec
2293 5016 2634 5071 infecundum
2683 5025 2865 5070 natura
2915 5014 3153 5083 protulit,
3204 5028 3301 5067 nec
3346 5011 3724 5066 iniabricatum

2146 5109 2388 5163 doctrina
2439 5107 2741 5177 dereliquit.
2785 5106 2909 5170 Sed,
2943 5106 3125 5168 credo,
3159 5120 3244 5159 me
3290 5104 3597 5171 dedignaris
3642 5102 3725 5156 af-

2148 5201 2289 5265 fatu;
2318 5199 2532 5268 “cpicis
2583 5199 2774 5253 nolens
2829 5198 3060 5267 pretiosa
3112 5194 3238 5250 dare
3286 5195 3444 5249 verba
3494 5193 3722 5263 judicio.

2150 5294 2285 5361 Quid
2316 5292 2456 5364 quod
2488 5292 2696 5361 signum
2727 5300 2811 5345 est
2835 5288 3012 5343 divitis
3035 5288 3335 5358 eloquentia
3369 5286 3489 5350 viri,
3524 5300 3626 5341 nec
3651 5284 3726 5339 in-

2149 5451 2449 5505 ordina'rins'
2476 5461 2616 5502 anno
2653 5446 2776 5509 5%,
2824 5446 2923 5500 hoc
2968 5453 3049 5499 est
3081 5443 3297 5499 biennio
3342 5451 3460 5512 post
3491 5446 3725 5495 mortem

2148 5522 2402 5577 Ennodii.
2424 5519 2500 5573 Ad
2531 5534 2652 5573 eum
2681 5520 2822 5572 enim
2854 5516 3130 5570 consulem
3160 5516 3353 5584 scripta
3380 5518 3553 5568 exstat
3610 5512 3726 5581 epi-

2153 5594 2287 5646 stola
2318 5590 2635 5646 Theoderici
2666 5590 2731 5642 de
2778 5586 3022 5641 ludorum
3065 5602 3255 5657 pompa
3296 5600 3455 5655 quam
3502 5584 3724 5642 daturus

2147 5676 2281 5725 erat,
2310 5664 2400 5717 lib.
2432 5677 2462 5713 v
2490 5660 2761 5714 Variarum
2789 5660 2879 5713 42.

2221 5734 2239 5764 ³
2272 5734 2399 5786 Cum
2437 5733 2649 5785 diacono
2680 5726 3031 5799 sanctissimo]
3065 5727 3364 5783 Ilornlisda.

2220 5806 2235 5835 "
2270 5806 2441 5879 Upicis
2486 5802 2693 5871 nulch
2731 5802 2946 5858 Veteres
3000 5796 3190 5856 ott‘tncs
3232 5800 3385 5854 obicis
3442 5796 3714 5859 mendose.
