  <div class='ocr_page' id='page_1' title='image "/cluster/home/n/w/nwhite01/storage/ocr_20150623/63/hvd.32044015469307/068.png"; bbox 0 0 3998 6362; ppageno 0'>
   <div class='ocr_carea' id='block_1_1' title="bbox 128 316 3375 379">
    <p class='ocr_par' dir='ltr' id='par_1_1' title="bbox 128 316 3375 379">
     <span class='ocr_line' id='line_1_1' title="bbox 128 316 3375 379; baseline -0.001 -4"><span class='ocrx_word' id='word_1_1' title='bbox 128 323 220 375; x_wconf 72' lang='lat' dir='ltr'><strong>sas</strong></span> <span class='ocrx_word' id='word_1_2' title='bbox 1356 319 1832 379; x_wconf 68' lang='lat' dir='ltr'><strong>EPISTOLARUII</strong></span> <span class='ocrx_word' id='word_1_3' title='bbox 1873 318 1999 375; x_wconf 86' lang='lat' dir='ltr'><strong>LIB.</strong></span> <span class='ocrx_word' id='word_1_4' title='bbox 2042 317 2155 371; x_wconf 78' lang='lat' dir='ltr'><strong>VII.</strong></span> <span class='ocrx_word' id='word_1_5' title='bbox 3280 316 3375 373; x_wconf 68' lang='grc' dir='ltr'><strong>η(</strong></span> 
     </span>
    </p>
   </div>
   <div class='ocr_carea' id='block_1_2' title="bbox 129 428 3382 507">
    <p class='ocr_par' dir='ltr' id='par_1_2' title="bbox 129 428 3382 507">
     <span class='ocr_line' id='line_1_2' title="bbox 129 428 3382 507; baseline -0.003 -13"><span class='ocrx_word' id='word_1_6' title='bbox 129 437 286 494; x_wconf 88' lang='lat' dir='ltr'><strong>doctis</strong></span> <span class='ocrx_word' id='word_1_7' title='bbox 332 452 656 493; x_wconf 90' lang='lat' dir='ltr'><strong>sermonum</strong></span> <span class='ocrx_word' id='word_1_8' title='bbox 684 438 858 507; x_wconf 87' lang='lat' dir='ltr'><strong>cupita</strong></span> <span class='ocrx_word' id='word_1_9' title='bbox 897 436 1247 492; x_wconf 79' lang='lat' dir='ltr'><strong>sub&#39;raliere?</strong></span> <span class='ocrx_word' id='word_1_10' title='bbox 1280 437 1558 491; x_wconf 84' lang='lat' dir='ltr'><strong>mendicus</strong></span> <span class='ocrx_word' id='word_1_11' title='bbox 1604 436 1702 490; x_wconf 87' lang='lat' dir='ltr'><strong>ilu-</strong></span> <span class='ocrx_word' id='word_1_12' title='bbox 1728 436 1784 496; x_wconf 72' lang='grc' dir='ltr'>Α</span> <span class='ocrx_word' id='word_1_13' title='bbox 1806 433 1873 489; x_wconf 91' lang='lat' dir='ltr'><strong>de</strong></span> <span class='ocrx_word' id='word_1_14' title='bbox 1910 431 2133 503; x_wconf 90' lang='lat' dir='ltr'><strong>guttulis</strong></span> <span class='ocrx_word' id='word_1_15' title='bbox 2164 438 2219 485; x_wconf 93' lang='lat' dir='ltr'><strong>ut</strong></span> <span class='ocrx_word' id='word_1_16' title='bbox 2265 428 2483 485; x_wconf 90' lang='lat' dir='ltr'><strong>fratrem</strong></span> <span class='ocrx_word' id='word_1_17' title='bbox 2513 428 2668 486; x_wconf 81' lang='lat' dir='ltr'><strong>decet</strong></span> <span class='ocrx_word' id='word_1_18' title='bbox 2694 443 2723 484; x_wconf 89' lang='lat' dir='ltr'><strong>a</strong></span> <span class='ocrx_word' id='word_1_19' title='bbox 2755 429 2940 496; x_wconf 90' lang='lat' dir='ltr'><strong>fratre,</strong></span> <span class='ocrx_word' id='word_1_20' title='bbox 2969 428 3169 485; x_wconf 87' lang='lat' dir='ltr'><strong>directa</strong></span> <span class='ocrx_word' id='word_1_21' title='bbox 3212 434 3382 486; x_wconf 86' lang='lat' dir='ltr'><strong>susei-</strong></span> 
     </span>
    </p>
   </div>
   <div class='ocr_carea' id='block_1_3' title="bbox 133 528 1706 601">
    <p class='ocr_par' dir='ltr' id='par_1_3' title="bbox 133 528 1706 601">
     <span class='ocr_line' id='line_1_3' title="bbox 133 528 1706 601; baseline -0.004 -14"><span class='ocrx_word' id='word_1_22' title='bbox 133 531 322 587; x_wconf 83' lang='lat' dir='ltr'><strong>miuum</strong></span> <span class='ocrx_word' id='word_1_23' title='bbox 364 544 566 584; x_wconf 83' lang='lat' dir='ltr'><strong>cursus</strong></span> <span class='ocrx_word' id='word_1_24' title='bbox 596 540 700 595; x_wconf 88' lang='lat' dir='ltr'><strong>est,</strong></span> <span class='ocrx_word' id='word_1_25' title='bbox 731 530 820 601; x_wconf 87' lang='lat' dir='ltr'><strong>qui</strong></span> <span class='ocrx_word' id='word_1_26' title='bbox 872 538 1075 584; x_wconf 90' lang='lat' dir='ltr'><strong>tantum</strong></span> <span class='ocrx_word' id='word_1_27' title='bbox 1122 528 1576 583; x_wconf 89' lang='lat' dir='ltr'><strong>nobilissimorum</strong></span> <span class='ocrx_word' id='word_1_28' title='bbox 1620 542 1706 581; x_wconf 86' lang='lat' dir='ltr'><strong>sa-</strong></span> 
     </span>
    </p>
   </div>
   <div class='ocr_carea' id='block_1_4' title="bbox 135 618 1705 693">
    <p class='ocr_par' dir='ltr' id='par_1_4' title="bbox 135 618 1705 693">
     <span class='ocr_line' id='line_1_4' title="bbox 135 618 1705 693; baseline -0.004 -15"><span class='ocrx_word' id='word_1_29' title='bbox 135 624 253 679; x_wconf 85' lang='lat' dir='ltr'><strong>tiare</strong></span> <span class='ocrx_word' id='word_1_30' title='bbox 303 630 526 693; x_wconf 91' lang='lat' dir='ltr'><strong>putatur</strong></span> <span class='ocrx_word' id='word_1_31' title='bbox 577 621 863 678; x_wconf 84' lang='lat' dir='ltr'><strong>ardorem;</strong></span> <span class='ocrx_word' id='word_1_32' title='bbox 898 621 1114 675; x_wconf 90' lang='lat' dir='ltr'><strong>ubertas</strong></span> <span class='ocrx_word' id='word_1_33' title='bbox 1164 620 1415 674; x_wconf 80' lang='lat' dir='ltr'><strong>imbrium</strong></span> <span class='ocrx_word' id='word_1_34' title='bbox 1470 629 1524 673; x_wconf 92' lang='lat' dir='ltr'><strong>et</strong></span> <span class='ocrx_word' id='word_1_35' title='bbox 1574 618 1705 672; x_wconf 93' lang='lat' dir='ltr'><strong>nihil</strong></span> 
     </span>
    </p>
   </div>
   <div class='ocr_carea' id='block_1_5' title="bbox 133 712 1702 788">
    <p class='ocr_par' dir='ltr' id='par_1_5' title="bbox 133 712 1702 788">
     <span class='ocr_line' id='line_1_5' title="bbox 133 712 1702 788; baseline -0.002 -16"><span class='ocrx_word' id='word_1_36' title='bbox 133 714 355 788; x_wconf 75' lang='lat' dir='ltr'><strong>paritura</strong></span> <span class='ocrx_word' id='word_1_37' title='bbox 386 730 523 770; x_wconf 78' lang='lat' dir='ltr'><strong>saxa</strong></span> <span class='ocrx_word' id='word_1_38' title='bbox 560 714 850 784; x_wconf 78' lang='lat' dir='ltr'><strong>perfundit.</strong></span> <span class='ocrx_word' id='word_1_39' title='bbox 882 712 1129 783; x_wconf 78' lang='lat' dir='ltr'><strong>Liquida:</strong></span> <span class='ocrx_word' id='word_1_40' title='bbox 1164 714 1383 767; x_wconf 79' lang='lat' dir='ltr'><strong>rationis</strong></span> <span class='ocrx_word' id='word_1_41' title='bbox 1425 712 1556 765; x_wconf 83' lang='lat' dir='ltr'><strong>ordo</strong></span> <span class='ocrx_word' id='word_1_42' title='bbox 1601 719 1702 769; x_wconf 85' lang='lat' dir='ltr'><strong>est.</strong></span> 
     </span>
    </p>
   </div>
   <div class='ocr_carea' id='block_1_6' title="bbox 132 802 1705 876">
    <p class='ocr_par' dir='ltr' id='par_1_6' title="bbox 132 802 1705 876">
     <span class='ocr_line' id='line_1_6' title="bbox 132 802 1705 876; baseline -0.005 -13"><span class='ocrx_word' id='word_1_43' title='bbox 132 818 183 863; x_wconf 88' lang='lat' dir='ltr'><strong>ut</strong></span> <span class='ocrx_word' id='word_1_44' title='bbox 207 814 576 876; x_wconf 83' lang='lat' dir='ltr'><strong>paupertatem</strong></span> <span class='ocrx_word' id='word_1_45' title='bbox 605 805 841 874; x_wconf 90' lang='lat' dir='ltr'><strong>resignct</strong></span> <span class='ocrx_word' id='word_1_46' title='bbox 872 805 962 874; x_wconf 89' lang='lat' dir='ltr'><strong>qui</strong></span> <span class='ocrx_word' id='word_1_47' title='bbox 991 804 1184 858; x_wconf 86' lang='lat' dir='ltr'><strong>damna</strong></span> <span class='ocrx_word' id='word_1_48' title='bbox 1221 803 1471 857; x_wconf 78' lang='lat' dir='ltr'><strong>formidat</strong></span> <span class='ocrx_word' id='word_1_49' title='bbox 1500 820 1513 868; x_wconf 90' lang='lat'><strong>;</strong></span> <span class='ocrx_word' id='word_1_50' title='bbox 1546 802 1705 871; x_wconf 88' lang='lat' dir='ltr'><strong>quid-</strong></span> 
     </span>
    </p>
   </div>
   <div class='ocr_carea' id='block_1_7' title="bbox 132 895 1706 971">
    <p class='ocr_par' dir='ltr' id='par_1_7' title="bbox 132 895 1706 971">
     <span class='ocr_line' id='line_1_7' title="bbox 132 895 1706 971; baseline -0.004 -16"><span class='ocrx_word' id='word_1_51' title='bbox 132 900 245 971; x_wconf 87' lang='lat' dir='ltr'><strong>quid</strong></span> <span class='ocrx_word' id='word_1_52' title='bbox 277 915 390 954; x_wconf 87' lang='lat' dir='ltr'><strong>non</strong></span> <span class='ocrx_word' id='word_1_53' title='bbox 436 896 726 968; x_wconf 85' lang='lat' dir='ltr'><strong>procurrit,</strong></span> <span class='ocrx_word' id='word_1_54' title='bbox 752 897 893 951; x_wconf 77' lang='lat' dir='ltr'><strong>exile</strong></span> <span class='ocrx_word' id='word_1_55' title='bbox 924 904 1027 951; x_wconf 86' lang='lat' dir='ltr'><strong>est.</strong></span> <span class='ocrx_word' id='word_1_56' title='bbox 1063 895 1137 949; x_wconf 89' lang='lat' dir='ltr'><strong>De</strong></span> <span class='ocrx_word' id='word_1_57' title='bbox 1181 895 1483 949; x_wconf 81' lang='lat' dir='ltr'><strong>volucribus</strong></span> <span class='ocrx_word' id='word_1_58' title='bbox 1531 905 1706 949; x_wconf 76' lang='lat' dir='ltr'><strong>tanien</strong></span> 
     </span>
    </p>
   </div>
   <div class='ocr_carea' id='block_1_8' title="bbox 131 985 1705 1056">
    <p class='ocr_par' dir='ltr' id='par_1_8' title="bbox 131 985 1705 1056">
     <span class='ocr_line' id='line_1_8' title="bbox 131 985 1705 1056; baseline -0.004 -11"><span class='ocrx_word' id='word_1_59' title='bbox 131 1005 313 1045; x_wconf 89' lang='lat' dir='ltr'><strong>munus</strong></span> <span class='ocrx_word' id='word_1_60' title='bbox 344 990 554 1055; x_wconf 81' lang='lat' dir='ltr'><strong>singqu</strong></span> <span class='ocrx_word' id='word_1_61' title='bbox 579 987 864 1051; x_wconf 64' lang='lat' dir='ltr'><strong>‘deSIinavl,</strong></span> <span class='ocrx_word' id='word_1_62' title='bbox 900 986 1038 1056; x_wconf 86' lang='lat' dir='ltr'><strong>quod</strong></span> <span class='ocrx_word' id='word_1_63' title='bbox 1087 986 1225 1055; x_wconf 87' lang='lat' dir='ltr'><strong>cepit</strong></span> <span class='ocrx_word' id='word_1_64' title='bbox 1268 988 1545 1054; x_wconf 81' lang='lat' dir='ltr'><strong>accipiter.</strong></span> <span class='ocrx_word' id='word_1_65' title='bbox 1576 985 1705 1038; x_wconf 86' lang='lat' dir='ltr'><strong>Nam</strong></span> 
     </span>
    </p>
   </div>
   <div class='ocr_carea' id='block_1_9' title="bbox 111 1063 1705 1154">
    <p class='ocr_par' dir='ltr' id='par_1_9' title="bbox 111 1063 1705 1154">
     <span class='ocr_line' id='line_1_9' title="bbox 111 1063 1705 1154; baseline -0.004 -17"><span class='ocrx_word' id='word_1_66' title='bbox 111 1063 391 1154; x_wconf 71' lang='lat' dir='ltr'><strong>progressi</strong></span> <span class='ocrx_word' id='word_1_67' title='bbox 423 1082 490 1135; x_wconf 85' lang='lat' dir='ltr'><strong>ad</strong></span> <span class='ocrx_word' id='word_1_68' title='bbox 524 1080 797 1134; x_wconf 84' lang='lat' dir='ltr'><strong>Bromium</strong></span> <span class='ocrx_word' id='word_1_69' title='bbox 826 1088 879 1133; x_wconf 91' lang='lat' dir='ltr'><strong>et</strong></span> <span class='ocrx_word' id='word_1_70' title='bbox 908 1079 1100 1133; x_wconf 79' lang='lat' dir='ltr'><strong>Bacchi</strong></span> <span class='ocrx_word' id='word_1_71' title='bbox 1140 1079 1310 1147; x_wconf 83' lang='lat' dir='ltr'><strong>orgia,</strong></span> <span class='ocrx_word' id='word_1_72' title='bbox 1347 1079 1359 1108; x_wconf 83' lang='grc'>¹</span> <span class='ocrx_word' id='word_1_73' title='bbox 1402 1079 1539 1132; x_wconf 90' lang='lat' dir='ltr'><strong>inter</strong></span> <span class='ocrx_word' id='word_1_74' title='bbox 1579 1092 1705 1131; x_wconf 89' lang='lat' dir='ltr'><strong>aves</strong></span> 
     </span>
    </p>
   </div>
   <div class='ocr_carea' id='block_1_10' title="bbox 132 1171 1706 1242">
    <p class='ocr_par' dir='ltr' id='par_1_10' title="bbox 132 1171 1706 1242">
     <span class='ocr_line' id='line_1_10' title="bbox 132 1171 1706 1242; baseline -0.006 -9"><span class='ocrx_word' id='word_1_75' title='bbox 132 1177 257 1233; x_wconf 81' lang='lat' dir='ltr'><strong>bella</strong></span> <span class='ocrx_word' id='word_1_76' title='bbox 283 1174 658 1235; x_wconf 76' lang='lat' dir='ltr'><strong>commisimus</strong></span> <span class='ocrx_word' id='word_1_77' title='bbox 686 1190 698 1225; x_wconf 89' lang='lat'><strong>:</strong></span> <span class='ocrx_word' id='word_1_78' title='bbox 736 1171 935 1242; x_wconf 86' lang='lat' dir='ltr'><strong>profuit</strong></span> <span class='ocrx_word' id='word_1_79' title='bbox 964 1171 1191 1241; x_wconf 57' lang='lat' dir='ltr'><strong>quastui</strong></span> <span class='ocrx_word' id='word_1_80' title='bbox 1219 1181 1403 1225; x_wconf 85' lang='lat' dir='ltr'><strong>nostro</strong></span> <span class='ocrx_word' id='word_1_81' title='bbox 1434 1180 1706 1225; x_wconf 73' lang='lat' dir='ltr'><strong>certamen</strong></span> 
     </span>
    </p>
   </div>
   <div class='ocr_carea' id='block_1_11' title="bbox 133 1262 1706 1336">
    <p class='ocr_par' dir='ltr' id='par_1_11' title="bbox 133 1262 1706 1336">
     <span class='ocr_line' id='line_1_11' title="bbox 133 1262 1706 1336; baseline -0.005 -13"><span class='ocrx_word' id='word_1_82' title='bbox 133 1268 318 1324; x_wconf 78' lang='lat' dir='ltr'><strong>sociale</strong></span> <span class='ocrx_word' id='word_1_83' title='bbox 353 1266 676 1336; x_wconf 79' lang='lat' dir='ltr'><strong>pennarum.</strong></span> <span class='ocrx_word' id='word_1_84' title='bbox 706 1264 973 1319; x_wconf 75' lang='lat' dir='ltr'><strong>Memento</strong></span> <span class='ocrx_word' id='word_1_85' title='bbox 994 1264 1135 1333; x_wconf 92' lang='lat' dir='ltr'><strong>quod</strong></span> <span class='ocrx_word' id='word_1_86' title='bbox 1169 1265 1338 1317; x_wconf 88' lang='lat' dir='ltr'><strong>solam</strong></span> <span class='ocrx_word' id='word_1_87' title='bbox 1384 1273 1592 1318; x_wconf 91' lang='lat' dir='ltr'><strong>anatem</strong></span> <span class='ocrx_word' id='word_1_88' title='bbox 1622 1262 1706 1316; x_wconf 65' lang='lat' dir='ltr'><strong>di.</strong></span> 
     </span>
    </p>
   </div>
   <div class='ocr_carea' id='block_1_12' title="bbox 132 1353 1703 1425">
    <p class='ocr_par' dir='ltr' id='par_1_12' title="bbox 132 1353 1703 1425">
     <span class='ocr_line' id='line_1_12' title="bbox 132 1353 1703 1425; baseline -0.005 -9"><span class='ocrx_word' id='word_1_89' title='bbox 132 1359 363 1416; x_wconf 76' lang='lat' dir='ltr'><strong>reximus</strong></span> <span class='ocrx_word' id='word_1_90' title='bbox 388 1379 403 1411; x_wconf 71' lang='grc' dir='ltr'><strong>ι</strong></span> <span class='ocrx_word' id='word_1_91' title='bbox 432 1359 668 1414; x_wconf 78' lang='lat' dir='ltr'><strong>scientes</strong></span> <span class='ocrx_word' id='word_1_92' title='bbox 692 1356 813 1425; x_wconf 85' lang='lat' dir='ltr'><strong>quia</strong></span> <span class='ocrx_word' id='word_1_93' title='bbox 845 1372 1054 1410; x_wconf 75' lang='lat' dir='ltr'><strong>numero</strong></span> <span class='ocrx_word' id='word_1_94' title='bbox 1086 1353 1225 1408; x_wconf 85' lang='lat' dir='ltr'><strong>Deus</strong></span> <span class='ocrx_word' id='word_1_95' title='bbox 1265 1356 1457 1423; x_wconf 56' lang='lat' dir='ltr'><strong>impare</strong></span> <span class='ocrx_word' id='word_1_96' title='bbox 1496 1356 1703 1424; x_wconf 81' lang='lat' dir='ltr'><strong>gaudet.</strong></span> 
     </span>
    </p>
   </div>
   <div class='ocr_carea' id='block_1_13' title="bbox 134 1448 1710 1519">
    <p class='ocr_par' dir='ltr' id='par_1_13' title="bbox 134 1448 1710 1519">
     <span class='ocr_line' id='line_1_13' title="bbox 134 1448 1710 1519; baseline -0.008 -9"><span class='ocrx_word' id='word_1_97' title='bbox 134 1455 268 1510; x_wconf 88' lang='lat' dir='ltr'><strong>Dona</strong></span> <span class='ocrx_word' id='word_1_98' title='bbox 289 1450 760 1508; x_wconf 84' lang='lat' dir='ltr'><strong>nostrainstitutio</strong></span> <span class='ocrx_word' id='word_1_99' title='bbox 789 1459 870 1506; x_wconf 90' lang='lat' dir='ltr'><strong>est</strong></span> <span class='ocrx_word' id='word_1_100' title='bbox 904 1468 915 1503; x_wconf 93' lang='lat'>:</span> <span class='ocrx_word' id='word_1_101' title='bbox 948 1465 1123 1515; x_wconf 87' lang='lat' dir='ltr'><strong>sume,</strong></span> <span class='ocrx_word' id='word_1_102' title='bbox 1156 1448 1199 1502; x_wconf 88' lang='lat' dir='ltr'><strong>si</strong></span> <span class='ocrx_word' id='word_1_103' title='bbox 1230 1448 1429 1519; x_wconf 73' lang='lat' dir='ltr'><strong>diligis,</strong></span> <span class='ocrx_word' id='word_1_104' title='bbox 1462 1465 1557 1517; x_wconf 87' lang='lat' dir='ltr'><strong>pro</strong></span> <span class='ocrx_word' id='word_1_105' title='bbox 1586 1448 1710 1518; x_wconf 74' lang='lat' dir='ltr'><strong>dog-</strong></span> 
     </span>
    </p>
   </div>
   <div class='ocr_carea' id='block_1_14' title="bbox 132 1540 1706 1614">
    <p class='ocr_par' dir='ltr' id='par_1_14' title="bbox 132 1540 1706 1614">
     <span class='ocr_line' id='line_1_14' title="bbox 132 1540 1706 1614; baseline -0.004 -14"><span class='ocrx_word' id='word_1_106' title='bbox 132 1554 263 1601; x_wconf 81' lang='lat' dir='ltr'><strong>mate</strong></span> <span class='ocrx_word' id='word_1_107' title='bbox 291 1544 441 1614; x_wconf 80' lang='lat' dir='ltr'><strong>quod</strong></span> <span class='ocrx_word' id='word_1_108' title='bbox 465 1544 731 1612; x_wconf 81' lang='lat' dir='ltr'><strong>jocamur.</strong></span> <span class='ocrx_word' id='word_1_109' title='bbox 762 1542 867 1597; x_wconf 84' lang='lat' dir='ltr'><strong>Fac</strong></span> <span class='ocrx_word' id='word_1_110' title='bbox 914 1556 1084 1595; x_wconf 86' lang='lat' dir='ltr'><strong>meam</strong></span> <span class='ocrx_word' id='word_1_111' title='bbox 1135 1540 1443 1611; x_wconf 73' lang='lat' dir='ltr'><strong>frugiferam</strong></span> <span class='ocrx_word' id='word_1_112' title='bbox 1474 1554 1592 1595; x_wconf 86' lang='lat' dir='ltr'><strong>esse</strong></span> <span class='ocrx_word' id='word_1_113' title='bbox 1620 1540 1706 1593; x_wconf 52' lang='lat' dir='ltr'><strong>lat.</strong></span> 
     </span>
    </p>
   </div>
   <div class='ocr_carea' id='block_1_15' title="bbox 133 1632 1707 1705">
    <p class='ocr_par' dir='ltr' id='par_1_15' title="bbox 133 1632 1707 1705">
     <span class='ocr_line' id='line_1_15' title="bbox 133 1632 1707 1705; baseline -0.003 -13"><span class='ocrx_word' id='word_1_114' title='bbox 133 1638 313 1692; x_wconf 79' lang='lat' dir='ltr'><strong>titiam.</strong></span> <span class='ocrx_word' id='word_1_115' title='bbox 337 1637 398 1693; x_wconf 90' lang='lat' dir='ltr'><strong>Si</strong></span> <span class='ocrx_word' id='word_1_116' title='bbox 432 1636 527 1691; x_wconf 84' lang='lat' dir='ltr'><strong>tibi</strong></span> <span class='ocrx_word' id='word_1_117' title='bbox 560 1644 830 1705; x_wconf 72' lang='lat' dir='ltr'><strong>perpelnze</strong></span> <span class='ocrx_word' id='word_1_118' title='bbox 857 1634 1187 1703; x_wconf 73' lang='lat' dir='ltr'><strong>diligentiam</strong></span> <span class='ocrx_word' id='word_1_119' title='bbox 1217 1633 1479 1687; x_wconf 82' lang='lat' dir='ltr'><strong>castitatis</strong></span> <span class='ocrx_word' id='word_1_120' title='bbox 1503 1632 1707 1687; x_wconf 54' lang='lat' dir='ltr'><strong>indixe.</strong></span> 
     </span>
    </p>
   </div>
   <div class='ocr_carea' id='block_1_16' title="bbox 132 1725 1710 1796">
    <p class='ocr_par' dir='ltr' id='par_1_16' title="bbox 132 1725 1710 1796">
     <span class='ocr_line' id='line_1_16' title="bbox 132 1725 1710 1796; baseline -0.004 -13"><span class='ocrx_word' id='word_1_121' title='bbox 132 1729 212 1793; x_wconf 82' lang='lat' dir='ltr'><strong>rit,</strong></span> <span class='ocrx_word' id='word_1_122' title='bbox 227 1727 495 1781; x_wconf 79' lang='lat' dir='ltr'><strong>laborabit</strong></span> <span class='ocrx_word' id='word_1_123' title='bbox 516 1727 566 1781; x_wconf 91' lang='lat' dir='ltr'><strong>in</strong></span> <span class='ocrx_word' id='word_1_124' title='bbox 597 1726 844 1780; x_wconf 87' lang='lat' dir='ltr'><strong>laudibus</strong></span> <span class='ocrx_word' id='word_1_125' title='bbox 875 1726 978 1780; x_wconf 89' lang='lat' dir='ltr'><strong>tuis</strong></span> <span class='ocrx_word' id='word_1_126' title='bbox 1006 1726 1204 1796; x_wconf 80' lang='lat' dir='ltr'><strong>lingua,</strong></span> <span class='ocrx_word' id='word_1_127' title='bbox 1228 1742 1343 1794; x_wconf 61' lang='lat' dir='ltr'><strong>qua!</strong></span> <span class='ocrx_word' id='word_1_128' title='bbox 1371 1725 1528 1779; x_wconf 91' lang='lat' dir='ltr'><strong>modo</strong></span> <span class='ocrx_word' id='word_1_129' title='bbox 1558 1740 1710 1779; x_wconf 82' lang='lat' dir='ltr'><strong>exer-</strong></span> 
     </span>
    </p>
   </div>
   <div class='ocr_carea' id='block_1_17' title="bbox 133 1803 1788 1886">
    <p class='ocr_par' dir='ltr' id='par_1_17' title="bbox 133 1803 1788 1886">
     <span class='ocr_line' id='line_1_17' title="bbox 133 1803 1788 1886; baseline -0.002 -10"><span class='ocrx_word' id='word_1_130' title='bbox 133 1830 276 1877; x_wconf 86' lang='lat' dir='ltr'><strong>cetur</strong></span> <span class='ocrx_word' id='word_1_131' title='bbox 302 1822 359 1876; x_wconf 90' lang='lat' dir='ltr'><strong>in</strong></span> <span class='ocrx_word' id='word_1_132' title='bbox 393 1821 787 1886; x_wconf 83' lang='lat' dir='ltr'><strong>monitis.Va|e,</strong></span> <span class='ocrx_word' id='word_1_133' title='bbox 823 1821 1129 1885; x_wconf 88' lang='lat' dir='ltr'><strong>domine,ct</strong></span> <span class='ocrx_word' id='word_1_134' title='bbox 1158 1820 1379 1885; x_wconf 61' lang='lat' dir='ltr'><strong>amanti,</strong></span> <span class='ocrx_word' id='word_1_135' title='bbox 1414 1828 1469 1873; x_wconf 92' lang='lat' dir='ltr'><strong>ut</strong></span> <span class='ocrx_word' id='word_1_136' title='bbox 1499 1819 1707 1885; x_wconf 87' lang='lat' dir='ltr'><strong>doctus,</strong></span> <span class='ocrx_word' id='word_1_137' title='bbox 1740 1803 1788 1864; x_wconf 71' lang='grc' dir='ltr'>Β</span> 
     </span>
    </p>
   </div>
   <div class='ocr_carea' id='block_1_18' title="bbox 134 1911 1564 1984">
    <p class='ocr_par' dir='ltr' id='par_1_18' title="bbox 134 1911 1564 1984">
     <span class='ocr_line' id='line_1_18' title="bbox 134 1911 1564 1984; baseline -0.002 -15"><span class='ocrx_word' id='word_1_138' title='bbox 134 1915 171 1969; x_wconf 91' lang='lat' dir='ltr'><strong>si</strong></span> <span class='ocrx_word' id='word_1_139' title='bbox 198 1929 435 1978; x_wconf 87' lang='lat' dir='ltr'><strong>mereor,</strong></span> <span class='ocrx_word' id='word_1_140' title='bbox 466 1923 800 1984; x_wconf 83' lang='lat' dir='ltr'><strong>sequestrata</strong></span> <span class='ocrx_word' id='word_1_141' title='bbox 827 1913 1251 1967; x_wconf 78' lang='lat' dir='ltr'><strong>dissimulatione</strong></span> <span class='ocrx_word' id='word_1_142' title='bbox 1283 1911 1564 1982; x_wconf 79' lang='lat' dir='ltr'><strong>responde.</strong></span> 
     </span>
    </p>
   </div>
   <div class='ocr_carea' id='block_1_19' title="bbox 631 2004 1190 2060">
    <p class='ocr_par' dir='ltr' id='par_1_19' title="bbox 631 2004 1190 2060">
     <span class='ocr_line' id='line_1_19' title="bbox 631 2004 1190 2060; baseline -0.004 -2"><span class='ocrx_word' id='word_1_143' title='bbox 631 2004 967 2060; x_wconf 75' lang='lat' dir='ltr'><strong>EPISTULA</strong></span> <span class='ocrx_word' id='word_1_144' title='bbox 1002 2005 1190 2059; x_wconf 75' lang='lat' dir='ltr'><strong>XXIII.</strong></span> 
     </span>
    </p>
   </div>
   <div class='ocr_carea' id='block_1_20' title="bbox 584 2114 1257 2157">
    <p class='ocr_par' dir='ltr' id='par_1_20' title="bbox 584 2114 1257 2157">
     <span class='ocr_line' id='line_1_20' title="bbox 584 2114 1257 2157; baseline 0.004 -4"><span class='ocrx_word' id='word_1_145' title='bbox 584 2114 923 2155; x_wconf 70' lang='lat' dir='ltr'><strong>ENNODIUS</strong></span> <span class='ocrx_word' id='word_1_146' title='bbox 988 2118 1257 2157; x_wconf 69' lang='grc' dir='ltr'><strong>ΙΑΧΙΙΟ.</strong></span> 
     </span>
    </p>
   </div>
   <div class='ocr_carea' id='block_1_21' title="bbox 204 2194 1715 2268">
    <p class='ocr_par' dir='ltr' id='par_1_21' title="bbox 204 2194 1715 2268">
     <span class='ocr_line' id='line_1_21' title="bbox 204 2194 1715 2268; baseline 0.003 -19"><span class='ocrx_word' id='word_1_147' title='bbox 204 2194 491 2251; x_wconf 79' lang='lat' dir='ltr'><strong>’Producit</strong></span> <span class='ocrx_word' id='word_1_148' title='bbox 520 2196 937 2266; x_wconf 81' lang='lat' dir='ltr'><strong>magnitudotna</strong></span> <span class='ocrx_word' id='word_1_149' title='bbox 961 2197 1263 2267; x_wconf 86' lang='lat' dir='ltr'><strong>nuptiarum</strong></span> <span class='ocrx_word' id='word_1_150' title='bbox 1296 2196 1426 2251; x_wconf 84' lang='lat' dir='ltr'><strong>festa</strong></span> <span class='ocrx_word' id='word_1_151' title='bbox 1461 2200 1715 2268; x_wconf 85' lang='lat' dir='ltr'><strong>tempori-</strong></span> 
     </span>
    </p>
   </div>
   <div class='ocr_carea' id='block_1_22' title="bbox 139 2287 1704 2359">
    <p class='ocr_par' dir='ltr' id='par_1_22' title="bbox 139 2287 1704 2359">
     <span class='ocr_line' id='line_1_22' title="bbox 139 2287 1704 2359; baseline 0.003 -18"><span class='ocrx_word' id='word_1_152' title='bbox 139 2287 226 2342; x_wconf 83' lang='lat' dir='ltr'><strong>bus</strong></span> <span class='ocrx_word' id='word_1_153' title='bbox 253 2304 269 2354; x_wconf 87' lang='lat'><strong>;</strong></span> <span class='ocrx_word' id='word_1_154' title='bbox 297 2290 429 2343; x_wconf 88' lang='lat' dir='ltr'><strong>dum</strong></span> <span class='ocrx_word' id='word_1_155' title='bbox 460 2303 573 2345; x_wconf 80' lang='lat' dir='ltr'><strong>rem</strong></span> <span class='ocrx_word' id='word_1_156' title='bbox 596 2290 661 2344; x_wconf 84' lang='lat' dir='ltr'><strong>sd</strong></span> <span class='ocrx_word' id='word_1_157' title='bbox 694 2305 850 2359; x_wconf 86' lang='lat' dir='ltr'><strong>quam</strong></span> <span class='ocrx_word' id='word_1_158' title='bbox 882 2300 1098 2345; x_wconf 86' lang='lat' dir='ltr'><strong>coactus</strong></span> <span class='ocrx_word' id='word_1_159' title='bbox 1120 2308 1197 2357; x_wconf 85' lang='lat' dir='ltr'><strong>es,</strong></span> <span class='ocrx_word' id='word_1_160' title='bbox 1229 2291 1326 2345; x_wconf 92' lang='lat' dir='ltr'><strong>sub</strong></span> <span class='ocrx_word' id='word_1_161' title='bbox 1353 2291 1704 2347; x_wconf 82' lang='lat' dir='ltr'><strong>diuturnitate</strong></span> 
     </span>
    </p>
   </div>
   <div class='ocr_carea' id='block_1_23' title="bbox 142 2383 1714 2453">
    <p class='ocr_par' dir='ltr' id='par_1_23' title="bbox 142 2383 1714 2453">
     <span class='ocr_line' id='line_1_23' title="bbox 142 2383 1714 2453; baseline 0.006 -19"><span class='ocrx_word' id='word_1_162' title='bbox 142 2384 490 2453; x_wconf 70' lang='lat' dir='ltr'><strong>prosequeris,</strong></span> <span class='ocrx_word' id='word_1_163' title='bbox 522 2383 700 2438; x_wconf 89' lang='lat' dir='ltr'><strong>subito</strong></span> <span class='ocrx_word' id='word_1_164' title='bbox 732 2385 1025 2439; x_wconf 77' lang='lat' dir='ltr'><strong>necessitas</strong></span> <span class='ocrx_word' id='word_1_165' title='bbox 1068 2395 1155 2439; x_wconf 87' lang='lat' dir='ltr'><strong>tua</strong></span> <span class='ocrx_word' id='word_1_166' title='bbox 1207 2386 1342 2440; x_wconf 81' lang='lat' dir='ltr'><strong>facta</strong></span> <span class='ocrx_word' id='word_1_167' title='bbox 1385 2398 1468 2440; x_wconf 89' lang='lat' dir='ltr'><strong>est</strong></span> <span class='ocrx_word' id='word_1_168' title='bbox 1497 2388 1714 2443; x_wconf 83' lang='lat' dir='ltr'><strong>deside-</strong></span> 
     </span>
    </p>
   </div>
   <div class='ocr_carea' id='block_1_24' title="bbox 142 2479 1714 2549">
    <p class='ocr_par' dir='ltr' id='par_1_24' title="bbox 142 2479 1714 2549">
     <span class='ocr_line' id='line_1_24' title="bbox 142 2479 1714 2549; baseline 0.003 -18"><span class='ocrx_word' id='word_1_169' title='bbox 142 2480 289 2532; x_wconf 86' lang='lat' dir='ltr'><strong>rium.</strong></span> <span class='ocrx_word' id='word_1_170' title='bbox 321 2479 538 2549; x_wconf 78' lang='lat' dir='ltr'><strong>Aliquis</strong></span> <span class='ocrx_word' id='word_1_171' title='bbox 584 2479 799 2549; x_wconf 84' lang='lat' dir='ltr'><strong>negotio</strong></span> <span class='ocrx_word' id='word_1_172' title='bbox 842 2479 917 2533; x_wconf 90' lang='lat' dir='ltr'><strong>illi</strong></span> <span class='ocrx_word' id='word_1_173' title='bbox 976 2481 1282 2548; x_wconf 85' lang='lat' dir='ltr'><strong>perenniter</strong></span> <span class='ocrx_word' id='word_1_174' title='bbox 1331 2481 1714 2545; x_wconf 83' lang='lat' dir='ltr'><strong>incumbat,sd</strong></span> 
     </span>
    </p>
   </div>
   <div class='ocr_carea' id='block_1_25' title="bbox 142 2571 1716 2639">
    <p class='ocr_par' dir='ltr' id='par_1_25' title="bbox 142 2571 1716 2639">
     <span class='ocr_line' id='line_1_25' title="bbox 142 2571 1716 2639; baseline 0.004 -16"><span class='ocrx_word' id='word_1_175' title='bbox 142 2571 265 2639; x_wconf 84' lang='lat' dir='ltr'><strong>quod</strong></span> <span class='ocrx_word' id='word_1_176' title='bbox 317 2571 603 2626; x_wconf 76' lang='lat' dir='ltr'><strong>descendit</strong></span> <span class='ocrx_word' id='word_1_177' title='bbox 653 2571 998 2627; x_wconf 69' lang='lat' dir='ltr'><strong>invitusISic</strong></span> <span class='ocrx_word' id='word_1_178' title='bbox 1050 2574 1314 2627; x_wconf 80' lang='lat' dir='ltr'><strong>recessisti</strong></span> <span class='ocrx_word' id='word_1_179' title='bbox 1364 2588 1394 2627; x_wconf 93' lang='lat' dir='ltr'><strong>a</strong></span> <span class='ocrx_word' id='word_1_180' title='bbox 1432 2575 1716 2629; x_wconf 71' lang='lat' dir='ltr'><strong>custoditur</strong></span> 
     </span>
    </p>
   </div>
   <div class='ocr_carea' id='block_1_26' title="bbox 143 2663 1716 2737">
    <p class='ocr_par' dir='ltr' id='par_1_26' title="bbox 143 2663 1716 2737">
     <span class='ocr_line' id='line_1_26' title="bbox 143 2663 1716 2737; baseline 0.003 -21"><span class='ocrx_word' id='word_1_181' title='bbox 143 2663 477 2717; x_wconf 79' lang='lat' dir='ltr'><strong>beatitudinis</strong></span> <span class='ocrx_word' id='word_1_182' title='bbox 498 2663 800 2734; x_wconf 82' lang='lat' dir='ltr'><strong>diligentia,</strong></span> <span class='ocrx_word' id='word_1_183' title='bbox 832 2666 984 2733; x_wconf 86' lang='lat' dir='ltr'><strong>quasi</strong></span> <span class='ocrx_word' id='word_1_184' title='bbox 1023 2666 1243 2733; x_wconf 75' lang='lat' dir='ltr'><strong>prolixis</strong></span> <span class='ocrx_word' id='word_1_185' title='bbox 1274 2668 1609 2737; x_wconf 83' lang='lat' dir='ltr'><strong>temporibus</strong></span> <span class='ocrx_word' id='word_1_186' title='bbox 1636 2669 1716 2723; x_wconf 78' lang='lat' dir='ltr'><strong>di-</strong></span> 
     </span>
    </p>
   </div>
   <div class='ocr_carea' id='block_1_27' title="bbox 144 2755 1717 2829">
    <p class='ocr_par' dir='ltr' id='par_1_27' title="bbox 144 2755 1717 2829">
     <span class='ocr_line' id='line_1_27' title="bbox 144 2755 1717 2829; baseline 0.003 -20"><span class='ocrx_word' id='word_1_187' title='bbox 144 2755 355 2811; x_wconf 78' lang='lat' dir='ltr'><strong>dicisses</strong></span> <span class='ocrx_word' id='word_1_188' title='bbox 409 2757 636 2825; x_wconf 86' lang='lat' dir='ltr'><strong>qualiter</strong></span> <span class='ocrx_word' id='word_1_189' title='bbox 665 2755 1036 2811; x_wconf 73' lang='lat' dir='ltr'><strong>institueretur</strong></span> <span class='ocrx_word' id='word_1_190' title='bbox 1058 2759 1293 2812; x_wconf 77' lang='lat' dir='ltr'><strong>uxorius.</strong></span> <span class='ocrx_word' id='word_1_191' title='bbox 1328 2758 1565 2829; x_wconf 79' lang='lat' dir='ltr'><strong>Triginta</strong></span> <span class='ocrx_word' id='word_1_192' title='bbox 1600 2760 1717 2815; x_wconf 81' lang='lat' dir='ltr'><strong>fcli-</strong></span> 
     </span>
    </p>
   </div>
   <div class='ocr_carea' id='block_1_28' title="bbox 141 2848 1717 2909">
    <p class='ocr_par' dir='ltr' id='par_1_28' title="bbox 141 2848 1717 2909">
     <span class='ocr_line' id='line_1_28' title="bbox 141 2848 1717 2909; baseline 0.003 -7"><span class='ocrx_word' id='word_1_193' title='bbox 141 2849 261 2903; x_wconf 85' lang='lat' dir='ltr'><strong>citer</strong></span> <span class='ocrx_word' id='word_1_194' title='bbox 281 2848 401 2903; x_wconf 86' lang='lat' dir='ltr'><strong>dies</strong></span> <span class='ocrx_word' id='word_1_195' title='bbox 440 2848 711 2909; x_wconf 79' lang='lat' dir='ltr'><strong>abierunt,</strong></span> <span class='ocrx_word' id='word_1_196' title='bbox 751 2856 805 2903; x_wconf 90' lang='lat' dir='ltr'><strong>et</strong></span> <span class='ocrx_word' id='word_1_197' title='bbox 833 2859 882 2902; x_wconf 91' lang='lat' dir='ltr'><strong>te</strong></span> <span class='ocrx_word' id='word_1_198' title='bbox 924 2849 1125 2905; x_wconf 81' lang='lat' dir='ltr'><strong>civitati</strong></span> <span class='ocrx_word' id='word_1_199' title='bbox 1167 2850 1347 2905; x_wconf 82' lang='lat' dir='ltr'><strong>adhuc</strong></span> <span class='ocrx_word' id='word_1_200' title='bbox 1383 2852 1516 2907; x_wconf 83' lang='lat' dir='ltr'><strong>meis</strong></span> <span class='ocrx_word' id='word_1_201' title='bbox 1548 2852 1717 2907; x_wconf 88' lang='lat' dir='ltr'><strong>oculis</strong></span> 
     </span>
    </p>
   </div>
   <div class='ocr_carea' id='block_1_29' title="bbox 140 2940 1716 3013">
    <p class='ocr_par' dir='ltr' id='par_1_29' title="bbox 140 2940 1716 3013">
     <span class='ocr_line' id='line_1_29' title="bbox 140 2940 1716 3013; baseline 0.002 -19"><span class='ocrx_word' id='word_1_202' title='bbox 140 2940 286 3011; x_wconf 84' lang='lat' dir='ltr'><strong>longa</strong></span> <span class='ocrx_word' id='word_1_203' title='bbox 307 2955 396 2996; x_wconf 89' lang='lat' dir='ltr'><strong>me</strong></span> <span class='ocrx_word' id='word_1_204' title='bbox 420 2954 698 2995; x_wconf 83' lang='lat' dir='ltr'><strong>maceratis</strong></span> <span class='ocrx_word' id='word_1_205' title='bbox 719 2942 1116 3011; x_wconf 75' lang='lat' dir='ltr'><strong>exspectatione</strong></span> <span class='ocrx_word' id='word_1_206' title='bbox 1134 2941 1716 3013; x_wconf 67' lang='lat' dir='ltr'><strong>subducis.Verequido</strong></span> 
     </span>
    </p>
   </div>
   <div class='ocr_carea' id='block_1_30' title="bbox 140 3032 1719 3103">
    <p class='ocr_par' dir='ltr' id='par_1_30' title="bbox 140 3032 1719 3103">
     <span class='ocr_line' id='line_1_30' title="bbox 140 3032 1719 3103; baseline 0.003 -17"><span class='ocrx_word' id='word_1_207' title='bbox 140 3033 258 3103; x_wconf 85' lang='lat' dir='ltr'><strong>quid</strong></span> <span class='ocrx_word' id='word_1_208' title='bbox 284 3036 362 3087; x_wconf 79' lang='lat' dir='ltr'><strong>vis</strong></span> <span class='ocrx_word' id='word_1_209' title='bbox 392 3032 582 3095; x_wconf 83' lang='lat' dir='ltr'><strong>facias,</strong></span> <span class='ocrx_word' id='word_1_210' title='bbox 614 3033 659 3086; x_wconf 88' lang='lat' dir='ltr'><strong>si</strong></span> <span class='ocrx_word' id='word_1_211' title='bbox 693 3034 896 3097; x_wconf 78' lang='lat' dir='ltr'><strong>vixero,</strong></span> <span class='ocrx_word' id='word_1_212' title='bbox 925 3036 1011 3103; x_wconf 87' lang='lat' dir='ltr'><strong>qui</strong></span> <span class='ocrx_word' id='word_1_213' title='bbox 1041 3035 1131 3089; x_wconf 89' lang='lat' dir='ltr'><strong>tibi</strong></span> <span class='ocrx_word' id='word_1_214' title='bbox 1162 3035 1383 3090; x_wconf 86' lang='lat' dir='ltr'><strong>dicenda</strong></span> <span class='ocrx_word' id='word_1_215' title='bbox 1418 3037 1587 3102; x_wconf 77' lang='lat' dir='ltr'><strong>texui,</strong></span> <span class='ocrx_word' id='word_1_216' title='bbox 1615 3046 1719 3091; x_wconf 84' lang='lat' dir='ltr'><strong>non</strong></span> 
     </span>
    </p>
   </div>
   <div class='ocr_carea' id='block_1_31' title="bbox 142 3126 1719 3198">
    <p class='ocr_par' dir='ltr' id='par_1_31' title="bbox 142 3126 1719 3198">
     <span class='ocr_line' id='line_1_31' title="bbox 142 3126 1719 3198; baseline 0.003 -17"><span class='ocrx_word' id='word_1_217' title='bbox 142 3128 357 3181; x_wconf 79' lang='lat' dir='ltr'><strong>tacebo:</strong></span> <span class='ocrx_word' id='word_1_218' title='bbox 396 3135 576 3180; x_wconf 89' lang='lat' dir='ltr'><strong>tamen</strong></span> <span class='ocrx_word' id='word_1_219' title='bbox 608 3126 812 3180; x_wconf 90' lang='lat' dir='ltr'><strong>honore</strong></span> <span class='ocrx_word' id='word_1_220' title='bbox 855 3126 1192 3183; x_wconf 81' lang='lat' dir='ltr'><strong>salutatioiiis</strong></span> <span class='ocrx_word' id='word_1_221' title='bbox 1235 3138 1477 3197; x_wconf 87' lang='lat' dir='ltr'><strong>accepto,</strong></span> <span class='ocrx_word' id='word_1_222' title='bbox 1506 3138 1719 3198; x_wconf 90' lang='lat' dir='ltr'><strong>gustum</strong></span> 
     </span>
    </p>
   </div>
   <div class='ocr_carea' id='block_1_32' title="bbox 144 3258 1718 3331">
    <p class='ocr_par' dir='ltr' id='par_1_32' title="bbox 144 3258 1718 3331">
     <span class='ocr_line' id='line_1_32' title="bbox 144 3258 1718 3331; baseline 0.003 -17"><span class='ocrx_word' id='word_1_223' title='bbox 144 3258 258 3314; x_wconf 71' lang='lat' dir='ltr'><strong>lilii</strong></span> <span class='ocrx_word' id='word_1_224' title='bbox 290 3266 441 3315; x_wconf 83' lang='lat' dir='ltr'><strong>certa</strong></span> <span class='ocrx_word' id='word_1_225' title='bbox 472 3260 586 3314; x_wconf 77' lang='lat' dir='ltr'><strong>visa</strong></span> <span class='ocrx_word' id='word_1_226' title='bbox 627 3266 708 3313; x_wconf 82' lang='lat' dir='ltr'><strong>est</strong></span> <span class='ocrx_word' id='word_1_227' title='bbox 740 3260 1040 3329; x_wconf 82' lang='lat' dir='ltr'><strong>castigatio,</strong></span> <span class='ocrx_word' id='word_1_228' title='bbox 1073 3272 1126 3315; x_wconf 89' lang='lat' dir='ltr'><strong>nt</strong></span> <span class='ocrx_word' id='word_1_229' title='bbox 1154 3260 1287 3328; x_wconf 85' lang='lat' dir='ltr'><strong>opici</strong></span> <span class='ocrx_word' id='word_1_230' title='bbox 1332 3263 1590 3331; x_wconf 83' lang='lat' dir='ltr'><strong>legamus,</strong></span> <span class='ocrx_word' id='word_1_231' title='bbox 1618 3264 1718 3319; x_wconf 93' lang='lat' dir='ltr'><strong>boc</strong></span> 
     </span>
    </p>
   </div>
   <div class='ocr_carea' id='block_1_33' title="bbox 145 3332 1719 3403">
    <p class='ocr_par' dir='ltr' id='par_1_33' title="bbox 145 3332 1719 3403">
     <span class='ocr_line' id='line_1_33' title="bbox 145 3332 1719 3403; baseline 0.003 -17"><span class='ocrx_word' id='word_1_232' title='bbox 145 3343 235 3393; x_wconf 83' lang='lat' dir='ltr'><strong>est,</strong></span> <span class='ocrx_word' id='word_1_233' title='bbox 262 3342 318 3385; x_wconf 93' lang='lat' dir='ltr'><strong>ut</strong></span> <span class='ocrx_word' id='word_1_234' title='bbox 362 3346 487 3386; x_wconf 80' lang='lat' dir='ltr'><strong>mox</strong></span> <span class='ocrx_word' id='word_1_235' title='bbox 522 3332 775 3403; x_wconf 83' lang='lat' dir='ltr'><strong>declarat.</strong></span> <span class='ocrx_word' id='word_1_236' title='bbox 813 3333 956 3386; x_wconf 84' lang='lat' dir='ltr'><strong>rudis</strong></span> <span class='ocrx_word' id='word_1_237' title='bbox 987 3338 1039 3386; x_wconf 76' lang='grc' dir='ltr'>ιιι</span> <span class='ocrx_word' id='word_1_238' title='bbox 1067 3335 1262 3388; x_wconf 80' lang='lat' dir='ltr'><strong>intlucli</strong></span> <span class='ocrx_word' id='word_1_239' title='bbox 1299 3352 1312 3393; x_wconf 85' lang='lat'><strong>:</strong></span> <span class='ocrx_word' id='word_1_240' title='bbox 1343 3350 1447 3403; x_wconf 87' lang='lat' dir='ltr'><strong>quo</strong></span> <span class='ocrx_word' id='word_1_241' title='bbox 1478 3350 1635 3389; x_wconf 82' lang='lat' dir='ltr'><strong>sensu</strong></span> <span class='ocrx_word' id='word_1_242' title='bbox 1667 3342 1719 3390; x_wconf 83' lang='lat' dir='ltr'><strong>et</strong></span> 
     </span>
    </p>
   </div>
   <div class='ocr_carea' id='block_1_34' title="bbox 142 3402 1720 3474">
    <p class='ocr_par' dir='ltr' id='par_1_34' title="bbox 142 3402 1720 3474">
     <span class='ocr_line' id='line_1_34' title="bbox 142 3402 1720 3474; baseline 0.003 -19"><span class='ocrx_word' id='word_1_243' title='bbox 142 3404 284 3470; x_wconf 80' lang='lat' dir='ltr'><strong>spica</strong></span> <span class='ocrx_word' id='word_1_244' title='bbox 318 3402 596 3457; x_wconf 79' lang='lat' dir='ltr'><strong>translatio</strong></span> <span class='ocrx_word' id='word_1_245' title='bbox 640 3402 780 3456; x_wconf 89' lang='lat' dir='ltr'><strong>dicta</strong></span> <span class='ocrx_word' id='word_1_246' title='bbox 819 3403 1039 3458; x_wconf 90' lang='lat' dir='ltr'><strong>Sidonio</strong></span> <span class='ocrx_word' id='word_1_247' title='bbox 1090 3405 1183 3459; x_wconf 93' lang='lat' dir='ltr'><strong>lib.</strong></span> <span class='ocrx_word' id='word_1_248' title='bbox 1220 3422 1327 3469; x_wconf 84' lang='lat' dir='ltr'><strong>\‘lll,</strong></span> <span class='ocrx_word' id='word_1_249' title='bbox 1362 3402 1534 3474; x_wconf 83' lang='lat' dir='ltr'><strong>epist.</strong></span> <span class='ocrx_word' id='word_1_250' title='bbox 1565 3407 1620 3473; x_wconf 80' lang='lat'><strong>5,</strong></span> <span class='ocrx_word' id='word_1_251' title='bbox 1652 3409 1720 3461; x_wconf 89' lang='lat' dir='ltr'><strong>ab</strong></span> 
     </span>
    </p>
   </div>
   <div class='ocr_carea' id='block_1_35' title="bbox 144 3474 1718 3543">
    <p class='ocr_par' dir='ltr' id='par_1_35' title="bbox 144 3474 1718 3543">
     <span class='ocr_line' id='line_1_35' title="bbox 144 3474 1718 3543; baseline 0.003 -17"><span class='ocrx_word' id='word_1_252' title='bbox 144 3474 421 3543; x_wconf 83' lang='lat' dir='ltr'><strong>Opicoruui</strong></span> <span class='ocrx_word' id='word_1_253' title='bbox 452 3483 610 3541; x_wconf 84' lang='lat' dir='ltr'><strong>gente</strong></span> <span class='ocrx_word' id='word_1_254' title='bbox 632 3474 858 3528; x_wconf 87' lang='lat' dir='ltr'><strong>deducta</strong></span> <span class='ocrx_word' id='word_1_255' title='bbox 893 3476 1235 3543; x_wconf 81' lang='lat' dir='ltr'><strong>signiliratio,</strong></span> <span class='ocrx_word' id='word_1_256' title='bbox 1260 3479 1410 3543; x_wconf 77' lang='lat' dir='ltr'><strong>cujus</strong></span> <span class='ocrx_word' id='word_1_257' title='bbox 1440 3493 1617 3531; x_wconf 73' lang='lat' dir='ltr'><strong>sermo</strong></span> <span class='ocrx_word' id='word_1_258' title='bbox 1642 3480 1718 3531; x_wconf 93' lang='lat' dir='ltr'><strong>in-</strong></span> 
     </span>
    </p>
   </div>
   <div class='ocr_carea' id='block_1_36' title="bbox 145 3544 1721 3669">
    <p class='ocr_par' dir='ltr' id='par_1_36' title="bbox 145 3544 1721 3669">
     <span class='ocr_line' id='line_1_36' title="bbox 145 3544 1721 3669; baseline 0.004 -72"><span class='ocrx_word' id='word_1_259' title='bbox 145 3546 375 3669; x_wconf 35' lang='lat' dir='ltr'><strong>cullluset</strong></span> <span class='ocrx_word' id='word_1_260' title='bbox 404 3544 683 3599; x_wconf 86' lang='lat' dir='ltr'><strong>barbarus.</strong></span> <span class='ocrx_word' id='word_1_261' title='bbox 713 3545 897 3600; x_wconf 77' lang='grc' dir='ltr'><strong>ὀπικῶν</strong></span> <span class='ocrx_word' id='word_1_262' title='bbox 922 3553 1076 3619; x_wconf 73' lang='grc' dir='ltr'><strong>φωνή,</strong></span> <span class='ocrx_word' id='word_1_263' title='bbox 1106 3548 1243 3617; x_wconf 82' lang='lat' dir='ltr'><strong>apud</strong></span> <span class='ocrx_word' id='word_1_264' title='bbox 1263 3546 1480 3604; x_wconf 85' lang='lat' dir='ltr'><strong>Suidain</strong></span> <span class='ocrx_word' id='word_1_265' title='bbox 1511 3546 1560 3602; x_wconf 87' lang='lat' dir='ltr'><strong>itt</strong></span> <span class='ocrx_word' id='word_1_266' title='bbox 1588 3565 1721 3605; x_wconf 80' lang='lat' dir='ltr'><strong>Voce</strong></span> 
     </span>
     <span class='ocr_line' id='line_1_37' title="bbox 145 3626 279 3669; baseline -0.015 0"><span class='ocrx_word' id='word_1_267' title='bbox 145 3626 196 3669; x_wconf 79' lang='grc' dir='ltr'><strong>Γε</strong></span> <span class='ocrx_word' id='word_1_268' title='bbox 227 3638 279 3669; x_wconf 72' lang='grc' dir='ltr'><strong>α.</strong></span> 
     </span>
    </p>
   </div>
   <div class='ocr_carea' id='block_1_37' title="bbox 145 3626 279 3669">
    <p class='ocr_par' dir='ltr' id='par_1_37' title="bbox 145 3626 279 3669">
     <span class='ocr_line' id='line_1_38' title="bbox 145 3626 279 3669; baseline -0.015 0"><span class='ocrx_word' id='word_1_269' title='bbox 145 3626 279 3669; x_wconf 72' lang='grc' dir='ltr'><strong>Γελα.</strong></span> 
     </span>
    </p>
   </div>
   <div class='ocr_carea' id='block_1_38' title="bbox 211 3687 1719 3760">
    <p class='ocr_par' dir='ltr' id='par_1_38' title="bbox 211 3687 1719 3760">
     <span class='ocr_line' id='line_1_39' title="bbox 211 3687 1719 3760; baseline 0.004 -21"><span class='ocrx_word' id='word_1_270' title='bbox 211 3688 226 3719; x_wconf 79' lang='grc'>⁸</span> <span class='ocrx_word' id='word_1_271' title='bbox 259 3687 404 3740; x_wconf 82' lang='lat' dir='ltr'><strong>Inter</strong></span> <span class='ocrx_word' id='word_1_272' title='bbox 453 3704 568 3740; x_wconf 72' lang='lat' dir='ltr'><strong>aves</strong></span> <span class='ocrx_word' id='word_1_273' title='bbox 600 3688 731 3741; x_wconf 77' lang='lat' dir='ltr'><strong>bella</strong></span> <span class='ocrx_word' id='word_1_274' title='bbox 767 3687 1144 3760; x_wconf 80' lang='lat' dir='ltr'><strong>commisimus]</strong></span> <span class='ocrx_word' id='word_1_275' title='bbox 1178 3688 1429 3745; x_wconf 87' lang='lat' dir='ltr'><strong>Sidonius</strong></span> <span class='ocrx_word' id='word_1_276' title='bbox 1480 3690 1620 3745; x_wconf 90' lang='lat' dir='ltr'><strong>idem</strong></span> <span class='ocrx_word' id='word_1_277' title='bbox 1668 3691 1719 3745; x_wconf 91' lang='lat' dir='ltr'><strong>in</strong></span> 
     </span>
    </p>
   </div>
   <div class='ocr_carea' id='block_1_39' title="bbox 149 3760 675 3829">
    <p class='ocr_par' dir='ltr' id='par_1_39' title="bbox 149 3760 675 3829">
     <span class='ocr_line' id='line_1_40' title="bbox 149 3760 675 3829; baseline -0.002 -18"><span class='ocrx_word' id='word_1_278' title='bbox 149 3760 464 3829; x_wconf 79' lang='lat' dir='ltr'><strong>panegyrico</strong></span> <span class='ocrx_word' id='word_1_279' title='bbox 485 3760 634 3813; x_wconf 78' lang='lat' dir='ltr'><strong>Aviti</strong></span> <span class='ocrx_word' id='word_1_280' title='bbox 664 3778 675 3810; x_wconf 85' lang='lat'>:</span> 
     </span>
    </p>
   </div>
   <div class='ocr_carea' id='block_1_40' title="bbox 265 3856 1598 3919">
    <p class='ocr_par' dir='ltr' id='par_1_40' title="bbox 265 3856 1598 3919">
     <span class='ocr_line' id='line_1_41' title="bbox 265 3856 1598 3919; baseline 0.001 -15"><span class='ocrx_word' id='word_1_281' title='bbox 265 3856 390 3919; x_wconf 82' lang='lat' dir='ltr'><strong>Quid</strong></span> <span class='ocrx_word' id='word_1_282' title='bbox 414 3857 666 3919; x_wconf 80' lang='lat' dir='ltr'><strong>volucrum</strong></span> <span class='ocrx_word' id='word_1_283' title='bbox 693 3856 923 3915; x_wconf 90' lang='lat' dir='ltr'><strong>studium,</strong></span> <span class='ocrx_word' id='word_1_284' title='bbox 954 3856 1035 3904; x_wconf 90' lang='lat' dir='ltr'><strong>dat</strong></span> <span class='ocrx_word' id='word_1_285' title='bbox 1062 3869 1182 3919; x_wconf 83' lang='lat' dir='ltr'><strong>quas</strong></span> <span class='ocrx_word' id='word_1_286' title='bbox 1205 3863 1370 3906; x_wconf 89' lang='lat' dir='ltr'><strong>natura</strong></span> <span class='ocrx_word' id='word_1_287' title='bbox 1397 3870 1598 3919; x_wconf 83' lang='lat' dir='ltr'><strong>rapaces</strong></span> 
     </span>
    </p>
   </div>
   <div class='ocr_carea' id='block_1_41' title="bbox 265 3918 1455 3979">
    <p class='ocr_par' dir='ltr' id='par_1_41' title="bbox 265 3918 1455 3979">
     <span class='ocr_line' id='line_1_42' title="bbox 265 3918 1455 3979; baseline 0.003 -13"><span class='ocrx_word' id='word_1_288' title='bbox 265 3918 319 3966; x_wconf 86' lang='lat' dir='ltr'><strong>In</strong></span> <span class='ocrx_word' id='word_1_289' title='bbox 345 3918 520 3978; x_wconf 75' lang='lat' dir='ltr'><strong>vulgus</strong></span> <span class='ocrx_word' id='word_1_290' title='bbox 545 3932 693 3978; x_wconf 80' lang='lat' dir='ltr'><strong>prope</strong></span> <span class='ocrx_word' id='word_1_291' title='bbox 712 3920 1008 3979; x_wconf 74' lang='lat' dir='ltr'><strong>wgnatum?</strong></span> <span class='ocrx_word' id='word_1_292' title='bbox 1030 3921 1139 3979; x_wconf 85' lang='lat' dir='ltr'><strong>quis</strong></span> <span class='ocrx_word' id='word_1_293' title='bbox 1156 3918 1341 3979; x_wconf 83' lang='lat' dir='ltr'><strong>doctior</strong></span> <span class='ocrx_word' id='word_1_294' title='bbox 1358 3921 1455 3979; x_wconf 77' lang='lat' dir='ltr'><strong>isto</strong></span> 
     </span>
    </p>
   </div>
   <div class='ocr_carea' id='block_1_42' title="bbox 264 3974 1376 4041">
    <p class='ocr_par' dir='ltr' id='par_1_42' title="bbox 264 3974 1376 4041">
     <span class='ocr_line' id='line_1_43' title="bbox 264 3974 1376 4041; baseline 0.002 -13"><span class='ocrx_word' id='word_1_295' title='bbox 264 3974 475 4028; x_wconf 78' lang='lat' dir='ltr'><strong>Instituit</strong></span> <span class='ocrx_word' id='word_1_296' title='bbox 506 3974 664 4027; x_wconf 61' lang='lat' dir='ltr'><strong>variis</strong></span> <span class='ocrx_word' id='word_1_297' title='bbox 688 3974 962 4041; x_wconf 57' lang='lat' dir='ltr'><strong>per&#39;nnbila</strong></span> <span class='ocrx_word' id='word_1_298' title='bbox 996 3974 1205 4039; x_wconf 76' lang='lat' dir='ltr'><strong>juiigcre</strong></span> <span class='ocrx_word' id='word_1_299' title='bbox 1230 3974 1376 4030; x_wconf 81' lang='lat' dir='ltr'><strong>lites?</strong></span> 
     </span>
    </p>
   </div>
   <div class='ocr_carea' id='block_1_43' title="bbox 269 4038 1519 4105">
    <p class='ocr_par' dir='ltr' id='par_1_43' title="bbox 269 4038 1519 4105">
     <span class='ocr_line' id='line_1_44' title="bbox 269 4038 1519 4105; baseline 0.004 -18"><span class='ocrx_word' id='word_1_300' title='bbox 269 4040 401 4105; x_wconf 49' lang='lat' dir='ltr'><strong>Alite</strong></span> <span class='ocrx_word' id='word_1_301' title='bbox 430 4045 573 4105; x_wconf 79' lang='lat' dir='ltr'><strong>vincit</strong></span> <span class='ocrx_word' id='word_1_302' title='bbox 598 4038 733 4105; x_wconf 69' lang='lat' dir='ltr'><strong>aves,</strong></span> <span class='ocrx_word' id='word_1_303' title='bbox 758 4038 1014 4102; x_wconf 84' lang='lat' dir='ltr'><strong>celerique</strong></span> <span class='ocrx_word' id='word_1_304' title='bbox 1035 4055 1121 4105; x_wconf 68' lang='lat' dir='ltr'><strong>per</strong></span> <span class='ocrx_word' id='word_1_305' title='bbox 1144 4042 1325 4091; x_wconf 59' lang='lat' dir='ltr'><strong>aethera</strong></span> <span class='ocrx_word' id='word_1_306' title='bbox 1353 4043 1519 4105; x_wconf 87' lang='lat' dir='ltr'><strong>plausu</strong></span> 
     </span>
    </p>
   </div>
   <div class='ocr_carea' id='block_1_44' title="bbox 264 4100 1400 4165">
    <p class='ocr_par' dir='ltr' id='par_1_44' title="bbox 264 4100 1400 4165">
     <span class='ocr_line' id='line_1_45' title="bbox 264 4100 1400 4165; baseline 0.002 -11"><span class='ocrx_word' id='word_1_307' title='bbox 264 4104 368 4154; x_wconf 84' lang='lat' dir='ltr'><strong>Hoc</strong></span> <span class='ocrx_word' id='word_1_308' title='bbox 393 4103 510 4151; x_wconf 88' lang='lat' dir='ltr'><strong>nulli</strong></span> <span class='ocrx_word' id='word_1_309' title='bbox 538 4100 974 4164; x_wconf 82' lang='lat' dir='ltr'><strong>meliuspuguator</strong></span> <span class='ocrx_word' id='word_1_310' title='bbox 1008 4100 1183 4152; x_wconf 86' lang='lat' dir='ltr'><strong>militat</strong></span> <span class='ocrx_word' id='word_1_311' title='bbox 1208 4100 1400 4165; x_wconf 81' lang='lat' dir='ltr'><strong>unguis.</strong></span> 
     </span>
    </p>
   </div>
   <div class='ocr_carea' id='block_1_45' title="bbox 215 4180 1727 4259">
    <p class='ocr_par' dir='ltr' id='par_1_45' title="bbox 215 4180 1727 4259">
     <span class='ocr_line' id='line_1_46' title="bbox 215 4180 1727 4259; baseline 0.003 -19"><span class='ocrx_word' id='word_1_312' title='bbox 215 4186 409 4259; x_wconf 76' lang='lat' dir='ltr'><strong>Avium</strong></span> <span class='ocrx_word' id='word_1_313' title='bbox 428 4186 589 4254; x_wconf 77' lang='lat' dir='ltr'><strong>igitur</strong></span> <span class='ocrx_word' id='word_1_314' title='bbox 606 4186 828 4259; x_wconf 80' lang='lat' dir='ltr'><strong>venatio</strong></span> <span class='ocrx_word' id='word_1_315' title='bbox 853 4180 954 4239; x_wconf 88' lang='lat' dir='ltr'><strong>illis</strong></span> <span class='ocrx_word' id='word_1_316' title='bbox 985 4188 1314 4252; x_wconf 73' lang='lat' dir='ltr'><strong>temporibus</strong></span> <span class='ocrx_word' id='word_1_317' title='bbox 1336 4186 1609 4259; x_wconf 79' lang='lat' dir='ltr'><strong>frequens,</strong></span> <span class='ocrx_word' id='word_1_318' title='bbox 1630 4204 1727 4245; x_wconf 87' lang='lat' dir='ltr'><strong>nec</strong></span> 
     </span>
    </p>
   </div>
   <div class='ocr_carea' id='block_1_46' title="bbox 151 4255 1727 4326">
    <p class='ocr_par' dir='ltr' id='par_1_46' title="bbox 151 4255 1727 4326">
     <span class='ocr_line' id='line_1_47' title="bbox 151 4255 1727 4326; baseline 0.003 -15"><span class='ocrx_word' id='word_1_319' title='bbox 151 4256 355 4311; x_wconf 63' lang='lat' dir='ltr'><strong>clericis</strong></span> <span class='ocrx_word' id='word_1_320' title='bbox 399 4257 621 4326; x_wconf 82' lang='lat' dir='ltr'><strong>ignota:</strong></span> <span class='ocrx_word' id='word_1_321' title='bbox 656 4255 848 4326; x_wconf 90' lang='lat' dir='ltr'><strong>quibus</strong></span> <span class='ocrx_word' id='word_1_322' title='bbox 890 4270 1006 4310; x_wconf 85' lang='lat' dir='ltr'><strong>eam</strong></span> <span class='ocrx_word' id='word_1_323' title='bbox 1043 4266 1217 4311; x_wconf 90' lang='lat' dir='ltr'><strong>tamen</strong></span> <span class='ocrx_word' id='word_1_324' title='bbox 1265 4255 1449 4326; x_wconf 82' lang='lat' dir='ltr'><strong>postea</strong></span> <span class='ocrx_word' id='word_1_325' title='bbox 1492 4275 1727 4315; x_wconf 83' lang='lat' dir='ltr'><strong>canones</strong></span> 
     </span>
    </p>
   </div>
   <div class='ocr_carea' id='block_1_47' title="bbox 150 4327 1729 4398">
    <p class='ocr_par' dir='ltr' id='par_1_47' title="bbox 150 4327 1729 4398">
     <span class='ocr_line' id='line_1_48' title="bbox 150 4327 1729 4398; baseline 0.004 -18"><span class='ocrx_word' id='word_1_326' title='bbox 150 4337 446 4398; x_wconf 77' lang='lat' dir='ltr'><strong>vetuerunt,</strong></span> <span class='ocrx_word' id='word_1_327' title='bbox 480 4340 533 4381; x_wconf 91' lang='lat' dir='ltr'><strong>ut</strong></span> <span class='ocrx_word' id='word_1_328' title='bbox 564 4328 875 4398; x_wconf 7' lang='lat' dir='ltr'><strong>ingillahipsa</strong></span> <span class='ocrx_word' id='word_1_329' title='bbox 912 4327 1121 4397; x_wconf 84' lang='lat' dir='ltr'><strong>Liguria</strong></span> <span class='ocrx_word' id='word_1_330' title='bbox 1159 4329 1395 4398; x_wconf 80' lang='lat' dir='ltr'><strong>synodus</strong></span> <span class='ocrx_word' id='word_1_331' title='bbox 1426 4328 1729 4386; x_wconf 79' lang='lat' dir='ltr'><strong>Ticincnsis</strong></span> 
     </span>
    </p>
   </div>
   <div class='ocr_carea' id='block_1_48' title="bbox 151 4396 1731 4483">
    <p class='ocr_par' dir='ltr' id='par_1_48' title="bbox 151 4396 1731 4483">
     <span class='ocr_line' id='line_1_49' title="bbox 151 4396 1731 4483; baseline 0.003 -31"><span class='ocrx_word' id='word_1_332' title='bbox 151 4413 287 4481; x_wconf 71' lang='lat' dir='ltr'><strong>anno</strong></span> <span class='ocrx_word' id='word_1_333' title='bbox 317 4397 439 4483; x_wconf 57' lang='lat' dir='ltr'><strong>8S0,</strong></span> <span class='ocrx_word' id='word_1_334' title='bbox 464 4414 582 4452; x_wconf 84' lang='lat' dir='ltr'><strong>can.</strong></span> <span class='ocrx_word' id='word_1_335' title='bbox 610 4396 642 4450; x_wconf 70' lang='grc'><strong>4</strong></span> <span class='ocrx_word' id='word_1_336' title='bbox 668 4396 785 4483; x_wconf 35' lang='lat' dir='ltr'><strong>:“Ut</strong></span> <span class='ocrx_word' id='word_1_337' title='bbox 815 4396 1079 4483; x_wconf 61' lang='lat' dir='ltr'><strong>cpiscopus</strong></span> <span class='ocrx_word' id='word_1_338' title='bbox 1101 4396 1279 4483; x_wconf 59' lang='lat' dir='ltr'><strong>attines</strong></span> <span class='ocrx_word' id='word_1_339' title='bbox 1296 4399 1591 4483; x_wconf 63' lang='lat' dir='ltr'><strong>nﬂectiours</strong></span> <span class='ocrx_word' id='word_1_340' title='bbox 1613 4419 1731 4483; x_wconf 60' lang='lat' dir='ltr'><strong>quis</strong></span> 
     </span>
    </p>
   </div>
   <div class='ocr_carea' id='block_1_49' title="bbox 152 4468 1727 4543">
    <p class='ocr_par' dir='ltr' id='par_1_49' title="bbox 152 4468 1727 4543">
     <span class='ocr_line' id='line_1_50' title="bbox 152 4468 1727 4543; baseline 0.003 -22"><span class='ocrx_word' id='word_1_341' title='bbox 152 4471 200 4521; x_wconf 80' lang='lat' dir='ltr'><strong>in</strong></span> <span class='ocrx_word' id='word_1_342' title='bbox 232 4478 405 4524; x_wconf 83' lang='lat' dir='ltr'><strong>sancta</strong></span> <span class='ocrx_word' id='word_1_343' title='bbox 437 4468 871 4543; x_wconf 73' lang='lat' dir='ltr'><strong>conrersatione&#39;a</strong></span> <span class='ocrx_word' id='word_1_344' title='bbox 898 4468 1202 4543; x_wconf 73' lang='lat' dir='ltr'><strong>sacerdotali</strong></span> <span class='ocrx_word' id='word_1_345' title='bbox 1230 4471 1499 4524; x_wconf 79' lang='lat' dir='ltr'><strong>abhorrent</strong></span> <span class='ocrx_word' id='word_1_346' title='bbox 1531 4474 1727 4543; x_wconf 79' lang='lat' dir='ltr'><strong>ofﬁcio,</strong></span> 
     </span>
    </p>
   </div>
   <div class='ocr_carea' id='block_1_50' title="bbox 1747 3192 1794 3258">
    <p class='ocr_par' dir='ltr' id='par_1_50' title="bbox 1747 3192 1794 3258">
     <span class='ocr_line' id='line_1_51' title="bbox 1747 3192 1794 3258; baseline 0 0"><span class='ocrx_word' id='word_1_347' title='bbox 1747 3192 1794 3258; x_wconf 81' lang='lat' dir='ltr'><strong><em>C</em></strong></span> 
     </span>
    </p>
   </div>
   <div class='ocr_carea' id='block_1_51' title="bbox 1809 520 3384 595">
    <p class='ocr_par' dir='ltr' id='par_1_51' title="bbox 1809 520 3384 595">
     <span class='ocr_line' id='line_1_52' title="bbox 1809 520 3384 595; baseline 0 -17"><span class='ocrx_word' id='word_1_348' title='bbox 1809 526 1938 595; x_wconf 89' lang='lat' dir='ltr'><strong>pite.</strong></span> <span class='ocrx_word' id='word_1_349' title='bbox 1962 522 2237 581; x_wconf 82' lang='lat' dir='ltr'><strong>Erubesce</strong></span> <span class='ocrx_word' id='word_1_350' title='bbox 2259 529 2337 588; x_wconf 90' lang='lat' dir='ltr'><strong>tu,</strong></span> <span class='ocrx_word' id='word_1_351' title='bbox 2372 520 2493 592; x_wconf 90' lang='lat' dir='ltr'><strong>quia</strong></span> <span class='ocrx_word' id='word_1_352' title='bbox 2532 537 2631 577; x_wconf 89' lang='lat' dir='ltr'><strong>nec</strong></span> <span class='ocrx_word' id='word_1_353' title='bbox 2676 537 2877 592; x_wconf 60' lang='lat' dir='ltr'><strong>agrum</strong></span> <span class='ocrx_word' id='word_1_354' title='bbox 2924 522 3172 592; x_wconf 86' lang='lat' dir='ltr'><strong>requiris,</strong></span> <span class='ocrx_word' id='word_1_355' title='bbox 3200 538 3296 579; x_wconf 89' lang='lat' dir='ltr'><strong>nec</strong></span> <span class='ocrx_word' id='word_1_356' title='bbox 3315 522 3384 578; x_wconf 92' lang='lat' dir='ltr'><strong>de</strong></span> 
     </span>
    </p>
   </div>
   <div class='ocr_carea' id='block_1_52' title="bbox 1810 610 3384 682">
    <p class='ocr_par' dir='ltr' id='par_1_52' title="bbox 1810 610 3384 682">
     <span class='ocr_line' id='line_1_53' title="bbox 1810 610 3384 682; baseline -0.001 -12"><span class='ocrx_word' id='word_1_357' title='bbox 1810 615 2135 680; x_wconf 87' lang='lat' dir='ltr'><strong>nuptialibus</strong></span> <span class='ocrx_word' id='word_1_358' title='bbox 2172 611 2385 668; x_wconf 86' lang='lat' dir='ltr'><strong>deliciis</strong></span> <span class='ocrx_word' id='word_1_359' title='bbox 2415 626 2535 682; x_wconf 59' lang='lat' dir='ltr'><strong>quae</strong></span> <span class='ocrx_word' id='word_1_360' title='bbox 2572 620 2793 682; x_wconf 86' lang='lat' dir='ltr'><strong>possent</strong></span> <span class='ocrx_word' id='word_1_361' title='bbox 2822 611 3090 668; x_wconf 86' lang='lat' dir='ltr'><strong>fastidium</strong></span> <span class='ocrx_word' id='word_1_362' title='bbox 3145 610 3384 670; x_wconf 85' lang='lat' dir='ltr'><strong>relevare</strong></span> 
     </span>
    </p>
   </div>
   <div class='ocr_carea' id='block_1_53' title="bbox 1810 707 2148 763">
    <p class='ocr_par' dir='ltr' id='par_1_53' title="bbox 1810 707 2148 763">
     <span class='ocr_line' id='line_1_54' title="bbox 1810 707 2148 763; baseline -0.009 -1"><span class='ocrx_word' id='word_1_363' title='bbox 1810 707 2148 763; x_wconf 86' lang='lat' dir='ltr'><strong>transmittis.</strong></span> 
     </span>
    </p>
   </div>
   <div class='ocr_carea' id='block_1_54' title="bbox 2338 793 2886 852">
    <p class='ocr_par' dir='ltr' id='par_1_54' title="bbox 2338 793 2886 852">
     <span class='ocr_line' id='line_1_55' title="bbox 2338 793 2886 852; baseline -0.002 0"><span class='ocrx_word' id='word_1_364' title='bbox 2338 795 2670 852; x_wconf 78' lang='lat' dir='ltr'><strong>EPISTOLA</strong></span> <span class='ocrx_word' id='word_1_365' title='bbox 2698 793 2886 851; x_wconf 81' lang='lat' dir='ltr'><strong>XXIV.</strong></span> 
     </span>
    </p>
   </div>
   <div class='ocr_carea' id='block_1_55' title="bbox 2238 904 2992 946">
    <p class='ocr_par' dir='ltr' id='par_1_55' title="bbox 2238 904 2992 946">
     <span class='ocr_line' id='line_1_56' title="bbox 2238 904 2992 946; baseline -0.003 0"><span class='ocrx_word' id='word_1_366' title='bbox 2238 906 2570 946; x_wconf 76' lang='lat' dir='ltr'><strong>ENNODIUS</strong></span> <span class='ocrx_word' id='word_1_367' title='bbox 2633 904 2992 945; x_wconf 75' lang='lat' dir='ltr'><strong>STEPHANO.</strong></span> 
     </span>
    </p>
   </div>
   <div class='ocr_carea' id='block_1_56' title="bbox 1884 978 3384 1056">
    <p class='ocr_par' dir='ltr' id='par_1_56' title="bbox 1884 978 3384 1056">
     <span class='ocr_line' id='line_1_57' title="bbox 1884 978 3384 1056; baseline -0.003 -15"><span class='ocrx_word' id='word_1_368' title='bbox 1884 986 2060 1056; x_wconf 81' lang='lat' dir='ltr'><strong>Exigit</strong></span> <span class='ocrx_word' id='word_1_369' title='bbox 2100 1000 2129 1039; x_wconf 88' lang='lat' dir='ltr'><strong>a</strong></span> <span class='ocrx_word' id='word_1_370' title='bbox 2170 1000 2254 1040; x_wconf 90' lang='lat' dir='ltr'><strong>me</strong></span> <span class='ocrx_word' id='word_1_371' title='bbox 2298 984 2390 1039; x_wconf 85' lang='lat' dir='ltr'><strong>lilii</strong></span> <span class='ocrx_word' id='word_1_372' title='bbox 2443 983 2745 1039; x_wconf 88' lang='lat' dir='ltr'><strong>communis</strong></span> <span class='ocrx_word' id='word_1_373' title='bbox 2790 982 3023 1037; x_wconf 83' lang='lat' dir='ltr'><strong>Marcelli</strong></span> <span class='ocrx_word' id='word_1_374' title='bbox 3067 978 3384 1051; x_wconf 88' lang='lat' dir='ltr'><strong>adhortatio,</strong></span> 
     </span>
    </p>
   </div>
   <div class='ocr_carea' id='block_1_57' title="bbox 1811 1073 3388 1148">
    <p class='ocr_par' dir='ltr' id='par_1_57' title="bbox 1811 1073 3388 1148">
     <span class='ocr_line' id='line_1_58' title="bbox 1811 1073 3388 1148; baseline -0.003 -17"><span class='ocrx_word' id='word_1_375' title='bbox 1811 1092 1971 1148; x_wconf 90' lang='lat' dir='ltr'><strong>quem</strong></span> <span class='ocrx_word' id='word_1_376' title='bbox 2005 1086 2189 1131; x_wconf 90' lang='lat' dir='ltr'><strong>natura</strong></span> <span class='ocrx_word' id='word_1_377' title='bbox 2221 1076 2391 1143; x_wconf 87' lang='lat' dir='ltr'><strong>vobis,</strong></span> <span class='ocrx_word' id='word_1_378' title='bbox 2412 1074 2541 1130; x_wconf 86' lang='lat' dir='ltr'><strong>milii</strong></span> <span class='ocrx_word' id='word_1_379' title='bbox 2571 1073 3039 1140; x_wconf 74' lang='lat' dir='ltr'><strong>deditall‘ectus,ut</strong></span> <span class='ocrx_word' id='word_1_380' title='bbox 3061 1075 3124 1129; x_wconf 89' lang='lat' dir='ltr'><strong>ad</strong></span> <span class='ocrx_word' id='word_1_381' title='bbox 3146 1078 3388 1145; x_wconf 82' lang='lat' dir='ltr'><strong>scriptio-</strong></span> 
     </span>
    </p>
   </div>
   <div class='ocr_carea' id='block_1_58' title="bbox 1810 1165 3384 1238">
    <p class='ocr_par' dir='ltr' id='par_1_58' title="bbox 1810 1165 3384 1238">
     <span class='ocr_line' id='line_1_59' title="bbox 1810 1165 3384 1238; baseline 0 -13"><span class='ocrx_word' id='word_1_382' title='bbox 1810 1172 1893 1225; x_wconf 90' lang='lat' dir='ltr'><strong>nis</strong></span> <span class='ocrx_word' id='word_1_383' title='bbox 1921 1168 2099 1224; x_wconf 90' lang='lat' dir='ltr'><strong>munia</strong></span> <span class='ocrx_word' id='word_1_384' title='bbox 2124 1169 2353 1238; x_wconf 65' lang='lat' dir='ltr'><strong>praevius</strong></span> <span class='ocrx_word' id='word_1_385' title='bbox 2381 1168 2697 1237; x_wconf 84' lang='lat' dir='ltr'><strong>aspirarent,</strong></span> <span class='ocrx_word' id='word_1_386' title='bbox 2728 1176 2782 1221; x_wconf 91' lang='lat' dir='ltr'><strong>et</strong></span> <span class='ocrx_word' id='word_1_387' title='bbox 2807 1165 3054 1221; x_wconf 86' lang='lat' dir='ltr'><strong>solatium</strong></span> <span class='ocrx_word' id='word_1_388' title='bbox 3090 1168 3384 1225; x_wconf 88' lang='lat' dir='ltr'><strong>litterarum</strong></span> 
     </span>
    </p>
   </div>
   <div class='ocr_carea' id='block_1_59' title="bbox 1813 1260 3389 1333">
    <p class='ocr_par' dir='ltr' id='par_1_59' title="bbox 1813 1260 3389 1333">
     <span class='ocr_line' id='line_1_60' title="bbox 1813 1260 3389 1333; baseline 0 -17"><span class='ocrx_word' id='word_1_389' title='bbox 1813 1278 1906 1332; x_wconf 87' lang='lat' dir='ltr'><strong>per</strong></span> <span class='ocrx_word' id='word_1_390' title='bbox 1934 1262 2073 1333; x_wconf 92' lang='lat' dir='ltr'><strong>quod</strong></span> <span class='ocrx_word' id='word_1_391' title='bbox 2108 1271 2344 1316; x_wconf 86' lang='lat' dir='ltr'><strong>vetustas</strong></span> <span class='ocrx_word' id='word_1_392' title='bbox 2392 1260 2561 1315; x_wconf 91' lang='lat' dir='ltr'><strong>voluit</strong></span> <span class='ocrx_word' id='word_1_393' title='bbox 2588 1260 2846 1315; x_wconf 66' lang='lat' dir='ltr'><strong>absentia:</strong></span> <span class='ocrx_word' id='word_1_394' title='bbox 2888 1260 2961 1315; x_wconf 92' lang='lat' dir='ltr'><strong>nil</strong></span> <span class='ocrx_word' id='word_1_395' title='bbox 2996 1260 3179 1325; x_wconf 89' lang='lat' dir='ltr'><strong>licere,</strong></span> <span class='ocrx_word' id='word_1_396' title='bbox 3209 1276 3389 1316; x_wconf 87' lang='lat' dir='ltr'><strong>amore</strong></span> 
     </span>
    </p>
   </div>
   <div class='ocr_carea' id='block_1_60' title="bbox 1815 1353 3389 1425">
    <p class='ocr_par' dir='ltr' id='par_1_60' title="bbox 1815 1353 3389 1425">
     <span class='ocr_line' id='line_1_61' title="bbox 1815 1353 3389 1425; baseline -0.003 -13"><span class='ocrx_word' id='word_1_397' title='bbox 1815 1359 1982 1412; x_wconf 73' lang='lat' dir='ltr'><strong>victus</strong></span> <span class='ocrx_word' id='word_1_398' title='bbox 2022 1356 2410 1425; x_wconf 89' lang='lat' dir='ltr'><strong>impendercm.</strong></span> <span class='ocrx_word' id='word_1_399' title='bbox 2441 1353 2556 1409; x_wconf 87' lang='lat' dir='ltr'><strong>.Iam</strong></span> <span class='ocrx_word' id='word_1_400' title='bbox 2596 1354 2761 1409; x_wconf 88' lang='lat' dir='ltr'><strong>debes</strong></span> <span class='ocrx_word' id='word_1_401' title='bbox 2790 1353 2918 1409; x_wconf 83' lang='lat' dir='ltr'><strong>mihi</strong></span> <span class='ocrx_word' id='word_1_402' title='bbox 2958 1354 3223 1424; x_wconf 90' lang='lat' dir='ltr'><strong>duplicem</strong></span> <span class='ocrx_word' id='word_1_403' title='bbox 3268 1371 3389 1424; x_wconf 88' lang='lat' dir='ltr'><strong>gra-</strong></span> 
     </span>
    </p>
   </div>
   <div class='ocr_carea' id='block_1_61' title="bbox 1813 1448 3391 1521">
    <p class='ocr_par' dir='ltr' id='par_1_61' title="bbox 1813 1448 3391 1521">
     <span class='ocr_line' id='line_1_62' title="bbox 1813 1448 3391 1521; baseline -0.001 -15"><span class='ocrx_word' id='word_1_404' title='bbox 1813 1456 1960 1518; x_wconf 84' lang='lat' dir='ltr'><strong>tiam,</strong></span> <span class='ocrx_word' id='word_1_405' title='bbox 1991 1460 2045 1506; x_wconf 90' lang='lat' dir='ltr'><strong>et</strong></span> <span class='ocrx_word' id='word_1_406' title='bbox 2074 1451 2117 1504; x_wconf 92' lang='lat' dir='ltr'><strong>si</strong></span> <span class='ocrx_word' id='word_1_407' title='bbox 2149 1464 2408 1521; x_wconf 86' lang='lat' dir='ltr'><strong>responsa</strong></span> <span class='ocrx_word' id='word_1_408' title='bbox 2441 1449 2763 1515; x_wconf 86' lang='lat' dir='ltr'><strong>restitueris,</strong></span> <span class='ocrx_word' id='word_1_409' title='bbox 2795 1449 2865 1503; x_wconf 92' lang='lat' dir='ltr'><strong>ob</strong></span> <span class='ocrx_word' id='word_1_410' title='bbox 2895 1448 2997 1504; x_wconf 85' lang='lat' dir='ltr'><strong>hoc</strong></span> <span class='ocrx_word' id='word_1_411' title='bbox 3017 1448 3156 1520; x_wconf 88' lang='lat' dir='ltr'><strong>quod</strong></span> <span class='ocrx_word' id='word_1_412' title='bbox 3190 1449 3391 1519; x_wconf 89' lang='lat' dir='ltr'><strong>primus</strong></span> 
     </span>
    </p>
   </div>
   <div class='ocr_carea' id='block_1_62' title="bbox 1812 1542 3391 1613">
    <p class='ocr_par' dir='ltr' id='par_1_62' title="bbox 1812 1542 3391 1613">
     <span class='ocr_line' id='line_1_63' title="bbox 1812 1542 3391 1613; baseline -0.001 -14"><span class='ocrx_word' id='word_1_413' title='bbox 1812 1546 2006 1613; x_wconf 90' lang='lat' dir='ltr'><strong>incepi.</strong></span> <span class='ocrx_word' id='word_1_414' title='bbox 2034 1544 2125 1598; x_wconf 91' lang='lat' dir='ltr'><strong>Ille</strong></span> <span class='ocrx_word' id='word_1_415' title='bbox 2153 1543 2459 1599; x_wconf 89' lang='lat' dir='ltr'><strong>dilectionis</strong></span> <span class='ocrx_word' id='word_1_416' title='bbox 2499 1542 2717 1612; x_wconf 87' lang='lat' dir='ltr'><strong>januam</strong></span> <span class='ocrx_word' id='word_1_417' title='bbox 2768 1542 2972 1612; x_wconf 89' lang='lat' dir='ltr'><strong>pandit,</strong></span> <span class='ocrx_word' id='word_1_418' title='bbox 3004 1544 3092 1613; x_wconf 92' lang='lat' dir='ltr'><strong>qui</strong></span> <span class='ocrx_word' id='word_1_419' title='bbox 3130 1544 3183 1598; x_wconf 94' lang='lat' dir='ltr'><strong>in</strong></span> <span class='ocrx_word' id='word_1_420' title='bbox 3222 1543 3391 1598; x_wconf 45' lang='lat' dir='ltr'><strong>collo.</strong></span> 
     </span>
    </p>
   </div>
   <div class='ocr_carea' id='block_1_63' title="bbox 1812 1634 3393 1707">
    <p class='ocr_par' dir='ltr' id='par_1_63' title="bbox 1812 1634 3393 1707">
     <span class='ocr_line' id='line_1_64' title="bbox 1812 1634 3393 1707; baseline 0.001 -18"><span class='ocrx_word' id='word_1_421' title='bbox 1812 1636 1950 1707; x_wconf 90' lang='lat' dir='ltr'><strong>quiis</strong></span> <span class='ocrx_word' id='word_1_422' title='bbox 1975 1644 2190 1705; x_wconf 68' lang='lat' dir='ltr'><strong>praestat</strong></span> <span class='ocrx_word' id='word_1_423' title='bbox 2214 1634 2520 1705; x_wconf 79' lang='lat' dir='ltr'><strong>exemplum</strong></span> <span class='ocrx_word' id='word_1_424' title='bbox 2550 1653 2561 1686; x_wconf 86' lang='lat'><strong>:</strong></span> <span class='ocrx_word' id='word_1_425' title='bbox 2596 1634 2923 1703; x_wconf 89' lang='lat' dir='ltr'><strong>pr0positam</strong></span> <span class='ocrx_word' id='word_1_426' title='bbox 2955 1634 3264 1689; x_wconf 86' lang='lat' dir='ltr'><strong>custodiunt</strong></span> <span class='ocrx_word' id='word_1_427' title='bbox 3287 1636 3393 1690; x_wconf 86' lang='lat' dir='ltr'><strong>for-</strong></span> 
     </span>
    </p>
   </div>
   <div class='ocr_carea' id='block_1_64' title="bbox 1812 1726 3390 1797">
    <p class='ocr_par' dir='ltr' id='par_1_64' title="bbox 1812 1726 3390 1797">
     <span class='ocr_line' id='line_1_65' title="bbox 1812 1726 3390 1797; baseline 0.001 -16"><span class='ocrx_word' id='word_1_428' title='bbox 1812 1729 2031 1791; x_wconf 89' lang='lat' dir='ltr'><strong>tnulam,</strong></span> <span class='ocrx_word' id='word_1_429' title='bbox 2066 1728 2154 1797; x_wconf 92' lang='lat' dir='ltr'><strong>qui</strong></span> <span class='ocrx_word' id='word_1_430' title='bbox 2208 1727 2406 1796; x_wconf 89' lang='lat' dir='ltr'><strong>scripta</strong></span> <span class='ocrx_word' id='word_1_431' title='bbox 2462 1726 2772 1781; x_wconf 81' lang='lat' dir='ltr'><strong>restituunt.</strong></span> <span class='ocrx_word' id='word_1_432' title='bbox 2807 1726 2971 1796; x_wconf 86' lang='lat' dir='ltr'><strong>Ergo,</strong></span> <span class='ocrx_word' id='word_1_433' title='bbox 2997 1735 3215 1783; x_wconf 87' lang='lat' dir='ltr'><strong>auctore</strong></span> <span class='ocrx_word' id='word_1_434' title='bbox 3259 1729 3390 1794; x_wconf 90' lang='lat' dir='ltr'><strong>Deo,</strong></span> 
     </span>
    </p>
   </div>
   <div class='ocr_carea' id='block_1_65' title="bbox 1822 1818 3393 1890">
    <p class='ocr_par' dir='ltr' id='par_1_65' title="bbox 1822 1818 3393 1890">
     <span class='ocr_line' id='line_1_66' title="bbox 1822 1818 3393 1890; baseline -0.001 -14"><span class='ocrx_word' id='word_1_435' title='bbox 1822 1822 2061 1876; x_wconf 90' lang='lat' dir='ltr'><strong>nuntiam</strong></span> <span class='ocrx_word' id='word_1_436' title='bbox 2094 1819 2462 1890; x_wconf 87' lang='lat' dir='ltr'><strong>prosperitatis</strong></span> <span class='ocrx_word' id='word_1_437' title='bbox 2491 1827 2691 1873; x_wconf 63' lang='lat' dir='ltr'><strong>nostra:</strong></span> <span class='ocrx_word' id='word_1_438' title='bbox 2721 1818 2999 1888; x_wconf 88' lang='lat' dir='ltr'><strong>epistolam</strong></span> <span class='ocrx_word' id='word_1_439' title='bbox 3044 1819 3393 1875; x_wconf 85' lang='lat' dir='ltr'><strong>destinamus.</strong></span> 
     </span>
    </p>
   </div>
   <div class='ocr_carea' id='block_1_66' title="bbox 1821 1912 3394 1983">
    <p class='ocr_par' dir='ltr' id='par_1_66' title="bbox 1821 1912 3394 1983">
     <span class='ocr_line' id='line_1_67' title="bbox 1821 1912 3394 1983; baseline 0.001 -15"><span class='ocrx_word' id='word_1_440' title='bbox 1821 1914 1951 1969; x_wconf 92' lang='lat' dir='ltr'><strong>Illud</strong></span> <span class='ocrx_word' id='word_1_441' title='bbox 1980 1912 2045 1967; x_wconf 90' lang='lat' dir='ltr'><strong>ad</strong></span> <span class='ocrx_word' id='word_1_442' title='bbox 2068 1913 2320 1983; x_wconf 87' lang='lat' dir='ltr'><strong>gaudium</strong></span> <span class='ocrx_word' id='word_1_443' title='bbox 2351 1921 2728 1982; x_wconf 87' lang='lat' dir='ltr'><strong>vestrum,quo</strong></span> <span class='ocrx_word' id='word_1_444' title='bbox 2758 1912 2974 1966; x_wconf 90' lang='lat' dir='ltr'><strong>uberius</strong></span> <span class='ocrx_word' id='word_1_445' title='bbox 3002 1920 3217 1980; x_wconf 86' lang='lat' dir='ltr'><strong>paterna</strong></span> <span class='ocrx_word' id='word_1_446' title='bbox 3244 1928 3394 1969; x_wconf 88' lang='lat' dir='ltr'><strong>mens</strong></span> 
     </span>
    </p>
   </div>
   <div class='ocr_carea' id='block_1_67' title="bbox 1822 2002 3395 2072">
    <p class='ocr_par' dir='ltr' id='par_1_67' title="bbox 1822 2002 3395 2072">
     <span class='ocr_line' id='line_1_68' title="bbox 1822 2002 3395 2072; baseline 0.001 -14"><span class='ocrx_word' id='word_1_447' title='bbox 1822 2004 2074 2069; x_wconf 68' lang='lat' dir='ltr'><strong>exsultet,</strong></span> <span class='ocrx_word' id='word_1_448' title='bbox 2106 2003 2467 2072; x_wconf 63' lang='lat' dir='ltr'><strong>adiungimus,</strong></span> <span class='ocrx_word' id='word_1_449' title='bbox 2506 2003 2672 2057; x_wconf 90' lang='lat' dir='ltr'><strong>lilium</strong></span> <span class='ocrx_word' id='word_1_450' title='bbox 2704 2012 2939 2057; x_wconf 88' lang='lat' dir='ltr'><strong>vestrum</strong></span> <span class='ocrx_word' id='word_1_451' title='bbox 2974 2002 3028 2057; x_wconf 90' lang='lat' dir='ltr'><strong>in</strong></span> <span class='ocrx_word' id='word_1_452' title='bbox 3050 2002 3239 2057; x_wconf 89' lang='lat' dir='ltr'><strong>studiis</strong></span> <span class='ocrx_word' id='word_1_453' title='bbox 3265 2004 3395 2059; x_wconf 87' lang='lat' dir='ltr'><strong>libe-</strong></span> 
     </span>
    </p>
   </div>
   <div class='ocr_carea' id='block_1_68' title="bbox 1822 2094 3396 2163">
    <p class='ocr_par' dir='ltr' id='par_1_68' title="bbox 1822 2094 3396 2163">
     <span class='ocr_line' id='line_1_69' title="bbox 1822 2094 3396 2163; baseline 0.002 -14"><span class='ocrx_word' id='word_1_454' title='bbox 1822 2095 2021 2149; x_wconf 92' lang='lat' dir='ltr'><strong>ralibus</strong></span> <span class='ocrx_word' id='word_1_455' title='bbox 2066 2094 2409 2163; x_wconf 86' lang='lat' dir='ltr'><strong>ingenuitatis</strong></span> <span class='ocrx_word' id='word_1_456' title='bbox 2456 2094 2817 2148; x_wconf 90' lang='lat' dir='ltr'><strong>testimonium</strong></span> <span class='ocrx_word' id='word_1_457' title='bbox 2854 2095 2963 2163; x_wconf 86' lang='lat' dir='ltr'><strong>jam</strong></span> <span class='ocrx_word' id='word_1_458' title='bbox 2996 2102 3201 2160; x_wconf 87' lang='lat' dir='ltr'><strong>tenere,</strong></span> <span class='ocrx_word' id='word_1_459' title='bbox 3232 2105 3284 2152; x_wconf 90' lang='lat' dir='ltr'><strong>et</strong></span> <span class='ocrx_word' id='word_1_460' title='bbox 3314 2107 3396 2153; x_wconf 85' lang='lat' dir='ltr'><strong>ta-</strong></span> 
     </span>
    </p>
   </div>
   <div class='ocr_carea' id='block_1_69' title="bbox 1822 2186 3397 2254">
    <p class='ocr_par' dir='ltr' id='par_1_69' title="bbox 1822 2186 3397 2254">
     <span class='ocr_line' id='line_1_70' title="bbox 1822 2186 3397 2254; baseline 0.002 -13"><span class='ocrx_word' id='word_1_461' title='bbox 1822 2187 1927 2242; x_wconf 92' lang='lat' dir='ltr'><strong>lcm</strong></span> <span class='ocrx_word' id='word_1_462' title='bbox 1950 2202 2010 2242; x_wconf 88' lang='lat' dir='ltr'><strong>sc</strong></span> <span class='ocrx_word' id='word_1_463' title='bbox 2039 2188 2089 2240; x_wconf 96' lang='lat' dir='ltr'><strong>in</strong></span> <span class='ocrx_word' id='word_1_464' title='bbox 2123 2186 2222 2241; x_wconf 90' lang='lat' dir='ltr'><strong>hac</strong></span> <span class='ocrx_word' id='word_1_465' title='bbox 2266 2201 2391 2240; x_wconf 90' lang='lat' dir='ltr'><strong>cura</strong></span> <span class='ocrx_word' id='word_1_466' title='bbox 2435 2194 2708 2254; x_wconf 74' lang='lat' dir='ltr'><strong>prmstare,</strong></span> <span class='ocrx_word' id='word_1_467' title='bbox 2739 2196 2796 2239; x_wconf 92' lang='lat' dir='ltr'><strong>ut</strong></span> <span class='ocrx_word' id='word_1_468' title='bbox 2826 2200 2984 2241; x_wconf 85' lang='lat' dir='ltr'><strong>avara</strong></span> <span class='ocrx_word' id='word_1_469' title='bbox 3014 2200 3230 2242; x_wconf 88' lang='lat' dir='ltr'><strong>suorum</strong></span> <span class='ocrx_word' id='word_1_470' title='bbox 3273 2199 3397 2245; x_wconf 89' lang='lat' dir='ltr'><strong>vota</strong></span> 
     </span>
    </p>
   </div>
   <div class='ocr_carea' id='block_1_70' title="bbox 1826 2278 3399 2349">
    <p class='ocr_par' dir='ltr' id='par_1_70' title="bbox 1826 2278 3399 2349">
     <span class='ocr_line' id='line_1_71' title="bbox 1826 2278 3399 2349; baseline 0.002 -15"><span class='ocrx_word' id='word_1_471' title='bbox 1826 2280 2185 2334; x_wconf 85' lang='lat' dir='ltr'><strong>transcendat.</strong></span> <span class='ocrx_word' id='word_1_472' title='bbox 2222 2279 2359 2349; x_wconf 92' lang='lat' dir='ltr'><strong>Spes</strong></span> <span class='ocrx_word' id='word_1_473' title='bbox 2408 2278 2757 2349; x_wconf 87' lang='lat' dir='ltr'><strong>perfectionis</strong></span> <span class='ocrx_word' id='word_1_474' title='bbox 2786 2288 2888 2345; x_wconf 89' lang='lat' dir='ltr'><strong>est,</strong></span> <span class='ocrx_word' id='word_1_475' title='bbox 2921 2278 3142 2335; x_wconf 89' lang='lat' dir='ltr'><strong>honesta</strong></span> <span class='ocrx_word' id='word_1_476' title='bbox 3173 2281 3224 2335; x_wconf 94' lang='lat' dir='ltr'><strong>in</strong></span> <span class='ocrx_word' id='word_1_477' title='bbox 3271 2281 3399 2337; x_wconf 86' lang='lat' dir='ltr'><strong>ado-</strong></span> 
     </span>
    </p>
   </div>
   <div class='ocr_carea' id='block_1_71' title="bbox 1823 2370 3399 2443">
    <p class='ocr_par' dir='ltr' id='par_1_71' title="bbox 1823 2370 3399 2443">
     <span class='ocr_line' id='line_1_72' title="bbox 1823 2370 3399 2443; baseline 0 -15"><span class='ocrx_word' id='word_1_478' title='bbox 1823 2374 2057 2428; x_wconf 87' lang='lat' dir='ltr'><strong>lescente</strong></span> <span class='ocrx_word' id='word_1_479' title='bbox 2106 2372 2377 2427; x_wconf 76' lang='grc' dir='ltr'><strong>ἱηοιιο.ιιίο</strong></span> <span class='ocrx_word' id='word_1_480' title='bbox 2404 2413 2418 2438; x_wconf 84' lang='grc'><strong>.</strong></span> <span class='ocrx_word' id='word_1_481' title='bbox 2452 2387 2549 2427; x_wconf 91' lang='lat' dir='ltr'><strong>nec</strong></span> <span class='ocrx_word' id='word_1_482' title='bbox 2585 2372 2652 2426; x_wconf 93' lang='lat' dir='ltr'><strong>ab</strong></span> <span class='ocrx_word' id='word_1_483' title='bbox 2682 2371 2889 2426; x_wconf 92' lang='lat' dir='ltr'><strong>erudito</strong></span> <span class='ocrx_word' id='word_1_484' title='bbox 2921 2370 3105 2438; x_wconf 88' lang='lat' dir='ltr'><strong>distat,</strong></span> <span class='ocrx_word' id='word_1_485' title='bbox 3134 2373 3221 2443; x_wconf 90' lang='lat' dir='ltr'><strong>qui</strong></span> <span class='ocrx_word' id='word_1_486' title='bbox 3263 2374 3399 2429; x_wconf 87' lang='lat' dir='ltr'><strong>inter</strong></span> 
     </span>
    </p>
   </div>
   <div class='ocr_carea' id='block_1_72' title="bbox 1822 2464 3399 2537">
    <p class='ocr_par' dir='ltr' id='par_1_72' title="bbox 1822 2464 3399 2537">
     <span class='ocr_line' id='line_1_73' title="bbox 1822 2464 3399 2537; baseline 0.001 -16"><span class='ocrx_word' id='word_1_487' title='bbox 1822 2464 2041 2521; x_wconf 82' lang='lat' dir='ltr'><strong>exordia</strong></span> <span class='ocrx_word' id='word_1_488' title='bbox 2074 2466 2196 2520; x_wconf 91' lang='lat' dir='ltr'><strong>boni</strong></span> <span class='ocrx_word' id='word_1_489' title='bbox 2226 2466 2451 2532; x_wconf 82' lang='lat' dir='ltr'><strong>gloriam</strong></span> <span class='ocrx_word' id='word_1_490' title='bbox 2476 2473 2703 2535; x_wconf 85' lang='lat' dir='ltr'><strong>occupat</strong></span> <span class='ocrx_word' id='word_1_491' title='bbox 2733 2465 3245 2522; x_wconf 87' lang='lat' dir='ltr'><strong>instituti.Salutans</strong></span> <span class='ocrx_word' id='word_1_492' title='bbox 3272 2482 3399 2537; x_wconf 90' lang='lat' dir='ltr'><strong>ergo</strong></span> 
     </span>
    </p>
   </div>
   <div class='ocr_carea' id='block_1_73' title="bbox 1822 2558 3397 2629">
    <p class='ocr_par' dir='ltr' id='par_1_73' title="bbox 1822 2558 3397 2629">
     <span class='ocr_line' id='line_1_74' title="bbox 1822 2558 3397 2629; baseline 0.001 -16"><span class='ocrx_word' id='word_1_493' title='bbox 1822 2559 2101 2614; x_wconf 69' lang='lat' dir='ltr'><strong>affectione</strong></span> <span class='ocrx_word' id='word_1_494' title='bbox 2145 2575 2246 2628; x_wconf 90' lang='lat' dir='ltr'><strong>qua</strong></span> <span class='ocrx_word' id='word_1_495' title='bbox 2291 2558 2484 2623; x_wconf 90' lang='lat' dir='ltr'><strong>debeo,</strong></span> <span class='ocrx_word' id='word_1_496' title='bbox 2527 2572 2687 2627; x_wconf 89' lang='lat' dir='ltr'><strong>spero</strong></span> <span class='ocrx_word' id='word_1_497' title='bbox 2726 2566 2781 2612; x_wconf 93' lang='lat' dir='ltr'><strong>ut</strong></span> <span class='ocrx_word' id='word_1_498' title='bbox 2810 2567 3056 2627; x_wconf 88' lang='lat' dir='ltr'><strong>reparata</strong></span> <span class='ocrx_word' id='word_1_499' title='bbox 3082 2561 3397 2629; x_wconf 89' lang='lat' dir='ltr'><strong>opportuni-</strong></span> 
     </span>
    </p>
   </div>
   <div class='ocr_carea' id='block_1_74' title="bbox 1824 2652 3370 2722">
    <p class='ocr_par' dir='ltr' id='par_1_74' title="bbox 1824 2652 3370 2722">
     <span class='ocr_line' id='line_1_75' title="bbox 1824 2652 3370 2722; baseline 0.001 -15"><span class='ocrx_word' id='word_1_500' title='bbox 1824 2661 1931 2708; x_wconf 89' lang='lat' dir='ltr'><strong>tate</strong></span> <span class='ocrx_word' id='word_1_501' title='bbox 1956 2653 2023 2707; x_wconf 92' lang='lat' dir='ltr'><strong>de</strong></span> <span class='ocrx_word' id='word_1_502' title='bbox 2049 2652 2189 2707; x_wconf 87' lang='lat' dir='ltr'><strong>bono</strong></span> <span class='ocrx_word' id='word_1_503' title='bbox 2220 2667 2303 2707; x_wconf 90' lang='lat' dir='ltr'><strong>me</strong></span> <span class='ocrx_word' id='word_1_504' title='bbox 2344 2652 2501 2706; x_wconf 82' lang='lat' dir='ltr'><strong>faciat</strong></span> <span class='ocrx_word' id='word_1_505' title='bbox 2530 2661 2719 2706; x_wconf 67' lang='lat' dir='ltr'><strong>vestrae</strong></span> <span class='ocrx_word' id='word_1_506' title='bbox 2767 2652 3137 2722; x_wconf 81' lang='lat' dir='ltr'><strong>prosperitatis</strong></span> <span class='ocrx_word' id='word_1_507' title='bbox 3180 2653 3370 2710; x_wconf 92' lang='lat' dir='ltr'><strong>attolli.</strong></span> 
     </span>
    </p>
   </div>
   <div class='ocr_carea' id='block_1_75' title="bbox 2349 2745 2880 2802">
    <p class='ocr_par' dir='ltr' id='par_1_75' title="bbox 2349 2745 2880 2802">
     <span class='ocr_line' id='line_1_76' title="bbox 2349 2745 2880 2802; baseline -0.004 -1"><span class='ocrx_word' id='word_1_508' title='bbox 2349 2745 2683 2802; x_wconf 82' lang='lat' dir='ltr'><strong>EPISTOLA</strong></span> <span class='ocrx_word' id='word_1_509' title='bbox 2713 2745 2880 2801; x_wconf 84' lang='lat' dir='ltr'><strong>XXV.</strong></span> 
     </span>
    </p>
   </div>
   <div class='ocr_carea' id='block_1_76' title="bbox 2299 2837 2923 2893">
    <p class='ocr_par' dir='ltr' id='par_1_76' title="bbox 2299 2837 2923 2893">
     <span class='ocr_line' id='line_1_77' title="bbox 2299 2837 2923 2893; baseline 0 -4"><span class='ocrx_word' id='word_1_510' title='bbox 2299 2852 2553 2893; x_wconf 73' lang='lat' dir='ltr'><strong>ENNODIUS</strong></span> <span class='ocrx_word' id='word_1_511' title='bbox 2577 2837 2596 2867; x_wconf 88' lang='grc'><strong><em>³</em></strong></span> <span class='ocrx_word' id='word_1_512' title='bbox 2626 2852 2923 2892; x_wconf 68' lang='lat' dir='ltr'><strong>sruuscso.</strong></span> 
     </span>
    </p>
   </div>
   <div class='ocr_carea' id='block_1_77' title="bbox 1898 2926 3399 2997">
    <p class='ocr_par' dir='ltr' id='par_1_77' title="bbox 1898 2926 3399 2997">
     <span class='ocr_line' id='line_1_78' title="bbox 1898 2926 3399 2997; baseline 0.001 -15"><span class='ocrx_word' id='word_1_513' title='bbox 1898 2927 2007 2983; x_wconf 80' lang='lat' dir='ltr'><strong>Lex</strong></span> <span class='ocrx_word' id='word_1_514' title='bbox 2046 2926 2324 2982; x_wconf 83' lang='lat' dir='ltr'><strong>desideriis</strong></span> <span class='ocrx_word' id='word_1_515' title='bbox 2368 2929 2564 2997; x_wconf 90' lang='lat' dir='ltr'><strong>scripta</strong></span> <span class='ocrx_word' id='word_1_516' title='bbox 2612 2930 2697 2982; x_wconf 80' lang='lat' dir='ltr'><strong>vix</strong></span> <span class='ocrx_word' id='word_1_517' title='bbox 2732 2928 2989 2983; x_wconf 91' lang='lat' dir='ltr'><strong>creditur.</strong></span> <span class='ocrx_word' id='word_1_518' title='bbox 3018 2928 3302 2997; x_wconf 88' lang='lat' dir='ltr'><strong>Impatiens</strong></span> <span class='ocrx_word' id='word_1_519' title='bbox 3330 2931 3399 2983; x_wconf 83' lang='lat' dir='ltr'><strong>ri—</strong></span> 
     </span>
    </p>
   </div>
   <div class='ocr_carea' id='block_1_78' title="bbox 1825 3018 3400 3091">
    <p class='ocr_par' dir='ltr' id='par_1_78' title="bbox 1825 3018 3400 3091">
     <span class='ocr_line' id='line_1_79' title="bbox 1825 3018 3400 3091; baseline 0.003 -20"><span class='ocrx_word' id='word_1_520' title='bbox 1825 3019 2043 3089; x_wconf 80' lang='lat' dir='ltr'><strong>gidioris</strong></span> <span class='ocrx_word' id='word_1_521' title='bbox 2068 3023 2319 3088; x_wconf 62' lang='lat' dir='ltr'><strong>praecepti</strong></span> <span class='ocrx_word' id='word_1_522' title='bbox 2348 3018 2644 3089; x_wconf 85' lang='lat' dir='ltr'><strong>diligentia,</strong></span> <span class='ocrx_word' id='word_1_523' title='bbox 2675 3035 2780 3074; x_wconf 90' lang='lat' dir='ltr'><strong>non</strong></span> <span class='ocrx_word' id='word_1_524' title='bbox 2809 3020 3007 3089; x_wconf 89' lang='lat' dir='ltr'><strong>jugiter</strong></span> <span class='ocrx_word' id='word_1_525' title='bbox 3037 3020 3252 3091; x_wconf 88' lang='lat' dir='ltr'><strong>dignum</strong></span> <span class='ocrx_word' id='word_1_526' title='bbox 3277 3020 3400 3076; x_wconf 89' lang='lat' dir='ltr'><strong>facit</strong></span> 
     </span>
    </p>
   </div>
   <div class='ocr_carea' id='block_1_79' title="bbox 1828 3110 3401 3183">
    <p class='ocr_par' dir='ltr' id='par_1_79' title="bbox 1828 3110 3401 3183">
     <span class='ocr_line' id='line_1_80' title="bbox 1828 3110 3401 3183; baseline 0 -16"><span class='ocrx_word' id='word_1_527' title='bbox 1828 3112 2241 3183; x_wconf 88' lang='lat' dir='ltr'><strong>reprehensione</strong></span> <span class='ocrx_word' id='word_1_528' title='bbox 2272 3110 2409 3181; x_wconf 91' lang='lat' dir='ltr'><strong>quod</strong></span> <span class='ocrx_word' id='word_1_529' title='bbox 2454 3111 2619 3167; x_wconf 87' lang='lat' dir='ltr'><strong>libera</strong></span> <span class='ocrx_word' id='word_1_530' title='bbox 2650 3120 2754 3168; x_wconf 91' lang='lat' dir='ltr'><strong>est.</strong></span> <span class='ocrx_word' id='word_1_531' title='bbox 2791 3111 3049 3167; x_wconf 81' lang='lat' dir='ltr'><strong>Redditur</strong></span> <span class='ocrx_word' id='word_1_532' title='bbox 3076 3126 3219 3183; x_wconf 68' lang='lat' dir='ltr'><strong>saepe</strong></span> <span class='ocrx_word' id='word_1_533' title='bbox 3259 3128 3401 3167; x_wconf 53' lang='lat' dir='ltr'><strong>ama.</strong></span> 
     </span>
    </p>
   </div>
   <div class='ocr_carea' id='block_1_80' title="bbox 1826 3266 3401 3342">
    <p class='ocr_par' dir='ltr' id='par_1_80' title="bbox 1826 3266 3401 3342">
     <span class='ocr_line' id='line_1_81' title="bbox 1826 3266 3401 3342; baseline 0 -17"><span class='ocrx_word' id='word_1_534' title='bbox 1826 3271 1905 3342; x_wconf 86' lang='lat' dir='ltr'><strong>los</strong></span> <span class='ocrx_word' id='word_1_535' title='bbox 1935 3268 2419 3342; x_wconf 85' lang='lat' dir='ltr'><strong>notisdistinguam</strong></span> <span class='ocrx_word' id='word_1_536' title='bbox 2447 3268 2606 3325; x_wconf 93' lang='lat' dir='ltr'><strong>ducto</strong></span> <span class='ocrx_word' id='word_1_537' title='bbox 2637 3284 2665 3323; x_wconf 89' lang='lat' dir='ltr'><strong>a</strong></span> <span class='ocrx_word' id='word_1_538' title='bbox 2692 3278 2841 3340; x_wconf 90' lang='lat' dir='ltr'><strong>patre</strong></span> <span class='ocrx_word' id='word_1_539' title='bbox 2871 3266 3181 3342; x_wconf 83' lang='lat' dir='ltr'><strong>Symmachi</strong></span> <span class='ocrx_word' id='word_1_540' title='bbox 3222 3281 3401 3325; x_wconf 84' lang='lat' dir='ltr'><strong>orato-</strong></span> 
     </span>
    </p>
   </div>
   <div class='ocr_carea' id='block_1_81' title="bbox 1824 3339 2387 3397">
    <p class='ocr_par' dir='ltr' id='par_1_81' title="bbox 1824 3339 2387 3397">
     <span class='ocr_line' id='line_1_82' title="bbox 1824 3339 2387 3397; baseline 0 -1"><span class='ocrx_word' id='word_1_541' title='bbox 1824 3341 1900 3397; x_wconf 87' lang='lat' dir='ltr'><strong>ris</strong></span> <span class='ocrx_word' id='word_1_542' title='bbox 1925 3339 2169 3394; x_wconf 82' lang='lat' dir='ltr'><strong>exordio.</strong></span> <span class='ocrx_word' id='word_1_543' title='bbox 2196 3341 2240 3394; x_wconf 88' lang='lat' dir='ltr'><strong>Is</strong></span> <span class='ocrx_word' id='word_1_544' title='bbox 2271 3342 2387 3396; x_wconf 84' lang='lat' dir='ltr'><strong>fuit.</strong></span> 
     </span>
    </p>
   </div>
   <div class='ocr_carea' id='block_1_82' title="bbox 1898 3411 3400 3477">
    <p class='ocr_par' dir='ltr' id='par_1_82' title="bbox 1898 3411 3400 3477">
     <span class='ocr_line' id='line_1_83' title="bbox 1898 3411 3400 3477; baseline 0.001 -11"><span class='ocrx_word' id='word_1_545' title='bbox 1898 3414 1950 3466; x_wconf 90' lang='lat' dir='ltr'><strong>I°</strong></span> <span class='ocrx_word' id='word_1_546' title='bbox 1970 3413 2030 3466; x_wconf 67' lang='grc' dir='ltr'><strong>ι.</strong></span> <span class='ocrx_word' id='word_1_547' title='bbox 2060 3420 2322 3465; x_wconf 74' lang='lat' dir='ltr'><strong>Aunizutts</strong></span> <span class='ocrx_word' id='word_1_548' title='bbox 2354 3415 2589 3465; x_wconf 66' lang='lat' dir='ltr'><strong>AVIANUS</strong></span> <span class='ocrx_word' id='word_1_549' title='bbox 2617 3413 2934 3467; x_wconf 68' lang='lat' dir='ltr'><strong>Svuuacnus</strong></span> <span class='ocrx_word' id='word_1_550' title='bbox 2969 3411 3257 3477; x_wconf 70' lang='lat' dir='ltr'><strong>praefectus</strong></span> <span class='ocrx_word' id='word_1_551' title='bbox 3285 3413 3400 3467; x_wconf 91' lang='lat' dir='ltr'><strong>urbi</strong></span> 
     </span>
    </p>
   </div>
   <div class='ocr_carea' id='block_1_83' title="bbox 1824 3481 3400 3551">
    <p class='ocr_par' dir='ltr' id='par_1_83' title="bbox 1824 3481 3400 3551">
     <span class='ocr_line' id='line_1_84' title="bbox 1824 3481 3400 3551; baseline -0.001 -14"><span class='ocrx_word' id='word_1_552' title='bbox 1824 3499 1962 3540; x_wconf 86' lang='lat' dir='ltr'><strong>anno</strong></span> <span class='ocrx_word' id='word_1_553' title='bbox 2005 3481 2132 3537; x_wconf 66' lang='grc'><strong>564.</strong></span> <span class='ocrx_word' id='word_1_554' title='bbox 2162 3483 2321 3550; x_wconf 83' lang='lat' dir='ltr'><strong>Cujus</strong></span> <span class='ocrx_word' id='word_1_555' title='bbox 2369 3483 2679 3536; x_wconf 88' lang='lat' dir='ltr'><strong>meritorum</strong></span> <span class='ocrx_word' id='word_1_556' title='bbox 2720 3483 2889 3537; x_wconf 87' lang='lat' dir='ltr'><strong>series</strong></span> <span class='ocrx_word' id='word_1_557' title='bbox 2938 3484 3400 3551; x_wconf 78' lang='lat' dir='ltr'><strong>auctoritatisque,</strong></span> 
     </span>
    </p>
   </div>
   <div class='ocr_carea' id='block_1_84' title="bbox 1826 3553 3403 3623">
    <p class='ocr_par' dir='ltr' id='par_1_84' title="bbox 1826 3553 3403 3623">
     <span class='ocr_line' id='line_1_85' title="bbox 1826 3553 3403 3623; baseline 0 -16"><span class='ocrx_word' id='word_1_558' title='bbox 1826 3553 2119 3623; x_wconf 79' lang='lat' dir='ltr'><strong>prudentia:</strong></span> <span class='ocrx_word' id='word_1_559' title='bbox 2164 3563 2215 3607; x_wconf 92' lang='lat' dir='ltr'><strong>et</strong></span> <span class='ocrx_word' id='word_1_560' title='bbox 2258 3553 2579 3622; x_wconf 76' lang='lat' dir='ltr'><strong>eloquentiae</strong></span> <span class='ocrx_word' id='word_1_561' title='bbox 2614 3554 2977 3623; x_wconf 75' lang='lat' dir='ltr'><strong>testiinonium</strong></span> <span class='ocrx_word' id='word_1_562' title='bbox 3022 3554 3071 3607; x_wconf 90' lang='lat' dir='ltr'><strong>in</strong></span> <span class='ocrx_word' id='word_1_563' title='bbox 3105 3565 3291 3609; x_wconf 83' lang='lat' dir='ltr'><strong>statuae</strong></span> <span class='ocrx_word' id='word_1_564' title='bbox 3324 3554 3403 3607; x_wconf 85' lang='lat' dir='ltr'><strong>iti-</strong></span> 
     </span>
    </p>
   </div>
   <div class='ocr_carea' id='block_1_85' title="bbox 1826 3622 3403 3693">
    <p class='ocr_par' dir='ltr' id='par_1_85' title="bbox 1826 3622 3403 3693">
     <span class='ocr_line' id='line_1_86' title="bbox 1826 3622 3403 3693; baseline 0 -14"><span class='ocrx_word' id='word_1_565' title='bbox 1826 3622 2117 3693; x_wconf 69' lang='lat' dir='ltr'><strong>scriptione</strong></span> <span class='ocrx_word' id='word_1_566' title='bbox 2169 3625 2492 3691; x_wconf 87' lang='lat' dir='ltr'><strong>continetur,</strong></span> <span class='ocrx_word' id='word_1_567' title='bbox 2542 3638 2699 3693; x_wconf 87' lang='lat' dir='ltr'><strong>quam</strong></span> <span class='ocrx_word' id='word_1_568' title='bbox 2754 3622 2827 3677; x_wconf 93' lang='lat' dir='ltr'><strong>illi</strong></span> <span class='ocrx_word' id='word_1_569' title='bbox 2880 3624 3169 3691; x_wconf 86' lang='lat' dir='ltr'><strong>duplicent,</strong></span> <span class='ocrx_word' id='word_1_570' title='bbox 3222 3625 3403 3679; x_wconf 56' lang='lat' dir='ltr'><strong>Romae</strong></span> 
     </span>
    </p>
   </div>
   <div class='ocr_carea' id='block_1_86' title="bbox 1824 3694 3400 3763">
    <p class='ocr_par' dir='ltr' id='par_1_86' title="bbox 1824 3694 3400 3763">
     <span class='ocr_line' id='line_1_87' title="bbox 1824 3694 3400 3763; baseline 0.001 -15"><span class='ocrx_word' id='word_1_571' title='bbox 1824 3698 2032 3751; x_wconf 73' lang='lat' dir='ltr'><strong>srilicet</strong></span> <span class='ocrx_word' id='word_1_572' title='bbox 2056 3709 2117 3750; x_wconf 83' lang='lat' dir='ltr'><strong>ac</strong></span> <span class='ocrx_word' id='word_1_573' title='bbox 2140 3695 2629 3763; x_wconf 83' lang='lat' dir='ltr'><strong>Constantinopoli,</strong></span> <span class='ocrx_word' id='word_1_574' title='bbox 2664 3694 2927 3762; x_wconf 83' lang='lat' dir='ltr'><strong>principes</strong></span> <span class='ocrx_word' id='word_1_575' title='bbox 2954 3698 3076 3762; x_wconf 89' lang='lat' dir='ltr'><strong>poni</strong></span> <span class='ocrx_word' id='word_1_576' title='bbox 3106 3699 3400 3759; x_wconf 84' lang='lat' dir='ltr'><strong>jusserunt.</strong></span> 
     </span>
    </p>
   </div>
   <div class='ocr_carea' id='block_1_87' title="bbox 1828 3766 3405 3833">
    <p class='ocr_par' dir='ltr' id='par_1_87' title="bbox 1828 3766 3405 3833">
     <span class='ocr_line' id='line_1_88' title="bbox 1828 3766 3405 3833; baseline -0.001 -12"><span class='ocrx_word' id='word_1_577' title='bbox 1828 3767 2009 3821; x_wconf 80' lang='lat' dir='ltr'><strong>Virmn</strong></span> <span class='ocrx_word' id='word_1_578' title='bbox 2034 3767 2251 3820; x_wconf 88' lang='lat' dir='ltr'><strong>doctum</strong></span> <span class='ocrx_word' id='word_1_579' title='bbox 2277 3777 2327 3819; x_wconf 89' lang='lat' dir='ltr'><strong>et</strong></span> <span class='ocrx_word' id='word_1_580' title='bbox 2358 3766 2656 3818; x_wconf 86' lang='lat' dir='ltr'><strong>modestum</strong></span> <span class='ocrx_word' id='word_1_581' title='bbox 2689 3767 2919 3833; x_wconf 80' lang='lat' dir='ltr'><strong>appellat</strong></span> <span class='ocrx_word' id='word_1_582' title='bbox 2942 3767 3283 3820; x_wconf 84' lang='lat' dir='ltr'><strong>Marcellinus</strong></span> <span class='ocrx_word' id='word_1_583' title='bbox 3310 3768 3405 3819; x_wconf 72' lang='lat' dir='ltr'><strong>Ite-</strong></span> 
     </span>
    </p>
   </div>
   <div class='ocr_carea' id='block_1_88' title="bbox 1829 3834 3405 3906">
    <p class='ocr_par' dir='ltr' id='par_1_88' title="bbox 1829 3834 3405 3906">
     <span class='ocr_line' id='line_1_89' title="bbox 1829 3834 3405 3906; baseline 0 -15"><span class='ocrx_word' id='word_1_584' title='bbox 1829 3854 1943 3891; x_wconf 91' lang='lat' dir='ltr'><strong>rum</strong></span> <span class='ocrx_word' id='word_1_585' title='bbox 1972 3846 2238 3906; x_wconf 85' lang='lat' dir='ltr'><strong>gestarum</strong></span> <span class='ocrx_word' id='word_1_586' title='bbox 2278 3836 2371 3889; x_wconf 92' lang='lat' dir='ltr'><strong>lib.</strong></span> <span class='ocrx_word' id='word_1_587' title='bbox 2407 3852 2566 3888; x_wconf 71' lang='lat' dir='ltr'><strong>xxvn.</strong></span> <span class='ocrx_word' id='word_1_588' title='bbox 2600 3834 2703 3889; x_wconf 87' lang='lat' dir='ltr'><strong>Sed</strong></span> <span class='ocrx_word' id='word_1_589' title='bbox 2734 3836 2849 3902; x_wconf 90' lang='lat' dir='ltr'><strong>ejus</strong></span> <span class='ocrx_word' id='word_1_590' title='bbox 2880 3845 3056 3890; x_wconf 72' lang='lat' dir='ltr'><strong>exstat</strong></span> <span class='ocrx_word' id='word_1_591' title='bbox 3096 3842 3247 3889; x_wconf 40' lang='lat' dir='ltr'><strong>unica</strong></span> <span class='ocrx_word' id='word_1_592' title='bbox 3294 3838 3405 3905; x_wconf 84' lang='lat' dir='ltr'><strong>epi-</strong></span> 
     </span>
    </p>
   </div>
   <div class='ocr_carea' id='block_1_89' title="bbox 1828 3907 3401 3977">
    <p class='ocr_par' dir='ltr' id='par_1_89' title="bbox 1828 3907 3401 3977">
     <span class='ocr_line' id='line_1_90' title="bbox 1828 3907 3401 3977; baseline -0.001 -17"><span class='ocrx_word' id='word_1_593' title='bbox 1828 3911 1965 3962; x_wconf 67' lang='lat' dir='ltr'><strong>stola</strong></span> <span class='ocrx_word' id='word_1_594' title='bbox 1997 3907 2065 3961; x_wconf 86' lang='lat' dir='ltr'><strong>ad</strong></span> <span class='ocrx_word' id='word_1_595' title='bbox 2096 3908 2476 3977; x_wconf 83' lang='lat' dir='ltr'><strong>Symmachum</strong></span> <span class='ocrx_word' id='word_1_596' title='bbox 2504 3907 2668 3959; x_wconf 87' lang='lat' dir='ltr'><strong>lilittm</strong></span> <span class='ocrx_word' id='word_1_597' title='bbox 2693 3922 2812 3977; x_wconf 85' lang='lat' dir='ltr'><strong>cum</strong></span> <span class='ocrx_word' id='word_1_598' title='bbox 2840 3907 3020 3974; x_wconf 87' lang='lat' dir='ltr'><strong>paucis</strong></span> <span class='ocrx_word' id='word_1_599' title='bbox 3049 3908 3401 3974; x_wconf 84' lang='lat' dir='ltr'><strong>epigramma-</strong></span> 
     </span>
    </p>
   </div>
   <div class='ocr_carea' id='block_1_90' title="bbox 1833 3972 3406 4049">
    <p class='ocr_par' dir='ltr' id='par_1_90' title="bbox 1833 3972 3406 4049">
     <span class='ocr_line' id='line_1_91' title="bbox 1833 3972 3406 4049; baseline -0.001 -17"><span class='ocrx_word' id='word_1_600' title='bbox 1833 3978 1925 4044; x_wconf 90' lang='lat' dir='ltr'><strong>tis,</strong></span> <span class='ocrx_word' id='word_1_601' title='bbox 1955 3993 2073 4049; x_wconf 72' lang='lat' dir='ltr'><strong>qua:</strong></span> <span class='ocrx_word' id='word_1_602' title='bbox 2101 3972 2385 4049; x_wconf 79' lang='lat' dir='ltr'><strong>supersunt</strong></span> <span class='ocrx_word' id='word_1_603' title='bbox 2421 3992 2483 4030; x_wconf 82' lang='lat' dir='ltr'><strong>ex</strong></span> <span class='ocrx_word' id='word_1_604' title='bbox 2518 3976 2580 4030; x_wconf 83' lang='lat' dir='ltr'><strong>iis</strong></span> <span class='ocrx_word' id='word_1_605' title='bbox 2632 3988 2752 4046; x_wconf 70' lang='lat' dir='ltr'><strong>qurc</strong></span> <span class='ocrx_word' id='word_1_606' title='bbox 2782 3972 3406 4046; x_wconf 24' lang='lat' dir='ltr'><strong>in’octogintaillustres</strong></span> 
     </span>
    </p>
   </div>
   <div class='ocr_carea' id='block_1_91' title="bbox 1830 4048 2724 4116">
    <p class='ocr_par' dir='ltr' id='par_1_91' title="bbox 1830 4048 2724 4116">
     <span class='ocr_line' id='line_1_92' title="bbox 1830 4048 2724 4116; baseline -0.002 -13"><span class='ocrx_word' id='word_1_607' title='bbox 1830 4050 1908 4103; x_wconf 84' lang='lat' dir='ltr'><strong>sui</strong></span> <span class='ocrx_word' id='word_1_608' title='bbox 1934 4049 2111 4103; x_wconf 71' lang='lat' dir='ltr'><strong>Smculi</strong></span> <span class='ocrx_word' id='word_1_609' title='bbox 2145 4048 2290 4101; x_wconf 84' lang='lat' dir='ltr'><strong>viros</strong></span> <span class='ocrx_word' id='word_1_610' title='bbox 2311 4049 2724 4116; x_wconf 85' lang='lat' dir='ltr'><strong>conscripserat.</strong></span> 
     </span>
    </p>
   </div>
   <div class='ocr_carea' id='block_1_92' title="bbox 1900 4115 3408 4188">
    <p class='ocr_par' dir='ltr' id='par_1_92' title="bbox 1900 4115 3408 4188">
     <span class='ocr_line' id='line_1_93' title="bbox 1900 4115 3408 4188; baseline 0.001 -17"><span class='ocrx_word' id='word_1_611' title='bbox 1900 4120 1956 4171; x_wconf 70' lang='lat'><strong>2°</strong></span> <span class='ocrx_word' id='word_1_612' title='bbox 1979 4120 2043 4188; x_wconf 85' lang='lat' dir='ltr'><strong>Q.</strong></span> <span class='ocrx_word' id='word_1_613' title='bbox 2077 4124 2343 4175; x_wconf 75' lang='lat' dir='ltr'><strong>AURELIUS</strong></span> <span class='ocrx_word' id='word_1_614' title='bbox 2399 4115 2721 4173; x_wconf 68' lang='lat' dir='ltr'><strong>Si&#39;itiiacnus</strong></span> <span class='ocrx_word' id='word_1_615' title='bbox 2770 4115 2830 4172; x_wconf 73' lang='grc' dir='ltr'><strong>ι.</strong></span> <span class='ocrx_word' id='word_1_616' title='bbox 2882 4117 2943 4171; x_wconf 83' lang='lat' dir='ltr'><strong>F.</strong></span> <span class='ocrx_word' id='word_1_617' title='bbox 2973 4128 3207 4188; x_wconf 90' lang='lat' dir='ltr'><strong>orator;</strong></span> <span class='ocrx_word' id='word_1_618' title='bbox 3257 4116 3408 4186; x_wconf 87' lang='lat' dir='ltr'><strong>cujus</strong></span> 
     </span>
    </p>
   </div>
   <div class='ocr_carea' id='block_1_93' title="bbox 1835 4186 3408 4260">
    <p class='ocr_par' dir='ltr' id='par_1_93' title="bbox 1835 4186 3408 4260">
     <span class='ocr_line' id='line_1_94' title="bbox 1835 4186 3408 4260; baseline -0.001 -14"><span class='ocrx_word' id='word_1_619' title='bbox 1835 4186 2193 4260; x_wconf 81' lang='lat' dir='ltr'><strong>Epistolarum</strong></span> <span class='ocrx_word' id='word_1_620' title='bbox 2227 4191 2318 4243; x_wconf 91' lang='lat' dir='ltr'><strong>lib.</strong></span> <span class='ocrx_word' id='word_1_621' title='bbox 2352 4206 2400 4244; x_wconf 80' lang='lat' dir='ltr'><strong>ix</strong></span> <span class='ocrx_word' id='word_1_622' title='bbox 2430 4204 2492 4243; x_wconf 89' lang='lat' dir='ltr'><strong>ac</strong></span> <span class='ocrx_word' id='word_1_623' title='bbox 2533 4188 2770 4245; x_wconf 85' lang='lat' dir='ltr'><strong>decimus</strong></span> <span class='ocrx_word' id='word_1_624' title='bbox 2811 4186 3149 4260; x_wconf 80' lang='lat' dir='ltr'><strong>Relationnm</strong></span> <span class='ocrx_word' id='word_1_625' title='bbox 3194 4205 3326 4258; x_wconf 90' lang='lat' dir='ltr'><strong>quas</strong></span> <span class='ocrx_word' id='word_1_626' title='bbox 3357 4191 3408 4244; x_wconf 91' lang='lat' dir='ltr'><strong>in</strong></span> 
     </span>
    </p>
   </div>
   <div class='ocr_carea' id='block_1_94' title="bbox 1870 4256 3407 4330">
    <p class='ocr_par' dir='ltr' id='par_1_94' title="bbox 1870 4256 3407 4330">
     <span class='ocr_line' id='line_1_95' title="bbox 1870 4256 3407 4330; baseline -0.001 -14"><span class='ocrx_word' id='word_1_627' title='bbox 1870 4256 2146 4316; x_wconf 71' lang='lat' dir='ltr'><strong>rchectura</strong></span> <span class='ocrx_word' id='word_1_628' title='bbox 2178 4260 2374 4316; x_wconf 88' lang='lat' dir='ltr'><strong>urbana</strong></span> <span class='ocrx_word' id='word_1_629' title='bbox 2406 4260 2655 4330; x_wconf 86' lang='lat' dir='ltr'><strong>scripsit:</strong></span> <span class='ocrx_word' id='word_1_630' title='bbox 2685 4260 2736 4315; x_wconf 94' lang='lat' dir='ltr'><strong>in</strong></span> <span class='ocrx_word' id='word_1_631' title='bbox 2772 4256 2964 4329; x_wconf 91' lang='lat' dir='ltr'><strong>quibus</strong></span> <span class='ocrx_word' id='word_1_632' title='bbox 2993 4269 3046 4315; x_wconf 93' lang='lat' dir='ltr'><strong>et</strong></span> <span class='ocrx_word' id='word_1_633' title='bbox 3074 4256 3275 4313; x_wconf 79' lang='lat' dir='ltr'><strong>famosa</strong></span> <span class='ocrx_word' id='word_1_634' title='bbox 3319 4276 3407 4314; x_wconf 87' lang='lat' dir='ltr'><strong>re-</strong></span> 
     </span>
    </p>
   </div>
   <div class='ocr_carea' id='block_1_95' title="bbox 1856 4331 3409 4401">
    <p class='ocr_par' dir='ltr' id='par_1_95' title="bbox 1856 4331 3409 4401">
     <span class='ocr_line' id='line_1_96' title="bbox 1856 4331 3409 4401; baseline 0 -17"><span class='ocrx_word' id='word_1_635' title='bbox 1856 4334 1963 4387; x_wconf 87' lang='lat' dir='ltr'><strong>atio</strong></span> <span class='ocrx_word' id='word_1_636' title='bbox 2004 4332 2069 4386; x_wconf 89' lang='lat' dir='ltr'><strong>de</strong></span> <span class='ocrx_word' id='word_1_637' title='bbox 2100 4348 2188 4386; x_wconf 89' lang='lat' dir='ltr'><strong>ara</strong></span> <span class='ocrx_word' id='word_1_638' title='bbox 2242 4332 2488 4385; x_wconf 61' lang='lat' dir='ltr'><strong>Victoriae</strong></span> <span class='ocrx_word' id='word_1_639' title='bbox 2538 4331 2750 4401; x_wconf 87' lang='lat' dir='ltr'><strong>legitur,</strong></span> <span class='ocrx_word' id='word_1_640' title='bbox 2778 4332 2862 4386; x_wconf 93' lang='lat' dir='ltr'><strong>cui</strong></span> <span class='ocrx_word' id='word_1_641' title='bbox 2905 4332 2963 4387; x_wconf 90' lang='lat' dir='ltr'><strong>S.</strong></span> <span class='ocrx_word' id='word_1_642' title='bbox 2998 4331 3310 4401; x_wconf 85' lang='lat' dir='ltr'><strong>Ambrosius</strong></span> <span class='ocrx_word' id='word_1_643' title='bbox 3357 4341 3409 4384; x_wconf 91' lang='lat' dir='ltr'><strong>et</strong></span> 
     </span>
    </p>
   </div>
   <div class='ocr_carea' id='block_1_96' title="bbox 1834 4400 3409 4466">
    <p class='ocr_par' dir='ltr' id='par_1_96' title="bbox 1834 4400 3409 4466">
     <span class='ocr_line' id='line_1_97' title="bbox 1834 4400 3409 4466; baseline -0.001 -9"><span class='ocrx_word' id='word_1_644' title='bbox 1834 4402 2153 4457; x_wconf 84' lang='lat' dir='ltr'><strong>Prudentius</strong></span> <span class='ocrx_word' id='word_1_645' title='bbox 2217 4400 2627 4466; x_wconf 56' lang='lat' dir='ltr'><strong>restiondcruni.</strong></span> <span class='ocrx_word' id='word_1_646' title='bbox 2687 4401 2974 4456; x_wconf 82' lang='lat' dir='ltr'><strong>Proconsul</strong></span> <span class='ocrx_word' id='word_1_647' title='bbox 3027 4401 3167 4455; x_wconf 88' lang='lat' dir='ltr'><strong>enini</strong></span> <span class='ocrx_word' id='word_1_648' title='bbox 3218 4400 3409 4455; x_wconf 77' lang='lat' dir='ltr'><strong>Africa:</strong></span> 
     </span>
    </p>
   </div>
   <div class='ocr_carea' id='block_1_97' title="bbox 1838 4468 3410 4542">
    <p class='ocr_par' dir='ltr' id='par_1_97' title="bbox 1838 4468 3410 4542">
     <span class='ocr_line' id='line_1_98' title="bbox 1838 4468 3410 4542; baseline -0.002 -14"><span class='ocrx_word' id='word_1_649' title='bbox 1838 4475 1932 4529; x_wconf 85' lang='lat' dir='ltr'><strong>fuit</strong></span> <span class='ocrx_word' id='word_1_650' title='bbox 1958 4489 2097 4527; x_wconf 86' lang='lat' dir='ltr'><strong>anno</strong></span> <span class='ocrx_word' id='word_1_651' title='bbox 2129 4474 2253 4535; x_wconf 72' lang='lat'><strong>370,</strong></span> <span class='ocrx_word' id='word_1_652' title='bbox 2287 4474 2568 4542; x_wconf 68' lang='lat' dir='ltr'><strong>praefectus</strong></span> <span class='ocrx_word' id='word_1_653' title='bbox 2602 4468 2727 4527; x_wconf 86' lang='lat' dir='ltr'><strong>Urbi</strong></span> <span class='ocrx_word' id='word_1_654' title='bbox 2778 4486 2918 4526; x_wconf 86' lang='lat' dir='ltr'><strong>anno</strong></span> <span class='ocrx_word' id='word_1_655' title='bbox 2948 4470 3074 4537; x_wconf 70' lang='grc'><strong>584,</strong></span> <span class='ocrx_word' id='word_1_656' title='bbox 3102 4468 3285 4526; x_wconf 90' lang='lat' dir='ltr'><strong>consul</strong></span> <span class='ocrx_word' id='word_1_657' title='bbox 3320 4472 3410 4525; x_wconf 79' lang='lat' dir='ltr'><strong>ilc-</strong></span> 
     </span>
    </p>
   </div>
   <div class='ocr_carea' id='block_1_98' title="bbox 153 4540 3409 4636">
    <p class='ocr_par' dir='ltr' id='par_1_98' title="bbox 153 4540 3409 4636">
     <span class='ocr_line' id='line_1_99' title="bbox 153 4540 3409 4636; baseline 0.001 -43"><span class='ocrx_word' id='word_1_658' title='bbox 153 4546 346 4622; x_wconf 74' lang='lat' dir='ltr'><strong>peuitus</strong></span> <span class='ocrx_word' id='word_1_659' title='bbox 385 4540 618 4636; x_wconf 62' lang='lat' dir='ltr'><strong>repudiet</strong></span> <span class='ocrx_word' id='word_1_660' title='bbox 644 4583 659 4605; x_wconf 90' lang='lat'><strong>,</strong></span> <span class='ocrx_word' id='word_1_661' title='bbox 686 4550 735 4636; x_wconf 60' lang='lat' dir='ltr'><strong>et</strong></span> <span class='ocrx_word' id='word_1_662' title='bbox 769 4555 877 4636; x_wconf 40' lang='lat' dir='ltr'><strong>[non</strong></span> <span class='ocrx_word' id='word_1_663' title='bbox 910 4540 1117 4636; x_wconf 65' lang='lat' dir='ltr'><strong>canibus</strong></span> <span class='ocrx_word' id='word_1_664' title='bbox 1165 4549 1251 4593; x_wconf 85' lang='lat' dir='ltr'><strong>aut</strong></span> <span class='ocrx_word' id='word_1_665' title='bbox 1296 4540 1625 4623; x_wconf 65' lang='lat' dir='ltr'><strong>accipitiiltus</strong></span> <span class='ocrx_word' id='word_1_666' title='bbox 1655 4548 1729 4599; x_wconf 78' lang='lat' dir='ltr'><strong>vel</strong></span> <span class='ocrx_word' id='word_1_667' title='bbox 1756 4575 1809 4636; x_wconf 65' lang='grc' dir='ltr'><strong>Β</strong></span> <span class='ocrx_word' id='word_1_668' title='bbox 1836 4550 1997 4636; x_wconf 62' lang='lat' dir='ltr'><strong>iiique</strong></span> <span class='ocrx_word' id='word_1_669' title='bbox 2022 4540 2512 4636; x_wconf 37' lang='lat' dir='ltr'><strong>.ordi‘i‘ia&#39;rinsmcum</strong></span> <span class='ocrx_word' id='word_1_670' title='bbox 2544 4542 2766 4636; x_wconf 75' lang='lat' dir='ltr'><strong>&#39;I‘atiapo</strong></span> <span class='ocrx_word' id='word_1_671' title='bbox 2813 4558 2953 4636; x_wconf 55' lang='lat' dir='ltr'><strong>anni}</strong></span> <span class='ocrx_word' id='word_1_672' title='bbox 2997 4542 3302 4636; x_wconf 46' lang='lat' dir='ltr'><strong>39l.vl&#39;xor</strong></span> <span class='ocrx_word' id='word_1_673' title='bbox 3334 4543 3409 4597; x_wconf 92' lang='lat' dir='ltr'><strong>illi</strong></span> 
     </span>
    </p>
   </div>
   <div class='ocr_carea' id='block_1_99' title="bbox 154 4611 1728 4683">
    <p class='ocr_par' dir='ltr' id='par_1_99' title="bbox 154 4611 1728 4683">
     <span class='ocr_line' id='line_1_100' title="bbox 154 4611 1728 4683; baseline 0.003 -20"><span class='ocrx_word' id='word_1_674' title='bbox 154 4616 309 4683; x_wconf 73' lang='lat' dir='ltr'><strong>capis,</strong></span> <span class='ocrx_word' id='word_1_675' title='bbox 335 4611 458 4681; x_wconf 79' lang='lat' dir='ltr'><strong>quos</strong></span> <span class='ocrx_word' id='word_1_676' title='bbox 501 4613 679 4683; x_wconf 80' lang='lat' dir='ltr'><strong>vulgus</strong></span> <span class='ocrx_word' id='word_1_677' title='bbox 707 4611 930 4681; x_wconf 79' lang='lat' dir='ltr'><strong>falcones</strong></span> <span class='ocrx_word' id='word_1_678' title='bbox 962 4620 1128 4677; x_wconf 82' lang='lat' dir='ltr'><strong>vocat,</strong></span> <span class='ocrx_word' id='word_1_679' title='bbox 1162 4627 1249 4680; x_wconf 78' lang='lat' dir='ltr'><strong>per</strong></span> <span class='ocrx_word' id='word_1_680' title='bbox 1274 4628 1327 4665; x_wconf 84' lang='lat' dir='ltr'><strong>se</strong></span> <span class='ocrx_word' id='word_1_681' title='bbox 1368 4612 1533 4683; x_wconf 80' lang='lat' dir='ltr'><strong>ipsum</strong></span> <span class='ocrx_word' id='word_1_682' title='bbox 1580 4632 1728 4668; x_wconf 76' lang='lat' dir='ltr'><strong>vena-</strong></span> 
     </span>
    </p>
   </div>
   <div class='ocr_carea' id='block_1_100' title="bbox 154 4682 576 4737">
    <p class='ocr_par' dir='ltr' id='par_1_100' title="bbox 154 4682 576 4737">
     <span class='ocr_line' id='line_1_101' title="bbox 154 4682 576 4737; baseline 0.002 -2"><span class='ocrx_word' id='word_1_683' title='bbox 154 4682 305 4736; x_wconf 79' lang='lat' dir='ltr'><strong>tiones</strong></span> <span class='ocrx_word' id='word_1_684' title='bbox 333 4693 576 4737; x_wconf 75' lang='lat' dir='ltr'><strong>exerceat.</strong></span> 
     </span>
    </p>
   </div>
   <div class='ocr_carea' id='block_1_101' title="bbox 218 4750 1729 4826">
    <p class='ocr_par' dir='ltr' id='par_1_101' title="bbox 218 4750 1729 4826">
     <span class='ocr_line' id='line_1_102' title="bbox 218 4750 1729 4826; baseline 0.002 -20"><span class='ocrx_word' id='word_1_685' title='bbox 218 4755 237 4786; x_wconf 81' lang='lat'><strong>’</strong></span> <span class='ocrx_word' id='word_1_686' title='bbox 272 4754 516 4807; x_wconf 84' lang='lat' dir='ltr'><strong>Producit</strong></span> <span class='ocrx_word' id='word_1_687' title='bbox 536 4750 869 4826; x_wconf 81' lang='lat' dir='ltr'><strong>magnitudo]</strong></span> <span class='ocrx_word' id='word_1_688' title='bbox 911 4754 1271 4826; x_wconf 69' lang='lat' dir='ltr'><strong>Septeniqnte</strong></span> <span class='ocrx_word' id='word_1_689' title='bbox 1301 4766 1597 4822; x_wconf 89' lang='lat' dir='ltr'><strong>sequuntur</strong></span> <span class='ocrx_word' id='word_1_690' title='bbox 1618 4755 1729 4823; x_wconf 85' lang='lat' dir='ltr'><strong>epi-</strong></span> 
     </span>
    </p>
   </div>
   <div class='ocr_carea' id='block_1_102' title="bbox 159 4822 1730 4897">
    <p class='ocr_par' dir='ltr' id='par_1_102' title="bbox 159 4822 1730 4897">
     <span class='ocr_line' id='line_1_103' title="bbox 159 4822 1730 4897; baseline 0.001 -18"><span class='ocrx_word' id='word_1_691' title='bbox 159 4827 304 4879; x_wconf 69' lang='lat' dir='ltr'><strong>stola:</strong></span> <span class='ocrx_word' id='word_1_692' title='bbox 334 4826 706 4880; x_wconf 88' lang='lat' dir='ltr'><strong>desiderantur</strong></span> <span class='ocrx_word' id='word_1_693' title='bbox 756 4823 809 4879; x_wconf 93' lang='lat' dir='ltr'><strong>in</strong></span> <span class='ocrx_word' id='word_1_694' title='bbox 851 4822 1247 4895; x_wconf 76' lang='lat' dir='ltr'><strong>cxctnplaiibus</strong></span> <span class='ocrx_word' id='word_1_695' title='bbox 1277 4827 1469 4897; x_wconf 89' lang='lat' dir='ltr'><strong>quibus</strong></span> <span class='ocrx_word' id='word_1_696' title='bbox 1515 4826 1591 4881; x_wconf 88' lang='lat' dir='ltr'><strong>usi</strong></span> <span class='ocrx_word' id='word_1_697' title='bbox 1639 4822 1730 4881; x_wconf 70' lang='lat' dir='ltr'><strong>Su-</strong></span> 
     </span>
    </p>
   </div>
   <div class='ocr_carea' id='block_1_103' title="bbox 157 4912 291 4949">
    <p class='ocr_par' dir='ltr' id='par_1_103' title="bbox 157 4912 291 4949">
     <span class='ocr_line' id='line_1_104' title="bbox 157 4912 291 4949; baseline -0.03 0"><span class='ocrx_word' id='word_1_698' title='bbox 157 4912 291 4949; x_wconf 36' lang='lat' dir='ltr'><strong>mus</strong></span> 
     </span>
    </p>
   </div>
   <div class='ocr_carea' id='block_1_104' title="bbox 221 4962 1722 5038">
    <p class='ocr_par' dir='ltr' id='par_1_104' title="bbox 221 4962 1722 5038">
     <span class='ocr_line' id='line_1_105' title="bbox 221 4962 1722 5038; baseline -0.001 -16"><span class='ocrx_word' id='word_1_699' title='bbox 221 4968 242 4997; x_wconf 85' lang='grc'><strong>⁸</strong></span> <span class='ocrx_word' id='word_1_700' title='bbox 264 4964 606 5038; x_wconf 71' lang='lat' dir='ltr'><strong>Symmacho]</strong></span> <span class='ocrx_word' id='word_1_701' title='bbox 625 4962 740 5020; x_wconf 77' lang='lat' dir='ltr'><strong>Non</strong></span> <span class='ocrx_word' id='word_1_702' title='bbox 764 4981 934 5038; x_wconf 65' lang='lat' dir='ltr'><strong>papae,</strong></span> <span class='ocrx_word' id='word_1_703' title='bbox 951 4966 1041 5020; x_wconf 88' lang='lat' dir='ltr'><strong>sed</strong></span> <span class='ocrx_word' id='word_1_704' title='bbox 1058 4966 1299 5038; x_wconf 83' lang='lat' dir='ltr'><strong>patricio.</strong></span> <span class='ocrx_word' id='word_1_705' title='bbox 1314 4981 1504 5038; x_wconf 66' lang='lat' dir='ltr'><strong>socero</strong></span> <span class='ocrx_word' id='word_1_706' title='bbox 1524 4970 1689 5023; x_wconf 84' lang='lat' dir='ltr'><strong>Boetii</strong></span> <span class='ocrx_word' id='word_1_707' title='bbox 1713 4989 1722 5021; x_wconf 95' lang='lat'>:</span> 
     </span>
    </p>
   </div>
   <div class='ocr_carea' id='block_1_105' title="bbox 159 5035 1721 5107">
    <p class='ocr_par' dir='ltr' id='par_1_105' title="bbox 159 5035 1721 5107">
     <span class='ocr_line' id='line_1_106' title="bbox 159 5035 1721 5107; baseline 0.001 -18"><span class='ocrx_word' id='word_1_708' title='bbox 159 5039 241 5107; x_wconf 92' lang='lat' dir='ltr'><strong>qui</strong></span> <span class='ocrx_word' id='word_1_709' title='bbox 274 5035 419 5091; x_wconf 70' lang='lat' dir='ltr'><strong>illum</strong></span> <span class='ocrx_word' id='word_1_710' title='bbox 465 5039 567 5091; x_wconf 85' lang='lat' dir='ltr'><strong>hoc</strong></span> <span class='ocrx_word' id='word_1_711' title='bbox 590 5035 761 5091; x_wconf 58' lang='lat' dir='ltr'><strong>&#39;ornat</strong></span> <span class='ocrx_word' id='word_1_712' title='bbox 800 5037 979 5107; x_wconf 84' lang='lat' dir='ltr'><strong>elogio</strong></span> <span class='ocrx_word' id='word_1_713' title='bbox 1014 5036 1105 5091; x_wconf 86' lang='lat' dir='ltr'><strong>lib.</strong></span> <span class='ocrx_word' id='word_1_714' title='bbox 1135 5050 1167 5090; x_wconf 93' lang='lat' dir='ltr'><strong>tt</strong></span> <span class='ocrx_word' id='word_1_715' title='bbox 1199 5036 1264 5091; x_wconf 84' lang='lat' dir='ltr'><strong>de</strong></span> <span class='ocrx_word' id='word_1_716' title='bbox 1300 5035 1721 5107; x_wconf 71' lang='lat' dir='ltr'><strong>Consolatione:</strong></span> 
     </span>
    </p>
   </div>
   <div class='ocr_carea' id='block_1_106' title="bbox 160 5101 1725 5179">
    <p class='ocr_par' dir='ltr' id='par_1_106' title="bbox 160 5101 1725 5179">
     <span class='ocr_line' id='line_1_107' title="bbox 160 5101 1725 5179; baseline 0 -18"><span class='ocrx_word' id='word_1_717' title='bbox 160 5101 304 5178; x_wconf 60' lang='lat' dir='ltr'><strong>Atqui</strong></span> <span class='ocrx_word' id='word_1_718' title='bbox 329 5110 453 5179; x_wconf 80' lang='lat' dir='ltr'><strong>riget</strong></span> <span class='ocrx_word' id='word_1_719' title='bbox 474 5108 741 5179; x_wconf 77' lang='lat' dir='ltr'><strong>incolumis</strong></span> <span class='ocrx_word' id='word_1_720' title='bbox 768 5101 918 5160; x_wconf 26' lang='lat' dir='ltr'><strong>illud&quot;</strong></span> <span class='ocrx_word' id='word_1_721' title='bbox 939 5101 1363 5177; x_wconf 72' lang='lat' dir='ltr'><strong>pretiosissimum</strong></span> <span class='ocrx_word' id='word_1_722' title='bbox 1393 5112 1587 5178; x_wconf 75' lang='lat' dir='ltr'><strong>generis</strong></span> <span class='ocrx_word' id='word_1_723' title='bbox 1628 5110 1725 5162; x_wconf 81' lang='lat' dir='ltr'><strong>Itu-</strong></span> 
     </span>
    </p>
   </div>
   <div class='ocr_carea' id='block_1_107' title="bbox 158 5178 1723 5249">
    <p class='ocr_par' dir='ltr' id='par_1_107' title="bbox 158 5178 1723 5249">
     <span class='ocr_line' id='line_1_108' title="bbox 158 5178 1723 5249; baseline 0.001 -16"><span class='ocrx_word' id='word_1_724' title='bbox 158 5183 288 5233; x_wconf 85' lang='lat' dir='ltr'><strong>mani</strong></span> <span class='ocrx_word' id='word_1_725' title='bbox 315 5178 488 5245; x_wconf 81' lang='lat' dir='ltr'><strong>decus,</strong></span> <span class='ocrx_word' id='word_1_726' title='bbox 523 5178 865 5249; x_wconf 78' lang='lat' dir='ltr'><strong>Symmachus</strong></span> <span class='ocrx_word' id='word_1_727' title='bbox 894 5195 1053 5244; x_wconf 73' lang='lat' dir='ltr'><strong>socer,</strong></span> <span class='ocrx_word' id='word_1_728' title='bbox 1071 5190 1114 5231; x_wconf 87' lang='lat' dir='ltr'><strong>et</strong></span> <span class='ocrx_word' id='word_1_729' title='bbox 1142 5180 1277 5247; x_wconf 87' lang='lat' dir='ltr'><strong>quod</strong></span> <span class='ocrx_word' id='word_1_730' title='bbox 1300 5182 1412 5233; x_wconf 78' lang='lat' dir='ltr'><strong>vita:</strong></span> <span class='ocrx_word' id='word_1_731' title='bbox 1441 5184 1601 5249; x_wconf 83' lang='lat' dir='ltr'><strong>pretio</strong></span> <span class='ocrx_word' id='word_1_732' title='bbox 1623 5199 1723 5235; x_wconf 84' lang='lat' dir='ltr'><strong>non</strong></span> 
     </span>
    </p>
   </div>
   <div class='ocr_carea' id='block_1_108' title="bbox 157 5251 1723 5323">
    <p class='ocr_par' dir='ltr' id='par_1_108' title="bbox 157 5251 1723 5323">
     <span class='ocr_line' id='line_1_109' title="bbox 157 5251 1723 5323; baseline 0.001 -18"><span class='ocrx_word' id='word_1_733' title='bbox 157 5254 316 5323; x_wconf 75' lang='lat' dir='ltr'><strong>segnis</strong></span> <span class='ocrx_word' id='word_1_734' title='bbox 346 5266 555 5314; x_wconf 80' lang='lat' dir='ltr'><strong>emeres,</strong></span> <span class='ocrx_word' id='word_1_735' title='bbox 582 5251 656 5303; x_wconf 81' lang='lat' dir='ltr'><strong>vir</strong></span> <span class='ocrx_word' id='word_1_736' title='bbox 684 5260 820 5302; x_wconf 88' lang='lat' dir='ltr'><strong>totus</strong></span> <span class='ocrx_word' id='word_1_737' title='bbox 846 5266 908 5323; x_wconf 75' lang='lat' dir='ltr'><strong>ea:</strong></span> <span class='ocrx_word' id='word_1_738' title='bbox 938 5251 1184 5320; x_wconf 83' lang='lat' dir='ltr'><strong>sapientia</strong></span> <span class='ocrx_word' id='word_1_739' title='bbox 1221 5252 1581 5320; x_wconf 74' lang='lat' dir='ltr'><strong>virtutibusque</strong></span> <span class='ocrx_word' id='word_1_740' title='bbox 1612 5254 1723 5320; x_wconf 77' lang='lat' dir='ltr'><strong>[uc-</strong></span> 
     </span>
    </p>
   </div>
   <div class='ocr_carea' id='block_1_109' title="bbox 160 5322 1725 5393">
    <p class='ocr_par' dir='ltr' id='par_1_109' title="bbox 160 5322 1725 5393">
     <span class='ocr_line' id='line_1_110' title="bbox 160 5322 1725 5393; baseline 0.002 -21"><span class='ocrx_word' id='word_1_741' title='bbox 160 5322 250 5387; x_wconf 65' lang='grc' dir='ltr'><strong>με,</strong></span> <span class='ocrx_word' id='word_1_742' title='bbox 276 5338 489 5376; x_wconf 80' lang='lat' dir='ltr'><strong>suorum</strong></span> <span class='ocrx_word' id='word_1_743' title='bbox 503 5337 711 5374; x_wconf 83' lang='lat' dir='ltr'><strong>securus</strong></span> <span class='ocrx_word' id='word_1_744' title='bbox 730 5323 830 5373; x_wconf 80' lang='lat' dir='ltr'><strong>tuis</strong></span> <span class='ocrx_word' id='word_1_745' title='bbox 860 5322 1138 5391; x_wconf 80' lang='lat' dir='ltr'><strong>ingemiscit</strong></span> <span class='ocrx_word' id='word_1_746' title='bbox 1170 5323 1395 5393; x_wconf 79' lang='lat' dir='ltr'><strong>injuriis.</strong></span> <span class='ocrx_word' id='word_1_747' title='bbox 1426 5323 1551 5375; x_wconf 89' lang='lat' dir='ltr'><strong>Item</strong></span> <span class='ocrx_word' id='word_1_748' title='bbox 1581 5325 1669 5377; x_wconf 90' lang='lat' dir='ltr'><strong>lib.</strong></span> <span class='ocrx_word' id='word_1_749' title='bbox 1689 5339 1725 5377; x_wconf 88' lang='lat' dir='ltr'><strong>l:</strong></span> 
     </span>
    </p>
   </div>
   <div class='ocr_carea' id='block_1_110' title="bbox 162 5394 1725 5463">
    <p class='ocr_par' dir='ltr' id='par_1_110' title="bbox 162 5394 1725 5463">
     <span class='ocr_line' id='line_1_111' title="bbox 162 5394 1725 5463; baseline 0.001 -17"><span class='ocrx_word' id='word_1_750' title='bbox 162 5394 493 5463; x_wconf 73' lang='lat' dir='ltr'><strong>Symmachus</strong></span> <span class='ocrx_word' id='word_1_751' title='bbox 534 5402 758 5455; x_wconf 82' lang='lat' dir='ltr'><strong>sanctus,</strong></span> <span class='ocrx_word' id='word_1_752' title='bbox 794 5401 838 5445; x_wconf 87' lang='lat' dir='ltr'><strong>et</strong></span> <span class='ocrx_word' id='word_1_753' title='bbox 876 5406 1015 5461; x_wconf 71' lang='lat' dir='ltr'><strong>reque</strong></span> <span class='ocrx_word' id='word_1_754' title='bbox 1054 5406 1114 5443; x_wconf 87' lang='lat' dir='ltr'><strong>ac</strong></span> <span class='ocrx_word' id='word_1_755' title='bbox 1148 5401 1200 5444; x_wconf 85' lang='lat' dir='ltr'><strong>tu</strong></span> <span class='ocrx_word' id='word_1_756' title='bbox 1247 5395 1359 5462; x_wconf 77' lang='lat' dir='ltr'><strong>ipsa</strong></span> <span class='ocrx_word' id='word_1_757' title='bbox 1406 5397 1725 5447; x_wconf 74' lang='lat' dir='ltr'><strong>reverendus.</strong></span> 
     </span>
    </p>
   </div>
   <div class='ocr_carea' id='block_1_111' title="bbox 161 5462 1721 5532">
    <p class='ocr_par' dir='ltr' id='par_1_111' title="bbox 161 5462 1721 5532">
     <span class='ocr_line' id='line_1_112' title="bbox 161 5462 1721 5532; baseline 0.001 -15"><span class='ocrx_word' id='word_1_758' title='bbox 161 5462 426 5518; x_wconf 74' lang='lat' dir='ltr'><strong>Ennodius</strong></span> <span class='ocrx_word' id='word_1_759' title='bbox 453 5464 794 5531; x_wconf 85' lang='lat' dir='ltr'><strong>originariam</strong></span> <span class='ocrx_word' id='word_1_760' title='bbox 845 5462 1290 5532; x_wconf 76' lang='lat' dir='ltr'><strong>Synnnachorum</strong></span> <span class='ocrx_word' id='word_1_761' title='bbox 1342 5465 1557 5517; x_wconf 65' lang='lat' dir='ltr'><strong>familim</strong></span> <span class='ocrx_word' id='word_1_762' title='bbox 1606 5468 1721 5519; x_wconf 89' lang='lat' dir='ltr'><strong>elo-</strong></span> 
     </span>
    </p>
   </div>
   <div class='ocr_carea' id='block_1_112' title="bbox 161 5535 1723 5604">
    <p class='ocr_par' dir='ltr' id='par_1_112' title="bbox 161 5535 1723 5604">
     <span class='ocr_line' id='line_1_113' title="bbox 161 5535 1723 5604; baseline -0.001 -14"><span class='ocrx_word' id='word_1_763' title='bbox 161 5538 448 5603; x_wconf 83' lang='lat' dir='ltr'><strong>quentiam,</strong></span> <span class='ocrx_word' id='word_1_764' title='bbox 474 5536 912 5604; x_wconf 80' lang='lat' dir='ltr'><strong>nobilitatemque</strong></span> <span class='ocrx_word' id='word_1_765' title='bbox 940 5548 1061 5587; x_wconf 86' lang='lat' dir='ltr'><strong>esse</strong></span> <span class='ocrx_word' id='word_1_766' title='bbox 1091 5536 1164 5587; x_wconf 86' lang='lat' dir='ltr'><strong>ait</strong></span> <span class='ocrx_word' id='word_1_767' title='bbox 1190 5552 1199 5585; x_wconf 92' lang='lat'><strong>:</strong></span> <span class='ocrx_word' id='word_1_768' title='bbox 1236 5549 1333 5589; x_wconf 64' lang='lat' dir='ltr'><strong>nec</strong></span> <span class='ocrx_word' id='word_1_769' title='bbox 1356 5535 1581 5599; x_wconf 85' lang='lat' dir='ltr'><strong>frustra,</strong></span> <span class='ocrx_word' id='word_1_770' title='bbox 1602 5538 1723 5603; x_wconf 88' lang='lat' dir='ltr'><strong>quia</strong></span> 
     </span>
    </p>
   </div>
   <div class='ocr_carea' id='block_1_113' title="bbox 161 5604 1731 5675">
    <p class='ocr_par' dir='ltr' id='par_1_113' title="bbox 161 5604 1731 5675">
     <span class='ocr_line' id='line_1_114' title="bbox 161 5604 1731 5675; baseline 0.001 -17"><span class='ocrx_word' id='word_1_771' title='bbox 161 5608 293 5660; x_wconf 85' lang='lat' dir='ltr'><strong>docti</strong></span> <span class='ocrx_word' id='word_1_772' title='bbox 332 5604 445 5661; x_wconf 74' lang='lat' dir='ltr'><strong>iere</strong></span> <span class='ocrx_word' id='word_1_773' title='bbox 485 5619 678 5660; x_wconf 88' lang='lat' dir='ltr'><strong>omnes</strong></span> <span class='ocrx_word' id='word_1_774' title='bbox 728 5606 963 5671; x_wconf 85' lang='lat' dir='ltr'><strong>fuerunt,</strong></span> <span class='ocrx_word' id='word_1_775' title='bbox 1006 5613 1062 5657; x_wconf 89' lang='lat' dir='ltr'><strong>et</strong></span> <span class='ocrx_word' id='word_1_776' title='bbox 1110 5606 1336 5658; x_wconf 87' lang='lat' dir='ltr'><strong>summis</strong></span> <span class='ocrx_word' id='word_1_777' title='bbox 1382 5606 1731 5675; x_wconf 88' lang='lat' dir='ltr'><strong>dignitatibus</strong></span> 
     </span>
    </p>
   </div>
   <div class='ocr_carea' id='block_1_114' title="bbox 1834 4614 3411 4686">
    <p class='ocr_par' dir='ltr' id='par_1_114' title="bbox 1834 4614 3411 4686">
     <span class='ocr_line' id='line_1_115' title="bbox 1834 4614 3411 4686; baseline -0.004 -14"><span class='ocrx_word' id='word_1_778' title='bbox 1834 4614 2137 4672; x_wconf 71' lang='lat' dir='ltr'><strong>Rusticiana</strong></span> <span class='ocrx_word' id='word_1_779' title='bbox 2152 4617 2299 4670; x_wconf 84' lang='lat' dir='ltr'><strong>Oriiti</strong></span> <span class='ocrx_word' id='word_1_780' title='bbox 2333 4615 2468 4669; x_wconf 74' lang='lat' dir='ltr'><strong>lilia:</strong></span> <span class='ocrx_word' id='word_1_781' title='bbox 2496 4622 2665 4669; x_wconf 86' lang='lat' dir='ltr'><strong>mater</strong></span> <span class='ocrx_word' id='word_1_782' title='bbox 2689 4614 2947 4686; x_wconf 78' lang='lat' dir='ltr'><strong>Acyndini</strong></span> <span class='ocrx_word' id='word_1_783' title='bbox 2972 4614 3224 4680; x_wconf 83' lang='lat' dir='ltr'><strong>consulis,</strong></span> <span class='ocrx_word' id='word_1_784' title='bbox 3254 4630 3411 4686; x_wconf 81' lang='lat' dir='ltr'><strong>quem</strong></span> 
     </span>
    </p>
   </div>
   <div class='ocr_carea' id='block_1_115' title="bbox 1832 4684 3407 4755">
    <p class='ocr_par' dir='ltr' id='par_1_115' title="bbox 1832 4684 3407 4755">
     <span class='ocr_line' id='line_1_116' title="bbox 1832 4684 3407 4755; baseline 0.001 -17"><span class='ocrx_word' id='word_1_785' title='bbox 1832 4686 2151 4742; x_wconf 85' lang='lat' dir='ltr'><strong>avunculum</strong></span> <span class='ocrx_word' id='word_1_786' title='bbox 2180 4694 2454 4754; x_wconf 81' lang='lat' dir='ltr'><strong>propterea</strong></span> <span class='ocrx_word' id='word_1_787' title='bbox 2478 4696 2650 4748; x_wconf 88' lang='lat' dir='ltr'><strong>vocat,</strong></span> <span class='ocrx_word' id='word_1_788' title='bbox 2670 4684 2942 4755; x_wconf 81' lang='lat' dir='ltr'><strong>germana.</strong></span> <span class='ocrx_word' id='word_1_789' title='bbox 2976 4686 3022 4739; x_wconf 90' lang='lat' dir='ltr'><strong>Is</strong></span> <span class='ocrx_word' id='word_1_790' title='bbox 3049 4694 3129 4739; x_wconf 86' lang='lat' dir='ltr'><strong>est</strong></span> <span class='ocrx_word' id='word_1_791' title='bbox 3154 4686 3240 4751; x_wconf 87' lang='lat' dir='ltr'><strong>qui</strong></span> <span class='ocrx_word' id='word_1_792' title='bbox 3267 4684 3407 4751; x_wconf 85' lang='lat' dir='ltr'><strong>apud</strong></span> 
     </span>
    </p>
   </div>
   <div class='ocr_carea' id='block_1_116' title="bbox 1833 4756 3407 4825">
    <p class='ocr_par' dir='ltr' id='par_1_116' title="bbox 1833 4756 3407 4825">
     <span class='ocr_line' id='line_1_117' title="bbox 1833 4756 3407 4825; baseline -0.003 -12"><span class='ocrx_word' id='word_1_793' title='bbox 1833 4756 2157 4813; x_wconf 81' lang='lat' dir='ltr'><strong>Macrobium</strong></span> <span class='ocrx_word' id='word_1_794' title='bbox 2205 4757 2440 4821; x_wconf 63' lang='lat' dir='ltr'><strong>disputat</strong></span> <span class='ocrx_word' id='word_1_795' title='bbox 2482 4756 2532 4809; x_wconf 90' lang='lat' dir='ltr'><strong>in</strong></span> <span class='ocrx_word' id='word_1_796' title='bbox 2574 4756 2976 4819; x_wconf 84' lang='lat' dir='ltr'><strong>Saturnalibus;</strong></span> <span class='ocrx_word' id='word_1_797' title='bbox 3011 4756 3094 4810; x_wconf 91' lang='lat' dir='ltr'><strong>cui</strong></span> <span class='ocrx_word' id='word_1_798' title='bbox 3147 4756 3407 4825; x_wconf 86' lang='lat' dir='ltr'><strong>Gripbum</strong></span> 
     </span>
    </p>
   </div>
   <div class='ocr_carea' id='block_1_117' title="bbox 1833 4824 3407 4896">
    <p class='ocr_par' dir='ltr' id='par_1_117' title="bbox 1833 4824 3407 4896">
     <span class='ocr_line' id='line_1_118' title="bbox 1833 4824 3407 4896; baseline -0.002 -14"><span class='ocrx_word' id='word_1_799' title='bbox 1833 4831 1995 4883; x_wconf 90' lang='lat' dir='ltr'><strong>mittit</strong></span> <span class='ocrx_word' id='word_1_800' title='bbox 2027 4829 2290 4883; x_wconf 78' lang='lat' dir='ltr'><strong>Ausonius</strong></span> <span class='ocrx_word' id='word_1_801' title='bbox 2321 4844 2331 4879; x_wconf 91' lang='lat'><strong>:</strong></span> <span class='ocrx_word' id='word_1_802' title='bbox 2367 4828 2433 4880; x_wconf 87' lang='lat' dir='ltr'><strong>de</strong></span> <span class='ocrx_word' id='word_1_803' title='bbox 2477 4842 2581 4896; x_wconf 93' lang='lat' dir='ltr'><strong>quo</strong></span> <span class='ocrx_word' id='word_1_804' title='bbox 2628 4827 2858 4895; x_wconf 84' lang='lat' dir='ltr'><strong>loquitur</strong></span> <span class='ocrx_word' id='word_1_805' title='bbox 2907 4824 3255 4895; x_wconf 77' lang='lat' dir='ltr'><strong>Augustinus,</strong></span> <span class='ocrx_word' id='word_1_806' title='bbox 3287 4843 3407 4880; x_wconf 91' lang='lat' dir='ltr'><strong>cum</strong></span> 
     </span>
    </p>
   </div>
   <div class='ocr_carea' id='block_1_118' title="bbox 1831 4896 3410 4971">
    <p class='ocr_par' dir='ltr' id='par_1_118' title="bbox 1831 4896 3410 4971">
     <span class='ocr_line' id='line_1_119' title="bbox 1831 4896 3410 4971; baseline 0 -19"><span class='ocrx_word' id='word_1_807' title='bbox 1831 4914 1857 4952; x_wconf 90' lang='lat' dir='ltr'><strong>a</strong></span> <span class='ocrx_word' id='word_1_808' title='bbox 1888 4900 2209 4971; x_wconf 80' lang='lat' dir='ltr'><strong>Symmacho</strong></span> <span class='ocrx_word' id='word_1_809' title='bbox 2241 4898 2298 4951; x_wconf 85' lang='lat' dir='ltr'><strong>P.</strong></span> <span class='ocrx_word' id='word_1_810' title='bbox 2337 4897 2397 4951; x_wconf 82' lang='lat' dir='ltr'><strong>V.</strong></span> <span class='ocrx_word' id='word_1_811' title='bbox 2432 4896 2786 4971; x_wconf 74' lang='lat' dir='ltr'><strong>Mediolanum</strong></span> <span class='ocrx_word' id='word_1_812' title='bbox 2818 4897 2904 4971; x_wconf 22' lang='lat' dir='ltr'><strong>ad‘</strong></span> <span class='ocrx_word' id='word_1_813' title='bbox 2926 4897 3246 4971; x_wconf 82' lang='lat' dir='ltr'><strong>rhetoricam</strong></span> <span class='ocrx_word' id='word_1_814' title='bbox 3288 4914 3410 4971; x_wconf 71' lang='lat' dir='ltr'><strong>prg-</strong></span> 
     </span>
    </p>
   </div>
   <div class='ocr_carea' id='block_1_119' title="bbox 1832 4967 3404 5037">
    <p class='ocr_par' dir='ltr' id='par_1_119' title="bbox 1832 4967 3404 5037">
     <span class='ocr_line' id='line_1_120' title="bbox 1832 4967 3404 5037; baseline -0.003 -13"><span class='ocrx_word' id='word_1_815' title='bbox 1832 4967 2115 5025; x_wconf 69' lang='lat' dir='ltr'><strong>fessionem</strong></span> <span class='ocrx_word' id='word_1_816' title='bbox 2148 4972 2364 5023; x_wconf 81' lang='lat' dir='ltr'><strong>IIIISSIIIII</strong></span> <span class='ocrx_word' id='word_1_817' title='bbox 2399 4984 2456 5023; x_wconf 90' lang='lat' dir='ltr'><strong>se</strong></span> <span class='ocrx_word' id='word_1_818' title='bbox 2479 4967 2664 5022; x_wconf 91' lang='lat' dir='ltr'><strong>scribit</strong></span> <span class='ocrx_word' id='word_1_819' title='bbox 2694 4967 2783 5022; x_wconf 93' lang='lat' dir='ltr'><strong>lib.</strong></span> <span class='ocrx_word' id='word_1_820' title='bbox 2807 4985 2836 5021; x_wconf 93' lang='lat' dir='ltr'><strong>v</strong></span> <span class='ocrx_word' id='word_1_821' title='bbox 2868 4968 3132 5037; x_wconf 76' lang='lat' dir='ltr'><strong>Confess.,</strong></span> <span class='ocrx_word' id='word_1_822' title='bbox 3162 4984 3282 5037; x_wconf 70' lang='lat' dir='ltr'><strong>Cap.</strong></span> <span class='ocrx_word' id='word_1_823' title='bbox 3319 4967 3404 5021; x_wconf 79' lang='lat' dir='ltr'><strong>I5.</strong></span> 
     </span>
    </p>
   </div>
   <div class='ocr_carea' id='block_1_120' title="bbox 1839 5036 3410 5109">
    <p class='ocr_par' dir='ltr' id='par_1_120' title="bbox 1839 5036 3410 5109">
     <span class='ocr_line' id='line_1_121' title="bbox 1839 5036 3410 5109; baseline 0.001 -17"><span class='ocrx_word' id='word_1_824' title='bbox 1839 5042 1910 5094; x_wconf 85' lang='lat' dir='ltr'><strong>Ile</strong></span> <span class='ocrx_word' id='word_1_825' title='bbox 1954 5058 2059 5109; x_wconf 88' lang='lat' dir='ltr'><strong>quo</strong></span> <span class='ocrx_word' id='word_1_826' title='bbox 2089 5043 2213 5095; x_wconf 89' lang='lat' dir='ltr'><strong>item</strong></span> <span class='ocrx_word' id='word_1_827' title='bbox 2263 5041 2490 5108; x_wconf 87' lang='lat' dir='ltr'><strong>Prosper</strong></span> <span class='ocrx_word' id='word_1_828' title='bbox 2533 5040 2624 5095; x_wconf 83' lang='lat' dir='ltr'><strong>lib.</strong></span> <span class='ocrx_word' id='word_1_829' title='bbox 2663 5054 2717 5092; x_wconf 92' lang='lat' dir='ltr'><strong>Ill</strong></span> <span class='ocrx_word' id='word_1_830' title='bbox 2766 5039 2832 5093; x_wconf 90' lang='lat' dir='ltr'><strong>de</strong></span> <span class='ocrx_word' id='word_1_831' title='bbox 2884 5036 3137 5093; x_wconf 89' lang='lat' dir='ltr'><strong>Promiss.</strong></span> <span class='ocrx_word' id='word_1_832' title='bbox 3168 5036 3285 5109; x_wconf 81' lang='lat' dir='ltr'><strong>cap.</strong></span> <span class='ocrx_word' id='word_1_833' title='bbox 3320 5040 3410 5102; x_wconf 82' lang='lat'><strong>58,</strong></span> 
     </span>
    </p>
   </div>
   <div class='ocr_carea' id='block_1_121' title="bbox 1839 5110 3409 5180">
    <p class='ocr_par' dir='ltr' id='par_1_121' title="bbox 1839 5110 3409 5180">
     <span class='ocr_line' id='line_1_122' title="bbox 1839 5110 3409 5180; baseline -0.003 -14"><span class='ocrx_word' id='word_1_834' title='bbox 1839 5110 2091 5166; x_wconf 88' lang='lat' dir='ltr'><strong>Sidonius</strong></span> <span class='ocrx_word' id='word_1_835' title='bbox 2123 5114 2282 5179; x_wconf 83' lang='lat' dir='ltr'><strong>epist.</strong></span> <span class='ocrx_word' id='word_1_836' title='bbox 2307 5116 2323 5163; x_wconf 90' lang='lat' dir='ltr'><strong>I</strong></span> <span class='ocrx_word' id='word_1_837' title='bbox 2346 5120 2399 5163; x_wconf 87' lang='lat' dir='ltr'><strong>et</strong></span> <span class='ocrx_word' id='word_1_838' title='bbox 2420 5112 2537 5165; x_wconf 82' lang='lat' dir='ltr'><strong>aliis</strong></span> <span class='ocrx_word' id='word_1_839' title='bbox 2558 5113 2718 5175; x_wconf 91' lang='lat' dir='ltr'><strong>locis;</strong></span> <span class='ocrx_word' id='word_1_840' title='bbox 2746 5110 2993 5165; x_wconf 59' lang='lat' dir='ltr'><strong>Socrates</strong></span> <span class='ocrx_word' id='word_1_841' title='bbox 3018 5110 3107 5163; x_wconf 92' lang='lat' dir='ltr'><strong>lib.</strong></span> <span class='ocrx_word' id='word_1_842' title='bbox 3131 5128 3158 5164; x_wconf 79' lang='grc' dir='ltr'>ν</span> <span class='ocrx_word' id='word_1_843' title='bbox 3184 5126 3303 5180; x_wconf 90' lang='lat' dir='ltr'><strong>cap.</strong></span> <span class='ocrx_word' id='word_1_844' title='bbox 3324 5110 3409 5173; x_wconf 80' lang='lat' dir='ltr'><strong>l-i;</strong></span> 
     </span>
    </p>
   </div>
   <div class='ocr_carea' id='block_1_122' title="bbox 1838 5180 2495 5246">
    <p class='ocr_par' dir='ltr' id='par_1_122' title="bbox 1838 5180 2495 5246">
     <span class='ocr_line' id='line_1_123' title="bbox 1838 5180 2495 5246; baseline -0.006 -9"><span class='ocrx_word' id='word_1_845' title='bbox 1838 5182 2185 5237; x_wconf 75' lang='lat' dir='ltr'><strong>Cassiodorus</strong></span> <span class='ocrx_word' id='word_1_846' title='bbox 2220 5181 2309 5235; x_wconf 91' lang='lat' dir='ltr'><strong>lib.</strong></span> <span class='ocrx_word' id='word_1_847' title='bbox 2342 5198 2411 5246; x_wconf 73' lang='lat' dir='ltr'><strong>XI,</strong></span> <span class='ocrx_word' id='word_1_848' title='bbox 2444 5180 2495 5234; x_wconf 78' lang='lat'><strong>2.</strong></span> 
     </span>
    </p>
   </div>
   <div class='ocr_carea' id='block_1_123' title="bbox 1910 5250 3411 5320">
    <p class='ocr_par' dir='ltr' id='par_1_123' title="bbox 1910 5250 3411 5320">
     <span class='ocr_line' id='line_1_124' title="bbox 1910 5250 3411 5320; baseline -0.002 -15"><span class='ocrx_word' id='word_1_849' title='bbox 1910 5254 1965 5305; x_wconf 73' lang='lat'><strong>5°</strong></span> <span class='ocrx_word' id='word_1_850' title='bbox 1987 5256 2049 5320; x_wconf 78' lang='grc' dir='ltr'><strong>ρ.</strong></span> <span class='ocrx_word' id='word_1_851' title='bbox 2083 5252 2387 5307; x_wconf 60' lang='grc' dir='ltr'><strong>Ριμίτςκυς</strong></span> <span class='ocrx_word' id='word_1_852' title='bbox 2420 5252 2665 5305; x_wconf 68' lang='grc' dir='ltr'><strong>Μεωιιυε</strong></span> <span class='ocrx_word' id='word_1_853' title='bbox 2693 5250 3034 5315; x_wconf 69' lang='lat' dir='ltr'><strong>Svuutcnus,</strong></span> <span class='ocrx_word' id='word_1_854' title='bbox 3070 5252 3255 5305; x_wconf 89' lang='lat' dir='ltr'><strong>unicus</strong></span> <span class='ocrx_word' id='word_1_855' title='bbox 3285 5265 3411 5305; x_wconf 90' lang='lat' dir='ltr'><strong>ora-</strong></span> 
     </span>
    </p>
   </div>
   <div class='ocr_carea' id='block_1_124' title="bbox 1843 5322 3412 5392">
    <p class='ocr_par' dir='ltr' id='par_1_124' title="bbox 1843 5322 3412 5392">
     <span class='ocr_line' id='line_1_125' title="bbox 1843 5322 3412 5392; baseline -0.006 -12"><span class='ocrx_word' id='word_1_856' title='bbox 1843 5325 1975 5380; x_wconf 84' lang='lat' dir='ltr'><strong>toris</strong></span> <span class='ocrx_word' id='word_1_857' title='bbox 2025 5324 2183 5387; x_wconf 83' lang='lat' dir='ltr'><strong>filius,</strong></span> <span class='ocrx_word' id='word_1_858' title='bbox 2216 5341 2244 5377; x_wconf 89' lang='lat' dir='ltr'><strong>a</strong></span> <span class='ocrx_word' id='word_1_859' title='bbox 2273 5340 2379 5391; x_wconf 88' lang='lat' dir='ltr'><strong>quo</strong></span> <span class='ocrx_word' id='word_1_860' title='bbox 2410 5333 2464 5376; x_wconf 92' lang='lat' dir='ltr'><strong>et</strong></span> <span class='ocrx_word' id='word_1_861' title='bbox 2498 5324 2662 5392; x_wconf 86' lang='lat' dir='ltr'><strong>patris</strong></span> <span class='ocrx_word' id='word_1_862' title='bbox 2702 5322 2945 5390; x_wconf 66' lang='grc' dir='ltr'><strong>ειιίδιοιίε</strong></span> <span class='ocrx_word' id='word_1_863' title='bbox 2979 5331 3091 5389; x_wconf 78' lang='lat' dir='ltr'><strong>post</strong></span> <span class='ocrx_word' id='word_1_864' title='bbox 3122 5323 3237 5391; x_wconf 75' lang='lat' dir='ltr'><strong>ejus</strong></span> <span class='ocrx_word' id='word_1_865' title='bbox 3268 5336 3412 5373; x_wconf 90' lang='lat' dir='ltr'><strong>mor-</strong></span> 
     </span>
    </p>
   </div>
   <div class='ocr_carea' id='block_1_125' title="bbox 1841 5392 3412 5464">
    <p class='ocr_par' dir='ltr' id='par_1_125' title="bbox 1841 5392 3412 5464">
     <span class='ocr_line' id='line_1_126' title="bbox 1841 5392 3412 5464; baseline -0.003 -16"><span class='ocrx_word' id='word_1_866' title='bbox 1841 5408 1947 5449; x_wconf 89' lang='lat' dir='ltr'><strong>tem</strong></span> <span class='ocrx_word' id='word_1_867' title='bbox 1978 5395 2193 5464; x_wconf 77' lang='lat' dir='ltr'><strong>digesta:</strong></span> <span class='ocrx_word' id='word_1_868' title='bbox 2235 5404 2287 5449; x_wconf 82' lang='lat' dir='ltr'><strong>et</strong></span> <span class='ocrx_word' id='word_1_869' title='bbox 2314 5394 2487 5448; x_wconf 70' lang='grc' dir='ltr'>θόὶιω.</span> <span class='ocrx_word' id='word_1_870' title='bbox 2522 5394 2810 5447; x_wconf 83' lang='lat' dir='ltr'><strong>Proconsul</strong></span> <span class='ocrx_word' id='word_1_871' title='bbox 2843 5392 3020 5447; x_wconf 87' lang='lat' dir='ltr'><strong>itidem</strong></span> <span class='ocrx_word' id='word_1_872' title='bbox 3052 5394 3245 5464; x_wconf 80' lang='lat' dir='ltr'><strong>Africae</strong></span> <span class='ocrx_word' id='word_1_873' title='bbox 3274 5405 3412 5444; x_wconf 91' lang='lat' dir='ltr'><strong>anno</strong></span> 
     </span>
    </p>
   </div>
   <div class='ocr_carea' id='block_1_126' title="bbox 1842 5463 3415 5535">
    <p class='ocr_par' dir='ltr' id='par_1_126' title="bbox 1842 5463 3415 5535">
     <span class='ocr_line' id='line_1_127' title="bbox 1842 5463 3415 5535; baseline -0.004 -15"><span class='ocrx_word' id='word_1_874' title='bbox 1842 5468 1971 5533; x_wconf 70' lang='grc'><strong>415,</strong></span> <span class='ocrx_word' id='word_1_875' title='bbox 2002 5463 2282 5535; x_wconf 47' lang='lat' dir='ltr'><strong>perlectus</strong></span> <span class='ocrx_word' id='word_1_876' title='bbox 2313 5465 2437 5535; x_wconf 88' lang='lat' dir='ltr'><strong>Urbi</strong></span> <span class='ocrx_word' id='word_1_877' title='bbox 2463 5480 2607 5535; x_wconf 88' lang='lat' dir='ltr'><strong>anno</strong></span> <span class='ocrx_word' id='word_1_878' title='bbox 2638 5464 2762 5519; x_wconf 71' lang='lat'><strong>4‘20.</strong></span> <span class='ocrx_word' id='word_1_879' title='bbox 2792 5465 2969 5535; x_wconf 86' lang='lat' dir='ltr'><strong>Ilujns</strong></span> <span class='ocrx_word' id='word_1_880' title='bbox 2990 5463 3245 5535; x_wconf 76' lang='lat' dir='ltr'><strong>siquidem</strong></span> <span class='ocrx_word' id='word_1_881' title='bbox 3291 5472 3415 5514; x_wconf 88' lang='lat' dir='ltr'><strong>sunt</strong></span> 
     </span>
    </p>
   </div>
   <div class='ocr_carea' id='block_1_127' title="bbox 1835 5529 3411 5605">
    <p class='ocr_par' dir='ltr' id='par_1_127' title="bbox 1835 5529 3411 5605">
     <span class='ocr_line' id='line_1_128' title="bbox 1835 5529 3411 5605; baseline -0.004 -15"><span class='ocrx_word' id='word_1_882' title='bbox 1835 5529 2142 5591; x_wconf 33' lang='lat' dir='ltr'><strong>licia-tiones</strong></span> <span class='ocrx_word' id='word_1_883' title='bbox 2176 5553 2291 5605; x_wconf 71' lang='lat' dir='ltr'><strong>qua:</strong></span> <span class='ocrx_word' id='word_1_884' title='bbox 2334 5534 2399 5590; x_wconf 85' lang='lat' dir='ltr'><strong>de</strong></span> <span class='ocrx_word' id='word_1_885' title='bbox 2445 5534 2635 5589; x_wconf 87' lang='lat' dir='ltr'><strong>Eulalii</strong></span> <span class='ocrx_word' id='word_1_886' title='bbox 2668 5529 2925 5588; x_wconf 72' lang='lat' dir='ltr'><strong>adversus</strong></span> <span class='ocrx_word' id='word_1_887' title='bbox 2959 5529 3287 5586; x_wconf 79' lang='lat' dir='ltr'><strong>Bonifacium</strong></span> <span class='ocrx_word' id='word_1_888' title='bbox 3321 5548 3411 5605; x_wconf 3' lang='lat' dir='ltr'><strong>pctt-</strong></span> 
     </span>
    </p>
   </div>
   <div class='ocr_carea' id='block_1_128' title="bbox 1837 5603 3416 5674">
    <p class='ocr_par' dir='ltr' id='par_1_128' title="bbox 1837 5603 3416 5674">
     <span class='ocr_line' id='line_1_129' title="bbox 1837 5603 3416 5674; baseline -0.004 -13"><span class='ocrx_word' id='word_1_889' title='bbox 1837 5625 1955 5674; x_wconf 85' lang='lat' dir='ltr'><strong>pain</strong></span> <span class='ocrx_word' id='word_1_890' title='bbox 1992 5603 2337 5661; x_wconf 81' lang='lat' dir='ltr'><strong>contentione</strong></span> <span class='ocrx_word' id='word_1_891' title='bbox 2374 5607 2437 5659; x_wconf 84' lang='lat' dir='ltr'><strong>:nl</strong></span> <span class='ocrx_word' id='word_1_892' title='bbox 2472 5605 2763 5659; x_wconf 82' lang='lat' dir='ltr'><strong>llonoriuin</strong></span> <span class='ocrx_word' id='word_1_893' title='bbox 2790 5606 2921 5671; x_wconf 80' lang='lat' dir='ltr'><strong>Aug.</strong></span> <span class='ocrx_word' id='word_1_894' title='bbox 2953 5605 3162 5669; x_wconf 71' lang='lat' dir='ltr'><strong>scripta:</strong></span> <span class='ocrx_word' id='word_1_895' title='bbox 3196 5603 3416 5657; x_wconf 59' lang='lat' dir='ltr'><strong>Annalio</strong></span> 
     </span>
    </p>
   </div>
   <div class='ocr_carea' id='block_1_129' title="bbox 167 5674 3415 5748">
    <p class='ocr_par' dir='ltr' id='par_1_129' title="bbox 167 5674 3415 5748">
     <span class='ocr_line' id='line_1_130' title="bbox 167 5674 3415 5748; baseline 0 -19"><span class='ocrx_word' id='word_1_896' title='bbox 167 5677 410 5733; x_wconf 50' lang='lat' dir='ltr'><strong>illustres.</strong></span> <span class='ocrx_word' id='word_1_897' title='bbox 437 5676 551 5743; x_wconf 83' lang='lat' dir='ltr'><strong>Quo</strong></span> <span class='ocrx_word' id='word_1_898' title='bbox 574 5679 693 5731; x_wconf 90' lang='lat' dir='ltr'><strong>loco</strong></span> <span class='ocrx_word' id='word_1_899' title='bbox 719 5688 825 5731; x_wconf 89' lang='lat' dir='ltr'><strong>non</strong></span> <span class='ocrx_word' id='word_1_900' title='bbox 846 5676 944 5730; x_wconf 86' lang='lat' dir='ltr'><strong>abs</strong></span> <span class='ocrx_word' id='word_1_901' title='bbox 970 5690 1027 5730; x_wconf 87' lang='lat' dir='ltr'><strong>re</strong></span> <span class='ocrx_word' id='word_1_902' title='bbox 1053 5676 1287 5730; x_wconf 79' lang='lat' dir='ltr'><strong>facturus</strong></span> <span class='ocrx_word' id='word_1_903' title='bbox 1309 5674 1490 5731; x_wconf 72' lang='lat' dir='ltr'><strong>videar</strong></span> <span class='ocrx_word' id='word_1_904' title='bbox 1520 5679 1586 5742; x_wconf 90' lang='lat' dir='ltr'><strong>si,</strong></span> <span class='ocrx_word' id='word_1_905' title='bbox 1610 5693 1735 5748; x_wconf 85' lang='lat' dir='ltr'><strong>quo-</strong></span> <span class='ocrx_word' id='word_1_906' title='bbox 1838 5680 1936 5734; x_wconf 92' lang='lat' dir='ltr'><strong>bus</strong></span> <span class='ocrx_word' id='word_1_907' title='bbox 1968 5674 2345 5733; x_wconf 90' lang='lat' dir='ltr'><strong>ecclesiasticis</strong></span> <span class='ocrx_word' id='word_1_908' title='bbox 2372 5687 2495 5729; x_wconf 90' lang='lat' dir='ltr'><strong>sunt</strong></span> <span class='ocrx_word' id='word_1_909' title='bbox 2518 5677 2749 5730; x_wconf 72' lang='lat' dir='ltr'><strong>Insertaa.</strong></span> <span class='ocrx_word' id='word_1_910' title='bbox 2770 5676 3017 5748; x_wconf 64' lang='lat' dir='ltr'><strong>Quaestor</strong></span> <span class='ocrx_word' id='word_1_911' title='bbox 3043 5678 3202 5727; x_wconf 84' lang='lat' dir='ltr'><strong>ctiam</strong></span> <span class='ocrx_word' id='word_1_912' title='bbox 3232 5675 3415 5748; x_wconf 84' lang='lat' dir='ltr'><strong>candi-</strong></span> 
     </span>
    </p>
   </div>
   <div class='ocr_carea' id='block_1_130' title="bbox 165 5748 1734 5821">
    <p class='ocr_par' dir='ltr' id='par_1_130' title="bbox 165 5748 1734 5821">
     <span class='ocr_line' id='line_1_131' title="bbox 165 5748 1734 5821; baseline 0.003 -20"><span class='ocrx_word' id='word_1_913' title='bbox 165 5752 295 5803; x_wconf 88' lang='lat' dir='ltr'><strong>niam</strong></span> <span class='ocrx_word' id='word_1_914' title='bbox 347 5751 721 5821; x_wconf 79' lang='lat' dir='ltr'><strong>Symmacbos.</strong></span> <span class='ocrx_word' id='word_1_915' title='bbox 769 5750 863 5821; x_wconf 88' lang='lat' dir='ltr'><strong>qui</strong></span> <span class='ocrx_word' id='word_1_916' title='bbox 905 5748 1320 5821; x_wconf 68' lang='lat' dir='ltr'><strong>Ennodiiu‘me</strong></span> <span class='ocrx_word' id='word_1_917' title='bbox 1360 5758 1414 5803; x_wconf 88' lang='lat' dir='ltr'><strong>et</strong></span> <span class='ocrx_word' id='word_1_918' title='bbox 1456 5764 1734 5818; x_wconf 83' lang='lat' dir='ltr'><strong>superioie</strong></span> 
     </span>
    </p>
   </div>
   <div class='ocr_carea' id='block_1_131' title="bbox 168 5819 1732 5890">
    <p class='ocr_par' dir='ltr' id='par_1_131' title="bbox 168 5819 1732 5890">
     <span class='ocr_line' id='line_1_132' title="bbox 168 5819 1732 5890; baseline -0.001 -15"><span class='ocrx_word' id='word_1_919' title='bbox 168 5822 352 5877; x_wconf 63' lang='lat' dir='ltr'><strong>ta&#39;eulo</strong></span> <span class='ocrx_word' id='word_1_920' title='bbox 380 5819 703 5887; x_wconf 75' lang='lat' dir='ltr'><strong>floruerunt,</strong></span> <span class='ocrx_word' id='word_1_921' title='bbox 740 5820 979 5890; x_wconf 84' lang='lat' dir='ltr'><strong>plerique</strong></span> <span class='ocrx_word' id='word_1_922' title='bbox 1020 5819 1371 5885; x_wconf 88' lang='lat' dir='ltr'><strong>confundunt,</strong></span> <span class='ocrx_word' id='word_1_923' title='bbox 1408 5822 1520 5873; x_wconf 78' lang='lat' dir='ltr'><strong>suis</strong></span> <span class='ocrx_word' id='word_1_924' title='bbox 1549 5822 1732 5887; x_wconf 82' lang='lat' dir='ltr'><strong>singu-</strong></span> 
     </span>
    </p>
   </div>
   <div class='ocr_carea' id='block_1_132' title="bbox 1843 5742 3414 5818">
    <p class='ocr_par' dir='ltr' id='par_1_132' title="bbox 1843 5742 3414 5818">
     <span class='ocr_line' id='line_1_133' title="bbox 1843 5742 3414 5818; baseline -0.001 -14"><span class='ocrx_word' id='word_1_925' title='bbox 1843 5750 2019 5813; x_wconf 82' lang='lat' dir='ltr'><strong>datus,</strong></span> <span class='ocrx_word' id='word_1_926' title='bbox 2047 5758 2100 5804; x_wconf 87' lang='lat' dir='ltr'><strong>et</strong></span> <span class='ocrx_word' id='word_1_927' title='bbox 2125 5758 2321 5818; x_wconf 61' lang='lat' dir='ltr'><strong>prtctor</strong></span> <span class='ocrx_word' id='word_1_928' title='bbox 2350 5748 2565 5801; x_wconf 89' lang='lat' dir='ltr'><strong>ineunte</strong></span> <span class='ocrx_word' id='word_1_929' title='bbox 2587 5755 2741 5818; x_wconf 60' lang='lat' dir='ltr'><strong>aetate</strong></span> <span class='ocrx_word' id='word_1_930' title='bbox 2764 5742 3107 5818; x_wconf 77' lang='lat' dir='ltr'><strong>fuerat._Nam</strong></span> <span class='ocrx_word' id='word_1_931' title='bbox 3143 5746 3414 5818; x_wconf 85' lang='lat' dir='ltr'><strong>utriusque</strong></span> 
     </span>
    </p>
   </div>
   <div class='ocr_carea' id='block_1_133' title="bbox 1846 5814 3416 5890">
    <p class='ocr_par' dir='ltr' id='par_1_133' title="bbox 1846 5814 3416 5890">
     <span class='ocr_line' id='line_1_134' title="bbox 1846 5814 3416 5890; baseline -0.003 -13"><span class='ocrx_word' id='word_1_932' title='bbox 1846 5822 1933 5877; x_wconf 87' lang='lat' dir='ltr'><strong>lilii</strong></span> <span class='ocrx_word' id='word_1_933' title='bbox 1969 5824 2049 5877; x_wconf 89' lang='lat' dir='ltr'><strong>sui</strong></span> <span class='ocrx_word' id='word_1_934' title='bbox 2081 5814 2298 5877; x_wconf 81' lang='lat' dir='ltr'><strong>honoris</strong></span> <span class='ocrx_word' id='word_1_935' title='bbox 2325 5820 2513 5875; x_wconf 84' lang='lat' dir='ltr'><strong>crebra</strong></span> <span class='ocrx_word' id='word_1_936' title='bbox 2558 5814 2758 5871; x_wconf 86' lang='lat' dir='ltr'><strong>mentio</strong></span> <span class='ocrx_word' id='word_1_937' title='bbox 2798 5814 2851 5869; x_wconf 89' lang='lat' dir='ltr'><strong>in</strong></span> <span class='ocrx_word' id='word_1_938' title='bbox 2901 5816 3139 5890; x_wconf 89' lang='lat' dir='ltr'><strong>epistolis</strong></span> <span class='ocrx_word' id='word_1_939' title='bbox 3170 5814 3416 5889; x_wconf 78' lang='lat' dir='ltr'><strong>Symma-</strong></span> 
     </span>
    </p>
   </div>
  </div>
