3998 6362
618 324 717 379 127

1715 320 1987 377 ΕΝΝΟΝΠ
2026 321 2328 378 EPISCOPI
2366 323 2742 382 TlClNENSIS

3746 334 3835 392 I38

615 441 777 497 bilior
800 439 868 495 de
895 448 1064 506 reatu,
1089 453 1209 495 cum
1249 452 1347 510 per
1389 437 1797 496 eﬂ‘renationem
1828 440 2049 497 sortitur
2086 455 2180 511 ge-
2206 442 2257 502 Α
2287 451 2398 496 tum
2421 442 2614 496 studiis
2640 450 2695 496 et
2725 440 2983 510 probitate
3006 443 3334 512 suspiciam?
3352 444 3571 501 Videtur
3594 446 3718 502 mihi
3739 463 3829 506 non

616 534 763 588 nium
808 532 924 604 plus
954 531 1231 601 placendi:
1277 545 1400 587 nam
1444 532 1699 588 delictum
1749 548 1904 587 suum
1948 533 2179 604 quodam

616 625 779 695 ipsius
805 622 1232 694 presumptionis
1261 624 1419 680 melle
1443 625 1803 679 commendat.
1838 625 1951 695 Ego
1990 641 2019 678 a
2053 640 2189 693 pra:-

616 720 813 776 fatione
846 736 933 775 me
961 730 1131 787 tueor,
1180 721 1301 788 quia
1342 722 1409 775 ad
1451 722 1706 788 epistolas
1750 722 1956 791 primus
1983 722 2183 789 aspiro.

616 814 798 869 Restat
826 813 877 867 in
911 822 1172 884 potestate
1211 814 1539 869 celsitudinis
1582 825 1803 883 vestras,
1838 815 1883 869 si
1923 814 2188 868 sustinere

615 906 819 977 eligetis
848 908 1141 975 garrulum,
1168 920 1274 963 non
1304 918 1483 965 tacere
1504 951 1518 975 ,
1549 919 1603 963 et
1628 911 1694 964 de
1718 909 2007 977 originario
2034 909 2191 979 Sym-

613 996 879 1051 machiani
922 999 1081 1052 fontis
1128 1000 1264 1055 lacte
1314 1016 1398 1054 me
1446 1015 1682 1070 pascere.
1722 1000 1848 1055 Vale
1892 1000 1943 1055 in
1973 999 2192 1054 Christo

613 1094 819 1151 nostro,
845 1087 1099 1143 Romana:
1121 1090 1299 1159 gentis
1321 1092 1598 1156 nobilitas,
1623 1099 1677 1145 et
1705 1105 1789 1144 me
1812 1090 1921 1159 jam
1948 1099 2003 1143 ut
2030 1090 2193 1144 clien-

615 1186 724 1235 tem
751 1190 806 1235 et
830 1179 1086 1236 famulum
1142 1198 1237 1252 pro
1269 1199 1475 1238 momm
1507 1194 1560 1236 et
1589 1192 1793 1238 naturae
1813 1184 1926 1238 luce
1949 1184 2188 1253 dignare.

1118 1275 1449 1333 EPISTULA
1482 1278 1678 1333 XXVI.

1054 1388 1391 1427 ENNODIUS
1430 1388 1754 1427 AGNELLO.

684 1460 789 1516 Pro
816 1469 939 1516 voto
968 1476 1088 1516 meo
1117 1463 1440 1531 proiluxistis
1464 1463 1771 1531 epistolam,
1789 1461 1914 1515 dum
1939 1475 2028 1517 res
2050 1462 2193 1516 nulla

616 1549 845 1607 fuscatas
876 1554 1017 1607 nube
1038 1552 1296 1623 purgatis.
1325 1552 1652 1608 Felicissima
1692 1552 2020 1608 defensionis
2048 1563 2195 1607 sorte

616 1642 872 1697 adsumus
900 1645 1237 1711 innocentiae,
1267 1655 1321 1699 et
1348 1646 1537 1700 dextro
1570 1662 1784 1717 semper
1812 1649 1991 1703 omine
2022 1663 2116 1718 per
2138 1663 2196 1702 se

616 1736 1020 1803 splendentibus
1048 1755 1262 1794 usuram
1288 1735 1433 1795 νονῙέ
1464 1744 1841 1809 impendimus.
1875 1743 2052 1797 Facile
2079 1745 2194 1810 ejus

2290 537 2450 607 longe
2488 538 2555 590 ab
2587 538 2865 589 honestate
2890 532 3212 601 desciscere,
3242 537 3331 607 qui
3358 538 3485 593 colit
3514 542 3831 608 emendatos;

2289 634 2413 689 dum
2443 633 2679 689 creditur
2721 633 3024 702 quicunque
3071 634 3261 688 sectari
3312 649 3470 703 posse
3498 635 3635 705 quod
3665 637 3836 709 diligit.

2289 729 2523 784 Proinde
2550 728 2667 784 vale
2693 743 2788 797 per
2817 729 3039 798 gratiam
3073 726 3191 793 Dei,
3220 737 3275 783 et
3303 731 3537 785 studium
3566 747 3732 788 meum
3758 749 3837 806 ap-

2291 822 2523 892 probans
2552 828 2819 875 amantem
2846 821 2921 873 tui
2945 820 3206 888 amplifica
3232 822 3427 875 muniis
3467 822 3774 881 litterarum.

2781 944 3105 999 EPISTOLA
3144 944 3379 999 XXVIII.

2601 1075 2853 1115 BNNODIUS
2891 1075 3166 1117 ADEODA'I'O
3204 1075 3561 1117 PRISBYTIRO.

2364 1174 2503 1230 Volo
2532 1189 2650 1229 meo
2680 1174 3009 1243 obsequitur,
3049 1190 3169 1244 quae
3212 1174 3452 1230 ministra
3494 1176 3559 1229 ad
3601 1191 3691 1229 vos
3725 1178 3836 1231 scri-

2294 1270 2490 1339 ptionis
2522 1270 2701 1323 existit
2730 1270 2959 1324 occasio.
2996 1268 3128 1323 Nam
3163 1280 3217 1323 et
3248 1270 3544 1336 prmsentim
3574 1270 3842 1339 viceblau-

2294 1363 2439 1417 ditur
2466 1362 2779 1432 alloquium,
2810 1370 2864 1416 et
2898 1362 3155 1428 promittit
3184 1362 3283 1417 sibi
3311 1363 3378 1417 de
3408 1363 3711 1431 paginarum
3740 1379 3844 1432 pro-

2298 1454 2623 1523 mulgatione
2650 1453 2790 1523 quod
2820 1454 3038 1508 exhibet
3067 1470 3081 1507 :
3110 1456 3227 1518 quia
3252 1454 3668 1509 emendatissimi
3698 1456 3844 1511 homi-

2299 1562 2415 1613 nes,
2448 1548 2580 1600 sicut
2623 1546 2865 1616 derogari
2906 1546 3186 1601 virtutibus
3216 1548 3327 1601 suis
3357 1551 3641 1609 aestimant.
3666 1549 3845 1614 aliquos

2298 1642 2351 1695 in
2382 1640 2669 1709 diligentiae
2700 1640 3008 1694 testimonio
3041 1640 3267 1708 praevios
3294 1640 3594 1705 exstitisse;
3618 1642 3683 1693 ita
3714 1644 3846 1710 igno-

2300 1734 2515 1788 miniam
2570 1742 2850 1802 reputant,
2901 1733 3154 1801 exempla
3205 1733 3492 1801 negligere.
3546 1732 3681 1785 Vixit
3730 1733 3847 1785 inter

615 1827 784 1881 lucem
810 1830 902 1898 qui
933 1831 1063 1885 nitet
1090 1832 1327 1885 affirmas
1354 1852 1366 1885 :
1399 1849 1498 1887 nec
1525 1834 1679 1889 deest
1709 1852 1889 1891 sermo
1922 1837 2011 1905 qui
2041 1850 2187 1889 ciim-

2303 1834 2510 1879 sanctos
2538 1826 2680 1879 viros
2711 1823 2811 1878 ista
2852 1826 3181 1891 communio,
3216 1834 3271 1878 ut
3304 1840 3399 1893 per
3440 1823 3611 1877 intimi
3646 1823 3848 1877 hominis

614 1918 859 1973 modetur
905 1921 1186 1977 absolutis.
1218 1923 1309 1978 Sic
1339 1923 1407 1978 de
1432 1924 1640 1979 caballo
1674 1929 1936 1995 promisso
1979 1942 2193 1996 proces-

613 2012 759 2066 sistis
783 2012 1050 2081 affatibus,
1080 2016 1229 2085 quasi
1260 2017 1412 2069 vobis
1440 2018 1726 2085 aliquando
1771 2020 2001 2074 obscena
2045 2034 2197 2074 men-

615 2100 777 2154 tiendi
817 2102 1003 2157 fuisset
1046 2104 1279 2158 affectio.
1312 2104 1447 2159 Vere
1490 2123 1584 2173 per
1623 2108 1855 2162 animam
1907 2124 2079 2162 meam
2114 2110 2196 2162 fa-

616 2194 771 2247 cilius
820 2210 1001 2250 sacros
1053 2197 1328 2252 crederem
1364 2197 1467 2250 labi
1518 2197 1569 2251 in
1619 2199 1755 2253 hanc
1788 2199 1992 2253 foveam
2039 2215 2197 2269 posse

617 2288 918 2354 pontifices.
956 2290 1093 2345 Vitia
1126 2303 1363 2346 maturos
1401 2292 1665 2358 nesciunt,
1698 2293 1797 2347 nisi
1824 2308 1956 2362 quos
1988 2294 2197 2362 prima:-

618 2395 711 2433 vos
738 2382 1048 2438 imbuerint.
1078 2384 1329 2439 lufitiatio
1360 2387 1411 2438 in
1452 2385 1759 2439 hominibus
1788 2399 1920 2439 nova
1953 2400 2056 2439 non
2081 2401 2199 2453 ger-

618 2474 823 2527 minat:
858 2474 1113 2544 quidquid
1149 2476 1199 2528 in
1231 2476 1466 2530 moribus
1508 2477 1706 2530 nostris
1732 2486 1833 2537 est,
1864 2487 1915 2529 et
1961 2477 2200 2546 sequitur

619 2577 673 2622 et
727 2572 1021 2637 praicessit.
1057 2568 1285 2624 Proinde
1336 2573 1528 2634 valete,
1562 2578 1763 2622 ostrum
1816 2569 2043 2622 Latiaris
2090 2570 2200 2622 elo—

619 2660 749 2729 quii,
781 2670 835 2715 et
863 2661 990 2715 mihi
1022 2662 1443 2717 vicissitudinem
1474 2660 1702 2714 amando
1729 2660 1994 2715 restituite
2025 2677 2038 2713 :
2072 2658 2196 2713 illud

621 2756 964 2826 providentes
986 2798 1001 2821 ,
1034 2767 1090 2811 ut
1126 2773 1220 2826 pro
1248 2758 1686 2826 compensatione
1720 2754 1978 2810 tarditatis
2009 2754 2201 2825 dignus

620 2850 749 2905 mihi
778 2868 999 2908 munere
1030 2862 1211 2908 vestro
1252 2868 1421 2919 equus
1449 2860 1741 2907 succurrat.

1119 2944 1449 2999 EPISTOLA
1482 2943 1695 2998 XXVII.

1099 3050 1425 3088 armemus
1458 3036 1472 3064 ¹
1503 3040 1730 3087 rnono.

692 3125 841 3192 Eligo
876 3124 1135 3186 iacturam
1167 3124 1409 3192 pudoris,
1442 3138 1507 3177 ne
1549 3123 1770 3175 subeam
1818 3119 2055 3174 dedecus
2096 3134 2200 3173 non

2300 1917 2687 1987 providentiam
2735 1917 2807 1971 nil
2851 1928 3066 1973 noceret
3112 1926 3322 1971 terrena
3363 1916 3727 1983 sequestratio.
3763 1914 3849 1969 Par

2298 2020 2398 2075 est,
2429 2009 2665 2074 domine,
2697 2019 2753 2064 ut
2781 2019 2835 2065 et
2865 2021 3044 2064 votum
3078 2026 3253 2065 meum
3285 2012 3527 2080 sequaris
3546 2021 3602 2066 et
3627 2012 3847 2065 formam.

2300 2103 2440 2172 Ergo
2488 2104 2725 2157 salutans
2772 2104 3011 2173 principe
3042 2103 3179 2170 loco,
3215 2114 3270 2158 ut
3298 2105 3400 2157 mei
3446 2119 3653 2159 memor
3679 2104 3745 2158 sis
3773 2104 3850 2157 de.-

2301 2208 2523 2261 precor;
2554 2203 2610 2247 ut
2643 2194 2783 2261 quod
2830 2195 2957 2248 mihi
2991 2209 3085 2264 per
3116 2196 3491 2263 negligentiam
3525 2196 3849 2259 subtrahitur,

2300 2284 2494 2339 divina:
2533 2287 2715 2355 gratia:
2766 2302 2860 2355 per
2904 2303 2997 2340 vos
3045 2288 3296 2355 suffragio
3338 2287 3665 2344 conferatur.
3695 2288 3852 2343 Indico

2299 2392 2429 2446 ergo
2458 2392 2561 2431 non
2594 2380 2877 2437 mentiens,
2910 2387 3068 2433 nocte
3096 2381 3248 2433 tertia
3272 2382 3292 2410 ³
3322 2394 3350 2431 a
3382 2379 3706 2446 proiectione
3730 2394 3851 2442 mea,

2301 2469 2560 2539 ingratam
2591 2471 2721 2524 mihi
2749 2471 3017 2526 dominam
3047 2488 3219 2527 meam
3250 2471 3538 2543 Cynegiam
3571 2476 3853 2542 apparuisse

2301 2563 2354 2617 in
2386 2563 2501 2632 ipso
2531 2564 2664 2618 lucis
2702 2566 2945 2631 exordio,
2970 2574 3023 2620 et
3045 2567 3269 2621 multum
3297 2566 3363 2621 ab
3387 2582 3449 2621 ea
3472 2570 3558 2621 me
3580 2568 3645 2622 de
3664 2568 3850 2622 itineris

2302 2657 2679 2724 properatione
2716 2657 3006 2726 culpatum,
3034 2674 3200 2728 quare
3235 2660 3395 2713 etiam
3438 2659 3600 2713 nullis
3638 2661 3854 2714 versibus

2303 2750 2603 2817 sepulcrum
2646 2751 2761 2819 ejus
2800 2762 2942 2806 esset
2982 2753 3319 2807 honoratum.
3356 2752 3479 2806 Haec
3524 2752 3733 2822 quidem
3774 2767 3855 2820 ego

2304 2858 2410 2897 non
2441 2843 2506 2897 ad
2542 2844 2822 2913 imaginem
2869 2847 3191 2914 prophetiae
3238 2848 3477 2902 veritatis
3524 2848 3731 2915 accepi;
3777 2862 3855 2899 nec

2304 2937 2580 2990 nocturnis
2615 2936 2754 2991 forte
2781 2937 3117 2993 illusiouibus
3143 2940 3321 3009 operis
3352 2940 3457 2994 mei
3487 2941 3682 2995 sudore
3710 2939 3854 2994 litavi.

2303 3027 2405 3083 Sed
2446 3032 2568 3097 quia
2618 3029 2769 3084 facile
2819 3032 3072 3086 suadetur
3107 3033 3429 3099 amantibus,
3463 3032 3706 3088 debitum
3746 3046 3859 3095 Opus

2307 3138 2412 3176 non
2446 3124 2705 3178 laboravit
2742 3126 2958 3193 exigere
3002 3127 3090 3196 qui
3119 3127 3388 3181 monebat.
3423 3126 3582 3183 Salva
3610 3136 3689 3181 est
3713 3125 3860 3179 domi-

622 3215 872 3278 amantis,
901 3215 1075 3267 sciens
1106 3213 1313 3267 facilius
1343 3214 1528 3267 sarciri
1582 3227 1740 3279 posse
1780 3211 1969 3266 frontis
2009 3210 2203 3265 damna
2231 3212 2278 3276 C
2311 3230 2391 3269 me
2420 3216 2739 3270 reverentia.
2770 3217 2969 3272 Versus
3001 3235 3133 3287 quos
3170 3219 3359 3283 direxi,
3396 3234 3488 3286 per
3526 3220 3666 3274 diem
3703 3217 3860 3287 juilicii

622 3309 779 3377 quam
822 3308 964 3364 fidei.
998 3308 1268 3362 lndoctum
1316 3324 1435 3364 esse
1481 3308 1801 3362 infelicitatis
1830 3317 1912 3361 est
1938 3324 1950 3371 ;
1979 3308 2206 3361 virtutes

624 3399 844 3454 familias
876 3410 1070 3454 vestra:
1100 3401 1299 3466 odisse,
1336 3418 1422 3455 res
1467 3401 1730 3456 criminis.
1768 3402 2045 3455 Potuimus
2091 3400 2204 3454 dis-

620 3491 832 3560 ciplinis
904 3492 1212 3545 liberalibus
1284 3493 1518 3547 defuisse
1586 3508 1689 3547 non
1776 3493 2198 3561 delinquentes;

622 3586 754 3639 nulli
786 3584 1003 3651 sufficit,
1040 3585 1177 3639 unde
1209 3601 1387 3640 mores
1415 3587 1671 3641 excussit.
1720 3586 1830 3654 Ego
1865 3586 1914 3638 in
1944 3586 2205 3653 amplitu-

621 3678 744 3733 dine
782 3689 961 3732 vcstra
1004 3688 1080 3733 tot
1126 3691 1436 3734 coacervata
1468 3679 1741 3749 cpistolari
1783 3694 2035 3733 sermone.
2066 3679 2203 3732 bona

621 3785 725 3823 non
758 3769 1017 3824 venerer?
1044 3784 1143 3840 ego
1168 3786 1273 3825 nou
1297 3770 1428 3825 illud
1452 3772 1664 3837 generis
1690 3771 1867 3824 lumen
1909 3771 2204 3841 amplifica-

620 3926 704 3980 chi
735 3944 745 3978 :
781 3934 1180 4000 et_sumptiium
1224 3928 1341 3996 ejus
1368 3940 1615 3997 praetura:
1658 3930 1894 3984 meminit
1929 3928 2203 4000 Olympio-

619 4000 783 4070 i_lorus
838 3998 1101 4070 Thebieus
1155 4003 1294 4070 apud
1353 4000 1619 4062 Phoﬁum,
1652 3998 2008 4070 Symmachos
2058 4000 2198 4053 inter

619 4068 874 4121 Romana:
908 4069 1052 4121 urhis
1081 4069 1373 4122 ditissimos
1397 4068 1701 4123 numerans.

694 4138 754 4187 4°
787 4140 851 4202 ρ.
892 4140 1161 4192 Λιτιιειιυδ
1207 4139 1549 4193 Sti'miitcutts.
1577 4140 1664 4192 Sie.
1708 4142 1851 4194 enim
1902 4139 2202 4207 appellatur

624 4209 830 4261 nove‘la
846 4211 878 4260 4
894 4209 1271 4262 Valentiniani.
1289 4210 1484 4263 Consul
1506 4210 1724 4263 ordinar
1748 4228 1809 4263 us
1837 4226 1954 4263 cum
1976 4210 2128 4262 Aetio
2149 4225 2202 4263 Ill

624 4280 847 4333 consule
870 4294 1009 4332 anno
1037 4278 1162 4341 446.
1194 4296 1341 4343 avus,
1369 4282 1575 4349 opinor,
1606 4281 1770 4334 Gallio
1797 4282 1967 4333 vidum
2000 4282 2052 4333 in
2089 4280 2203 4348 epi-

623 4351 756 4402 stola
786 4349 1211 4418 Fulgeutiiﬁqnia
1238 4351 1440 4405 Gallam
1467 4352 1772 4420 Symmachi
1806 4353 2007 4419 patricii
2039 4350 2198 4403 filiam

623 4422 699 4493 sic
728 4420 952 4474 affatur:
990 4420 1053 4473 Et
1086 4424 1197 4473 licet
1234 4439 1349 4487 avo,
1383 4435 1547 4493 patre,
1582 4440 1778 4487 socero,
1812 4424 1994 4474 marito
2018 4438 2200 4474 constt-

622 4491 753 4543 libus
787 4494 979 4551 pridem
1010 4493 1164 4559 fueris
1194 4494 1323 4546 inter
1348 4491 1620 4546 sirculures
1652 4493 1887 4547 illustris.

694 4560 750 4611 5'
783 4563 1132 4631 Symmachus
1164 4565 1439 4630 patricius,
1474 4566 1555 4617 cui
1602 4565 1699 4615 hoc
1732 4564 1849 4616 loco
1874 4563 2062 4616 scribit
2090 4563 2198 4616 En—

622 4631 1007 4698 nodiiis,cnjus
1056 4636 1297 4685 meminit
1340 4636 1428 4687 lib.
1462 4650 1576 4695 viii,
1608 4634 1765 4700 epist.
1818 4634 1909 4696 28,
1964 4634 2064 4687 hoc
2111 4643 2194 4687 est

620 4702 685 4768 Ο.
720 4701 986 4756 Αυιιειιυει
1010 4703 1253 4757 Maximus
1280 4706 1598 4760 Svunacuirs
1621 4718 1837 4758 nxcons.
1863 4719 1984 4756 ouo.
2008 4720 2073 4757 er
2102 4721 2191 4757 rx-

622 4788 849 4835 τιιιοιυδ,
881 4783 935 4825 ιιι
979 4775 1152 4839 legere
1182 4776 1396 4827 memini
1430 4776 1479 4826 in
1516 4776 1749 4842 antiquis
1795 4774 2192 4839 exemplaribus

624 4844 791 4914 Roetii
814 4842 1021 4912 generi,
1051 4844 1137 4910 qui
1184 4844 1387 4911 aliquot
1416 4846 1463 4899 ei
1494 4846 1751 4914 opuseula
1783 4859 1877 4899 sua
1926 4845 2189 4911 inscribit,

620 4911 835 4967 Consul
863 4914 953 4967 fuit
1002 4916 1116 4965 sine
1160 4914 1360 4976 collega
1408 4916 1507 4968 sub
1535 4911 1805 4978 'Oiloacre,
1841 4930 1979 4968 anno
2026 4914 2131 4969 485
2160 4932 2188 4969 a

621 4984 951 5038 Theoderico
982 4985 1283 5052 regejudex
1309 4987 1362 5038 in
1385 5000 1539 5037 causa
1573 4988 1749 5039 Basilii
1776 4995 1829 5038 et
1858 4986 2186 5052 Prtetextatt,

620 5055 707 5123 qui
742 5056 1064 5124 uiagicaium
1096 5056 1286 5108 aitiuin
1326 5058 1729 5118 accusabantur,
1760 5059 1901 5110 inter
1930 5056 2062 5109 alios
2095 5056 2188 5111 de-

619 5126 816 5180 lectus:
839 5128 995 5193 epist.
1019 5124 1088 5196 ‘29
1108 5126 1199 5178 lib.
1225 5141 1284 5191 ii,
1308 5126 1443 5190 apud
1468 5127 1861 5183 Cassiodorum.
1882 5128 2016 5194 apud
2036 5144 2191 5196 quem

619 5196 830 5269 et_a|i;_e
876 5204 998 5269 sunt
1036 5195 1351 5269 Theoderici
1401 5198 1640 5264 ejusdem
1692 5200 1756 5251 ad
1810 5195 2191 5269 Symmachum

619 5267 877 5337 episuilie.
906 5264 981 5317 De
1027 5268 1214 5337 eodem
1260 5268 1537 5321 llormisila
1581 5271 1811 5334 pontifex
1853 5264 2015 5337 epist.
2044 5269 2112 5319 28
2140 5279 2193 5321 et

620 5340 708 5392 66.
750 5335 1013 5390 Οειιιρτιιιιι
1043 5335 1114 5408 ab
1147 5338 1332 5391 eodem
1384 5340 1713 5394 Theoderico
1762 5335 1938 5408 impiis
1988 5339 2183 5389 delati»

617 5423 737 5461 rum
785 5407 1247 5461 criminationihth
1310 5410 1525 5463 incitato
1585 5407 1870 5463 crudeliter
1920 5425 2018 5461 una
2071 5425 2189 5460 cum

622 5481 807 5532 Boetio
849 5494 1050 5549 geneio
1079 5494 1250 5533 caesus
1280 5491 1381 5540 est.
1418 5489 1474 5532 ut
1505 5490 1683 5532 narrat
1715 5480 2002 5544 Prompiiis
2051 5480 2142 5531 lili.
2178 5496 2191 5533 ι

619 5550 685 5602 de
717 5548 867 5605 Bello,
889 5548 1135 5605 Gothico.
1173 5550 1335 5617 llujus
1365 5550 1482 5601 ιιι-«ι
1509 5551 1626 5603 dure
1658 5561 2041 5610 memorantur,
2061 5549 2193 5601 Rus-

622 5620 809 5673 ticiaiia
844 5637 979 5674 uxor
1010 5622 1173 5676 lioetii
1201 5630 1255 5673 et
1285 5619 1455 5681 Galla,
1488 5620 1555 5673 de
1584 5637 1707 5689 qua,
1742 5631 1930 5678 praeter
1962 5618 2159 5683 Fiilgen
2186 5654 2189 5657 λ

625 5690 1324 5764 tium,Gregorius'Maguus
1348 5691 1645 5760 lV,dialog.
1669 5693 1755 5744 15.
1774 5690 1959 5742 Filium
1986 5691 2184 5743 nullum

620 5762 851 5832 reliquit.
889 5764 1016 5814 Nam
1042 5762 1129 5831 qui
1161 5774 1424 5832 sequitur,

691 5830 1084 5887 6"Svumcuus
1109 5830 1309 5901 collega
1334 5834 1502 5890 Boetii
1532 5831 1583 5887 in
1617 5833 1890 5887 consulatu
1913 5832 2035 5886 anni
2054 5831 2177 5894 5'22,

2225 4595 2275 4655 D

2313 3318 2363 3363 te
2392 3311 2613 3375 conjuro
2643 3318 2697 3362 nt
2738 3310 2788 3363 in
2834 3310 3033 3378 pariete
3062 3325 3218 3376 supra
3250 3311 3316 3366 ad
3347 3313 3510 3381 pedes
3549 3312 3705 3366 scribi
3758 3324 3861 3364 mox

2310 3398 2489 3453 facias.
2533 3400 2749 3454 Gratum
2802 3402 3018 3455 noveris
3054 3410 3109 3456 et
3154 3402 3261 3456 filio
3305 3411 3393 3455 tuo
3443 3402 3720 3468 futurum,
3769 3400 3861 3452 vult

2308 3494 2449 3550 enim
2483 3494 2665 3546 merita
2696 3493 2840 3547 illius
2866 3494 3149 3547 multorum
3178 3508 3272 3548 ore
3299 3493 3587 3558 celebrari,
3618 3495 3707 3548 sed
3741 3493 3784 3545 in
3812 3506 3861 3545 eo

2310 3586 2469 3639 modo
2497 3601 2600 3651 quo
2630 3584 2749 3637 illos
2782 3584 2867 3638 hic
2902 3584 3120 3638 invenit.
3155 3585 3414 3639 Domnatn
3454 3601 3630 3639 meam
3667 3585 3863 3653 Stepha-

2310 3677 2451 3731 niam
2503 3686 2554 3729 et
2585 3675 2833 3729 domnam
2870 3676 3176 3742 Sabianam,
3212 3678 3306 3730 sed
3336 3685 3391 3731 et
3416 3677 3669 3731 domnam
3706 3675 3865 3731 Fadil-

2308 3769 2411 3823 lam
2445 3784 2539 3838 pro
2567 3784 2651 3823 me
2680 3770 2868 3823 saluta.
2910 3769 2965 3824 Si
3004 3771 3187 3839 scripti
3215 3770 3433 3840 fuerint,
3462 3786 3589 3826 mox
3634 3772 3865 3826 rescribe.

2308 3942 2413 3979 non
2445 3923 2748 3992 Symmachi
2776 3924 2980 3989 patricii
3012 3923 3171 3987 filius,
3195 3924 3289 3977 sed
3322 3939 3491 3992 nepos
3525 3924 3645 3985 fuit,
3679 3940 3739 3979 ex
3771 3923 3864 3977 ﬁlia

2311 3996 2611 4049 Rusticiana
2644 4008 2692 4049 et
2731 3996 2912 4049 Bnetio
2941 4005 3249 4063 prognatus,
3274 4005 3329 4048 ut
3350 3995 3563 4050 dii'etur
3584 3997 3649 4049 ad
3680 3995 3861 4060 epistJ

2307 4067 2399 4120 lib.
2428 4083 2536 4120 vm.
2573 4066 2648 4119 Ex
2679 4068 2833 4118 annis
2861 4076 3034 4120 autem
3077 4081 3209 4133 quos
3252 4067 3303 4120 iu
3335 4067 3563 4134 singulis
3593 4065 3865 4131 descripsi-

2307 4153 2450 4198 mus,
2486 4137 2639 4190 facile
2668 4145 2771 4189 erit
2805 4137 2870 4191 de
2915 4138 3208 4206 principum
3239 4138 3518 4205 rescriptis
3544 4139 3607 4192 :id
3648 4138 3867 4207 Symma-

2307 4208 2437 4259 clios
2465 4224 2581 4274 qum
2616 4209 2665 4259 in
2699 4208 2881 4262 codice
2909 4219 3132 4277 utroque
3161 4208 3428 4276 leguntur,
3472 4210 3541 4263 ad
3586 4206 3721 4277 quos
3749 4206 3868 4260 refe-

2306 4278 2468 4332 renda
2500 4280 2625 4333 siut.
2658 4278 2919 4346 judicare.

2384 4351 2397 4379 ¹
2432 4348 2641 4419 Probo]
2675 4350 2795 4401 Viro
2820 4350 3008 4403 illustri
3040 4368 3055 4404 :
3086 4365 3246 4417 quem
3285 4349 3423 4403 inter
3467 4350 3606 4404 alios
3636 4361 3869 4419 proceres

2308 4420 2453 4472 urbis
2486 4416 2661 4473 laudat
2694 4420 2744 4473 iii
2773 4420 3057 4474 Parienesi.
3082 4416 3211 4474 Item
3258 4422 3349 4475 lib.
3382 4436 3498 4483 Vlll,
3535 4416 3694 4488 epist.
3726 4419 3785 4472 21
3817 4416 3872 4469 ad

2308 4490 2566 4544 Beatum:
2617 4490 2694 4542 'l'u
2739 4495 2928 4558 feceras
2972 4493 3107 4559 quod
3158 4492 3383 4558 sapiens,
3436 4493 3531 4559 qui
3578 4493 3676 4545 soli
3707 4492 3872 4542 domno

2310 4560 2498 4622 Probo,
2528 4570 2685 4614 artem
2715 4561 2733 4623 (
2758 4562 2891 4616 forte
2921 4562 3118 4628 arcem)
3150 4566 3336 4615 tenenti
3386 4564 3519 4615 inter
3559 4564 3754 4622 doctos,
3780 4575 3872 4611 rer-

2302 4647 2388 4684 δυσ
2434 4648 2568 4685 meo;
2611 4630 2883 4698 relegeras.
2928 4633 2993 4685 Et
3032 4634 3251 4700 poetica:
3305 4634 3465 4701 igiiur
3517 4633 3798 4695 facultatis,
3832 4639 3873 4682 et

2302 4702 2591 4756 nobilitatis
2634 4702 2683 4755 in
2725 4703 2822 4757 hac
2847 4703 3069 4769 epistola
3114 4704 3317 4756 mentio
3361 4703 3508 4768 facit,
3558 4705 3703 4771 quod
3752 4706 3875 4755 inter

2300 4771 2594 4827 Christiana
2631 4785 2971 4827 monumenta
3004 4775 3202 4827 editum
3236 4783 3317 4827 est
3346 4774 3428 4827 his
3450 4775 3669 4828 Verbis:

2423 4865 2549 4926 Spes
2566 4867 2768 4923 generis
2790 4866 2924 4925 clari,
2944 4877 3228 4927 magnorum
3251 4867 3404 4926 gloria
3430 4875 3646 4927 patrum,

2544 4927 2729 4975 Sollers
2754 4931 2966 4987 ingenio,
2992 4931 3207 4976 carmine
3232 4928 3567 4987 doctiloiiuus.

2425 4988 2665 5049 lnlusuis,
2694 4991 2908 5050 sapiens,
2936 4990 3130 5037 humilis
3174 4991 3477 5042 moderatus.
3507 4992 3764 5049 honestus,

2545 5051 2834 5107 Communis,
2861 5061 3041 5111 gratus,
3074 5052 3179 5113 plus
3203 5053 3422 5100 bonitate
3447 5054 3577 5113 pius.

2424 5114 2551 5161 Ante
2574 5126 2725 5160 annos
2745 5118 3050 5173 animumque
3085 5126 3269 5172 gerens
3288 5118 3446 5161 aetatis
3470 5116 3645 5173 avitae,

2544 5174 2725 5221 Glorior
2762 5176 2807 5221 in
2836 5176 2983 5235 patria
3011 5176 3265 5223 nobilitate
3290 5175 3499 5225 Probus.

2422 5236 2497 5283 Nil
2518 5237 2599 5299 tibi
2626 5248 2756 5283 mors
2780 5240 2931 5283 necuit
2965 5252 2973 5283 :
2996 5251 3103 5284 cuin
3132 5237 3243 5285 heic
3265 5239 3383 5284 vivis
3409 5237 3555 5286 laude
3596 5239 3824 5299 perenni,

2546 5297 2601 5345 Et
2630 5300 2804 5346 Chrisn
2838 5300 2880 5345 in
2908 5311 3061 5356 regno
3080 5299 3193 5344 dum
3212 5306 3322 5347 sine
3349 5301 3441 5345 line.
3462 5297 3655 5348 manes.

2424 5362 2535 5408 llzee.
2564 5361 2647 5407 tibi
2685 5374 2791 5418 imre
2818 5364 2993 5419 cecini,
3022 5374 3113 5406 non
3141 5368 3251 5408 sunt
3276 5364 3517 5420 praeconia
3556 5362 3673 5411 falsa
3698 5375 3711 5408 :

2548 5422 2638 5469 Pro
2664 5424 2850 5469 mei-itis
2876 5422 2998 5469 fama
3024 5428 3102 5469 est
3127 5424 3267 5470 testis
3294 5423 3483 5485 ubique
3514 5432 3619 5472 tua.

2370 5508 2390 5536 ³
2425 5508 2460 5558 Α
2495 5505 2806 5572 profectione
2834 5502 2966 5573 mea]
3000 5506 3129 5557 Dum
3163 5506 3230 5559 ab
3263 5507 3397 5559 urbe
3439 5507 3667 5559 rediret.
3706 5504 3877 5573 Epitag

2297 5578 2481 5639 pliium
2515 5577 2763 5643 Gyiiegia:
2808 5572 3215 5630 aliud’viilimus
3254 5578 3346 5630 lili.
3379 5592 3429 5639 ν,
3462 5579 3630 5643 epist.
3675 5578 3724 5629 7.
3760 5572 3879 5628 Illud

2298 5647 2573 5714 Etlpl'epl.l:
2604 5647 2807 5699 sororis
2834 5657 3013 5715 rogatu
3046 5647 3256 5714 scripsit
3289 5664 3304 5701 :
3331 5648 3433 5701 hoc
3454 5663 3482 5699 a
3515 5647 3753 5717 Cynegia
3782 5645 3878 5709 ipsa

2295 5729 2557 5770 nocturno
2588 5719 2703 5769 viso
2732 5717 3037 5771 admonitus
3066 5720 3391 5779 composuit,
3426 5729 3479 5771 et
3525 5720 3753 5773 Romam
3789 5718 3880 5768 uii-

2289 5789 2376 5845 sit,
2415 5796 2468 5839 ut
2500 5789 2684 5852 parii-ti
2716 5790 2779 5841 ad
2814 5790 3071 5842 tumulum
3117 5788 3385 5858 intigatnr.
