3998 6362
499 271 597 338 231

1602 261 1877 326 ENNODII
1916 265 2221 326 EPISCOPI
2259 267 2630 328 TICINENSIS

3664 267 3758 327 152

496 397 621 453 ideo
644 391 863 450 culturae
884 387 1183 462 respuenda
1209 385 1486 458 diligentia
1507 393 1610 452 est,
1638 394 1730 440 aut
1758 383 2074 440 cessandum
2102 385 2156 446 Α
2179 384 2464 455 aliquando
2487 385 2781 450 hominem,
2812 382 2904 454 qui
2926 395 2958 437 a
2977 380 3183 438 laboris
3209 379 3512 436 intentione
3537 379 3756 436 destitit:

497 497 581 545 est
608 503 638 543 a
665 483 989 548 vomeribus,
1021 479 1064 536 si
1093 495 1202 535 non
1233 478 1286 534 in
1314 485 1428 533 toto
1447 476 1769 533 satisfecerit
1800 484 1941 531 terra
1969 474 2084 530 cnl-

497 581 634 636 tori?
665 579 832 634 Deum
865 587 1076 646 precor,
1105 579 1221 628 uta
1252 581 1304 628 te
1331 570 1474 642 quod
1501 569 1744 625 detestor
1783 566 2032 624 excludat
2062 581 2078 619 :

497 673 598 742 ego
638 678 812 724 tamen
860 678 1156 735 nunquam,
1186 663 1234 718 si
1262 661 1459 729 credl,
1504 661 1753 717 deseram
1799 657 2081 713 monitoris

498 762 753 818 officium.
782 757 975 814 Audivi
1001 766 1075 824 te,
1115 757 1286 828 patris
1312 755 1389 812 tui
1416 754 1697 819 relatione,
1728 753 1872 810 circa
1898 750 2080 807 studia

497 855 600 925 iam
629 851 934 917 remissum,
963 858 1019 908 et
1049 849 1199 921 quasi
1239 862 1418 905 arcem
1458 847 1698 903 scientia
1724 845 1953 916 adeptus
1979 842 2078 907 sis,

495 943 567 998 ita
598 943 904 999 nullatenus
931 957 1051 998 esse
1089 940 1157 997 de
1194 939 1439 996 feetionis
1480 937 1833 994 instructions
1878 933 2082 991 solliei-

496 1045 632 1092 tttm.
675 1036 846 1102 Nosti,
880 1035 974 1102 fili,
1003 1035 1156 1090 istius
1185 1034 1263 1090 rel
1292 1046 1580 1099 summam,
1623 1029 1727 1086 nisi
1760 1026 2083 1084 assiduitate

497 1127 660 1183 nimia
693 1143 802 1182 non
835 1126 1026 1182 teneri.
1052 1124 1166 1182 Non
1197 1124 1395 1195 proluit
1419 1125 1472 1180 in
1503 1123 1605 1180 hoc
1625 1136 1789 1193 opere
1808 1121 2085 1176 laborasse

2186 478 2493 550 pernicibus
2516 478 2614 534 alis
2636 477 2971 548 negligentes
2998 473 3133 545 fugit
3155 473 3376 530 scientia
3399 489 3414 539 ;
3436 482 3492 528 et
3519 472 3758 543 quidquid

2185 589 2336 630 mora
2368 582 2424 630 et
2449 573 2647 629 sudore
2694 581 2900 642 partum
2931 579 3035 634 est,
3068 567 3180 623 sub
3201 566 3481 623 celeritate
3520 564 3760 621 transfer-

2185 676 2290 722 tur.
2323 665 2402 722 'l‘e
2431 665 2721 720 salutatum
2760 673 2813 718 et
2850 661 3064 732 vigilem
3095 661 3240 726 volo,
3280 667 3339 714 ut
3381 656 3652 728 profectus
3694 656 3762 714 tui

2186 773 2417 816 messem
2455 757 2780 828 quotidiana
2828 755 3034 811 catenis
3085 752 3332 809 lectionis
3377 751 3658 822 astringas.
3690 750 3762 805 Ad

2189 869 2279 911 me
2302 854 2383 908 vel
2414 867 2574 920 nunc,
2601 852 2645 906 si
2674 849 2801 921 quid
2823 858 2876 904 te
2900 848 3094 903 deceat
3117 845 3341 916 cogitas,
3369 843 3760 914 rescribe:quia

2192 948 2246 1003 si
2267 946 2472 1013 credis,
2500 957 2778 1017 nunquam
2801 941 3036 1004 simila
3059 939 3354 1004 dicuntum
3385 948 3596 994 tuarum
3624 937 3763 992 inve-
3787 968 3792 974 ο

2194 1042 2312 1098 nies
2335 1042 2389 1097 in
2413 1039 2650 1111 qualibet
2676 1039 2826 1104 orbis,
2851 1045 3002 1116 parte
3025 1035 3312 1096 fautorem.

500 1217 3730 1260 MM

1597 1247 2690 1432 ﬁssorum.

1898 1481 2381 1510 Μ

989 1551 1322 1618 EPISTULA
1361 1548 1594 1608 PRIMA.

1015 1691 1268 1756 sartorius
1301 1677 1316 1707 ¹
1347 1688 1558 1730 uos-no.

2186 1555 2244 1604 et
2286 1537 2664 1606 Demosthenis
2689 1534 2912 1605 enituit,
2943 1543 2998 1595 et
3026 1534 3305 1605 utriusque
3342 1533 3600 1606 propositi
3645 1535 3759 1600 ad).

2189 1636 2335 1697 mina
2365 1633 2518 1705 quasi
2549 1640 2705 1690 natus
2738 1629 2792 1686 in
2819 1628 2934 1699 ipsa
2961 1628 3158 1688 artium
3187 1643 3321 1699 pace
3341 1627 3581 1697 collegit.
3610 1626 3759 1692 Nm

2195 1725 2580 1784 dissonantiam
2608 1723 2797 1780 Attica:
2819 1720 3164 1792 perfectionis
3183 1729 3386 1780 metuat
3408 1730 3464 1777 et
3488 1719 3729 1778 Romanis
3744 1761 3759 1788 ,

574 1826 797 1898 Optimae
812 1823 923 1893 spei
947 1823 1157 1898 plenus.
1186 1819 1271 1878 cui
1297 1820 1496 1882 tantum
1521 1819 1612 1890 (an
1633 1818 1885 1889 faustum)
1909 1818 2088 1887 cupio,
2120 1830 2170 1900 Β
2199 1835 2299 1876 nec
2327 1817 2596 1890 principiis
2621 1814 2860 1886 gentium
2893 1814 3031 1870 bona
3061 1813 3373 1872 societatem
3416 1813 3622 1871 dubitet
3645 1827 3762 1868 con-

506 1917 571 1984 sd
595 1931 779 1979 curam
801 1914 962 1978 (illisit
986 1912 1293 1982 epistolaris
1313 1911 1512 1978 aspiro.
1537 1910 1702 1972 Decet
1725 1909 1870 1973 enim
1890 1911 2084 1970 vestris

506 2007 739 2070 fascibus
766 2005 867 2066 hac
908 2002 1219 2082 prtefatione
1248 2001 1504 2068 delibari;
1538 2009 1592 2064 et
1631 2000 1770 2064 inter
1801 2014 2084 2071 purpuras,

508 2096 833 2174 possessoris
865 2096 982 2157 luce
1007 2100 1336 2157 crescentes,
1372 2091 1728 2161 qualicunque
1772 2104 1880 2154 non
1925 2090 2091 2146 absti-

509 2200 638 2252 nere
677 2186 964 2265 colloquio.
1008 2183 1257 2256 Nunquid
1300 2181 1468 2246 solius
1516 2182 1772 2265 doctrina:
1816 2181 2092 2242 beneficiis

512 2294 664 2344 amor
701 2276 1003 2358 agnoscitur
1024 2317 1038 2342 ,
1071 2289 1170 2338 nec
1201 2274 1280 2330 fas
1317 2287 1436 2329 esse
1477 2274 1802 2330 credendum
1832 2281 1934 2342 est,
1965 2287 2091 2344 pro-

512 2374 627 2438 dire
644 2374 700 2433 in
721 2371 953 2434 modium
975 2369 1240 2432 desideria
1257 2369 1566 2432 rusticantis
1581 2370 1603 2424 ?
1621 2369 1917 2447 simplicius
1936 2369 2098 2426 inno-

514 2474 724 2528 tescunt
753 2471 871 2526 vota
903 2461 1046 2526 nullo
1070 2462 1271 2540 peritia:
1297 2461 1471 2520 velata
1503 2461 1790 2530 praestigio.
1823 2461 1962 2530 Ergo
1993 2475 2092 2516 nos

515 2558 616 2612 hoc
639 2571 820 2612 sumus
858 2571 950 2610 ore
974 2596 988 2620 ,
1029 2555 1172 2632 quod
1213 2561 1432 2624 pectore
1459 2569 1475 2614 ι
1507 2567 1614 2612 non
1649 2568 1830 2607 amara
1860 2567 2096 2622 praecor-

517 2648 726 2704 diorum
741 2645 1034 2702 delenilicis
1060 2659 1342 2718 possumus
1364 2653 1571 2703 mutare
1592 2645 1929 2700 sermonibus
1958 2661 1973 2710 ;
2002 2660 2100 2714 pu-

517 2739 650 2800 dens
678 2737 921 2800 laudator
945 2744 1056 2809 est,
1089 2736 1174 2798 cui
1214 2735 1267 2792 in
1311 2735 1720 2796 concinnatione
1748 2736 2100 2799 blandimenti

519 2831 743 2894 dicenda
765 2844 916 2894 mena
936 2829 1186 2908 suggerit.
1212 2828 1324 2890 Deo
1348 2843 1476 2899 ergo
1495 2830 1850 2900 omnipotenti
1871 2829 2096 2910 gratias,

519 2928 609 2999 qui
637 2928 689 2986 in
720 2925 893 2998 vobis,
934 2923 1059 2987 dum
1084 2932 1264 2986 vetera
1291 2923 1504 2982 familiae
1531 2931 1725 2978 vestrm
1754 2924 1890 2984 bona,
1919 2932 2100 2985 custo-

520 3021 617 3085 dit,
638 3034 772 3083 nova
788 3016 1130 3094 multiplicat,
1153 3016 1369 3092 etquod
1394 3016 1516 3085 plus
1536 3026 1616 3070 est
1638 3015 1792 3085 apice
1829 3015 2104 3085 dignitatis

521 3114 712 3188 dirutis
732 3110 854 3172 iacit
878 3123 998 3170 βεδε
1018 3108 1360 3172 culminibus.
1387 3107 1648 3166 Redditur
1672 3108 1887 3180 quidem
1910 3118 2104 3169 vestrae

2195 1912 2400 1968 venire.
2450 1909 2597 1965 Unus
2650 1910 2749 1964 δι’
2785 1908 2875 1978 qui
2943 1915 3228 1977 utrumque
3272 1905 3675 1977 complecteris,
3715 1911 3762 1960 et

2196 2007 2454 2080 quidquid
2482 2006 2683 2062 viritim
2712 2003 3053 2060 distributum
3084 2011 3294 2073 poterat
3320 2003 3455 2058 satis
3482 1992 3603 2056 esse
3625 2039 3638 2064 ,
3667 1998 3763 2054 avi-

2196 2104 2297 2159 dus
2319 2102 2672 2158 maximarum
2701 2111 2880 2153 rerum
2916 2109 3195 2166 possessor
3224 2093 3472 2150 includis.
3506 2092 3755 2160 Eloquen-

2198 2198 2326 2251 tiam
2357 2204 2624 2257 veterum,
2647 2191 2772 2246 dum
2795 2189 3042 2256 imitaris,
3076 2201 3367 2257 esstiperas
3393 2230 3409 2255 ,
3444 2184 3652 2242 dicendi
3675 2183 3764 2244 for.

2200 2305 2343 2344 mam
2363 2285 2691 2344 doctissimis
2723 2281 2936 2349 tribuis,
2976 2282 3104 2336 dum
3134 2280 3386 2350 requiris.
3421 2278 3514 2342 Est
3537 2276 3669 2347 apud
3692 2289 3764 2332 me

2201 2379 2444 2451 epistolc
2471 2386 2688 2443 vestrae,
2717 2389 2837 2445 quas
2865 2373 3023 2442 hujus
3074 2372 3153 2427 rei
3202 2370 3362 2430 fidem
3409 2369 3566 2426 faciat
3584 2408 3598 2433 ,
3627 2379 3765 2424 vene-

2202 2468 2745 2539 randajcompositio.
2781 2466 2994 2522 Utinam
3023 2479 3144 2534 qua
3192 2477 3223 2520 a
3264 2462 3426 2522 vobis
3468 2461 3762 2532 diriguntur,

2203 2573 2312 2618 tam
2341 2571 2524 2618 essent
2562 2560 2751 2614 crebra
2784 2572 2942 2628 quam
2993 2555 3212 2611 suavial
3265 2554 3468 2611 Dicatis
3519 2553 3764 2612 forsitan:

2203 2655 2310 2711 Par
2336 2654 2435 2709 luit
2469 2651 2828 2723 propinquum
2871 2649 3114 2715 laudare,
3144 2645 3196 2703 i'n
3225 2660 3515 2704 commune
3539 2657 3766 2714 augmen-

2206 2759 2318 2806 tum
2345 2748 2676 2806 laborantem
2707 2789 2722 2815 ,
2745 2744 2868 2813 quia
2899 2757 3004 2798 non
3035 2751 3117 2796 est
3142 2739 3441 2810 proprium,
3475 2736 3614 2810 quod
3636 2733 3768 2806 quasi

2206 2841 2550 2910 singulariter
2582 2836 2796 2892 videtur
2836 2835 3066 2904 palmata
3114 2831 3383 2890 conferre.
3419 2830 3577 2887 Venit
3611 2827 3674 2886 ad
3697 2841 3767 2884 tne

2207 2935 2457 3005 equidem
2491 2931 2663 3001 portio
2683 2929 2750 2984 de
2777 2928 2966 2984 curuli.
2999 2926 3128 2994 Sed,
3157 2926 3201 2980 si
3230 2924 3360 2990 mihi
3392 2923 3628 2989 creditis,
3668 2919 3768 2992 plus

2208 3028 2386 3097 erlgor
2411 3025 2480 3080 de
2501 3024 2660 3095 genio
2685 3031 2740 3078 et
2766 3020 2960 3075 studiis
2979 3018 3276 3082 sublimati.
3312 3017 3584 3074 interdum
3613 3026 3768 3072 ποθι·

2211 3128 2397 3176 serunt
2437 3118 2536 3173 ista
2582 3115 2649 3170 de
2696 3112 2912 3169 casibus
2935 3155 2951 3180 ,
2976 3112 3077 3168 soli
3108 3114 3450 3182 contigerunt
3479 3109 3565 3169 illa
3590 3104 3769 3166 virtuti.

523 3203 690 3280 storis
719 3202 818 3264 ista
840 3200 1052 3272 arisini.
1083 3199 1198 3265 sed.
1222 3199 1361 3268 quod
1392 3210 1475 3254 εει
1505 3199 1703 3261 Clarius
1737 3240 1752 3268 .
1786 3201 1980 3260 merito
2008 3201 2104 3262 im-
2130 3214 2179 3282 c
2209 3215 2386 3283 Prope
2423 3211 2577 3280 inops
2606 3209 2670 3264 ad
2693 3206 3040 3278 scriptionum
3083 3205 3370 3260 adducitur
3403 3203 3631 3272 suffragii
3658 3215 3769 3254 con-

527 3302 769 3372 petrantc
807 3306 1066 3370 personas.
1103 3290 1280 3352 Fuerit
1328 3292 1382 3352 in
1413 3307 1616 3356 rnorem
1645 3292 1915 3354 veteribus
1944 3307 2103 3354 curu-

526 3389 656 3452 lium
705 3383 1076 3442 celsitudinem
1119 3385 1291 3462 campi
1340 3383 1550 3462 sudore
1585 3386 1849 3453 mercari,
1895 3396 1948 3444 et
1978 3400 2107 3444 con-

527 3487 728 3554 temptu
759 3478 890 3534 lucis
923 3477 1182 3540 honorum
1216 3477 1334 3536 lucc
1365 3477 1570 3552 fulgere
1603 3495 1618 3554 ί
1651 3477 1745 3535 sed
1767 3477 1908 3538 aliud
1941 3493 2108 3548 genus

528 3570 741 3634 virtutis
767 3568 1044 3646 quzrritur.
1075 3577 1350 3645 postquam
1375 3569 1657 3639 prcemium.
1675 3569 1812 3624 facta
1834 3576 1918 3633 est
1939 3569 2107 3624 Roma

530 3663 807 3727 victurum.
841 3659 1033 3724 Numer
1061 3659 1375 3722 candidatus
1403 3670 1526 3738 post
1549 3659 1883 3720 manifestam
1916 3659 2128 3716 dccer--

424 3789 430 3795 -
532 3753 787 3818 tationem
829 3750 1064 3814 debitum
1098 3752 1449 3824 triumphum,
1473 3752 1598 3808 dum
1621 3767 1890 3819 nunquam
1917 3753 2110 3809 viderit

529 3845 686 3914 bella,
717 3845 957 3906 sortitur.
983 3841 1188 3904 Iudicio
1209 3844 1373 3913 exigit
1395 3843 1627 3912 laureas,
1651 3853 1704 3899 et
1723 3845 1976 3914 congredi
2001 3861 2109 3900 non

528 3937 888 4000 necessarium
915 3933 1073 3997 duxit
1113 3935 1358 3992 armatis.
1398 3933 1543 3996 inter
1583 3934 1859 3998 Ciceronis
1904 3934 2110 4006 gladios

602 4076 620 4105 ί
651 4068 846 4140 Baetici
868 4069 1086 4124 Consuli
1117 4068 1389 4123 ordinario
1417 4069 1533 4136 ejus
1558 4069 1703 4132 anni.
1732 4073 1834 4124 hoc
1863 4077 1949 4123 est
1984 4070 2106 4124 510.

533 4144 629 4199 Hic
671 4142 924 4197 nimirum
972 4141 1186 4197 Διιιοιυε
1231 4140 1469 4199 Μιιιιιυε
1510 4140 1808 4196 Ssvsnmus
1856 4140 2108 4205 Burnus,

533 4211 955 4290 philosopha-set
976 4218 1157 4274 orator
1181 4211 1376 4290 :_c_njus_
1398 4210 1525 4290 laus
1537 4211 1929 4290 praeconionon
1954 4223 2106 4281 eget:

534 4281 672 4358 quod
691 4281 1108 4358 si:t_iesideretu_r,
1135 4282 1342 4358 nullum
1365 4282 1467 4358 hac
1489 4281 1719 4358 Ennodii
1741 4284 1963 4351 epistola
1989 4298 2110 4358 esse

533 4352 701 4425 possit
726 4353 1008 4408 illustrius.
1032 4352 1285 4408 Onufrlus
1309 4353 1592 4407 Panvinius
1615 4353 1808 4408 iterum
1835 4355 2108 4408 consulem

533 4440 654 4481 cum
684 4426 1004 4500 Symmacho
1038 4426 1425 4500 soceroiuisse
1451 4432 1636 4500 censet
1665 4439 1810 4500 anno
2003 4425 2108 4484 Sed

534 4506 594 4558 ut
621 4495 886 4566 omittam,
915 4495 1175 4566 Boetium,
1205 4494 1250 4550 si
1294 4494 1584 4558 secundum
1612 4494 1808 4566 consul
1845 4496 1936 4550 illo
1965 4511 2108 4550 anno

2213 3305 2428 3369 sularis,
2477 3303 2565 3373 qui
2621 3309 2824 3355 tantum
2872 3299 2940 3353 ds
2990 3297 3302 3368 parentibus
3350 3295 3627 3366 gloriatur.
3669 3287 3770 3346 Tibi

2215 3408 2501 3466 utrumque
2545 3396 2599 3448 in
2646 3393 2852 3465 peculio
2893 3401 3009 3455 est,
3045 3391 3273 3452 [otiaris
3318 3390 3546 3445 scientia
3579 3397 3630 3442 et
3656 3397 3770 3440 vena

2216 3470 2592 3563 purpurarum.
2623 3485 2669 3540 0
2694 3487 2737 3540 sl
2769 3485 2902 3540 mihi
2929 3500 3034 3539 non
3066 3485 3189 3554 styli
3219 3483 3528 3554 epistolaris
3551 3477 3770 3536 cumide-

2216 3585 2352 3639 ratio
2378 3583 2430 3636 in
2453 3582 2670 3648 longum
2697 3577 2945 3647 equidem
2966 3577 3224 3646 producta
3254 3590 3448 3631 manus
3471 3568 3770 3644 opponeret!

2215 3673 2356 3745 quod
2412 3671 2500 3728 alii
2553 3670 2816 3725 relatione
2845 3669 3084 3734 dictant,
3112 3683 3212 3739 ego
3237 3668 3463 3723 crudum
3481 3709 3493 3731 ,
3522 3675 3575 3722 et
3597 3666 3636 3719 si
3664 3677 3771 3719 con~

2216 3767 2346 3820 fusis
2369 3763 2646 3818 ordinibus
2686 3762 3036 3832 explicarem.
3071 3760 3254 3816 Redeo
3291 3760 3358 3815 ad
3393 3759 3696 3815 tabellarum
3724 3752 3772 3808 fi-

2217 3861 2355 3916 dem.
2383 3858 2572 3914 Vaiere
2596 3872 2681 3911 me
2710 3856 2896 3911 nuntio
2936 3897 2950 3921 ,
2983 3865 3037 3911 et
3063 3867 3241 3910 utrum
3271 3855 3498 3910 valeatis
3528 3850 3770 3921 imploro:

2216 3953 2282 4007 ad
2310 3964 2569 4007 summam
2598 3949 2840 4004 beneficii
2869 3948 3146 4018 postulans
3189 3956 3247 4004 ut
3283 3946 3520 4019 dignatio
3550 3959 3629 3999 me
3656 3939 3772 3996 resin

2218 4095 2447 4160 poterat,
2477 4086 2520 4140 si
2547 4094 2671 4160 ante
2690 4084 2963 4160 elisaque
2990 4082 3169 4160 plures
3197 4098 3366 4160 annos
3391 4078 3634 4160 consuleS
3659 4073 3772 4160 fuis-

2217 4146 2356 4214 sent.
2392 4146 2557 4212 Boetii
2589 4171 2715 4224 ergo
2737 4154 2829 4209 filii
2857 4146 3072 4209 fuerunt
3095 4153 3448 4224 Symmachus
3477 4160 3530 4224 et
3560 4146 3769 4224 Boetius;

2217 4244 2442 4299 quorum
2476 4229 2564 4282 uni
2613 4221 2807 4282 nomen
2852 4221 3252 4299 a_socero,’iilii
3277 4239 3414 4299 avo,
3455 4221 3603 4276 alteri
3638 4228 3772 4295 suum

2215 4295 2492 4372 imposuit.
2533 4301 2689 4372 Multa
2723 4306 2853 4372 sunt
2883 4296 3073 4352 horum
3103 4295 3382 4372 consulatu
3420 4303 3594 4350 nitate
3623 4301 3773 4372 nium?

2218 4361 2397 4427 me'nta
2428 4388 2441 4424 :
2469 4371 2683 4425 unicum
2731 4368 2995 4430 proferam
3016 4409 3032 4435 ,
3063 4366 3203 4436 quod
3246 4375 3478 4436 propter
3511 4361 3774 4436 ascriptum

2216 4443 2462 4498 exeuntis
2487 4427 2791 4495 indictionis
2821 4450 2998 4493 notam
3019 4427 3368 4492 nteriiorabile
3395 4427 3773 4507 videtur._Yitlj-

2220 4530 2337 4568 unus
2385 4514 2434 4567 id
2485 4513 2666 4566 Romae.
2716 4511 2768 4564 in
2815 4511 2929 4566 inde
2973 4510 3279 4565 suburbana
3311 4507 3368 4564 S.
3405 4502 3678 4566 Pancratii.
3700 4499 3774 4554 Sic

535 4554 2102 4663 iﬂ'ﬁf3:.f°.l.'e§$.s..¥T351?“Piii‘;‘3?.f..‘3".'?l‘fi395.ST!
2131 4601 2186 4663 υ
2216 4595 2392 4639 autem
2425 4584 2620 4642 ιιδιλθιε

535 4637 586 4692 in
616 4635 787 4691 Fastis
811 4642 865 4689 et
893 4635 1122 4704 antiquis
1152 4637 1395 4690 omnibus
1419 4636 1685 4706 lapidibus
1715 4647 2063 4704 postponatnr
2088 4655 2101 4691 :

536 4707 662 4762 mihi
705 4717 912 4761 eertum
960 4713 1045 4760 est
1082 4707 1456 4775 Symmachum
1501 4716 1555 4761 et
1584 4706 1826 4761 Boetium
1852 4709 2103 4762 consules

536 4779 659 4840 anni
689 4775 985 4850 5233mm
1014 4776 1179 4850 ipsius
1210 4778 1345 4832 filios
1381 4778 1582 4850 fuisse;
1614 4778 1733 4834 illos
1766 4779 2002 4850 inquam,
2035 4779 2102 4833 de

537 4863 763 4933 quorum
786 4845 1200 4933 ipse_c0pulato
1231 4849 1508 4933 consulatu
1549 4848 1640 4902 lib.
1683 4864 1717 4903 ιι
1743 4845 2105 4933 ‘de'Cons'olla-

537 4916 681 4973 tione
710 4917 895 4972 scribit
926 4917 1008 4970 his
1027 4916 1215 4969 verbis
1254 4935 1266 4968 :
1305 4916 1431 4971 Cum
1468 4920 1594 4971 duos
1643 4919 1828 4987 pariter
1870 4921 2105 4973 consules

538 4990 721 5070 liber-os
751 4987 1058 5070 tuos-domo.
1082 4987 1291 5070 provehi
1324 4988 1414 5070 εις)
1442 4991 1978 5070 frequentioupatrum,
2010 4995 2104 5043 sub

538 5059 696 5129 plebis
723 5057 987 5110 alacritate
1011 5057 1204 5129 vidisti.
1230 5057 1296 5111 Et
1318 5074 1332 5110 :
1359 5057 1492 5123 Quid
1514 5057 1680 5112 dicam
1706 5061 1888 5114 liberos
1913 5077 2103 5114 consu-

539 5128 629 5192 les,
652 5143 864 5202 quorum
902 5129 1005 5202 iam
1028 5137 1081 5182 ut
1110 5129 1163 5202 in
1192 5128 1244 5180 id
1273 5131 1436 5202 (etatis
1462 5146 1642 5202 pueris
1675 5133 1750 5184 vel
1784 5132 2002 5202 pa'erui,
2032 5132 2107 5185 vel

537 5198 935 5268 aviti-specimen
957 5201 1114 5251 elucet
1141 5199 1367 5268 ingenii?
1387 5199 1510 5255 Scio
1533 5201 1688 5254 aliier
1711 5198 1878 5254 visum
1901 5204 2106 5257 auctori

540 5273 677 5330 Vita:
705 5267 892 5335 Boetii,
917 5269 1005 5338 qui
1035 5268 1168 5323 filios
1189 5267 1304 5338 ejus
1327 5271 1573 5324 coiisules
1596 5271 1719 5325 facit
1740 5271 2024 5326 Patricium
2052 5285 2107 5328 et

539 5343 846 5414 Hypatium,
868 5339 958 5410 qui
985 5354 1126 5414 anno
1147 5339 1342 5414 Christi
1372 5341 1476 5397 500
1500 5343 1839 5414 consulatum
1855 5357 1959 5414 una
1986 5358 2108 5412 ges-

542 5408 746 5469 serunt.
794 5408 990 5468 Verum
1034 5410 1147 5464 haec
1187 5408 1425 5479 profecto
1464 5412 1624 5466 nimia
1657 5422 1738 5466 est
1774 5408 2103 5468 allucinatio.

543 5483 902 5553 Praeterquam
928 5481 1068 5538 enim
1096 5480 1233 5550 quod
1261 5481 1564 5536 meminisse
1589 5484 1864 5553 oportebat
1887 5480 2105 5553 Graecos

545 5563 598 5607 et
623 5552 915 5609 Orientales
942 5554 1062 5608 illos
1089 5553 1338 5608 consules
1360 5553 1540 5619 fuisse,
1570 5561 1624 5606 et
1651 5552 1715 5614 ad
1751 5552 1917 5608 Boetii
1950 5552 2105 5607 fami-

544 5625 668 5680 liam
698 5624 829 5679 nihil
865 5625 1148 5692 pertinere,
1180 5624 1454 5680 revincere
1497 5633 1740 5692 poterant
1779 5638 1898 5694 quae
1943 5625 2102 5679 modo

544 5695 704 5751 citata
729 5703 853 5748 sunt
880 5696 1038 5750 verba
1070 5695 1254 5757 Boetii,
1289 5711 1353 5748 ex
1383 5695 1573 5765 quibus
1606 5695 1770 5763 liquet
1802 5695 1960 5750 hosce
1986 5695 2100 5764 ejus

545 5765 682 5837 filios
708 5765 1014 5837 consulares
1037 5775 1193 5837 suate
1228 5765 1399 5824 adhuc
1436 5781 1624 5837 pueros
1655 5766 1838 5837 fuisse,
1867 5781 1987 5837 cum
2008 5780 2097 5819 ex-

542 5836 646 5909 l'silii
672 5837 752 5892 sui
780 5833 1206 5890 Consolationem
1233 5833 1486 5892 scriberet
1513 5854 1525 5891 :
1551 5836 1690 5906 quod
1712 5833 1839 5892 sane
1863 5834 1966 5890 dici
1993 5849 2098 5892 non

2286 4677 2395 4731 HIC
2437 4673 2848 4741 REQUIESCIT
2899 4671 3211 4728 MAXIMUS
3263 4666 3626 4727 PABVULUS

2282 4765 2397 4833 QUI
2435 4755 2618 4818 VIXIT
2649 4763 2874 4819 ANNOS
2913 4763 3000 4820 Vl.
3034 4762 3235 4818 MENS.
3274 4762 3383 4824 VII.
3419 4759 3568 4818 DIES
3598 4756 3659 4811 Χ.

2284 4848 2662 4905 DEPOSITUS
2697 4848 2824 4904 EST
2855 4847 2982 4902 SUB
3013 4850 3073 4906 D.
3106 4848 3195 4903 Ill.
3228 4847 3313 4904 ll).
3339 4840 3715 4914 AUGUSTAK.

2282 4939 2655 4997 svunscno
2689 4937 2773 4992 ET
2806 4937 3052 4992 accrro
3086 4921 3194 4993 π.
3232 4919 3338 4994 Ec".
3371 4935 3562 4994 cons.

2199 5044 2210 5054 ο
2283 5034 2346 5087 lN
2379 5033 2536 5087 FINE
2572 5019 2701 5086 ᾖ.
2737 5031 2853 5086 xv.

2284 5129 2304 5156 ²
2349 5127 2451 5193 Qui
2474 5135 2745 5198 utrumque
2785 5123 3164 5198 complecteris]
3189 5125 3436 5198 Graecam
3468 5120 3619 5182 simul
3648 5115 3772 5174 Lati-

2212 5211 2440 5278 namque
2477 5195 2853 5278 eruditionem,
2887 5195 3031 5278 quod
3053 5195 3235 5258 omnia
3259 5195 3375 5268 eius
3399 5209 3560 5275 opera
3594 5199 3772 5258 testan-

2211 5277 2318 5335 tur,
2351 5274 2405 5324 et
2433 5267 2758 5339 epitaphium
2787 5267 2979 5324 Ticini.

2337 5358 2537 5421 Maeonia
2563 5363 2614 5408 et
2635 5356 2776 5411 Latia
2800 5357 2962 5420 lingua
2988 5357 3300 5418 clarissimus,
3329 5364 3381 5415 et
3403 5361 3484 5421 qui

2455 5419 2630 5469 Consul
2656 5434 2812 5482 eram,
2839 5418 2948 5470 héic
2969 5423 3094 5483 perii
3115 5423 3290 5473 missus
3315 5423 3362 5476 in
3383 5418 3631 5478 exsilium.

2212 5502 2506 5630 ξὲξεῶιιιιθ
2520 5503 2649 5559 item
2667 5515 2879 5560 nostras
2900 5503 2994 5559 lib.
3017 5520 3051 5559 ιι
3091 5505 3543 5575 Epigrammatum
3563 5498 3770 5558 l‘ithtea

2394 5664 2466 5728 Ῐιι
2493 5672 2630 5728 pater
2652 5673 2704 5715 et
2722 5669 2888 5728 patrias
2909 5666 3096 5724 lumen,
3124 5667 3365 5717 Severine
3387 5666 3582 5727 Boethi,

2393 5725 2611 5791 Consulis
2631 5725 2790 5791 cilicio
2810 5741 2974 5777 rerum
2997 5731 3214 5791 disponis
3239 5731 3467 5785 habenas.

2395 5787 2605 5850 infundis
2637 5789 2800 5839 lumen
2819 5792 3004 5850 studiis,
3035 5787 3088 5841 et
3109 5792 3294 5844 cedere
3319 5793 3476 5850 nescis

2393 5849 2670 5902 Graecorum
2695 5853 2922 5908 llIRBllilB.
