3998 6362
208 334 301 401 I53

1414 319 1896 389 EPISTOLARUII
1937 319 2066 377 LIB.
2111 316 2248 379 VIII.

3375 310 3479 379 13‘

212 449 342 521 proci
370 447 646 507 sermonis
673 430 882 509 attollat
912 463 923 501 :
954 444 1057 507 hoc
1095 455 1307 514 quoque
1333 439 1646 515 deprecans,
1679 440 1693 469 ³
1725 447 1784 492 ut
1809 443 1865 513 Α
1890 428 2056 503 Vale,
2088 433 2265 493 ofﬁcio
2308 430 2642 487 salutationis
2683 434 2925 499 accepto,
2966 433 3022 521 et
3068 430 3479 521 correctum-te

214 544 414 598 domum
455 557 619 613 quam
649 542 705 597 in
736 538 1117 601 Mediolaneusi
1144 536 1357 601 civitate
1381 542 1435 589 et
1463 531 1787 588 abundantia

212 642 373 690 vestra
401 644 456 689 et
487 634 772 707 neglectus
804 630 1189 705 propemodum
1224 627 1337 698 jam
1383 626 1625 697 reliquit,
1658 622 1789 681 mihi

210 743 304 801 quo
346 726 511 782 vultis
539 741 742 799 genere
784 725 1112 789 concedatis.
1168 722 1379 787 Iustum
1416 729 1501 777 est
1545 720 1688 791 enim
1731 726 1791 781 ut

208 830 449 895 parentes
478 821 649 877 vestri
680 820 913 879 habeant
942 820 1083 895 quod
1110 818 1177 879 de
1202 816 1509 888 patrimonii
1531 815 1673 873 mole
1694 813 1793 877 de-

172 906 173 909 “
205 914 426 977 scendit.
460 912 679 977 Credite
709 913 841 973 mihi
862 958 877 983 ,
911 913 1021 977 Deo
1065 912 1376 983 teste.'quia
1413 911 1459 967 si
1504 910 1793 979 impetrare

204 1008 313 1063 sine
340 1007 676 1069 detrimento
719 1021 916 1064 census
943 1006 1108 1067 vestri
1140 1018 1418 1070 meruero,
1453 1002 1611 1073 quasi
1648 1000 1793 1057 dono

206 1101 483 1171 obligatus,
517 1101 793 1172 obsequiis
838 1100 1141 1173 potioribus
1171 1097 1531 1169 respondebo.
1579 1096 1653 1153 De
1687 1108 1792 1164 qua

207 1202 349 1261 parte
375 1233 390 1257 ,
426 1193 510 1247 sic
559 1192 709 1255 vobis
742 1192 967 1249 feliciter
996 1190 1244 1253 universa
1271 1190 1603 1259 contingant,
1634 1186 1679 1243 si
1709 1200 1789 1245 se-

206 1299 356 1339 cnrus
397 1298 525 1349 esse
574 1284 764 1351 debeo,
815 1284 1041 1355 pleuarii
1079 1282 1211 1345 mihi
1241 1280 1546 1345 documenti
1576 1278 1794 1349 dirigite

207 1376 533 1433 ﬁrmitatem.
742 1370 749 1377 ’

772 1466 1105 1533 EPISTOLA
1149 1465 1211 1522 ll.

748 1592 1005 1636 ειηιοωυε
1043 1592 1254 1634 ΔἾΙΕΝΟ.

276 1697 375 1755 Par
403 1706 524 1753 erat
552 1694 974 1766 magnitudinem
1021 1703 1253 1749 vestram
1309 1692 1507 1761 ingenii
1548 1692 1630 1747 sui
1662 1705 1796 1761 opu-

210 1791 443 1853 lentiam,
486 1791 609 1845 dum
639 1790 809 1844 sancti
841 1789 1003 1860 patris
1032 1797 1265 1844 sectatur
1295 1787 1555 1853 instituta,
1588 1787 1793 1855 depro-

1895 525 2323 599 suggestionibus
2366 524 2499 581 meis
2532 522 2897 593 frequentibus
2923 519 3131 591 resigna
3156 516 3354 575 muniis
3382 515 3475 573 lit-

1894 630 1973 685 IOI'
1978 636 2035 677 ar
2040 635 2151 683 um.

2456 707 2783 773 EPISTOLA
2824 708 2913 764 IV.

2398 838 2655 879 sanemus
2681 824 2701 853 ⁸
2733 835 2983 877 Ακλτοιιι.

1968 940 2048 996 Ad
2078 940 2360 1010 longinqua
2391 938 2694 1009 digrediens
2731 935 2969 990 caritatis
3004 934 3292 989 immemor
3321 935 3483 989 exsti-

1897 1036 2005 1092 tisti
2036 1077 2052 1103 ,
2081 1051 2185 1091 nou
2218 1035 2366 1090 licuit
2390 1042 2565 1088 tecum
2590 1036 2729 1102 piam
2753 1030 3083 1101 diligentiam
3110 1047 3291 1087 muros
3313 1034 3479 1087 exire.

1899 1130 2032 1185 Dum
2066 1128 2212 1184 urbis
2244 1129 2509 1183 habitator
2557 1142 2637 1189 es,
2689 1126 2971 1179 fabricatas
3003 1124 3324 1192 blanditias,
3377 1140 3485 1180 nou

1897 1222 2013 1277 siue
2043 1221 2250 1277 daedala
2279 1229 2396 1276 arte
2426 1218 2661 1275 custodis
2696 1260 2709 1284 ,
2738 1226 2793 1272 at
2817 1218 2907 1272 ubi
2932 1232 3024 1271 rus
3050 1217 3339 1287 petendum
3366 1232 3486 1274 esse

1897 1315 2206 1371 decreveris
2230 1354 2244 1377 ,
2292 1311 2443 1383 quasi
2471 1324 2662 1383 graves
2692 1310 2931 1365 sarcinas
2956 1308 3251 1364 amicorum
3285 1321 3488 1364 memo-

1898 1407 2030 1461 riam
2058 1404 2410 1474 derellnquis.
2438 1403 2515 1458 Tu
2539 1403 2754 1459 villares
2774 1402 2993 1457 delicias
3015 1400 3291 1473 expetisti,
3314 1408 3369 1456 et
3389 1414 3489 1455 nos

1898 1497 2036 1565 apud
2068 1507 2119 1553 te
2143 1497 2283 1552 luter
2303 1496 2562 1552 moenium
2592 1496 2731 1550 mala
2753 1494 3131 1551 remansimus.
3165 1492 3277 1549 Non
3304 1492 3491 1550 habuit

1898 1589 2133 1643 radicem
2170 1586 2407 1654 aﬂcetio,
2451 1601 2609 1657 quam
2652 1586 2798 1643 velut
2827 1602 3079 1641 curarum
3111 1592 3376 1640 tormenta
3402 1597 3490 1639 se-

1900 1679 2120 1749 parasti.
2170 1677 2357 1746 Dicas,
2406 1678 2545 1734 unde
2593 1690 2697 1734 tam
2757 1677 2915 1733 velox
2968 1676 3315 1749 exprobratio
3333 1676 3491 1749 [nec

1903 1743 2111 1843 iniquum
2134 1786 2255 1827 esse
2280 1743 2456 1841 parari
2480 1782 2603 1826 ante
2623 1770 2815 1826 delicta
2847 1743 3127 1826 tortorem.
3152 1743 3491 1839 Scrlptti'rum

209 1900 374 1949 mere,
404 1893 456 1938 et
478 1883 647 1938 multo
678 1839 992 1949 acquisitam
1026 1881 1219 1935 sudore
1248 1880 1551 1935 doctrinam
1584 1896 1681 1949 pro
1712 1880 1794 1933 di-
1906 1876 1976 1933 ιθ»
2008 1880 2126 1920 ηὶοι
2160 1864 2351 1919 M3509
2373 1862 2439 1918 ⁸ιά
2470 1872 2651 1933 opma
2675 1872 2977 1933 Ρθτνθοιιιεν
3008 1862 3123 1916 Sine
3148 1860 3490 1949 οιξηοιείίοηθ

208 1978 433 2049 ligentia:
493 1978 798 2033 testimonio
857 1977 1139 2031 ventilare.
1182 1976 1405 2031 Gemina
1452 1976 1602 2031 vobis
1662 1990 1783 2029 con-

209 2071 354 2141 tingit
392 2070 627 2126 antelata
668 2070 1079 2125 concinnatione
1106 2068 1339 2122 laudatio
1372 2086 1386 2135 ;
1427 2067 1646 2139 quando
1675 2084 1795 2123 crc-

209 2173 386 2220 seente
412 2170 791 2233 susceptorum
823 2161 1113 2217 devotione
1144 2160 1313 2216 fertur
1334 2162 1384 2215 in
1412 2160 1646 2215 modum
1682 2161 1793 2231 pal-

209 2272 287 2313 ma
315 2256 607 2322 sermonis,
646 2270 736 2310 res
766 2269 887 2325 qua
916 2240 1075 2308 nobis
1103 2270 1340 2308 amorem
1371 2263 1606 2309 vestrum
1640 2268 1790 2308 rese-

209 2357 304 2412 ret,
337 2363 433 2401 vos
479 2346 713 2403 extollit.
752 2346 867 2402 Uno
908 2346 1208 2416 eodemque
1239 2361 1334 2400 usu
1366 2356 1419 2399 et
1461 2346 1571 2401 oris
1601 2360 1792 2416 pompa

210 2439 579 2510 multiplicatur
605 2447 661 2493 et
692 2437 836 2493 Ildei.
882 2439 939 2493 In
974 2453 1109 2507 pace
1140 2437 1413 2493 constituti
1463 2437 1606 2491 illam
1668 2438 1794 2492 sub-

209 2531 355 2600 iectis
378 2532 722 2587 ail‘ectionem
746 2540 998 2601 putantur
1025 2531 1357 2601 impendere,
1381 2545 1541 2601 quam
1566 2530 1794 2601 loquun-

212 2633 309 2680 tur.
361 2625 514 2690 Iirec,
539 2626 609 2678 mi
635 2624 876 2690 domine,
902 2623 990 2678 ille
1017 2622 1460 2691 occupatissimus
1482 2633 1632 2693 pater
1658 2632 1711 2678 et
1740 2622 1791 2676 in

210 2718 435 2774 humana
467 2719 675 2773 locatus
704 2732 829 2772 arce
852 2716 1104 2771 custodit.
1132 2716 1260 2769 Nam
1288 2723 1651 2785 contemptum
1682 2729 1793 2769 ma-

209 2810 435 2875 niiestat,
464 2812 556 2881 qui
580 2813 633 2865 in
665 2812 779 2865 otio
804 2810 1005 2880 degens
1030 2810 1188 2865 verba
1217 2826 1319 2863 non
1346 2810 1549 2864 tribuit.
1576 2808 1793 2878 chisse

212 2922 285 2960 me
311 2906 558 2972 memini,
609 2906 872 2961 Sermonis
898 2906 1037 2958 avari
1067 2903 1243 2957 nullus
1274 2904 1454 2956 honor.
1489 2902 1639 2956 Nunc
1666 2914 1793 2970 ergo

213 2997 434 3052 servitiis
462 2997 804 3053 salutationis
828 2997 1100 3062 adhibitis,
1132 2994 1307 3052 indico
1338 3011 1423 3051 me
1458 2995 1659 3049 valere.
1693 2995 1794 3051 Su-

215 3104 380 3160 perest
412 3103 472 3147 ut
506 3093 779 3163 suggestio
813 3106 931 3146 mea
958 3092 1124 3147 eliciti
1158 3092 1386 3162 gaudeat
1416 3090 1659 3148 ubertate
1687 3092 1793 3148 col-

250 3202 383 3243 lﬂIIll.

215 3186 383 3257 loquii.

762 3276 1091 3337 EPISTULA
1135 3277 1221 3333 Ill.

716 3407 965 3446 ENNODIUS
996 3394 1017 3423 ’
1049 3406 1208 3447 nassa
1218 3409 1314 3446 ιμε,

287 3504 414 3558 Post
439 3503 598 3557 unani
628 3504 909 3575 epistolam
941 3520 1098 3574 quam
1130 3506 1299 3560 victus
1322 3506 1526 3560 crebris
1552 3508 1798 3585 scriptio-

222 3596 364 3649 tti'bus
386 3595 639 3659 emisisti,
694 3597 745 3649 in
792 3598 1045 3649 continua
1076 3597 1435 3657 taciturnitate
1485 3598 1795 3667 perduras;

222 3698 269 3741 et
301 3688 463 3741 credo
498 3688 838 3753 necessitate,
890 3703 991 3741 non
1043 3690 1241 3755 studia,
1296 3706 1479 3745 servas
1512 3692 1532 3722 ³
1558 3692 1797 3760 philoso-

223 3780 390 3848 phiam
427 3780 497 3835 nil
525 3780 773 3844 dicendi;
805 3797 906 3835 non
951 3784 1246 3851 respiciens
1278 3794 1508 3851 veteres,
1536 3796 1591 3840 ut
1616 3787 1802 3858 loquev

224 3884 398 3929 rentur
422 3876 645 3940 melius,
683 3877 733 3929 in
769 3876 1053 3945 praesentia
1091 3878 1162 3930 nil
1204 3878 1439 3941 locutos,
1471 3888 1521 3933 et
1555 3880 1696 3934 iliam
1729 3879 1802 3935 sic

226 3964 365 4020 lentii
406 3981 590 4020 curam
640 3968 905 4021 nutricem
956 3967 1120 4022 fuisse
1163 3970 1452 4023 sermonis.
1490 3970 1568 4024 Tu
1601 3970 1801 4026 videris

229 4057 343 4111 mihi
376 4057 396 4091 ⁸
427 4058 741 4127 disciplinas
788 4059 991 4113 Atticas
1024 4060 1073 4115 in
1108 4070 1254 4114 muta
1286 4060 1512 4115 ﬁdeliter
1544 4073 1691 4131 parte
1716 4078 1803 4117 sc-

229 4150 391 4218 ctari,
452 4150 642 4204 nolens
693 4151 910 4205 silentio
956 4151 1218 4221 acquisita
1272 4154 1533 4223 vulgare:
1578 4154 1804 4210 ostende

234 4242 479 4309 posteris
505 4242 669 4296 lerias
716 4258 834 4312 quin
892 4243 983 4297 tibi
1019 4259 1113 4313 per
1142 4245 1566 4299 aurium‘callem
1606 4245 1804 4301 divitia:

232 4346 612 4389 commearunt.
646 4336 937 4391 Destinasti
963 4337 1089 4391 mihi
1125 4338 1387 4393 dictiones
1422 4347 1568 4403 tuas;
1605 4341 1654 4392 in
1691 4340 1804 4409 qui-

233 4424 324 4480 bus
347 4437 401 4481 et
427 4428 469 4481 si
505 4443 607 4481 non
642 4428 741 4482 fuit
770 4429 999 4499 optanda
1029 4430 1356 4497 sublimitas,
1384 4448 1490 4486 non
1515 4442 1689 4488 tamen
1720 4432 1805 4488 de.

234 4518 484 4587 prehensa
516 4532 596 4575 est
632 4537 749 4590 qua:
772 4522 1012 4577 sorderet
1038 4524 1287 4592 abjectio.
1322 4523 1413 4594 Egi
1449 4523 1558 4578 Deo
1585 4526 1801 4595 gratias,

1900 1955 2194 2026 promisisti
2238 1974 2253 2009 :
2300 1968 2563 2025 quantum
2617 1965 2767 2024 pater
2798 1963 2920 2009 tuus
2950 1969 3164 2023 semper
3204 1945 3487 2022 culparum

1899 2059 2108 2105 tuarum
2133 2050 2379 2117 vulgator
2406 2049 2685 2119 exposuit,
2709 2050 2817 2120 iam
2845 2066 2873 2105 a
2904 2058 2957 2105 te
2984 2048 3134 2119 pueri
3161 2047 3365 2118 paginis
3393 2062 3489 2102 va-

1898 2144 1983 2198 cui
2009 2153 2399 2199 commearunt.
2449 2144 2638 2198 Timeo
2673 2159 2737 2198 ne
2768 2145 2870 2197 ista
2904 2143 3239 2198 taciturnitas
3269 2140 3485 2195 diutur-

1898 2238 2061 2291 nitate
2084 2238 2459 2301 convalescat;
2495 2246 2549 2291 et
2576 2235 2628 2290 in
2668 2253 2822 2291 usum
2855 2238 3050 2292 silentii
3084 2236 3254 2306 turpis
3283 2242 3491 2292 crescat

1896 2330 2117 2385 incuria.
2150 2329 2374 2385 Domine
2401 2329 2494 2395 mi,
2523 2329 2695 2385 saluto
2716 2346 2834 2400 ego,
2858 2341 2913 2386 et
2940 2332 3184 2401 promissi
3207 2341 3260 2385 te
3283 2344 3488 2385 memo-

1897 2437 2009 2477 rem
2041 2422 2242 2478 debere
2272 2438 2394 2478 esse
2423 2423 2685 2477 convenio
2710 2463 2725 2489 ,
2756 2431 3020 2493 quatenus
3050 2422 3190 2479 inter
3230 2435 3365 2477 cana
3393 2434 3486 2476 ne-

1897 2529 2045 2570 mora
2075 2515 2349 2571 redimitus
2372 2515 2585 2570 hederis
2607 2514 2871 2570 eii'erarls.

2467 2627 2799 2683 EPISTOLA
2847 2626 2907 2681 V.

2434 2756 2689 2799 ENNODIL'S
2715 2753 2941 2801 FAUSTO.

1971 2856 2212 2919 Directos
2236 2873 2264 2911 a
2295 2866 2479 2915 saneto
2503 2858 2759 2927 episcopo
2787 2855 3022 2913 artiﬁces
3053 2856 3305 2925 prosequi
3332 2870 3476 2911 com.

1897 2948 2239 3011 mendatiouu
2272 2964 2377 3007 non
2407 2963 2542 3018 opus
2575 2958 2678 3004 est.
2734 2948 2840 3004 lies
2877 2948 3019 3003 enim
3056 2948 3170 3017 plus
3200 2962 3300 3003 sua
3324 2948 3487 3018 placi-

1901 3051 2016 3096 tura
2038 3044 2214 3111 geuio,
2244 3042 2311 3099 de
2331 3042 2617 3099 devotione
2652 3040 2945 3097 laudatoris
2970 3040 3181 3110 abjurat
3209 3040 3483 3109 iniuriam.

1900 3135 2124 3190 Familia
2165 3144 2247 3189 est
2276 3152 2456 3205 quam,
2486 3150 2605 3197 cum
2635 3134 2900 3199 videritis,
2932 3149 3037 3189 non
3078 3134 3295 3203 possitis
3319 3132 3489 3187 ambi-

1821 3228 1868 3293 Ο
1897 3242 2023 3298 gere
2048 3228 2115 3282 ab
2149 3228 2388 3283 Ecclesia
2418 3226 2760 3293 destinatam,
2812 3236 2866 3289 et
2891 3226 2959 3289 de
3001 3227 3117 3295 ejus
3148 3226 3413 3281 thesauris
3436 3234 3490 3280 et

1899 3324 2105 3393 gremio
2134 3321 2234 3379 sub
2266 3323 2367 3381 hoc
2396 3321 2574 3377 studio
2603 3320 2961 3391 processisse.
3002 3330 3058 3375 ut
3088 3328 3311 3379 tractata
3359 3318 3491 3373 libe-

1900 3416 2084 3479 raliter
2116 3417 2283 3486 pariat
2315 3415 2465 3470 vobis
2490 3415 2541 3472 in
2576 3415 2662 3469 illa
2706 3414 2946 3475 melioris
2984 3414 3164 3473 saeculi
3194 3422 3492 3471 commuta-

1902 3507 2047 3569 tione
2078 3508 2398 3569 mercedem.
2435 3506 2491 3569 In
2522 3507 2716 3577 quibus
2744 3507 3026 3580 mancipiis
3048 3547 3063 3571 ,
3104 3505 3253 3581 juxta
3282 3519 3492 3567 annuli.

1903 3598 2178 3661 tiationem
2210 3599 2504 3663 beatissimi
2558 3598 2830 3657 Laurentii
2888 3601 3161 3671 martyris,
3212 3613 3344 3668 opes
3370 3613 3494 3659 esse

1903 3691 2162 3753 maximas
2185 3693 2305 3762 quis
2327 3692 2572 3762 negabit?
2594 3690 2729 3753 Sunt
2751 3692 2893 3749 enim
2912 3692 3145 3756 feminae.
3167 3706 3285 3764 qua:
3306 3707 3493 3763 quam-

1901 3784 1983 3839 vis
2007 3784 2292 3847 exterioris
2324 3784 2563 3845 hominis
2590 3783 2788 3843 lumina
2818 3783 3203 3855 perdidissent,
3235 3784 3494 3843 mentium

1904 3878 2193 3955 splendore
2223 3878 2509 3937 radiabunt
2540 3894 2554 3937 :
2581 3876 2837 3949 quidquid
2887 3876 3031 3937 enim
3079 3876 3401 3943 corporibus
3428 3876 3497 3931 de

1906 3970 2261 4045 prosperitate
2284 3967 2618 4035 subducitur,
2643 3969 2705 4021 ad
2732 3968 2935 4036 frugem
2958 3968 3149 4029 crescit
3172 3968 3495 4031 animarum.

1905 4060 2077 4123 Nolite
2106 4062 2242 4121 male
2273 4060 2539 4135 accipere,
2581 4060 2723 4131 quod
2758 4074 2856 4117 nec
2889 4059 3070 4119 videre
3100 4068 3371 4129 poterunt,
3401 4072 3500 4123 nec

1905 4155 2071 4210 videri
2110 4173 2121 4209 :
2156 4154 2343 4223 procul
2390 4169 2416 4209 a
2450 4156 2760 4209 maturitate
2803 4162 2981 4211 vestra
3032 4151 3262 4213 illicieus
3306 4152 3501 4213 decore

1906 4246 2231 4301 formositas.
2263 4246 2358 4313 Qui
2392 4246 2553 4298 vitam
2584 4261 2760 4311 suam,
2794 4246 2934 4307 sicut
2974 4258 3069 4303 vos
3116 4244 3172 4301 iu
3202 4245 3303 4303 hoc
3341 4243 3500 4299 iuno-

1907 4338 2095 4392 centize
2125 4338 2261 4392 calle
2293 4337 2576 4406 disposuit,
2605 4340 2647 4390 si
2683 4337 2817 4395 tales
2848 4348 3051 4411 pascat,
3104 4336 3155 4389 in
3194 4336 3347 4391 caelis
3374 4346 3456 4391 est
3483 4352 3510 4394 :.

1907 4427 2067 4482 crede
2086 4428 2239 4494 mihi,
2258 4430 2500 4497 quamvis
2522 4429 2671 4481 vobis
2690 4428 2879 4497 gaudia
2906 4428 3078 4503 pariat
3104 4427 3218 4482 fusa
3243 4429 3309 4481 ad
3335 4427 3501 4485 Deum

1909 4521 2131 4576 ubertas
2182 4522 2272 4575 illa
2322 4523 2702 4592 iacrymarum,
2755 4521 2993 4574 contenti
3043 4521 3195 4577 eritis
3227 4521 3504 4593 possidere

234 4612 347 4680 quia
372 4614 480 4681 jam
504 4628 555 4668 te
584 4614 651 4668 de
678 4614 895 4669 vinculo
924 4615 977 4669 in
1006 4632 1109 4684 quo
1134 4616 1451 4687 ncgligentia
1477 4617 1810 4687 constringe-
1835 4616 1887 4678 Ι)
1914 4615 2014 4669 sub
2044 4614 2449 4669 continuatione
2481 4615 2818 4686 piangcntcs.
2870 4614 3014 4670 inter
3065 4614 3164 4667 ista
3214 4615 3351 4669 bona
3385 4630 3504 4686 qum

235 4703 389 4768 beris,
424 4720 726 4760 esemeras.
760 4706 989 4761 Promisi
1024 4708 1373 4776 sequentibus
1404 4707 1665 4776 potiorem
1691 4723 1809 4763 suc-

236 4808 435 4849 cessum
462 4797 817 4852 aestimatione
840 4799 1107 4867 principii.
1137 4799 1240 4855 Sed
1266 4815 1359 4853 vos
1390 4800 1807 4868 inchoationem,

238 4897 487 4954 quantum
520 4889 585 4942 ad
629 4904 714 4944 me
744 4889 829 4943 cui
869 4890 999 4943 nihil
1032 4891 1283 4961 dirigitis,
1319 4906 1441 4947 cum
1472 4892 1811 4955 extremitate

239 4977 496 5046 iunxistis.
531 4982 757 5045 Domine
783 4983 1009 5039 Messala
1040 5026 1055 5050 ,
1093 4985 1334 5054 quotidie
1362 4985 1512 5054 cujus
1541 4986 1614 5039 sis
1646 4985 1808 5053 filius,

240 5072 428 5133 habere
463 5085 587 5131 ante
629 5078 816 5131 oculos
847 5077 1026 5131 cordis
1068 5078 1161 5132 Dei
1206 5077 1371 5132 nostri
1410 5078 1812 5147 dispensatione

241 5167 520 5237 contingat.
551 5168 657 5223 Sed
693 5168 818 5229 nolo
846 5168 1055 5239 prolixa
1082 5183 1241 5236 esse,
1290 5185 1407 5240 quae
1436 5184 1625 5241 aspera
1666 5178 1809 5233 sunt.-

313 5324 331 5395 ἰ
370 5323 583 5378 Domum
617 5326 668 5385 in
715 5324 1085 5383 Mcdiolanenst'
1112 5323 1343 5395 civitate]
1376 5326 1450 5382 De
1478 5327 1579 5385 hac
1603 5342 1817 5385 rursum

242 5394 387 5463 epist.
418 5396 514 5457 50,
546 5395 611 5448 58
644 5406 699 5450 et
724 5397 793 5449 40
825 5396 981 5465 hujus
1013 5398 1151 5451 libri.

311 5468 330 5495 ⁸
365 5466 1007 5538 Mcssalw].-\d0'esceuti,
1044 5469 1228 5524 Avieni
1255 5468 1425 5534 fratri,
1474 5468 1814 5529 Faustifilio:

245 5537 376 5602 quod
392 5538 552 5609 docet
585 5540 677 5593 lib.
703 5555 777 5600 Ix,
806 5541 962 5603 epist.
995 5542 1058 5593 l9.
1081 5551 1132 5594 et
1159 5542 1247 5595 QG.
1280 5540 1323 5593 Is
1345 5542 1662 5609 eloquentia:
1691 5557 1819 5609 ope—

246 5621 354 5660 ram
387 5608 560 5663 ltntn-n
591 5610 775 5663 dabat.
812 5609 932 5662 Ideo
963 5612 1077 5681 ejus
1107 5612 1367 5669 dictiones
1400 5608 1600 5676 laudat,
1636 5623 1689 5665 ut
1722 5608 1819 5667 hoc

188 5734 193 5737 ,
247 5680 452 5733 stimulo
504 5682 772 5736 incitetur.
833 5682 960 5734 Aliae
998 5680 1275 5750 prrterea
1309 5692 1432 5737 sunt
1474 5682 1538 5736 ad
1574 5683 1818 5745 eumdem

247 5750 535 5829 epistolxdi
564 5754 775 5829 .c_|ibru
806 5765 857 5804 et
890 5756 1156 5829 sequenti.
1184 5755 1424 5829 _liu_rs_unt
1462 5755 1822 5829 Mcssaiahhic

245 5822 445 5876 videtur
465 5823 528 5879 de
550 5824 707 5893 cujus
736 5822 1041 5890 consulatu,
1070 5826 1155 5893 qui
1183 5826 1367 5879 incidit
1391 5826 1439 5880 in
1466 5841 1662 5881 annum
1695 5826 1823 5889 506,

242 5894 614 5963 epigrammate
676 5896 802 5949 lusit
853 5896 1145 5953 Ennodius.
1203 5898 1273 5950 Ita
1328 5911 1523 5965 pueros
1576 5896 1826 5951 consules

1912 4708 2170 4779 praefatus
2220 4722 2335 4762 sum
2362 4746 2377 4771 ,
2434 4707 2561 4760 licet
2614 4721 2807 4775 magno
2840 4706 2997 4765 vobis
3030 4705 3213 4760 labore
3244 4717 3292 4759 et
3330 4707 3499 4781 pretio

1912 4801 2303 4867 constitissent,
2326 4800 2519 4868 adjicio
2542 4814 2659 4867 quae
2687 4808 3007 4867 sequuntur.
3036 4796 3150 4851 Una
3178 4796 3313 4851 inter
3340 4796 3511 4866 ipsas,

1912 4902 1966 4948 et
1994 4892 2220 4962 ingenua
2244 4934 2261 4960 ,
2295 4900 2351 4946 et
2396 4891 2513 4952 sine
2542 4890 2696 4957 filiis,
2743 4898 2797 4949 et
2830 4904 2978 4961 puto,
3032 4889 3174 4961 quod
3214 4888 3274 4949 ίίι
3302 4890 3503 4949 sanctis

1916 4985 2152 5049 vicinum
2183 4984 2485 5051 desideriis,
2543 4999 2643 5040 nec
2698 4984 2939 5040 habebit.
2972 4984 3063 5038 Est
3096 4984 3237 5039 enim
3279 4986 3332 5039 in
3362 4983 3511 5039 Chri-

1920 5079 2106 5133 stianis
2137 5078 2444 5133 hominibus
2473 5078 2698 5134 fecunda
2729 5077 3007 5143 sterilitas,
3032 5086 3085 5133 et
3108 5079 3395 5132 maximum
3420 5093 3509 5131 so-

1926 5174 2111 5231 latium
2135 5174 2318 5233 sicculi
2345 5173 2607 5247 adjutoria
2632 5188 2738 5235 non
2766 5172 2986 5238 habere.
3018 5173 3123 5235 Sed
3146 5187 3212 5237 ne
3237 5173 3373 5233 forte
3395 5171 3509 5229 ani.

1925 5345 2111 5389 creare
2144 5346 2260 5385 mos
2289 5328 2387 5389 fuit
2417 5331 2520 5387 hac
2548 5344 2662 5385 aevo
2689 5346 2793 5386 non
2826 5332 3157 5399 inlrequens.

1928 5477 1972 5527 θ’
1998 5401 2019 5433 ⁸
2064 5400 2452 5472 Philosophiam
2493 5403 2566 5457 nil
2597 5402 2827 5475 dicendi]
2861 5397 3261 5474 Pythagoricum
3317 5397 3509 5467 ἐχεμυ-

1958 5498 2056 5527 ιαἈ.

1958 5498 2034 5530 Iv“?!
2046 5514 2056 5524 .

2002 5545 2017 5573 δ
2063 5542 2373 5615 Disciplina:
2394 5543 2617 5615 Atticas]
2642 5544 2925 5615 Sacrorum
2953 5538 3512 5615 Eleusinim'ttm,_qua)

1928 5616 1981 5671 in
2035 5609 2214 5670 Attica
2254 5609 2657 5686 religiosissitno
2711 5614 2924 5669 silentio
2981 5610 3312 5686 colebantur.
3365 5609 3514 5665 Unde

1930 5687 2071 5745 taciti
2105 5688 2316 5741 Cereris
2341 5681 2525 5756 mysta:
2563 5686 2809 5752 Pupinia;
2843 5690 2894 5739 et
2926 5681 3268 5756 proverbium
3297 5684 3515 5739 Ἀττικοὶ

1933 5759 2172 5817 ἑλευσίνια
2201 5758 2267 5811 de
2310 5759 2371 5811 iis
2399 5754 2489 5827 qui
2532 5769 2722 5811 arcana
2758 5769 2847 5827 »_ua
2877 5754 3089 5827 siletttio
3122 5763 3301 5827 tegunt
3336 5773 3348 5806 ς
3393 5756 3512 5821 quia

1932 5828 2143 5883 Cereris
2174 5824 2431 5895 mysteria
2462 5844 2566 5883 non
2600 5825 2816 5895 initiatis
2848 5824 3096 5894 cvulgare
3126 5824 3277 5883 nelas
3306 5836 3441 5883 erat.

2017 5900 2034 5925 ⁵
2078 5893 2317 5963 Araloi‘il
2349 5898 2460 5952 Lib.
2492 5914 2562 5961 l.\',
2594 5893 2749 5960 epist.
2790 5896 2835 5947 I.
