3998 6362
509 363 609 421 155

1628 351 1896 408 ENNODII
1936 351 2237 408 EPISCOPI
2278 352 2656 411 TICINENSIS

3669 367 3769 426 £36

508 495 625 535 mus
646 484 819 532 vester
840 474 893 530 in
916 470 1289 540 occupationes
1309 469 1547 538 publicas
1578 468 1772 525 debeat
1800 469 1869 525 de
1897 470 1914 499 ¹
1946 484 2076 524 ana-
2110 469 2165 529 Α
2188 469 2327 539 loqui
2364 471 2631 541 loquendo
2669 470 2884 539 faciam,
2905 482 2958 529 et
2986 473 3128 529 illam
3162 476 3391 534 Atticam
3417 479 3771 541 eruditionem

490 575 731 647 ‘gnostici
760 571 1058 645 prolixitate
1086 570 1387 635 fastidium;
1419 570 1659 640 quamvis
1685 570 1822 624 bona
1848 568 1903 624 in
1937 569 2085 638 prin-

509 668 659 737 cipiis
690 667 856 721 locata
888 677 981 718 vos
1001 663 1260 728 animent,
1292 673 1345 717 et
1367 662 1665 732 quemlibet
1688 677 1962 717 rancorem
1990 664 2090 717 de-

510 768 712 829 tergeat
739 758 789 811 in
820 755 1043 814 exordio
1069 796 1085 823 ,
1110 754 1261 825 juxta
1293 752 1581 809 oratoriam
1615 753 1977 823 disciplinam,
2012 754 2091 808 lo-

509 861 621 905 cata
654 846 915 913 dulcedo;
949 856 1125 901 tamen
1176 863 1243 899 ne
1288 845 1557 901 desideria
1598 853 1776 899 vestra
1830 844 2089 899 fabricata

508 941 929 997 dissimulatione
953 937 1299 1009 suspendam.
1346 937 1489 993 nulla
1529 954 1591 993 ex
1624 936 1734 992 illis
1762 940 2089 992 documenta

509 1032 794 1100 promerui.
815 1032 947 1097 Quia
969 1029 1529 1086 commemorationem
1553 1030 1813 1084 mularum
1834 1028 2088 1095 facerem,

508 1123 763 1191 episcopo
812 1120 1002 1175 durum
1038 1120 1249 1176 videtur
1279 1137 1291 1171 :
1322 1128 1373 1173 et
1418 1119 1662 1188 quamvis
1712 1118 1894 1172 famuli
1922 1118 2091 1173 vestri

508 1214 687 1270 fratris
702 1212 888 1268 Gaiani
911 1213 1197 1267 institisset
1217 1210 1474 1277 efﬁcacia,
1492 1219 1546 1266 et
1562 1226 1721 1280 supra
1746 1211 1964 1265 modum
1994 1225 2090 1265 nos

509 1307 796 1378 pressisset
823 1305 1218 1375 importunitas,
1256 1304 1387 1358 nihil
1417 1303 1689 1359 communi
1720 1303 1930 1359 actione
1966 1318 2090 1372 pro-

510 1398 752 1455 fecimus.
787 1399 900 1453 Hoc
931 1406 1133 1453 tantum
1165 1398 1349 1452 volunt
1379 1397 1563 1464 inseri,
1612 1397 1795 1451 multis
1848 1406 2088 1451 sanctum

510 1501 714 1562 patrem
742 1500 975 1546 vestrum
1004 1489 1278 1544 beneficiis
1304 1489 1497 1545 vestris
1522 1498 1576 1543 et
1596 1488 1762 1557 gratia
1786 1486 2090 1553 invitatum,

512 1586 750 1641 muneris
778 1584 930 1640 vobis
959 1582 1379 1639 vicissitudinem
1411 1582 1755 1653 prospexisse
1788 1599 1798 1635 :
1835 1580 1974 1651 quod
2002 1595 2092 1650 ge-

510 1692 613 1736 nus
633 1677 936 1733 documenti
958 1676 1002 1731 si
1027 1676 1223 1746 placet,
1245 1675 1364 1730 sine
1391 1676 1737 1730 cunctatione
1771 1672 2050 1727 rescribite
2072 1710 2090 1737 ,

514 1778 607 1825 aut
635 1784 754 1839 quae
780 1769 897 1839 ejus
934 1770 1100 1823 forma
1125 1782 1246 1823 esse
1270 1768 1483 1823 debeat.
1517 1767 1775 1821 intimate.
1807 1764 1960 1820 Nunc
1992 1778 2090 1835 ego

512 1863 602 1919 ille
627 1863 937 1933 periclitata
963 1862 1203 1917 utilitatis
1246 1872 1300 1918 et
1332 1862 1385 1916 in
1414 1862 1682 1932 obsequiis
1713 1862 1910 1917 vestris
1934 1862 2090 1916 annis
2120 1862 2167 1923 B

510 1956 752 2027 pluribus
767 1956 878 2024 jam
915 1956 1186 2025 probatus,
1212 1964 1466 2025 quantum
1490 1956 1714 2023 egerim,
1736 1953 1879 2022 quod
1905 1953 1994 2007 vix
2016 1954 2094 2008 al-

512 2056 590 2104 ter
624 2064 717 2119 per
744 2048 950 2103 infinita
973 2048 1173 2103 chartae
1204 2049 1398 2102 damna
1440 2056 1731 2113 narrasset,
1785 2045 2089 2117 pernicibus

512 2158 631 2199 sum
658 2142 945 2199 verborum
974 2142 1202 2197 saltibus
1232 2141 1496 2195 elocutus.

1079 2232 1409 2289 EPISTOLA
1452 2232 1531 2287 Vl.

1047 2339 1302 2379 ENNODIUS
1341 2337 1551 2378 AVIENO.

584 2418 757 2476 Credo
784 2418 851 2474 ad
874 2418 1133 2487 justitiam
1164 2417 1452 2488 pertinere,
1494 2425 1551 2472 ut
1578 2416 1719 2487 quod
1750 2430 1778 2469 a
1809 2415 1959 2471 vobis
1988 2431 2086 2471 ex-

514 2522 734 2583 specto,
760 2511 968 2581 primus
1009 2510 1314 2566 exhibeam.
1348 2511 1511 2565 Decet
1540 2512 1684 2564 enim
1739 2518 1797 2563 ut
1820 2509 1909 2579 qui
1955 2509 2093 2564 bona

515 2621 681 2676 opera
706 2605 1067 2676 praestolatur,
1096 2604 1283 2659 invitet
1313 2602 1578 2673 exemplo.
1613 2603 1892 2673 Expugnat
1918 2601 2094 2655 calca-

516 2697 664 2753 ribus
694 2698 996 2753 tarditatem
1021 2740 1036 2764 ,
1080 2697 1169 2767 qui
1223 2696 1449 2751 formam
1480 2695 1751 2750 ministrat
1775 2693 1963 2749 officii.
2000 2693 2094 2747 llis

514 2808 640 2863 ergo
669 2790 1209 2847 salutationismunus
1239 2790 1548 2861 impertiens
1567 2830 1581 2856 ,
1612 2803 1802 2843 sanum
1833 2802 1921 2842 me
1947 2800 2089 2854 esse,

515 2896 633 2957 post
657 2885 1067 2956 inaequalitatem
1097 2898 1256 2954 quam
1300 2897 1396 2954 pro
1440 2884 1672 2951 peccatis
1716 2894 1832 2935 sum
1863 2892 2051 2948 passus
2076 2920 2092 2947 ,

513 2980 759 3045 enuntio;
786 2988 841 3034 et
870 2987 1066 3033 statum
1096 2986 1288 3031 vestrae
1308 2974 1679 3044 prositeritatis
1709 2972 1943 3040 inquiro,
1974 2984 2096 3038 spe-

512 3086 636 3128 rans
663 3080 725 3127 ut
750 3071 806 3127 in
835 3069 991 3139 hujus
1020 3069 1097 3123 rei
1126 3067 1394 3122 solutione
1423 3065 1621 3120 multus
1652 3062 1949 3119 incumbas.

1046 3178 1381 3235 EPISTULA
1426 3177 1533 3231 νυ.

1034 3276 1288 3329 ENNODIUS
1325 3286 1565 3326 SENARIO.

588 3370 741 3443 Apud
780 3378 994 3425 sanctas
1026 3366 1379 3422 con-cientias
1416 3378 1519 3418 noti
1556 3370 1710 3432 negat
1746 3360 1955 3416 caritati
2002 3360 2096 3415 de-

515 3467 625 3522 bita
665 3478 759 3520 sua
798 3464 983 3534 galia
1015 3459 1324 3530 principalis
1353 3456 1633 3525 occupatio
1668 3496 1682 3520 ,
1715 3468 1814 3510 nec
1856 3453 2099 3507 eliminat

514 3558 587 3627 pii
630 3557 828 3611 amoris
875 3553 993 3609 aula
1039 3553 1327 3608 fervorem.
1359 3548 1745 3604 Testimonium
1794 3545 1886 3600 dat
1913 3545 2097 3600 solida:

517 3648 802 3712 aii'ectioni,
836 3644 928 3714 qui
956 3659 1073 3699 eam
1104 3645 1242 3698 inter
1272 3642 1651 3711 impedimenta
1683 3638 1959 3695 oblivione
1989 3652 2097 3692 non

516 3740 716 3796 obruit.
747 3735 1129 3795 Commendate
1155 3734 1285 3789 mihi
1312 3733 1604 3803 scriptione
1623 3732 1855 3787 culmina
1879 3739 2054 3785 vestra
2078 3773 2094 3800 ,

516 3849 634 3906 qua:
650 3841 774 3889 voto
792 3833 1131 3902 importunus
1146 3828 1354 3884 emerui
1377 3845 1388 3880 :
1413 3826 1656 3881 custodia
1678 3824 2094 3890 communionis,

517 3928 689 3983 honor
716 3933 800 3981 est
839 3923 1177 3995 dignitatum.
1210 3920 1304 3976 His
1333 3935 1459 3990 ergo
1500 3917 1987 3990 obsequentissime
2009 3930 2098 3971 sa-

515 4019 712 4086 lutans,
745 4016 1000 4088 epistolas
1048 4014 1309 4069 brevitate
1356 4013 1687 4081 constringo,
1732 4012 1908 4065 sciens
1942 4022 2101 4078 posse

514 4116 801 4187 productas
826 4112 1036 4168 horreri
1067 4127 1080 4163 :
1100 4109 1317 4164 faciens
1340 4117 1398 4163 ut
1426 4123 1521 4177 pro
1544 4122 1629 4163 me
1652 4106 1878 4163 Domino
1900 4106 2100 4177 gratias

515 4206 793 4272 referatis,
823 4204 915 4274 qui
941 4200 1242 4257 molestiam
1273 4214 1430 4269 quam
1462 4198 1676 4269 pertuli,
1720 4208 2005 4268 antequam
2034 4209 2097 4252 ea

518 4300 726 4356 discere
755 4294 1086 4369 potuissetis,
1118 4292 1389 4347 abstersit.

1066 4405 1401 4465 EPISTOLA
1428 4404 1537 4460 Vlll

896 4517 1149 4558 sumemus
1179 4503 1199 4532 ³
1228 4514 1438 4555 ειιηοιο
1463 4511 1709 4553 DIACONO.

591 4595 797 4667 Quibus
835 4594 1009 4650 modis
1040 4593 1428 4649 fraternitatem
1468 4600 1609 4645 tuam
1636 4588 1703 4643 ad
1730 4586 2091 4654 scribendum,
2118 4622 2174 4684 Β

515 4706 687 4758 quave
711 4697 825 4744 arte
858 4685 1169 4751 sollicitem,
1201 4684 1414 4755 quando
1445 4682 1605 4736 homo
1632 4681 1917 4737 verborum
1942 4680 2090 4735 locu-

514 4784 628 4855 ples
655 4784 711 4838 in
755 4796 842 4843 me
878 4779 1090 4835 silentia
1142 4778 1419 4848 peregrina
1460 4774 1737 4832 custodis?
1779 4774 1925 4844 Elegi
1949 4782 2009 4829 ut
2036 4781 2090 4829 te

583 4944 600 4975 ι
646 4935 997 5011 Anagnostici]
1029 4934 1352 5011 Dictum_lib.
1381 4950 1433 5011 t,_
1456 4934 1593 5003 epist
1616 4933 1670 4987 4.

582 5015 603 5044 ³
644 5004 851 5083 Ειρῖάίρ
873 5004 1396 5083 diaconojbledicum
1415 5006 1465 5057 fu
1488 5018 1574 5061 Sse
1594 5014 1831 5083 estrema
1859 5007 2083 5083 epistola

513 5076 793 5155 significat.
828 5079 1007 5155 Itaque
1045 5076 1260 5155 dubium
1294 5091 1397 5155 non
1451 5084 1533 5130 est
1563 5076 1687 5155 quin
1717 5078 1801 5155 hic
1842 5079 1909 5131 sit
1939 5078 2082 5147 Elpi-

512 5146 632 5210 dius
660 5154 894 5208 medicos
942 5146 1259 5204 Theoderici
1291 5148 1462 5215 regis:
1495 5149 1645 5214 cujus
1673 5148 1737 5202 ad
1786 5148 1957 5216 ipsum
1987 5146 2079 5204 ex-

511 5236 615 5281 stat
658 5224 878 5295 epistola
904 5236 1023 5292 qua:
1056 5218 1300 5295 Helpidio
1340 5219 1465 5295 item
1496 5218 2076 5295 diaco_uo_inscribitur,

512 5298 604 5351 lib.
647 5290 1040 5351 tv'Vatiarum:
1070 5290 1123 5344 in
1154 5306 1256 5360 qua
1286 5306 1406 5343 cum
1437 5291 1658 5358 impensi
1687 5290 1755 5343 ab
1783 5306 1848 5345 eo
1875 5294 2079 5348 servitii

510 5368 843 5423 sedulitatem
889 5360 1257 5425 commendat,
1290 5361 1391 5415 hoc
1416 5362 1587 5430 ipsum
1619 5362 1896 5415 medicine
1923 5365 2080 5418 obse-

510 5439 687 5506 quium
722 5434 988 5506 intelligit.
1021 5434 1309 5506 Procopius
1341 5433 1434 5486 lib.
1460 5449 1471 5506 t
1499 5430 1863 5506 BellirGothici
1896 5452 1909 5487 :
1942 5438 2079 5491 Μετά

511 5502 587 5573 δὲ,
618 5508 816 5564 ἅπαντα
852 5502 922 5568 ei}
951 5502 1190 5560 Ἐλπίδιον
1228 5506 1311 5557 τὸν
1340 5505 1509 5577 ἰατρὸν
1542 5506 1603 5577 rei
1628 5505 1952 5577 ξυμπεσόντα
1983 5508 2082 5570 ἐξε-

511 5584 711 5650 [εγκών.
728 5587 816 5639 τὴν
832 5582 901 5639 εἰς
921 5576 1201 5650 Σύμμαχόεί
1211 5595 1263 5650 re
1280 5578 1366 5650 stari
1380 5573 1566 5629 Βόέτιον
1580 5573 1852 5649 ἁμαρτάδα
1868 5574 2077 5650 ἔκλαιεν.

514 5645 701 5701 Postea
746 5666 882 5714 vero,
926 5645 1138 5714 inquit,
1182 5645 1385 5714 Elpidio
1433 5654 1616 5697 cuncta
1644 5645 1760 5714 qua:
1788 5647 2079 5699 acciderant

510 5735 923 5785 commemorans,
955 5720 1233 5774 admissum
1259 5718 1309 5769 in
1355 5715 1725 5785 Symmachum
1757 5732 1815 5768 ac
1847 5716 1919 5768 Bo
1938 5719 2077 5770 ttium

444 5850 451 5863 η
512 5791 709 5863 facinus
743 5792 936 5863 deﬂere
973 5790 1140 5863 capit.
1192 5786 1640 5863 Me‘diolanensem
1682 5788 1853 5863 fuisse
1884 5787 2081 5841 indicat

509 5862 664 5928 epist.
694 5861 757 5916 ﬁt
793 5862 882 5916 lib.
909 5875 986 5914 rx.
1032 5858 1165 5915 Sunt
1196 5860 1284 5927 qui
1317 5869 1503 5929 putent
1537 5859 1783 5914 eumdem
1813 5869 1930 5913 esse
1958 5871 2077 5913 cum

2122 3232 2170 3298 α

2192 561 2257 614 ad
2282 562 2536 629 epistulas
2575 562 2677 616 alia
2720 565 3033 633 garrulitate
3067 569 3375 635 producam.
3408 570 3621 627 Justum
3678 575 3774 631 fuit

2191 662 2249 707 ut
2296 660 2371 706 tot
2414 654 2601 710 diebus
2646 670 2676 710 a
2720 657 3073 725 promissione
3103 659 3417 731 desisteres,
3456 675 3511 719 et
3542 667 3771 734 qualiter

2195 747 2559 816 pervenisses,
2595 747 2737 802 nulla
2769 750 2973 819 paginae
3018 750 3315 808 directione
3362 756 3647 827 signares?
3684 767 3776 817 aut

2193 837 2329 892 forte
2359 847 2544 894 contra
2572 854 2658 894 me
2689 841 2833 896 illam
2859 854 2999 896 tuam
3021 845 3379 901 cautelitatem
3397 849 3633 904 aestimas
3654 866 3775 909 esse

2192 930 2550 985 servandam?
2579 932 2892 1004 Dedignaris
2940 936 3229 1007 colloquio,
3277 954 3503 1009 quorum
3543 945 3773 1015 gratiam

2193 1024 2361 1079 multo
2391 1025 2586 1081 sudore
2629 1028 2909 1097 quassisti?
2936 1029 3111 1086 Crede
3151 1031 3281 1087 mihi
3301 1074 3317 1100 ,
3349 1034 3454 1092 nisi
3485 1038 3553 1092 ab
3596 1040 3698 1094 hoc
3723 1050 3776 1096 te

2192 1116 2320 1171 vitio
2348 1119 2447 1173 sub
2471 1133 2535 1173 ea
2561 1134 2665 1189 qua
2695 1120 2973 1177 ambulare
2998 1123 3140 1179 soles
3168 1125 3449 1183 velocitate
3482 1131 3777 1201 suspende-

2193 1213 2289 1279 ris,
2322 1228 2543 1270 necesse
2571 1224 2654 1269 t-st
2683 1224 2739 1269 ut
2766 1215 2832 1270 ad
2856 1215 2989 1272 alios
3020 1228 3204 1273 nostra
3233 1222 3519 1290 patrocinia
3547 1224 3777 1281 transfe-

2192 1319 2393 1372 ramus,
2430 1307 2518 1377 qui
2549 1322 2817 1363 memores
2846 1309 3121 1364 constituti
3150 1325 3389 1368 amorem
3426 1327 3776 1375 munerentur

2192 1401 2484 1471 obsequiis.
2536 1400 2631 1457 His
2677 1417 2805 1472 ergo
2851 1402 3127 1475 salutans,
3161 1406 3335 1461 amico
3366 1419 3419 1463 et
3449 1410 3659 1467 medico
3694 1412 3776 1468 in-

2192 1491 2315 1547 dico
2361 1509 2444 1547 me
2474 1494 2619 1562 gravi
2648 1496 2894 1564 corporis
2916 1496 3274 1563 inazqualitate
3308 1500 3551 1557 laborare
3578 1522 3592 1557 :
3615 1519 3776 1575 quam

2193 1584 2295 1639 nisi
2336 1595 2387 1641 te
2430 1585 2663 1641 dictante
2706 1586 2893 1656 pagina
2928 1588 3082 1657 jocos
3123 1590 3424 1648 exhibitura
3470 1598 3774 1665 curaverit,

2192 1676 2485 1732 distensam
2520 1693 2613 1749 per
2639 1689 2902 1736 tormenta
2954 1684 3195 1739 ranulam
3258 1686 3428 1757 longis
3470 1687 3775 1748 hominibus

2193 1769 2501 1840 cowquaho'
2754 1842 3083 1901 EPISTOLA
3124 1846 3211 1901 ιχ.

2698 1950 2952 1991 εΝΝοοιυδ
2994 1955 3263 1995 ΜΕδεΑιάῑ.

2263 2043 2316 2100 Si
2345 2044 2453 2114 jam
2482 2053 2534 2100 te
2555 2045 2703 2103 favor
2727 2048 2938 2104 divinus
2967 2066 2996 2107 a
3025 2055 3301 2122 proposito
3335 2057 3671 2129 negligentia:
3700 2064 3771 2117 ad

2192 2138 2367 2192 votiva
2398 2136 2541 2192 ducit
2580 2140 2775 2207 studia,
2830 2142 2873 2196 si
2925 2158 3029 2213 quo
3059 2156 3110 2199 te
3137 2161 3290 2216 vena,
3321 2164 3427 2219 quo
3466 2160 3518 2207 te
3544 2154 3777 2210 domnus

2193 2228 2422 2283 Faunus
2442 2238 2616 2296 vocat,
2641 2233 2872 2287 attendis
2897 2276 2911 2300 ,
2933 2244 3113 2303 optata
3136 2253 3242 2293 non
3268 2251 3441 2296 taceas
3460 2246 3772 2310 scripttone.

2194 2320 2299 2375 Sed
2335 2323 2518 2383 timeo.
2572 2339 2639 2378 ne
2683 2324 2808 2379 dum
2841 2326 3139 2383 officiosum
3179 2330 3451 2400 desidero,
3480 2335 3776 2391 sustineam

2194 2414 2542 2468 rusticantem
2571 2454 2585 2479 ,
2631 2423 2687 2470 et
2712 2415 2929 2487 incipiat
2950 2418 3052 2474 hoc
3072 2419 3353 2479 desideriis
3374 2425 3507 2481 meis
3526 2427 3778 2485 residere

2194 2505 2335 2574 quod
2365 2507 2561 2576 cupivi.
2586 2506 2844 2564 leeStes
2874 2511 3072 2567 divitia:
3103 2514 3247 2570 illam
3276 2516 3520 2573 inertiam
3551 2519 3774 2578 Stimulo

2195 2599 2406 2667 pietatis
2428 2600 2779 2666 exsuscitent,
2806 2611 2855 2657 et
2885 2605 3283 2663 mendicitatem
3309 2610 3420 2665 oris
3443 2614 3512 2665 tui
3542 2627 3774 2682 superna

2194 2704 2295 2759 ope
2344 2690 2684 2760 locupletent.
2735 2692 2875 2749 Ecce
2908 2696 3116 2764 injuriis
3134 2711 3447 2767 provocatus
3467 2704 3659 2760 scribe.
3681 2708 3779 2764 Sa-

2197 2784 2358 2837 lutcm
2382 2798 2512 2848 ergo
2537 2784 2745 2847 dicens,
2773 2797 2979 2857 rogout
3001 2805 3069 2859 qu
3090 2790 3283 2847 dcirca
3316 2802 3366 2849 te
3395 2810 3581 2865 agatur
3622 2801 3777 2856 tabu-

2197 2875 2367 2930 larum
2398 2876 2823 2947 promulgatione
2850 2894 3189 2949 cognoscam.

2767 2991 3094 3051 EPISTULA
3135 2997 3199 3052 X.

2654 3099 2909 3142 ENNODIUS
2953 3105 3155 3146 MAXIMO
3182 3109 3231 3147 V.
3266 3108 3312 3155 5.

2270 3172 2412 3228 Bene
2434 3173 2787 3245 disponantur
2813 3192 3045 3250 superno
3071 3194 3190 3239 vota
3217 3195 3398 3242 nostra
3417 3189 3637 3257 judicio.
3663 3190 3779 3262 Ipse

2199 3265 2267 3321 ad
2295 3267 2506 3337 nuptias
2533 3278 2648 3324 tuas
2674 3273 2869 3339 veniat,
2897 3275 2986 3345 qui
3017 3278 3189 3346 primo
3212 3283 3436 3350 parenti,
3459 3283 3584 3339 dum
3603 3285 3781 3343 adhuc

2198 3360 2376 3413 nativa
2406 3361 2806 3420 immortalitate
2839 3366 3121 3437 gauderet,
3170 3385 3419 3441 superna:
3448 3374 3782 3434 benedictio-

2200 3452 2281 3508 nis
2310 3468 2504 3510 munus
2534 3456 2773 3514 indulsit.
2824 3460 3006 3517 Faciat
3056 3462 3147 3518 tibi
3192 3465 3437 3523 Christus
3466 3480 3649 3526 noster
3681 3486 3783 3528 nec

2198 3546 2476 3601 custoditus
2506 3548 2820 3618 integritatis
2874 3553 3101 3609 fructum
3154 3557 3348 3626 perire,
3405 3576 3504 3616 nec
3553 3577 3783 3620 munera

2199 3639 2523 3708 nuptiarum.
2558 3642 2647 3697 Sic
2674 3643 2949 3714 virginitas
2972 3650 3141 3716 prosit
3160 3650 3227 3705 ad
3248 3652 3515 3719 sobolem,
3541 3666 3598 3712 ut
3617 3662 3783 3717 casti-

2199 3734 2295 3789 tati
2325 3744 2425 3789 ture
2455 3735 2749 3793 fecunditas
2777 3739 2908 3794 nihil
2935 3741 3187 3812 decerpat
3218 3764 3229 3797 :
3256 3755 3309 3801 et
3330 3748 3467 3803 miro
3496 3749 3783 3822 dispensa-

2200 3826 2363 3882 tionis
2384 3842 2600 3892 arcano,
2630 3845 2729 3885 nec
2745 3833 2961 3899 saeculo,
2993 3833 3117 3889 dum
3148 3848 3299 3906 pater
3320 3853 3397 3904 cs,
3433 3852 3643 3912 pereas,
3678 3860 3783 3903 nec

2206 3919 2293 3975 Dei
2343 3923 2561 3992 gratiae,
2612 3923 2737 3980 dum
2792 3928 3030 3995 pudicus.
3088 3930 3277 3987 Vrniat
3328 3949 3490 4004 super
3536 3950 3585 3993 te
3631 3941 3785 4008 quod

2200 4014 2345 4068 Isaac
2371 4015 2568 4083 juniori
2599 4016 2704 4070 filio
2735 4019 2819 4087 pie
2849 4020 3096 4077 inductus
3140 4026 3343 4093 optavit
3368 4027 3541 4099 (ϐίη.
3592 4046 3743 4089 xxvu
3764 4079 3781 4102 ,

2200 4107 2315 4178 28).
2347 4108 2454 4163 lllis
2480 4111 2693 4165 domum
2717 4127 2902 4169 socrus
2926 4102 3176 4186 auspiciis
3205 4134 3339 4176 uxor
3376 4121 3628 4192 introeat,
3661 4127 3785 4196 qui-

2200 4201 2299 4256 bus
2321 4199 2384 4255 ad
2415 4201 2596 4257 Tobiae
2628 4206 2917 4273 penetralia
2946 4224 3109 4263 nurus
3130 4214 3356 4267 accessit
3384 4214 3534 4285 ('I‘ob.
3565 4216 3663 4287 tu).
3698 4218 3785 4273 Sit

2199 4294 2293 4349 tibi
2318 4308 2477 4350 causa
2506 4296 2755 4366 perfectae
2784 4298 3085 4357 dilectionis
3121 4303 3173 4358 in
3216 4306 3461 4376 conjuge,
3496 4308 3547 4361 iu
3592 4319 3641 4363 te
3669 4312 3785 4367 vir-

2196 4386 2389 4456 ginitas
2410 4389 2693 4443 custodita.
2715 4389 2895 4446 Solam
2920 4392 3060 4448 illam
3086 4395 3392 4465 deputatam
3424 4398 3516 4454 tibi
3540 4404 3782 4467 noveris,

2197 4480 2279 4534 cui
2310 4488 2362 4534 te
2388 4481 2537 4550 quasi
2562 4496 2667 4537 non
2697 4496 2865 4549 esses,
2896 4499 2960 4538 ex
2994 4486 3172 4541 mundi
3198 4487 3324 4543 faece
3350 4492 3599 4546 servaSti.
3632 4492 3785 4549 Ecce

2199 4573 2320 4641 quia
2349 4571 2529 4627 venire
2555 4590 2658 4628 non
2692 4574 2860 4642 potui,
2896 4578 3135 4634 oratione
3168 4596 3275 4636 non
3304 4581 3513 4638 desum.
3550 4584 3786 4644 Domine

2197 4662 2289 4721 mi.
2316 4677 2475 4732 spero
2507 4676 2580 4731 ut,
2604 4665 2805 4723 honOre
2828 4670 3160 4728 salutationis
3179 4684 3416 4746 accepto,
3448 4677 3469 4709 ³
3494 4693 3613 4749 quae
3633 4693 3664 4735 a
3693 4696 3786 4739 me

2198 4753 2398 4810 directa
2427 4765 2552 4811 sunt
2570 4797 2584 4823 ,
2611 4758 2893 4828 dignanter
2918 4763 3169 4834 accipias.

2196 4913 2417 4997 Rustico
2443 4914 2753 4997 Helpidioy.
2864 4928 2916 4997 et
2938 4935 3039 4997 tat.
3069 4933 3457 4993 cxvqurrstore,
3475 4926 3629 4997 cujus
3652 4944 3785 4988 car-

2197 4987 2336 5069 mina
2392 4987 2635 5069 leguntur
2687 4988 2739 5040 in
2792 4988 3119 5069 Collectione
3145 4987 3419 5069 sacrorum
3444 4987 3773 5069 poetarum.

2194 5052 2704 5139 Caeterumveluhoc
2733 5062 2978 5139 exemplo
3009 5067 3407 5139 patetAclericos
3439 5052 3780 5131 {medicin-ie

2186 5141 2284 5212 usu
2319 5130 2503 5212 primis
2524 5130 2633 5212 illis
2652 5131 2886 5212 saeculis
2907 5130 3018 5212 nun
3039 5136 3381 5212 abstinuisse.
3410 5140 3561 5209 Quod
3590 5130 3778 5212 ipsum

2186 5206 2345 5280 etiam
2379 5208 2604 5280 testatur
2652 5200 2887 5280 Diooysii
2935 5204 3152 5280 alterius
3182 5206 3391 5265 diaconi
3420 5200 3492 5267 ~et
3547 5200 3749 5273 medici

2185 5269 2273 5351 qui
2505 5273 2634 5325 urbe
2662 5285 2689 5324 a
2720 5260 2904 5351 Galliis
2927 5286 3078 5342 capta
3104 5260 3778 5351 “Milli,

2186 5348 2267 5394 ter
2291 5340 2591 5395 Christiana
2626 5345 2948 5398 monimenta
2971 5340 3005 5409 ,”
3023 5362 3173 5417 cujus
3200 5340 3301 5406 hoc
3329 5340 3411 5408 est
3435 5340 3643 5413 initium
3678 5340 3694 5413 ξ

2308 5431 2430 5499 Πελο
2450 5431 2619 5481 Levita
2641 5435 2773 5499 jacet
2793 5434 3066 5499 Dionysius,
3092 5445 3210 5491 artis
3232 5443 3457 5496 honesta:

2373 5492 2584 5542 Functus
2607 5492 2660 5543 et
2680 5494 2855 5556 ofﬁcio,
2878 5492 3003 5559 quoi
3028 5492 3265 5554 medicina
3290 5492 3445 5558 dedit.

2255 5575 2276 5606 ³
2310 5575 2444 5661 pug:
2483 5593 2514 5657 rt
2552 5593 2628 5629 me
2661 5579 2853 5661 directa
2879 5584 3031 5661 sunt]
3062 5586 3500 5661 Epithalamium,
3530 5594 3728 5661 opinor
3759 5614 3775 5652 :

2183 5647 2634 5734 quodkrMat-itrto‘
2663 5650 2916 5734 scriptum
3076 5647 3311 5734 aittiquis
3353 5647 3778 5734 exemplaribus

2193 5718 2465 5799 proximae
2494 5718 2559 5771 ad
2607 5718 2883 5799 Aratorem
2929 5728 3169 5799 epistolae
3197 5718 3299 5799 qua
3331 5732 3477 5788 illum
3524 5718 3587 5790 ad
3621 5718 3775 5795 idern

2191 5797 2562 5872 argumentum
2605 5790 2846 5872 hortatur
2868 5790 3056 5872 subjici
3087 5790 3229 5857 solet'
3244 5819 3256 5856 :
3283 5818 3380 5860 nos
3402 5805 3541 5864 inter
3564 5790 3774 5867 caetera

2195 5860 2419 5916 Ennodii
2450 5860 2710 5931 poematia
2743 5860 3047 5937 rejecimits.
3572 5860 3587 5863 ⁷
3745 5860 3775 5895 ⁵
