  <div class='ocr_page' id='page_1' title='image "/cluster/home/n/w/nwhite01/storage/ocr_20150623/63/hvd.32044015469307/074.png"; bbox 0 0 3998 6362; ppageno 0'>
   <div class='ocr_carea' id='block_1_1' title="bbox 254 361 1835 426">
    <p class='ocr_par' dir='ltr' id='par_1_1' title="bbox 254 361 1833 423">
     <span class='ocr_line' id='line_1_1' title="bbox 254 361 1833 423; baseline 0.006 -10"><span class='ocrx_word' id='word_1_1' title='bbox 254 361 349 414; x_wconf 64' lang='grc'><strong>137</strong></span> <span class='ocrx_word' id='word_1_2' title='bbox 1484 368 1833 423; x_wconf 65' lang='lat' dir='ltr'><strong>EPISTOLM</strong></span> 
     </span>
    </p>
   </div>
   <div class='ocr_carea' id='block_1_2' title="bbox 1945 361 2299 426">
    <p class='ocr_par' dir='ltr' id='par_1_2' title="bbox 1945 370 2299 426">
     <span class='ocr_line' id='line_1_2' title="bbox 1945 370 2299 426; baseline 0.003 -2"><span class='ocrx_word' id='word_1_3' title='bbox 1945 372 1959 424; x_wconf 96' lang='grc' dir='ltr'><strong>Ι</strong></span> <span class='ocrx_word' id='word_1_4' title='bbox 2003 371 2130 423; x_wconf 77' lang='lat' dir='ltr'><strong>Lm.</strong></span> <span class='ocrx_word' id='word_1_5' title='bbox 2171 370 2299 426; x_wconf 68' lang='lat' dir='ltr'><strong>Vlil.</strong></span> 
     </span>
    </p>
   </div>
   <div class='ocr_carea' id='block_1_3' title="bbox 818 497 1266 551">
    <p class='ocr_par' dir='ltr' id='par_1_3' title="bbox 818 497 1266 551">
     <span class='ocr_line' id='line_1_3' title="bbox 818 497 1266 551; baseline 0.002 -2"><span class='ocrx_word' id='word_1_6' title='bbox 818 497 1099 551; x_wconf 76' lang='lat' dir='ltr'><strong>EPISTOL</strong></span> <span class='ocrx_word' id='word_1_7' title='bbox 1112 502 1144 550; x_wconf 65' lang='grc' dir='ltr'><strong>,ὶ</strong></span> <span class='ocrx_word' id='word_1_8' title='bbox 1183 498 1266 551; x_wconf 70' lang='grc' dir='ltr'><strong>Χῖ.</strong></span> 
     </span>
    </p>
   </div>
   <div class='ocr_carea' id='block_1_4' title="bbox 771 600 1291 641">
    <p class='ocr_par' dir='ltr' id='par_1_4' title="bbox 771 600 1291 641">
     <span class='ocr_line' id='line_1_4' title="bbox 771 600 1291 641; baseline 0.002 -2"><span class='ocrx_word' id='word_1_9' title='bbox 771 600 1024 640; x_wconf 54' lang='grc' dir='ltr'><strong>εκκινιιιυε</strong></span> <span class='ocrx_word' id='word_1_10' title='bbox 1067 604 1291 641; x_wconf 71' lang='grc' dir='ltr'>Αιιλτυιιι</span> 
     </span>
    </p>
   </div>
   <div class='ocr_carea' id='block_1_5' title="bbox 322 675 1836 747">
    <p class='ocr_par' dir='ltr' id='par_1_5' title="bbox 322 675 1836 747">
     <span class='ocr_line' id='line_1_5' title="bbox 322 675 1836 747; baseline 0.004 -19"><span class='ocrx_word' id='word_1_11' title='bbox 322 675 482 728; x_wconf 75' lang='lat' dir='ltr'><strong>Miror</strong></span> <span class='ocrx_word' id='word_1_12' title='bbox 510 690 613 729; x_wconf 87' lang='lat' dir='ltr'><strong>cur</strong></span> <span class='ocrx_word' id='word_1_13' title='bbox 643 677 962 731; x_wconf 83' lang='lat' dir='ltr'><strong>devenustes</strong></span> <span class='ocrx_word' id='word_1_14' title='bbox 1006 681 1145 747; x_wconf 90' lang='lat' dir='ltr'><strong>turpi</strong></span> <span class='ocrx_word' id='word_1_15' title='bbox 1194 682 1408 735; x_wconf 88' lang='lat' dir='ltr'><strong>silentio</strong></span> <span class='ocrx_word' id='word_1_16' title='bbox 1435 682 1498 735; x_wconf 89' lang='lat' dir='ltr'><strong>ad</strong></span> <span class='ocrx_word' id='word_1_17' title='bbox 1538 683 1836 735; x_wconf 76' lang='lat' dir='ltr'><strong>Ruinamun</strong></span> 
     </span>
    </p>
   </div>
   <div class='ocr_carea' id='block_1_6' title="bbox 256 766 1837 838">
    <p class='ocr_par' dir='ltr' id='par_1_6' title="bbox 256 766 1837 838">
     <span class='ocr_line' id='line_1_6' title="bbox 256 766 1837 838; baseline 0.005 -23"><span class='ocrx_word' id='word_1_18' title='bbox 256 766 502 818; x_wconf 87' lang='lat' dir='ltr'><strong>decorem</strong></span> <span class='ocrx_word' id='word_1_19' title='bbox 535 767 691 835; x_wconf 92' lang='lat' dir='ltr'><strong>politi</strong></span> <span class='ocrx_word' id='word_1_20' title='bbox 718 768 769 819; x_wconf 88' lang='lat' dir='ltr'><strong>in</strong></span> <span class='ocrx_word' id='word_1_21' title='bbox 802 778 853 821; x_wconf 90' lang='lat' dir='ltr'><strong>te</strong></span> <span class='ocrx_word' id='word_1_22' title='bbox 877 768 1011 821; x_wconf 86' lang='lat' dir='ltr'><strong>bona</strong></span> <span class='ocrx_word' id='word_1_23' title='bbox 1042 770 1290 838; x_wconf 87' lang='lat' dir='ltr'><strong>colloquii</strong></span> <span class='ocrx_word' id='word_1_24' title='bbox 1314 811 1332 836; x_wconf 85' lang='lat'><strong>,</strong></span> <span class='ocrx_word' id='word_1_25' title='bbox 1361 780 1415 825; x_wconf 91' lang='lat' dir='ltr'><strong>et</strong></span> <span class='ocrx_word' id='word_1_26' title='bbox 1434 783 1646 827; x_wconf 81' lang='lat' dir='ltr'><strong>coactas</strong></span> <span class='ocrx_word' id='word_1_27' title='bbox 1670 775 1837 826; x_wconf 87' lang='lat' dir='ltr'><strong>tttuIlo</strong></span> 
     </span>
    </p>
   </div>
   <div class='ocr_carea' id='block_1_7' title="bbox 258 854 1838 927">
    <p class='ocr_par' dir='ltr' id='par_1_7' title="bbox 258 854 1838 927">
     <span class='ocr_line' id='line_1_7' title="bbox 258 854 1838 927; baseline 0.007 -22"><span class='ocrx_word' id='word_1_28' title='bbox 258 854 449 908; x_wconf 89' lang='lat' dir='ltr'><strong>sudore</strong></span> <span class='ocrx_word' id='word_1_29' title='bbox 487 855 707 908; x_wconf 86' lang='lat' dir='ltr'><strong>divitias</strong></span> <span class='ocrx_word' id='word_1_30' title='bbox 756 856 963 924; x_wconf 78' lang='lat' dir='ltr'><strong>fugiens</strong></span> <span class='ocrx_word' id='word_1_31' title='bbox 1004 859 1451 927; x_wconf 74' lang='lat' dir='ltr'><strong>dispensationem</strong></span> <span class='ocrx_word' id='word_1_32' title='bbox 1482 864 1838 917; x_wconf 69' lang='lat' dir='ltr'><strong>taciturnitate</strong></span> 
     </span>
    </p>
   </div>
   <div class='ocr_carea' id='block_1_8' title="bbox 258 945 1893 1018">
    <p class='ocr_par' dir='ltr' id='par_1_8' title="bbox 258 945 1893 1018">
     <span class='ocr_line' id='line_1_8' title="bbox 258 945 1893 1018; baseline 0.007 -22"><span class='ocrx_word' id='word_1_33' title='bbox 258 957 561 997; x_wconf 71' lang='lat' dir='ltr'><strong>consumas.</strong></span> <span class='ocrx_word' id='word_1_34' title='bbox 605 945 871 1014; x_wconf 84' lang='lat' dir='ltr'><strong>Quidquid</strong></span> <span class='ocrx_word' id='word_1_35' title='bbox 916 946 1091 1017; x_wconf 89' lang='lat' dir='ltr'><strong>dignis</strong></span> <span class='ocrx_word' id='word_1_36' title='bbox 1117 949 1369 1004; x_wconf 88' lang='lat' dir='ltr'><strong>collatum</strong></span> <span class='ocrx_word' id='word_1_37' title='bbox 1403 953 1591 1018; x_wconf 84' lang='lat' dir='ltr'><strong>fuerit,</strong></span> <span class='ocrx_word' id='word_1_38' title='bbox 1625 954 1751 1007; x_wconf 91' lang='lat' dir='ltr'><strong>dum</strong></span> <span class='ocrx_word' id='word_1_39' title='bbox 1784 957 1835 1008; x_wconf 93' lang='lat' dir='ltr'><strong>in</strong></span> <span class='ocrx_word' id='word_1_40' title='bbox 1886 1008 1893 1015; x_wconf 73' lang='grc'><em>,</em></span> 
     </span>
    </p>
   </div>
   <div class='ocr_carea' id='block_1_9' title="bbox 260 1038 1834 1113">
    <p class='ocr_par' dir='ltr' id='par_1_9' title="bbox 260 1038 1834 1113">
     <span class='ocr_line' id='line_1_9' title="bbox 260 1038 1834 1113; baseline 0.008 -29"><span class='ocrx_word' id='word_1_41' title='bbox 260 1048 352 1085; x_wconf 89' lang='lat' dir='ltr'><strong>usu</strong></span> <span class='ocrx_word' id='word_1_42' title='bbox 376 1045 483 1097; x_wconf 89' lang='lat' dir='ltr'><strong>est,</strong></span> <span class='ocrx_word' id='word_1_43' title='bbox 515 1044 675 1087; x_wconf 87' lang='lat' dir='ltr'><strong>ornat</strong></span> <span class='ocrx_word' id='word_1_44' title='bbox 700 1044 972 1090; x_wconf 77' lang='lat' dir='ltr'><strong>auctorem</strong></span> <span class='ocrx_word' id='word_1_45' title='bbox 1000 1054 1015 1093; x_wconf 88' lang='lat'>:</span> <span class='ocrx_word' id='word_1_46' title='bbox 1042 1038 1375 1109; x_wconf 75' lang='lat' dir='ltr'><strong>ingeniorum</strong></span> <span class='ocrx_word' id='word_1_47' title='bbox 1404 1044 1725 1111; x_wconf 87' lang='lat' dir='ltr'><strong>elegantiam</strong></span> <span class='ocrx_word' id='word_1_48' title='bbox 1746 1048 1834 1113; x_wconf 90' lang='lat' dir='ltr'><strong>qui</strong></span> 
     </span>
    </p>
   </div>
   <div class='ocr_carea' id='block_1_10' title="bbox 257 1126 1835 1201">
    <p class='ocr_par' dir='ltr' id='par_1_10' title="bbox 257 1126 1835 1201">
     <span class='ocr_line' id='line_1_10' title="bbox 257 1126 1835 1201; baseline 0.004 -22"><span class='ocrx_word' id='word_1_49' title='bbox 257 1126 552 1189; x_wconf 73' lang='lat' dir='ltr'><strong>concludit,</strong></span> <span class='ocrx_word' id='word_1_50' title='bbox 606 1137 898 1193; x_wconf 75' lang='lat' dir='ltr'><strong>extenuat;</strong></span> <span class='ocrx_word' id='word_1_51' title='bbox 927 1146 1062 1185; x_wconf 85' lang='lat' dir='ltr'><strong>unus</strong></span> <span class='ocrx_word' id='word_1_52' title='bbox 1110 1148 1266 1186; x_wconf 90' lang='lat' dir='ltr'><strong>error</strong></span> <span class='ocrx_word' id='word_1_53' title='bbox 1293 1146 1395 1199; x_wconf 88' lang='lat' dir='ltr'><strong>est,</strong></span> <span class='ocrx_word' id='word_1_54' title='bbox 1432 1136 1642 1201; x_wconf 75' lang='lat' dir='ltr'><strong>prodire</strong></span> <span class='ocrx_word' id='word_1_55' title='bbox 1682 1138 1835 1188; x_wconf 83' lang='lat' dir='ltr'><strong>iusti-</strong></span> 
     </span>
    </p>
   </div>
   <div class='ocr_carea' id='block_1_11' title="bbox 256 1218 1833 1288">
    <p class='ocr_par' dir='ltr' id='par_1_11' title="bbox 256 1218 1833 1288">
     <span class='ocr_line' id='line_1_11' title="bbox 256 1218 1833 1288; baseline 0.007 -20"><span class='ocrx_word' id='word_1_56' title='bbox 256 1228 486 1280; x_wconf 83' lang='lat' dir='ltr'><strong>cantem,</strong></span> <span class='ocrx_word' id='word_1_57' title='bbox 521 1227 576 1271; x_wconf 89' lang='lat' dir='ltr'><strong>et</strong></span> <span class='ocrx_word' id='word_1_58' title='bbox 617 1218 833 1288; x_wconf 89' lang='lat' dir='ltr'><strong>dignum</strong></span> <span class='ocrx_word' id='word_1_59' title='bbox 866 1221 1037 1276; x_wconf 80' lang='lat' dir='ltr'><strong>laudis</strong></span> <span class='ocrx_word' id='word_1_60' title='bbox 1066 1223 1270 1279; x_wconf 90' lang='lat' dir='ltr'><strong>honore</strong></span> <span class='ocrx_word' id='word_1_61' title='bbox 1299 1225 1641 1281; x_wconf 78' lang='lat' dir='ltr'><strong>delitescere.</strong></span> <span class='ocrx_word' id='word_1_62' title='bbox 1686 1228 1833 1280; x_wconf 81' lang='lat' dir='ltr'><strong>Nun-</strong></span> 
     </span>
    </p>
   </div>
   <div class='ocr_carea' id='block_1_12' title="bbox 254 1306 1833 1385">
    <p class='ocr_par' dir='ltr' id='par_1_12' title="bbox 254 1306 1833 1385">
     <span class='ocr_line' id='line_1_12' title="bbox 254 1306 1833 1385; baseline 0.009 -28"><span class='ocrx_word' id='word_1_63' title='bbox 254 1306 373 1376; x_wconf 89' lang='lat' dir='ltr'><strong>quid</strong></span> <span class='ocrx_word' id='word_1_64' title='bbox 408 1321 516 1361; x_wconf 90' lang='lat' dir='ltr'><strong>non</strong></span> <span class='ocrx_word' id='word_1_65' title='bbox 547 1309 778 1364; x_wconf 57' lang='lat' dir='ltr'><strong>habuisti</strong></span> <span class='ocrx_word' id='word_1_66' title='bbox 805 1310 961 1380; x_wconf 86' lang='lat' dir='ltr'><strong>digna</strong></span> <span class='ocrx_word' id='word_1_67' title='bbox 1004 1326 1302 1368; x_wconf 90' lang='lat' dir='ltr'><strong>memoratu</strong></span> <span class='ocrx_word' id='word_1_68' title='bbox 1328 1358 1343 1381; x_wconf 94' lang='lat'><strong>,</strong></span> <span class='ocrx_word' id='word_1_69' title='bbox 1376 1326 1467 1370; x_wconf 89' lang='lat' dir='ltr'><strong>aut</strong></span> <span class='ocrx_word' id='word_1_70' title='bbox 1500 1332 1600 1385; x_wconf 88' lang='lat' dir='ltr'><strong>ego</strong></span> <span class='ocrx_word' id='word_1_71' title='bbox 1632 1318 1725 1371; x_wconf 84' lang='lat' dir='ltr'><strong>tibi</strong></span> <span class='ocrx_word' id='word_1_72' title='bbox 1757 1319 1833 1372; x_wconf 85' lang='lat' dir='ltr'><strong>vi-</strong></span> 
     </span>
    </p>
   </div>
   <div class='ocr_carea' id='block_1_13' title="bbox 256 1403 1837 1477">
    <p class='ocr_par' dir='ltr' id='par_1_13' title="bbox 256 1403 1837 1477">
     <span class='ocr_line' id='line_1_13' title="bbox 256 1403 1837 1477; baseline 0.008 -26"><span class='ocrx_word' id='word_1_73' title='bbox 256 1414 346 1453; x_wconf 85' lang='lat' dir='ltr'><strong>sus</strong></span> <span class='ocrx_word' id='word_1_74' title='bbox 375 1415 497 1453; x_wconf 86' lang='lat' dir='ltr'><strong>sum</strong></span> <span class='ocrx_word' id='word_1_75' title='bbox 526 1417 630 1454; x_wconf 91' lang='lat' dir='ltr'><strong>non</strong></span> <span class='ocrx_word' id='word_1_76' title='bbox 663 1403 921 1458; x_wconf 87' lang='lat' dir='ltr'><strong>colendus</strong></span> <span class='ocrx_word' id='word_1_77' title='bbox 946 1405 1192 1474; x_wconf 81' lang='lat' dir='ltr'><strong>eloquio?</strong></span> <span class='ocrx_word' id='word_1_78' title='bbox 1216 1405 1640 1477; x_wconf 81' lang='lat' dir='ltr'><strong>Fuitaliquando</strong></span> <span class='ocrx_word' id='word_1_79' title='bbox 1670 1419 1837 1463; x_wconf 82' lang='lat' dir='ltr'><strong>mate-</strong></span> 
     </span>
    </p>
   </div>
   <div class='ocr_carea' id='block_1_14' title="bbox 256 1492 1833 1565">
    <p class='ocr_par' dir='ltr' id='par_1_14' title="bbox 256 1492 1833 1565">
     <span class='ocr_line' id='line_1_14' title="bbox 256 1492 1833 1565; baseline 0.008 -23"><span class='ocrx_word' id='word_1_80' title='bbox 256 1492 353 1554; x_wconf 85' lang='lat' dir='ltr'><strong>ria,</strong></span> <span class='ocrx_word' id='word_1_81' title='bbox 403 1508 525 1559; x_wconf 73' lang='lat' dir='ltr'><strong>qua:</strong></span> <span class='ocrx_word' id='word_1_82' title='bbox 554 1495 633 1547; x_wconf 89' lang='lat' dir='ltr'><strong>sic</strong></span> <span class='ocrx_word' id='word_1_83' title='bbox 672 1496 913 1549; x_wconf 92' lang='lat' dir='ltr'><strong>omnium</strong></span> <span class='ocrx_word' id='word_1_84' title='bbox 956 1496 1151 1565; x_wconf 77' lang='lat' dir='ltr'><strong>linguis</strong></span> <span class='ocrx_word' id='word_1_85' title='bbox 1206 1506 1261 1552; x_wconf 93' lang='lat' dir='ltr'><strong>et</strong></span> <span class='ocrx_word' id='word_1_86' title='bbox 1291 1500 1481 1554; x_wconf 85' lang='lat' dir='ltr'><strong>litteris</strong></span> <span class='ocrx_word' id='word_1_87' title='bbox 1512 1502 1833 1555; x_wconf 85' lang='lat' dir='ltr'><strong>celebranda</strong></span> 
     </span>
    </p>
   </div>
   <div class='ocr_carea' id='block_1_15' title="bbox 258 1580 1835 1656">
    <p class='ocr_par' dir='ltr' id='par_1_15' title="bbox 258 1580 1835 1656">
     <span class='ocr_line' id='line_1_15' title="bbox 258 1580 1835 1656; baseline 0.008 -25"><span class='ocrx_word' id='word_1_88' title='bbox 258 1580 347 1644; x_wconf 86' lang='lat' dir='ltr'><strong>sit,</strong></span> <span class='ocrx_word' id='word_1_89' title='bbox 378 1580 600 1647; x_wconf 81' lang='lat' dir='ltr'><strong>quando</strong></span> <span class='ocrx_word' id='word_1_90' title='bbox 640 1582 707 1635; x_wconf 90' lang='lat' dir='ltr'><strong>ad</strong></span> <span class='ocrx_word' id='word_1_91' title='bbox 756 1585 1043 1651; x_wconf 88' lang='lat' dir='ltr'><strong>nuptialem</strong></span> <span class='ocrx_word' id='word_1_92' title='bbox 1088 1587 1330 1654; x_wconf 90' lang='lat' dir='ltr'><strong>copulam</strong></span> <span class='ocrx_word' id='word_1_93' title='bbox 1364 1587 1649 1656; x_wconf 87' lang='lat' dir='ltr'><strong>perductus</strong></span> <span class='ocrx_word' id='word_1_94' title='bbox 1676 1589 1835 1643; x_wconf 92' lang='lat' dir='ltr'><strong>homo</strong></span> 
     </span>
    </p>
   </div>
   <div class='ocr_carea' id='block_1_16' title="bbox 257 1670 1827 1741">
    <p class='ocr_par' dir='ltr' id='par_1_16' title="bbox 257 1670 1827 1741">
     <span class='ocr_line' id='line_1_16' title="bbox 257 1670 1827 1741; baseline 0.006 -20"><span class='ocrx_word' id='word_1_95' title='bbox 257 1678 361 1734; x_wconf 86' lang='lat' dir='ltr'><strong>est,</strong></span> <span class='ocrx_word' id='word_1_96' title='bbox 390 1670 480 1723; x_wconf 86' lang='lat' dir='ltr'><strong>cui</strong></span> <span class='ocrx_word' id='word_1_97' title='bbox 504 1685 627 1724; x_wconf 87' lang='lat' dir='ltr'><strong>cum</strong></span> <span class='ocrx_word' id='word_1_98' title='bbox 658 1675 937 1739; x_wconf 88' lang='lat' dir='ltr'><strong>magnasit</strong></span> <span class='ocrx_word' id='word_1_99' title='bbox 962 1674 1047 1727; x_wconf 89' lang='lat' dir='ltr'><strong>lux</strong></span> <span class='ocrx_word' id='word_1_100' title='bbox 1093 1676 1366 1741; x_wconf 80' lang='lat' dir='ltr'><strong>natalium,</strong></span> <span class='ocrx_word' id='word_1_101' title='bbox 1396 1677 1717 1732; x_wconf 73' lang='lat' dir='ltr'><strong>abundantia</strong></span> <span class='ocrx_word' id='word_1_102' title='bbox 1748 1678 1827 1731; x_wconf 86' lang='lat' dir='ltr'><strong>fa-</strong></span> 
     </span>
    </p>
   </div>
   <div class='ocr_carea' id='block_1_17' title="bbox 252 1760 1834 1837">
    <p class='ocr_par' dir='ltr' id='par_1_17' title="bbox 252 1760 1834 1837">
     <span class='ocr_line' id='line_1_17' title="bbox 252 1760 1834 1837; baseline 0.011 -29"><span class='ocrx_word' id='word_1_103' title='bbox 252 1760 509 1813; x_wconf 80' lang='lat' dir='ltr'><strong>eultuum</strong></span> <span class='ocrx_word' id='word_1_104' title='bbox 536 1800 553 1823; x_wconf 91' lang='lat'><strong>,</strong></span> <span class='ocrx_word' id='word_1_105' title='bbox 607 1761 889 1830; x_wconf 74' lang='lat' dir='ltr'><strong>disciplina</strong></span> <span class='ocrx_word' id='word_1_106' title='bbox 920 1773 973 1817; x_wconf 89' lang='lat' dir='ltr'><strong>et</strong></span> <span class='ocrx_word' id='word_1_107' title='bbox 1003 1765 1173 1831; x_wconf 86' lang='lat' dir='ltr'><strong>pudor</strong></span> <span class='ocrx_word' id='word_1_108' title='bbox 1202 1774 1484 1836; x_wconf 83' lang='lat' dir='ltr'><strong>utrtnuque</strong></span> <span class='ocrx_word' id='word_1_109' title='bbox 1512 1768 1834 1837; x_wconf 82' lang='lat' dir='ltr'><strong>transgredi-</strong></span> 
     </span>
    </p>
   </div>
   <div class='ocr_carea' id='block_1_18' title="bbox 3419 377 3516 430">
    <p class='ocr_par' dir='ltr' id='par_1_18' title="bbox 3419 377 3516 430">
     <span class='ocr_line' id='line_1_18' title="bbox 3419 377 3516 430; baseline 0.021 -2"><span class='ocrx_word' id='word_1_110' title='bbox 3419 377 3516 430; x_wconf 69' lang='lat'><strong>133</strong></span> 
     </span>
    </p>
   </div>
   <div class='ocr_carea' id='block_1_19' title="bbox 1860 484 3506 553">
    <p class='ocr_par' dir='ltr' id='par_1_19' title="bbox 1860 484 3506 553">
     <span class='ocr_line' id='line_1_19' title="bbox 1860 484 3506 553; baseline 0.004 -20"><span class='ocrx_word' id='word_1_111' title='bbox 1860 484 2263 550; x_wconf 59' lang='lat' dir='ltr'><strong>Adiiigemiam</strong></span> <span class='ocrx_word' id='word_1_112' title='bbox 2320 490 2547 536; x_wconf 75' lang='lat' dir='ltr'><strong>vostram</strong></span> <span class='ocrx_word' id='word_1_113' title='bbox 2599 494 2682 539; x_wconf 91' lang='lat' dir='ltr'><strong>est</strong></span> <span class='ocrx_word' id='word_1_114' title='bbox 2737 495 2842 537; x_wconf 80' lang='lat' dir='ltr'><strong>tota</strong></span> <span class='ocrx_word' id='word_1_115' title='bbox 2901 484 3191 539; x_wconf 86' lang='lat' dir='ltr'><strong>intentione</strong></span> <span class='ocrx_word' id='word_1_116' title='bbox 3243 486 3506 553; x_wconf 84' lang='lat' dir='ltr'><strong>captivus.</strong></span> 
     </span>
    </p>
   </div>
   <div class='ocr_carea' id='block_1_20' title="bbox 1946 571 3512 638">
    <p class='ocr_par' dir='ltr' id='par_1_20' title="bbox 1946 571 3512 638">
     <span class='ocr_line' id='line_1_20' title="bbox 1946 571 3512 638; baseline 0.006 -16"><span class='ocrx_word' id='word_1_117' title='bbox 1946 571 2083 638; x_wconf 74' lang='lat' dir='ltr'><strong>Ergo</strong></span> <span class='ocrx_word' id='word_1_118' title='bbox 2112 587 2137 625; x_wconf 87' lang='lat' dir='ltr'><strong>s</strong></span> <span class='ocrx_word' id='word_1_119' title='bbox 2177 572 2445 626; x_wconf 88' lang='lat' dir='ltr'><strong>lutationis</strong></span> <span class='ocrx_word' id='word_1_120' title='bbox 2494 574 2951 628; x_wconf 80' lang='lat' dir='ltr'><strong>honorificentiam</strong></span> <span class='ocrx_word' id='word_1_121' title='bbox 2992 576 3167 630; x_wconf 63' lang='lat' dir='ltr'><strong>debila</strong></span> <span class='ocrx_word' id='word_1_122' title='bbox 3217 576 3512 632; x_wconf 84' lang='lat' dir='ltr'><strong>humilitate</strong></span> 
     </span>
    </p>
   </div>
   <div class='ocr_carea' id='block_1_21' title="bbox 1940 663 3509 727">
    <p class='ocr_par' dir='ltr' id='par_1_21' title="bbox 1940 663 3509 727">
     <span class='ocr_line' id='line_1_21' title="bbox 1940 663 3509 727; baseline 0.004 -13"><span class='ocrx_word' id='word_1_123' title='bbox 1940 663 2268 727; x_wconf 55' lang='lat' dir='ltr'><strong>tersulvens,</strong></span> <span class='ocrx_word' id='word_1_124' title='bbox 2300 663 2427 716; x_wconf 81' lang='lat' dir='ltr'><strong>nihil</strong></span> <span class='ocrx_word' id='word_1_125' title='bbox 2454 664 2737 719; x_wconf 83' lang='lat' dir='ltr'><strong>valetudini</strong></span> <span class='ocrx_word' id='word_1_126' title='bbox 2771 681 2903 719; x_wconf 68' lang='lat' dir='ltr'><strong>mea:</strong></span> <span class='ocrx_word' id='word_1_127' title='bbox 2940 666 3007 720; x_wconf 86' lang='lat' dir='ltr'><strong>de</strong></span> <span class='ocrx_word' id='word_1_128' title='bbox 3039 668 3245 722; x_wconf 86' lang='lat' dir='ltr'><strong>itineris</strong></span> <span class='ocrx_word' id='word_1_129' title='bbox 3290 670 3509 722; x_wconf 77' lang='lat' dir='ltr'><strong>confra-</strong></span> 
     </span>
    </p>
   </div>
   <div class='ocr_carea' id='block_1_22' title="bbox 1939 752 3513 825">
    <p class='ocr_par' dir='ltr' id='par_1_22' title="bbox 1939 752 3513 825">
     <span class='ocr_line' id='line_1_22' title="bbox 1939 752 3513 825; baseline 0.006 -23"><span class='ocrx_word' id='word_1_130' title='bbox 1939 752 2115 805; x_wconf 85' lang='lat' dir='ltr'><strong>ctione</strong></span> <span class='ocrx_word' id='word_1_131' title='bbox 2142 753 2318 807; x_wconf 87' lang='lat' dir='ltr'><strong>indico</strong></span> <span class='ocrx_word' id='word_1_132' title='bbox 2348 754 2665 809; x_wconf 79' lang='lat' dir='ltr'><strong>decessisse.</strong></span> <span class='ocrx_word' id='word_1_133' title='bbox 2700 756 2835 809; x_wconf 82' lang='lat' dir='ltr'><strong>Ecce</strong></span> <span class='ocrx_word' id='word_1_134' title='bbox 2854 772 2953 825; x_wconf 74' lang='lat' dir='ltr'><strong>qua</strong></span> <span class='ocrx_word' id='word_1_135' title='bbox 2978 758 3389 811; x_wconf 82' lang='lat' dir='ltr'><strong>sollicitudinem</strong></span> <span class='ocrx_word' id='word_1_136' title='bbox 3421 776 3513 811; x_wconf 84' lang='lat' dir='ltr'><strong>vc-</strong></span> 
     </span>
    </p>
   </div>
   <div class='ocr_carea' id='block_1_23' title="bbox 1940 845 3510 919">
    <p class='ocr_par' dir='ltr' id='par_1_23' title="bbox 1940 845 3510 919">
     <span class='ocr_line' id='line_1_23' title="bbox 1940 845 3510 919; baseline 0.005 -26"><span class='ocrx_word' id='word_1_137' title='bbox 1940 852 2106 896; x_wconf 84' lang='lat' dir='ltr'><strong>stram</strong></span> <span class='ocrx_word' id='word_1_138' title='bbox 2149 845 2359 914; x_wconf 90' lang='lat' dir='ltr'><strong>bcnigui</strong></span> <span class='ocrx_word' id='word_1_139' title='bbox 2400 846 2561 899; x_wconf 90' lang='lat' dir='ltr'><strong>studii</strong></span> <span class='ocrx_word' id='word_1_140' title='bbox 2608 861 2735 900; x_wconf 90' lang='lat' dir='ltr'><strong>cura</strong></span> <span class='ocrx_word' id='word_1_141' title='bbox 2784 863 3094 902; x_wconf 86' lang='lat' dir='ltr'><strong>remunerer</strong></span> <span class='ocrx_word' id='word_1_142' title='bbox 3128 865 3141 902; x_wconf 90' lang='lat'><strong>:</strong></span> <span class='ocrx_word' id='word_1_143' title='bbox 3174 849 3331 904; x_wconf 89' lang='lat' dir='ltr'><strong>facite</strong></span> <span class='ocrx_word' id='word_1_144' title='bbox 3370 851 3510 919; x_wconf 89' lang='lat' dir='ltr'><strong>quod</strong></span> 
     </span>
    </p>
   </div>
   <div class='ocr_carea' id='block_1_24' title="bbox 1938 933 3514 1007">
    <p class='ocr_par' dir='ltr' id='par_1_24' title="bbox 1938 933 3514 1007">
     <span class='ocr_line' id='line_1_24' title="bbox 1938 933 3514 1007; baseline 0.006 -23"><span class='ocrx_word' id='word_1_145' title='bbox 1938 933 2193 1002; x_wconf 91' lang='lat' dir='ltr'><strong>scriptum</strong></span> <span class='ocrx_word' id='word_1_146' title='bbox 2240 946 2343 999; x_wconf 88' lang='lat' dir='ltr'><strong>est,</strong></span> <span class='ocrx_word' id='word_1_147' title='bbox 2384 946 2598 1005; x_wconf 87' lang='lat' dir='ltr'><strong>accepta</strong></span> <span class='ocrx_word' id='word_1_148' title='bbox 2629 936 2993 999; x_wconf 83' lang='lat' dir='ltr'><strong>restituentes,</strong></span> <span class='ocrx_word' id='word_1_149' title='bbox 3024 938 3091 991; x_wconf 89' lang='lat' dir='ltr'><strong>de</strong></span> <span class='ocrx_word' id='word_1_150' title='bbox 3140 940 3514 1007; x_wconf 82' lang='lat' dir='ltr'><strong>prosperitatis</strong></span> 
     </span>
    </p>
   </div>
   <div class='ocr_carea' id='block_1_25' title="bbox 1940 1024 2964 1094">
    <p class='ocr_par' dir='ltr' id='par_1_25' title="bbox 1940 1024 2964 1094">
     <span class='ocr_line' id='line_1_25' title="bbox 1940 1024 2964 1094; baseline 0.006 -24"><span class='ocrx_word' id='word_1_151' title='bbox 1940 1032 2129 1074; x_wconf 63' lang='lat' dir='ltr'><strong>vestra?</strong></span> <span class='ocrx_word' id='word_1_152' title='bbox 2160 1039 2245 1075; x_wconf 87' lang='lat' dir='ltr'><strong>me</strong></span> <span class='ocrx_word' id='word_1_153' title='bbox 2270 1024 2659 1091; x_wconf 80' lang='lat' dir='ltr'><strong>significatione</strong></span> <span class='ocrx_word' id='word_1_154' title='bbox 2687 1026 2964 1094; x_wconf 76' lang='lat' dir='ltr'><strong>gratulari.</strong></span> 
     </span>
    </p>
   </div>
   <div class='ocr_carea' id='block_1_26' title="bbox 2467 1114 2977 1168">
    <p class='ocr_par' dir='ltr' id='par_1_26' title="bbox 2467 1114 2977 1168">
     <span class='ocr_line' id='line_1_26' title="bbox 2467 1114 2977 1168; baseline 0.004 -3"><span class='ocrx_word' id='word_1_155' title='bbox 2467 1114 2796 1168; x_wconf 79' lang='lat' dir='ltr'><strong>EPISTULA</strong></span> <span class='ocrx_word' id='word_1_156' title='bbox 2843 1114 2977 1168; x_wconf 78' lang='lat' dir='ltr'><strong>XIV.</strong></span> 
     </span>
    </p>
   </div>
   <div class='ocr_carea' id='block_1_27' title="bbox 2468 1216 2980 1256">
    <p class='ocr_par' dir='ltr' id='par_1_27' title="bbox 2468 1216 2980 1256">
     <span class='ocr_line' id='line_1_27' title="bbox 2468 1216 2980 1256; baseline 0.002 -3"><span class='ocrx_word' id='word_1_157' title='bbox 2468 1216 2722 1254; x_wconf 66' lang='grc' dir='ltr'>εκκοιιιυιι</span> <span class='ocrx_word' id='word_1_158' title='bbox 2760 1217 2980 1256; x_wconf 73' lang='lat' dir='ltr'><strong>I‘AUSTO.</strong></span> 
     </span>
    </p>
   </div>
   <div class='ocr_carea' id='block_1_28' title="bbox 2006 1286 3512 1367">
    <p class='ocr_par' dir='ltr' id='par_1_28' title="bbox 2006 1286 3512 1367">
     <span class='ocr_line' id='line_1_28' title="bbox 2006 1286 3512 1367; baseline 0.007 -27"><span class='ocrx_word' id='word_1_159' title='bbox 2006 1286 2262 1341; x_wconf 77' lang='lat' dir='ltr'><strong>Tacerem</strong></span> <span class='ocrx_word' id='word_1_160' title='bbox 2294 1289 2563 1343; x_wconf 89' lang='lat' dir='ltr'><strong>molestias</strong></span> <span class='ocrx_word' id='word_1_161' title='bbox 2602 1306 2768 1356; x_wconf 81' lang='lat' dir='ltr'><strong>meas,</strong></span> <span class='ocrx_word' id='word_1_162' title='bbox 2812 1292 2911 1345; x_wconf 77' lang='lat' dir='ltr'><strong>nisi</strong></span> <span class='ocrx_word' id='word_1_163' title='bbox 2952 1293 3331 1351; x_wconf 81' lang='lat' dir='ltr'><strong>intellexissem</strong></span> <span class='ocrx_word' id='word_1_164' title='bbox 3373 1299 3512 1367; x_wconf 75' lang='lat' dir='ltr'><strong>quod</strong></span> 
     </span>
    </p>
   </div>
   <div class='ocr_carea' id='block_1_29' title="bbox 1937 1378 3512 1455">
    <p class='ocr_par' dir='ltr' id='par_1_29' title="bbox 1937 1378 3512 1455">
     <span class='ocr_line' id='line_1_29' title="bbox 1937 1378 3512 1455; baseline 0.008 -27"><span class='ocrx_word' id='word_1_165' title='bbox 1937 1378 2242 1432; x_wconf 75' lang='lat' dir='ltr'><strong>sollicitudo</strong></span> <span class='ocrx_word' id='word_1_166' title='bbox 2269 1390 2445 1433; x_wconf 87' lang='lat' dir='ltr'><strong>vestra</strong></span> <span class='ocrx_word' id='word_1_167' title='bbox 2472 1394 2557 1433; x_wconf 84' lang='lat' dir='ltr'><strong>me</strong></span> <span class='ocrx_word' id='word_1_168' title='bbox 2582 1378 2847 1435; x_wconf 83' lang='lat' dir='ltr'><strong>sublevat.</strong></span> <span class='ocrx_word' id='word_1_169' title='bbox 2869 1381 3000 1436; x_wconf 78' lang='lat' dir='ltr'><strong>Nam</strong></span> <span class='ocrx_word' id='word_1_170' title='bbox 3021 1384 3149 1438; x_wconf 90' lang='lat' dir='ltr'><strong>dum</strong></span> <span class='ocrx_word' id='word_1_171' title='bbox 3171 1389 3512 1455; x_wconf 87' lang='lat' dir='ltr'><strong>cognoscitis,</strong></span> 
     </span>
    </p>
   </div>
   <div class='ocr_carea' id='block_1_30' title="bbox 1936 1469 3514 1545">
    <p class='ocr_par' dir='ltr' id='par_1_30' title="bbox 1936 1469 3514 1545">
     <span class='ocr_line' id='line_1_30' title="bbox 1936 1469 3514 1545; baseline 0.008 -28"><span class='ocrx_word' id='word_1_172' title='bbox 1936 1482 2091 1535; x_wconf 79' lang='lat' dir='ltr'><strong>quuu</strong></span> <span class='ocrx_word' id='word_1_173' title='bbox 2125 1469 2283 1522; x_wconf 88' lang='lat' dir='ltr'><strong>variis</strong></span> <span class='ocrx_word' id='word_1_174' title='bbox 2314 1470 2619 1525; x_wconf 84' lang='lat' dir='ltr'><strong>morborum</strong></span> <span class='ocrx_word' id='word_1_175' title='bbox 2650 1471 2841 1541; x_wconf 85' lang='lat' dir='ltr'><strong>fatigor</strong></span> <span class='ocrx_word' id='word_1_176' title='bbox 2864 1474 3235 1538; x_wconf 84' lang='lat' dir='ltr'><strong>incommodis,</strong></span> <span class='ocrx_word' id='word_1_177' title='bbox 3268 1492 3363 1544; x_wconf 88' lang='lat' dir='ltr'><strong>pro</strong></span> <span class='ocrx_word' id='word_1_178' title='bbox 3393 1492 3514 1545; x_wconf 90' lang='lat' dir='ltr'><strong>pec-</strong></span> 
     </span>
    </p>
   </div>
   <div class='ocr_carea' id='block_1_31' title="bbox 1936 1558 3516 1635">
    <p class='ocr_par' dir='ltr' id='par_1_31' title="bbox 1936 1558 3516 1635">
     <span class='ocr_line' id='line_1_31' title="bbox 1936 1558 3516 1635; baseline 0.007 -27"><span class='ocrx_word' id='word_1_179' title='bbox 1936 1558 2069 1610; x_wconf 84' lang='lat' dir='ltr'><strong>catis</strong></span> <span class='ocrx_word' id='word_1_180' title='bbox 2108 1559 2239 1612; x_wconf 86' lang='lat' dir='ltr'><strong>meis</strong></span> <span class='ocrx_word' id='word_1_181' title='bbox 2267 1558 2503 1614; x_wconf 79' lang='lat' dir='ltr'><strong>febribus</strong></span> <span class='ocrx_word' id='word_1_182' title='bbox 2549 1560 2854 1631; x_wconf 88' lang='lat' dir='ltr'><strong>frequenter</strong></span> <span class='ocrx_word' id='word_1_183' title='bbox 2883 1563 3125 1627; x_wconf 81' lang='lat' dir='ltr'><strong>addcor,</strong></span> <span class='ocrx_word' id='word_1_184' title='bbox 3155 1574 3208 1617; x_wconf 89' lang='lat' dir='ltr'><strong>et</strong></span> <span class='ocrx_word' id='word_1_185' title='bbox 3232 1566 3367 1619; x_wconf 78' lang='lat' dir='ltr'><strong>vires</strong></span> <span class='ocrx_word' id='word_1_186' title='bbox 3397 1582 3516 1635; x_wconf 65' lang='lat' dir='ltr'><strong>quae</strong></span> 
     </span>
    </p>
   </div>
   <div class='ocr_carea' id='block_1_32' title="bbox 1937 1650 3514 1726">
    <p class='ocr_par' dir='ltr' id='par_1_32' title="bbox 1937 1650 3514 1726">
     <span class='ocr_line' id='line_1_32' title="bbox 1937 1650 3514 1726; baseline 0.006 -25"><span class='ocrx_word' id='word_1_187' title='bbox 1937 1650 2255 1705; x_wconf 78' lang='lat' dir='ltr'><strong>videbantur</strong></span> <span class='ocrx_word' id='word_1_188' title='bbox 2286 1653 2569 1719; x_wconf 63' lang='lat' dir='ltr'><strong>restitutae,</strong></span> <span class='ocrx_word' id='word_1_189' title='bbox 2621 1655 2958 1725; x_wconf 86' lang='lat' dir='ltr'><strong>franguntur.</strong></span> <span class='ocrx_word' id='word_1_190' title='bbox 2993 1657 3133 1726; x_wconf 82' lang='lat' dir='ltr'><strong>Ergo</strong></span> <span class='ocrx_word' id='word_1_191' title='bbox 3160 1672 3252 1711; x_wconf 88' lang='lat' dir='ltr'><strong>vos</strong></span> <span class='ocrx_word' id='word_1_192' title='bbox 3281 1658 3514 1711; x_wconf 84' lang='lat' dir='ltr'><strong>remedia</strong></span> 
     </span>
    </p>
   </div>
   <div class='ocr_carea' id='block_1_33' title="bbox 1936 1748 3515 1813">
    <p class='ocr_par' dir='ltr' id='par_1_33' title="bbox 1936 1748 3515 1813">
     <span class='ocr_line' id='line_1_33' title="bbox 1936 1748 3515 1813; baseline 0.004 -18"><span class='ocrx_word' id='word_1_193' title='bbox 1936 1763 1949 1790; x_wconf 76' lang='grc' dir='ltr'><strong>ι</strong></span> <span class='ocrx_word' id='word_1_194' title='bbox 1966 1754 2185 1796; x_wconf 86' lang='lat' dir='ltr'><strong>onsueta</strong></span> <span class='ocrx_word' id='word_1_195' title='bbox 2210 1755 2483 1813; x_wconf 70' lang='lat' dir='ltr'><strong>praestate,</strong></span> <span class='ocrx_word' id='word_1_196' title='bbox 2506 1754 2562 1800; x_wconf 84' lang='lat' dir='ltr'><strong>et</strong></span> <span class='ocrx_word' id='word_1_197' title='bbox 2585 1762 2738 1801; x_wconf 88' lang='lat' dir='ltr'><strong>usum</strong></span> <span class='ocrx_word' id='word_1_198' title='bbox 2765 1748 2915 1801; x_wconf 90' lang='lat' dir='ltr'><strong>illum</strong></span> <span class='ocrx_word' id='word_1_199' title='bbox 2939 1758 3137 1803; x_wconf 70' lang='lat' dir='ltr'><strong>sancta:</strong></span> <span class='ocrx_word' id='word_1_200' title='bbox 3156 1750 3515 1804; x_wconf 80' lang='lat' dir='ltr'><strong>conversatio-</strong></span> 
     </span>
    </p>
   </div>
   <div class='ocr_carea' id='block_1_34' title="bbox 257 1833 3513 1927">
    <p class='ocr_par' dir='ltr' id='par_1_34' title="bbox 257 1833 3513 1927">
     <span class='ocr_line' id='line_1_34' title="bbox 257 1833 3513 1927; baseline 0.005 -50"><span class='ocrx_word' id='word_1_201' title='bbox 257 1850 383 1902; x_wconf 55' lang='grc' dir='ltr'><strong>ποτε</strong></span> <span class='ocrx_word' id='word_1_202' title='bbox 412 1850 501 1918; x_wconf 66' lang='lat' dir='ltr'><strong>qui</strong></span> <span class='ocrx_word' id='word_1_203' title='bbox 530 1852 656 1905; x_wconf 56' lang='lat' dir='ltr'><strong>vim</strong></span> <span class='ocrx_word' id='word_1_204' title='bbox 677 1854 856 1906; x_wconf 56' lang='lat' dir='ltr'><strong>“mis</strong></span> <span class='ocrx_word' id='word_1_205' title='bbox 880 1854 1157 1922; x_wconf 53' lang='lat' dir='ltr'><strong>abiaram.</strong></span> <span class='ocrx_word' id='word_1_206' title='bbox 1177 1871 1274 1923; x_wconf 63' lang='lat' dir='ltr'><strong>pro</strong></span> <span class='ocrx_word' id='word_1_207' title='bbox 1297 1833 1829 1927; x_wconf 39' lang='lat' dir='ltr'><strong>Mahdinwnm&#39;mrpi</strong></span> <span class='ocrx_word' id='word_1_208' title='bbox 1864 1857 1909 1916; x_wconf 72' lang='grc' dir='ltr'><strong>Β</strong></span> <span class='ocrx_word' id='word_1_209' title='bbox 1939 1834 2018 1927; x_wconf 74' lang='lat' dir='ltr'><strong>uis</strong></span> <span class='ocrx_word' id='word_1_210' title='bbox 2050 1833 2337 1927; x_wconf 66' lang='lat' dir='ltr'><strong>impendio:</strong></span> <span class='ocrx_word' id='word_1_211' title='bbox 2363 1852 2375 1888; x_wconf 91' lang='lat'><strong>:</strong></span> <span class='ocrx_word' id='word_1_212' title='bbox 2404 1847 2461 1889; x_wconf 94' lang='lat' dir='ltr'><strong>ut</strong></span> <span class='ocrx_word' id='word_1_213' title='bbox 2490 1837 2748 1906; x_wconf 71' lang='lat' dir='ltr'><strong>quidquid</strong></span> <span class='ocrx_word' id='word_1_214' title='bbox 2780 1839 3042 1894; x_wconf 87' lang='lat' dir='ltr'><strong>medicina</strong></span> <span class='ocrx_word' id='word_1_215' title='bbox 3070 1841 3374 1894; x_wconf 88' lang='lat' dir='ltr'><strong>mortalium</strong></span> <span class='ocrx_word' id='word_1_216' title='bbox 3408 1855 3513 1894; x_wconf 92' lang='lat' dir='ltr'><strong>non</strong></span> 
     </span>
    </p>
   </div>
   <div class='ocr_carea' id='block_1_35' title="bbox 254 1940 1833 2015">
    <p class='ocr_par' dir='ltr' id='par_1_35' title="bbox 254 1940 1833 2015">
     <span class='ocr_line' id='line_1_35' title="bbox 254 1940 1833 2015; baseline 0.008 -25"><span class='ocrx_word' id='word_1_217' title='bbox 254 1940 543 2007; x_wconf 69' lang='lat' dir='ltr'><strong>respuebat</strong></span> <span class='ocrx_word' id='word_1_218' title='bbox 587 1942 845 2010; x_wconf 69' lang='lat' dir='ltr'><strong>quidquid</strong></span> <span class='ocrx_word' id='word_1_219' title='bbox 890 1943 1035 2012; x_wconf 85' lang='lat' dir='ltr'><strong>leges</strong></span> <span class='ocrx_word' id='word_1_220' title='bbox 1081 1944 1278 1999; x_wconf 87' lang='lat' dir='ltr'><strong>dedere</strong></span> <span class='ocrx_word' id='word_1_221' title='bbox 1309 1960 1405 2015; x_wconf 82' lang='lat' dir='ltr'><strong>pro</strong></span> <span class='ocrx_word' id='word_1_222' title='bbox 1449 1948 1731 2001; x_wconf 86' lang='lat' dir='ltr'><strong>remedio:</strong></span> <span class='ocrx_word' id='word_1_223' title='bbox 1776 1958 1833 2002; x_wconf 83' lang='lat' dir='ltr'><strong>et</strong></span> 
     </span>
    </p>
   </div>
   <div class='ocr_carea' id='block_1_36' title="bbox 254 2030 1832 2107">
    <p class='ocr_par' dir='ltr' id='par_1_36' title="bbox 254 2030 1832 2107">
     <span class='ocr_line' id='line_1_36' title="bbox 254 2030 1832 2107; baseline 0.01 -28"><span class='ocrx_word' id='word_1_224' title='bbox 254 2030 441 2083; x_wconf 86' lang='lat' dir='ltr'><strong>nolens</strong></span> <span class='ocrx_word' id='word_1_225' title='bbox 495 2032 676 2086; x_wconf 79' lang='lat' dir='ltr'><strong>uxoris</strong></span> <span class='ocrx_word' id='word_1_226' title='bbox 728 2047 924 2100; x_wconf 85' lang='lat' dir='ltr'><strong>corpus</strong></span> <span class='ocrx_word' id='word_1_227' title='bbox 970 2034 1227 2103; x_wconf 88' lang='lat' dir='ltr'><strong>deputare</strong></span> <span class='ocrx_word' id='word_1_228' title='bbox 1268 2038 1520 2103; x_wconf 86' lang='lat' dir='ltr'><strong>servitiis,</strong></span> <span class='ocrx_word' id='word_1_229' title='bbox 1553 2041 1753 2107; x_wconf 89' lang='lat' dir='ltr'><strong>putavit</strong></span> <span class='ocrx_word' id='word_1_230' title='bbox 1773 2057 1832 2095; x_wconf 90' lang='lat' dir='ltr'><strong>se</strong></span> 
     </span>
    </p>
   </div>
   <div class='ocr_carea' id='block_1_37' title="bbox 252 2121 1830 2200">
    <p class='ocr_par' dir='ltr' id='par_1_37' title="bbox 252 2121 1830 2200">
     <span class='ocr_line' id='line_1_37' title="bbox 252 2121 1830 2200; baseline 0.007 -26"><span class='ocrx_word' id='word_1_231' title='bbox 252 2121 523 2185; x_wconf 85' lang='lat' dir='ltr'><strong>addicere,</strong></span> <span class='ocrx_word' id='word_1_232' title='bbox 554 2125 600 2177; x_wconf 90' lang='lat' dir='ltr'><strong>si</strong></span> <span class='ocrx_word' id='word_1_233' title='bbox 648 2125 937 2195; x_wconf 86' lang='lat' dir='ltr'><strong>quidquam</strong></span> <span class='ocrx_word' id='word_1_234' title='bbox 983 2130 1183 2183; x_wconf 90' lang='lat' dir='ltr'><strong>mundo</strong></span> <span class='ocrx_word' id='word_1_235' title='bbox 1232 2130 1566 2200; x_wconf 87' lang='lat' dir='ltr'><strong>impenderet</strong></span> <span class='ocrx_word' id='word_1_236' title='bbox 1610 2132 1830 2186; x_wconf 88' lang='lat' dir='ltr'><strong>liberam</strong></span> 
     </span>
    </p>
   </div>
   <div class='ocr_carea' id='block_1_38' title="bbox 252 2212 1833 2291">
    <p class='ocr_par' dir='ltr' id='par_1_38' title="bbox 252 2212 1833 2291">
     <span class='ocr_line' id='line_1_38' title="bbox 252 2212 1833 2291; baseline 0.006 -25"><span class='ocrx_word' id='word_1_237' title='bbox 252 2212 600 2266; x_wconf 74' lang='lat' dir='ltr'><strong>castitatem?</strong></span> <span class='ocrx_word' id='word_1_238' title='bbox 630 2214 752 2269; x_wconf 59' lang='lat' dir='ltr'><strong>lla&#39;c</strong></span> <span class='ocrx_word' id='word_1_239' title='bbox 781 2225 835 2269; x_wconf 92' lang='lat' dir='ltr'><strong>et</strong></span> <span class='ocrx_word' id='word_1_240' title='bbox 880 2220 923 2269; x_wconf 91' lang='lat' dir='ltr'><strong>si</strong></span> <span class='ocrx_word' id='word_1_241' title='bbox 966 2232 1071 2271; x_wconf 84' lang='lat' dir='ltr'><strong>non</strong></span> <span class='ocrx_word' id='word_1_242' title='bbox 1098 2218 1297 2289; x_wconf 79' lang='lat' dir='ltr'><strong>diligis,</strong></span> <span class='ocrx_word' id='word_1_243' title='bbox 1326 2221 1493 2276; x_wconf 87' lang='lat' dir='ltr'><strong>debes</strong></span> <span class='ocrx_word' id='word_1_244' title='bbox 1528 2233 1703 2275; x_wconf 91' lang='lat' dir='ltr'><strong>tamen</strong></span> <span class='ocrx_word' id='word_1_245' title='bbox 1735 2238 1833 2291; x_wconf 89' lang='lat' dir='ltr'><strong>pro</strong></span> 
     </span>
    </p>
   </div>
   <div class='ocr_carea' id='block_1_39' title="bbox 254 2305 1835 2371">
    <p class='ocr_par' dir='ltr' id='par_1_39' title="bbox 254 2305 1835 2371">
     <span class='ocr_line' id='line_1_39' title="bbox 254 2305 1835 2371; baseline 0.011 -18"><span class='ocrx_word' id='word_1_246' title='bbox 254 2305 451 2371; x_wconf 77' lang='lat' dir='ltr'><strong>ingenii</strong></span> <span class='ocrx_word' id='word_1_247' title='bbox 503 2305 577 2358; x_wconf 89' lang='lat' dir='ltr'><strong>tui</strong></span> <span class='ocrx_word' id='word_1_248' title='bbox 633 2307 993 2362; x_wconf 76' lang='lat' dir='ltr'><strong>ostentatione</strong></span> <span class='ocrx_word' id='word_1_249' title='bbox 1024 2309 1263 2365; x_wconf 87' lang='lat' dir='ltr'><strong>laudare.</strong></span> <span class='ocrx_word' id='word_1_250' title='bbox 1299 2312 1589 2369; x_wconf 86' lang='lat' dir='ltr'><strong>Possumus</strong></span> <span class='ocrx_word' id='word_1_251' title='bbox 1614 2316 1835 2370; x_wconf 88' lang='lat' dir='ltr'><strong>credere</strong></span> 
     </span>
    </p>
   </div>
   <div class='ocr_carea' id='block_1_40' title="bbox 252 2397 1834 2476">
    <p class='ocr_par' dir='ltr' id='par_1_40' title="bbox 252 2397 1834 2476">
     <span class='ocr_line' id='line_1_40' title="bbox 252 2397 1834 2476; baseline 0.011 -31"><span class='ocrx_word' id='word_1_252' title='bbox 252 2407 303 2449; x_wconf 86' lang='lat' dir='ltr'><strong>te</strong></span> <span class='ocrx_word' id='word_1_253' title='bbox 334 2398 535 2449; x_wconf 88' lang='lat' dir='ltr'><strong>bonum</strong></span> <span class='ocrx_word' id='word_1_254' title='bbox 561 2397 674 2449; x_wconf 85' lang='lat' dir='ltr'><strong>fieri</strong></span> <span class='ocrx_word' id='word_1_255' title='bbox 694 2438 709 2461; x_wconf 91' lang='lat'><strong>,</strong></span> <span class='ocrx_word' id='word_1_256' title='bbox 744 2398 787 2452; x_wconf 93' lang='lat' dir='ltr'><strong>si</strong></span> <span class='ocrx_word' id='word_1_257' title='bbox 832 2399 1110 2455; x_wconf 89' lang='lat' dir='ltr'><strong>audiamus</strong></span> <span class='ocrx_word' id='word_1_258' title='bbox 1139 2419 1257 2471; x_wconf 75' lang='lat' dir='ltr'><strong>qua:</strong></span> <span class='ocrx_word' id='word_1_259' title='bbox 1288 2404 1511 2461; x_wconf 87' lang='lat' dir='ltr'><strong>honesta</strong></span> <span class='ocrx_word' id='word_1_260' title='bbox 1548 2417 1673 2462; x_wconf 87' lang='lat' dir='ltr'><strong>sunt</strong></span> <span class='ocrx_word' id='word_1_261' title='bbox 1701 2422 1834 2476; x_wconf 82' lang='lat' dir='ltr'><strong>pra:-</strong></span> 
     </span>
    </p>
   </div>
   <div class='ocr_carea' id='block_1_41' title="bbox 252 2485 1835 2562">
    <p class='ocr_par' dir='ltr' id='par_1_41' title="bbox 252 2485 1835 2562">
     <span class='ocr_line' id='line_1_41' title="bbox 252 2485 1835 2562; baseline 0.011 -27"><span class='ocrx_word' id='word_1_262' title='bbox 252 2485 541 2539; x_wconf 84' lang='lat' dir='ltr'><strong>dicantem.</strong></span> <span class='ocrx_word' id='word_1_263' title='bbox 574 2487 725 2542; x_wconf 81' lang='lat' dir='ltr'><strong>Nunc</strong></span> <span class='ocrx_word' id='word_1_264' title='bbox 767 2490 993 2543; x_wconf 83' lang='lat' dir='ltr'><strong>salutem</strong></span> <span class='ocrx_word' id='word_1_265' title='bbox 1038 2490 1389 2560; x_wconf 82' lang='lat' dir='ltr'><strong>largissimam</strong></span> <span class='ocrx_word' id='word_1_266' title='bbox 1428 2498 1634 2562; x_wconf 86' lang='lat' dir='ltr'><strong>dicens,</strong></span> <span class='ocrx_word' id='word_1_267' title='bbox 1668 2508 1726 2551; x_wconf 94' lang='lat' dir='ltr'><strong>ut</strong></span> <span class='ocrx_word' id='word_1_268' title='bbox 1756 2514 1835 2552; x_wconf 83' lang='lat' dir='ltr'><strong>re-</strong></span> 
     </span>
    </p>
   </div>
   <div class='ocr_carea' id='block_1_42' title="bbox 252 2575 1831 2651">
    <p class='ocr_par' dir='ltr' id='par_1_42' title="bbox 252 2575 1831 2651">
     <span class='ocr_line' id='line_1_42' title="bbox 252 2575 1831 2651; baseline 0.009 -24"><span class='ocrx_word' id='word_1_269' title='bbox 252 2591 324 2627; x_wconf 75' lang='lat' dir='ltr'><strong>se.</strong></span> <span class='ocrx_word' id='word_1_270' title='bbox 340 2575 454 2628; x_wconf 73' lang='lat' dir='ltr'><strong>ibas</strong></span> <span class='ocrx_word' id='word_1_271' title='bbox 474 2577 741 2632; x_wconf 88' lang='lat' dir='ltr'><strong>admoneo</strong></span> <span class='ocrx_word' id='word_1_272' title='bbox 766 2596 777 2629; x_wconf 90' lang='lat'><strong>:</strong></span> <span class='ocrx_word' id='word_1_273' title='bbox 800 2588 852 2632; x_wconf 91' lang='lat' dir='ltr'><strong>et</strong></span> <span class='ocrx_word' id='word_1_274' title='bbox 874 2595 978 2632; x_wconf 89' lang='lat' dir='ltr'><strong>non</strong></span> <span class='ocrx_word' id='word_1_275' title='bbox 996 2595 1080 2634; x_wconf 90' lang='lat' dir='ltr'><strong>me</strong></span> <span class='ocrx_word' id='word_1_276' title='bbox 1097 2581 1163 2636; x_wconf 87' lang='lat' dir='ltr'><strong>de</strong></span> <span class='ocrx_word' id='word_1_277' title='bbox 1183 2585 1406 2651; x_wconf 87' lang='lat' dir='ltr'><strong>epistola</strong></span> <span class='ocrx_word' id='word_1_278' title='bbox 1429 2600 1545 2640; x_wconf 86' lang='lat' dir='ltr'><strong>mea</strong></span> <span class='ocrx_word' id='word_1_279' title='bbox 1568 2589 1831 2651; x_wconf 76' lang='lat' dir='ltr'><strong>:estimes;</strong></span> 
     </span>
    </p>
   </div>
   <div class='ocr_carea' id='block_1_43' title="bbox 252 2667 1827 2744">
    <p class='ocr_par' dir='ltr' id='par_1_43' title="bbox 252 2667 1827 2744">
     <span class='ocr_line' id='line_1_43' title="bbox 252 2667 1827 2744; baseline 0.009 -27"><span class='ocrx_word' id='word_1_280' title='bbox 252 2682 435 2734; x_wconf 79' lang='lat' dir='ltr'><strong>th-m,</strong></span> <span class='ocrx_word' id='word_1_281' title='bbox 474 2667 614 2720; x_wconf 85' lang='lat' dir='ltr'><strong>Deus</strong></span> <span class='ocrx_word' id='word_1_282' title='bbox 641 2668 795 2721; x_wconf 78' lang='lat' dir='ltr'><strong>tesris</strong></span> <span class='ocrx_word' id='word_1_283' title='bbox 831 2679 946 2735; x_wconf 90' lang='lat' dir='ltr'><strong>est,</strong></span> <span class='ocrx_word' id='word_1_284' title='bbox 972 2670 1097 2725; x_wconf 91' lang='lat' dir='ltr'><strong>dum</strong></span> <span class='ocrx_word' id='word_1_285' title='bbox 1133 2672 1201 2728; x_wconf 84' lang='lat' dir='ltr'><strong>de</strong></span> <span class='ocrx_word' id='word_1_286' title='bbox 1231 2675 1449 2729; x_wconf 82' lang='lat' dir='ltr'><strong>basilica</strong></span> <span class='ocrx_word' id='word_1_287' title='bbox 1491 2692 1788 2732; x_wconf 67' lang='lat' dir='ltr'><strong>remearem</strong></span> <span class='ocrx_word' id='word_1_288' title='bbox 1813 2722 1827 2744; x_wconf 91' lang='lat'><strong>,</strong></span> 
     </span>
    </p>
   </div>
   <div class='ocr_carea' id='block_1_44' title="bbox 257 2748 1809 2815">
    <p class='ocr_par' dir='ltr' id='par_1_44' title="bbox 257 2748 1809 2815">
     <span class='ocr_line' id='line_1_44' title="bbox 257 2748 1809 2815; baseline 0.014 -8"><span class='ocrx_word' id='word_1_289' title='bbox 257 2762 489 2810; x_wconf 74' lang='lat' dir='ltr'><strong>lra‘itscu&#39;</strong></span> <span class='ocrx_word' id='word_1_290' title='bbox 512 2756 662 2811; x_wconf 84' lang='lat' dir='ltr'><strong>sione</strong></span> <span class='ocrx_word' id='word_1_291' title='bbox 684 2756 905 2815; x_wconf 87' lang='lat' dir='ltr'><strong>dictavi.</strong></span> <span class='ocrx_word' id='word_1_292' title='bbox 1806 2748 1809 2749; x_wconf 10' lang='grc' dir='ltr'><em>ν</em></span> 
     </span>
    </p>
   </div>
   <div class='ocr_carea' id='block_1_45' title="bbox 806 2851 1291 2909">
    <p class='ocr_par' dir='ltr' id='par_1_45' title="bbox 806 2851 1291 2909">
     <span class='ocr_line' id='line_1_45' title="bbox 806 2851 1291 2909; baseline 0.012 -6"><span class='ocrx_word' id='word_1_293' title='bbox 806 2851 1133 2909; x_wconf 75' lang='lat' dir='ltr'><strong>EPISTOLA</strong></span> <span class='ocrx_word' id='word_1_294' title='bbox 1178 2855 1291 2909; x_wconf 79' lang='grc' dir='ltr'><strong>ΧΙΙ.</strong></span> 
     </span>
    </p>
   </div>
   <div class='ocr_carea' id='block_1_46' title="bbox 811 2956 1292 2999">
    <p class='ocr_par' dir='ltr' id='par_1_46' title="bbox 811 2956 1292 2999">
     <span class='ocr_line' id='line_1_46' title="bbox 811 2956 1292 2999; baseline 0.008 -6"><span class='ocrx_word' id='word_1_295' title='bbox 811 2956 1066 2995; x_wconf 59' lang='lat' dir='ltr'><strong>ENNOUU‘</strong></span> <span class='ocrx_word' id='word_1_296' title='bbox 1105 2960 1292 2999; x_wconf 79' lang='grc' dir='ltr'>ι·ι.υιιο.</span> 
     </span>
    </p>
   </div>
   <div class='ocr_carea' id='block_1_47' title="bbox 320 3028 1835 3105">
    <p class='ocr_par' dir='ltr' id='par_1_47' title="bbox 320 3028 1835 3105">
     <span class='ocr_line' id='line_1_47' title="bbox 320 3028 1835 3105; baseline 0.009 -28"><span class='ocrx_word' id='word_1_297' title='bbox 320 3029 430 3094; x_wconf 77' lang='lat' dir='ltr'><strong>Qua</strong></span> <span class='ocrx_word' id='word_1_298' title='bbox 465 3036 517 3080; x_wconf 91' lang='lat' dir='ltr'><strong>te</strong></span> <span class='ocrx_word' id='word_1_299' title='bbox 545 3028 882 3089; x_wconf 72' lang='lat' dir='ltr'><strong>deiinctlone</strong></span> <span class='ocrx_word' id='word_1_300' title='bbox 911 3044 1139 3100; x_wconf 81' lang='lat' dir='ltr'><strong>teneam,</strong></span> <span class='ocrx_word' id='word_1_301' title='bbox 1172 3050 1273 3103; x_wconf 90' lang='lat' dir='ltr'><strong>qua</strong></span> <span class='ocrx_word' id='word_1_302' title='bbox 1298 3035 1568 3105; x_wconf 71' lang='lat' dir='ltr'><strong>diligentia</strong></span> <span class='ocrx_word' id='word_1_303' title='bbox 1592 3037 1835 3104; x_wconf 87' lang='lat' dir='ltr'><strong>comple-</strong></span> 
     </span>
    </p>
   </div>
   <div class='ocr_carea' id='block_1_48' title="bbox 264 3120 1837 3195">
    <p class='ocr_par' dir='ltr' id='par_1_48' title="bbox 264 3120 1837 3195">
     <span class='ocr_line' id='line_1_48' title="bbox 264 3120 1837 3195; baseline 0.006 -25"><span class='ocrx_word' id='word_1_304' title='bbox 264 3135 396 3183; x_wconf 79' lang='lat' dir='ltr'><strong>ctar,</strong></span> <span class='ocrx_word' id='word_1_305' title='bbox 425 3135 490 3172; x_wconf 90' lang='lat' dir='ltr'><strong>ex</strong></span> <span class='ocrx_word' id='word_1_306' title='bbox 518 3120 682 3173; x_wconf 89' lang='lat' dir='ltr'><strong>animi</strong></span> <span class='ocrx_word' id='word_1_307' title='bbox 707 3122 781 3174; x_wconf 88' lang='lat' dir='ltr'><strong>tui</strong></span> <span class='ocrx_word' id='word_1_308' title='bbox 814 3132 963 3190; x_wconf 75' lang='lat' dir='ltr'><strong>potes</strong></span> <span class='ocrx_word' id='word_1_309' title='bbox 983 3125 1239 3193; x_wconf 74' lang='lat' dir='ltr'><strong>qualitate</strong></span> <span class='ocrx_word' id='word_1_310' title='bbox 1265 3126 1535 3195; x_wconf 82' lang='lat' dir='ltr'><strong>colligere.</strong></span> <span class='ocrx_word' id='word_1_311' title='bbox 1568 3126 1666 3180; x_wconf 80' lang='lat' dir='ltr'><strong>Vix</strong></span> <span class='ocrx_word' id='word_1_312' title='bbox 1693 3127 1837 3180; x_wconf 89' lang='lat' dir='ltr'><strong>enim</strong></span> 
     </span>
    </p>
   </div>
   <div class='ocr_carea' id='block_1_49' title="bbox 1937 1924 3439 2002">
    <p class='ocr_par' dir='ltr' id='par_1_49' title="bbox 1937 1924 3439 2002">
     <span class='ocr_line' id='line_1_49' title="bbox 1937 1924 3439 2002; baseline 0.008 -28"><span class='ocrx_word' id='word_1_313' title='bbox 1937 1924 2095 1989; x_wconf 84' lang='lat' dir='ltr'><strong>valet,</strong></span> <span class='ocrx_word' id='word_1_314' title='bbox 2130 1924 2259 1979; x_wconf 88' lang='lat' dir='ltr'><strong>fusis</strong></span> <span class='ocrx_word' id='word_1_315' title='bbox 2288 1927 2353 1981; x_wconf 89' lang='lat' dir='ltr'><strong>ad</strong></span> <span class='ocrx_word' id='word_1_316' title='bbox 2388 1926 2550 1981; x_wconf 87' lang='lat' dir='ltr'><strong>Deum</strong></span> <span class='ocrx_word' id='word_1_317' title='bbox 2577 1939 2817 1983; x_wconf 91' lang='lat' dir='ltr'><strong>nostrum</strong></span> <span class='ocrx_word' id='word_1_318' title='bbox 2847 1933 3091 1998; x_wconf 87' lang='lat' dir='ltr'><strong>precibus</strong></span> <span class='ocrx_word' id='word_1_319' title='bbox 3122 1932 3439 2002; x_wconf 84' lang='lat' dir='ltr'><strong>impetretis.</strong></span> 
     </span>
    </p>
   </div>
   <div class='ocr_carea' id='block_1_50' title="bbox 2465 2018 2969 2075">
    <p class='ocr_par' dir='ltr' id='par_1_50' title="bbox 2465 2018 2969 2075">
     <span class='ocr_line' id='line_1_50' title="bbox 2465 2018 2969 2075; baseline 0.006 -3"><span class='ocrx_word' id='word_1_320' title='bbox 2465 2018 2797 2075; x_wconf 82' lang='lat' dir='ltr'><strong>EPISTOLA</strong></span> <span class='ocrx_word' id='word_1_321' title='bbox 2856 2021 2969 2075; x_wconf 81' lang='lat' dir='ltr'><strong>XV.</strong></span> 
     </span>
    </p>
   </div>
   <div class='ocr_carea' id='block_1_51' title="bbox 2482 2123 2979 2165">
    <p class='ocr_par' dir='ltr' id='par_1_51' title="bbox 2482 2123 2979 2165">
     <span class='ocr_line' id='line_1_51' title="bbox 2482 2123 2979 2165; baseline 0.004 -4"><span class='ocrx_word' id='word_1_322' title='bbox 2482 2123 2738 2164; x_wconf 73' lang='lat' dir='ltr'><strong>ENNODIUS</strong></span> <span class='ocrx_word' id='word_1_323' title='bbox 2775 2126 2979 2165; x_wconf 65' lang='grc' dir='ltr'><strong>ευιιειο.</strong></span> 
     </span>
    </p>
   </div>
   <div class='ocr_carea' id='block_1_52' title="bbox 2007 2195 3507 2265">
    <p class='ocr_par' dir='ltr' id='par_1_52' title="bbox 2007 2195 3507 2265">
     <span class='ocr_line' id='line_1_52' title="bbox 2007 2195 3507 2265; baseline 0.007 -17"><span class='ocrx_word' id='word_1_324' title='bbox 2007 2195 2142 2249; x_wconf 82' lang='lat' dir='ltr'><strong>Ante</strong></span> <span class='ocrx_word' id='word_1_325' title='bbox 2190 2196 2613 2265; x_wconf 82' lang='lat' dir='ltr'><strong>experimentum</strong></span> <span class='ocrx_word' id='word_1_326' title='bbox 2661 2201 2951 2255; x_wconf 88' lang='lat' dir='ltr'><strong>amicorum</strong></span> <span class='ocrx_word' id='word_1_327' title='bbox 2985 2200 3116 2256; x_wconf 88' lang='lat' dir='ltr'><strong>fides</strong></span> <span class='ocrx_word' id='word_1_328' title='bbox 3145 2204 3353 2258; x_wconf 90' lang='lat' dir='ltr'><strong>occulta</strong></span> <span class='ocrx_word' id='word_1_329' title='bbox 3380 2215 3462 2259; x_wconf 89' lang='lat' dir='ltr'><strong>est</strong></span> <span class='ocrx_word' id='word_1_330' title='bbox 3491 2222 3507 2259; x_wconf 89' lang='lat'><strong>:</strong></span> 
     </span>
    </p>
   </div>
   <div class='ocr_carea' id='block_1_53' title="bbox 1937 2289 3611 2365">
    <p class='ocr_par' dir='ltr' id='par_1_53' title="bbox 1937 2289 3611 2365">
     <span class='ocr_line' id='line_1_53' title="bbox 1937 2289 3611 2365; baseline 0.011 -27"><span class='ocrx_word' id='word_1_331' title='bbox 1937 2297 2216 2356; x_wconf 84' lang='lat' dir='ltr'><strong>postquam</strong></span> <span class='ocrx_word' id='word_1_332' title='bbox 2243 2290 2294 2343; x_wconf 89' lang='lat' dir='ltr'><strong>in</strong></span> <span class='ocrx_word' id='word_1_333' title='bbox 2318 2289 2488 2345; x_wconf 89' lang='lat' dir='ltr'><strong>lucem</strong></span> <span class='ocrx_word' id='word_1_334' title='bbox 2515 2293 2853 2359; x_wconf 87' lang='lat' dir='ltr'><strong>processerit,</strong></span> <span class='ocrx_word' id='word_1_335' title='bbox 2879 2308 3062 2347; x_wconf 89' lang='lat' dir='ltr'><strong>eorum</strong></span> <span class='ocrx_word' id='word_1_336' title='bbox 3091 2296 3178 2363; x_wconf 90' lang='lat' dir='ltr'><strong>qui</strong></span> <span class='ocrx_word' id='word_1_337' title='bbox 3203 2295 3402 2365; x_wconf 90' lang='lat' dir='ltr'><strong>aliquid</strong></span> <span class='ocrx_word' id='word_1_338' title='bbox 3427 2311 3512 2351; x_wconf 81' lang='lat' dir='ltr'><strong>sa-</strong></span> <span class='ocrx_word' id='word_1_339' title='bbox 3602 2350 3611 2357; x_wconf 82' lang='lat'><strong>.</strong></span> 
     </span>
    </p>
   </div>
   <div class='ocr_carea' id='block_1_54' title="bbox 1940 2378 3509 2453">
    <p class='ocr_par' dir='ltr' id='par_1_54' title="bbox 1940 2378 3509 2453">
     <span class='ocr_line' id='line_1_54' title="bbox 1940 2378 3509 2453; baseline 0.01 -28"><span class='ocrx_word' id='word_1_340' title='bbox 1940 2378 2085 2446; x_wconf 86' lang='lat' dir='ltr'><strong>poris</strong></span> <span class='ocrx_word' id='word_1_341' title='bbox 2116 2380 2417 2445; x_wconf 87' lang='lat' dir='ltr'><strong>habuerint,</strong></span> <span class='ocrx_word' id='word_1_342' title='bbox 2447 2381 2546 2435; x_wconf 86' lang='lat' dir='ltr'><strong>sibi</strong></span> <span class='ocrx_word' id='word_1_343' title='bbox 2578 2392 2782 2437; x_wconf 88' lang='lat' dir='ltr'><strong>mentes</strong></span> <span class='ocrx_word' id='word_1_344' title='bbox 2818 2385 3035 2453; x_wconf 76' lang='lat' dir='ltr'><strong>obligat.</strong></span> <span class='ocrx_word' id='word_1_345' title='bbox 3068 2385 3161 2439; x_wconf 84' lang='lat' dir='ltr'><strong>Est</strong></span> <span class='ocrx_word' id='word_1_346' title='bbox 3193 2394 3369 2441; x_wconf 90' lang='lat' dir='ltr'><strong>tamen</strong></span> <span class='ocrx_word' id='word_1_347' title='bbox 3407 2389 3509 2441; x_wconf 87' lang='lat' dir='ltr'><strong>tui-</strong></span> 
     </span>
    </p>
   </div>
   <div class='ocr_carea' id='block_1_55' title="bbox 1939 2469 3513 2538">
    <p class='ocr_par' dir='ltr' id='par_1_55' title="bbox 1939 2469 3513 2538">
     <span class='ocr_line' id='line_1_55' title="bbox 1939 2469 3513 2538; baseline 0.006 -16"><span class='ocrx_word' id='word_1_348' title='bbox 1939 2485 2039 2523; x_wconf 90' lang='lat' dir='ltr'><strong>nus</strong></span> <span class='ocrx_word' id='word_1_349' title='bbox 2067 2469 2228 2524; x_wconf 87' lang='lat' dir='ltr'><strong>libera</strong></span> <span class='ocrx_word' id='word_1_350' title='bbox 2274 2470 2528 2534; x_wconf 87' lang='lat' dir='ltr'><strong>servitus,</strong></span> <span class='ocrx_word' id='word_1_351' title='bbox 2577 2488 2694 2538; x_wconf 66' lang='lat' dir='ltr'><strong>qua:</strong></span> <span class='ocrx_word' id='word_1_352' title='bbox 2739 2475 2880 2529; x_wconf 89' lang='lat' dir='ltr'><strong>caris</strong></span> <span class='ocrx_word' id='word_1_353' title='bbox 2909 2475 3213 2530; x_wconf 90' lang='lat' dir='ltr'><strong>exhibetur.</strong></span> <span class='ocrx_word' id='word_1_354' title='bbox 3243 2474 3513 2532; x_wconf 76' lang='lat' dir='ltr'><strong>Conﬁteor</strong></span> 
     </span>
    </p>
   </div>
   <div class='ocr_carea' id='block_1_56' title="bbox 1940 2560 3512 2625">
    <p class='ocr_par' dir='ltr' id='par_1_56' title="bbox 1940 2560 3512 2625">
     <span class='ocr_line' id='line_1_56' title="bbox 1940 2560 3512 2625; baseline 0.008 -15"><span class='ocrx_word' id='word_1_355' title='bbox 1940 2560 2287 2625; x_wconf 72' lang='lat' dir='ltr'><strong>magnitudini</strong></span> <span class='ocrx_word' id='word_1_356' title='bbox 2327 2570 2468 2615; x_wconf 76' lang='lat' dir='ltr'><strong>tute:</strong></span> <span class='ocrx_word' id='word_1_357' title='bbox 2502 2562 2698 2617; x_wconf 89' lang='lat' dir='ltr'><strong>latebat</strong></span> <span class='ocrx_word' id='word_1_358' title='bbox 2731 2580 2815 2618; x_wconf 93' lang='lat' dir='ltr'><strong>me</strong></span> <span class='ocrx_word' id='word_1_359' title='bbox 2843 2575 2965 2619; x_wconf 88' lang='lat' dir='ltr'><strong>ante</strong></span> <span class='ocrx_word' id='word_1_360' title='bbox 2995 2567 3305 2621; x_wconf 80' lang='lat' dir='ltr'><strong>relationem</strong></span> <span class='ocrx_word' id='word_1_361' title='bbox 3338 2570 3512 2623; x_wconf 78' lang='lat' dir='ltr'><strong>horni-</strong></span> 
     </span>
    </p>
   </div>
   <div class='ocr_carea' id='block_1_57' title="bbox 1940 2652 3513 2729">
    <p class='ocr_par' dir='ltr' id='par_1_57' title="bbox 1940 2652 3513 2729">
     <span class='ocr_line' id='line_1_57' title="bbox 1940 2652 3513 2729; baseline 0.007 -25"><span class='ocrx_word' id='word_1_362' title='bbox 1940 2652 2022 2705; x_wconf 87' lang='lat' dir='ltr'><strong>nis</strong></span> <span class='ocrx_word' id='word_1_363' title='bbox 2053 2653 2155 2705; x_wconf 91' lang='lat' dir='ltr'><strong>mei</strong></span> <span class='ocrx_word' id='word_1_364' title='bbox 2179 2693 2193 2715; x_wconf 89' lang='lat'><strong>,</strong></span> <span class='ocrx_word' id='word_1_365' title='bbox 2222 2653 2346 2720; x_wconf 89' lang='lat' dir='ltr'><strong>quid</strong></span> <span class='ocrx_word' id='word_1_366' title='bbox 2376 2653 2429 2707; x_wconf 92' lang='lat' dir='ltr'><strong>in</strong></span> <span class='ocrx_word' id='word_1_367' title='bbox 2473 2655 2804 2710; x_wconf 85' lang='lat' dir='ltr'><strong>sublimitate</strong></span> <span class='ocrx_word' id='word_1_368' title='bbox 2834 2666 2954 2721; x_wconf 92' lang='lat' dir='ltr'><strong>tua,</strong></span> <span class='ocrx_word' id='word_1_369' title='bbox 3002 2668 3055 2711; x_wconf 90' lang='lat' dir='ltr'><strong>et</strong></span> <span class='ocrx_word' id='word_1_370' title='bbox 3084 2661 3289 2728; x_wconf 88' lang='lat' dir='ltr'><strong>saporis</strong></span> <span class='ocrx_word' id='word_1_371' title='bbox 3314 2670 3367 2714; x_wconf 86' lang='lat' dir='ltr'><strong>et</strong></span> <span class='ocrx_word' id='word_1_372' title='bbox 3396 2676 3513 2729; x_wconf 79' lang='lat' dir='ltr'><strong>gra-</strong></span> 
     </span>
    </p>
   </div>
   <div class='ocr_carea' id='block_1_58' title="bbox 1941 2745 3513 2811">
    <p class='ocr_par' dir='ltr' id='par_1_58' title="bbox 1941 2745 3513 2811">
     <span class='ocr_line' id='line_1_58' title="bbox 1941 2745 3513 2811; baseline 0.008 -14"><span class='ocrx_word' id='word_1_373' title='bbox 1941 2746 2045 2811; x_wconf 71' lang='lat' dir='ltr'><strong>t’m,</strong></span> <span class='ocrx_word' id='word_1_374' title='bbox 2077 2745 2175 2800; x_wconf 87' lang='lat' dir='ltr'><strong>sub</strong></span> <span class='ocrx_word' id='word_1_375' title='bbox 2202 2745 2363 2801; x_wconf 90' lang='lat' dir='ltr'><strong>nobili</strong></span> <span class='ocrx_word' id='word_1_376' title='bbox 2399 2746 2697 2805; x_wconf 86' lang='lat' dir='ltr'><strong>humilitate</strong></span> <span class='ocrx_word' id='word_1_377' title='bbox 2724 2749 3063 2807; x_wconf 87' lang='lat' dir='ltr'><strong>delitesceret</strong></span> <span class='ocrx_word' id='word_1_378' title='bbox 3096 2752 3294 2807; x_wconf 86' lang='lat' dir='ltr'><strong>:didici</strong></span> <span class='ocrx_word' id='word_1_379' title='bbox 3333 2754 3513 2809; x_wconf 83' lang='lat' dir='ltr'><strong>homi-</strong></span> 
     </span>
    </p>
   </div>
   <div class='ocr_carea' id='block_1_59' title="bbox 1942 2840 3514 2913">
    <p class='ocr_par' dir='ltr' id='par_1_59' title="bbox 1942 2840 3514 2913">
     <span class='ocr_line' id='line_1_59' title="bbox 1942 2840 3514 2913; baseline 0.01 -22"><span class='ocrx_word' id='word_1_380' title='bbox 1942 2854 2083 2903; x_wconf 85' lang='lat' dir='ltr'><strong>nem,</strong></span> <span class='ocrx_word' id='word_1_381' title='bbox 2111 2840 2197 2908; x_wconf 90' lang='lat' dir='ltr'><strong>qui</strong></span> <span class='ocrx_word' id='word_1_382' title='bbox 2224 2855 2410 2895; x_wconf 89' lang='lat' dir='ltr'><strong>canam</strong></span> <span class='ocrx_word' id='word_1_383' title='bbox 2440 2844 2491 2895; x_wconf 91' lang='lat' dir='ltr'><strong>in</strong></span> <span class='ocrx_word' id='word_1_384' title='bbox 2523 2842 2624 2897; x_wconf 84' lang='lat' dir='ltr'><strong>fide</strong></span> <span class='ocrx_word' id='word_1_385' title='bbox 2647 2844 3047 2913; x_wconf 83' lang='lat' dir='ltr'><strong>beatitudinem,</strong></span> <span class='ocrx_word' id='word_1_386' title='bbox 3073 2848 3197 2902; x_wconf 89' lang='lat' dir='ltr'><strong>dum</strong></span> <span class='ocrx_word' id='word_1_387' title='bbox 3220 2850 3514 2906; x_wconf 77' lang='lat' dir='ltr'><strong>amicorum</strong></span> 
     </span>
    </p>
   </div>
   <div class='ocr_carea' id='block_1_60' title="bbox 1941 2930 3513 3008">
    <p class='ocr_par' dir='ltr' id='par_1_60' title="bbox 1941 2930 3513 3008">
     <span class='ocr_line' id='line_1_60' title="bbox 1941 2930 3513 3008; baseline 0.008 -26"><span class='ocrx_word' id='word_1_388' title='bbox 1941 2930 2233 2983; x_wconf 81' lang='lat' dir='ltr'><strong>absentiam</strong></span> <span class='ocrx_word' id='word_1_389' title='bbox 2282 2931 2418 2986; x_wconf 87' lang='lat' dir='ltr'><strong>bene</strong></span> <span class='ocrx_word' id='word_1_390' title='bbox 2466 2941 2674 2997; x_wconf 85' lang='lat' dir='ltr'><strong>tractat,</strong></span> <span class='ocrx_word' id='word_1_391' title='bbox 2735 2946 3041 3004; x_wconf 76' lang='lat' dir='ltr'><strong>exsuperat.</strong></span> <span class='ocrx_word' id='word_1_392' title='bbox 3100 2938 3256 2991; x_wconf 86' lang='lat' dir='ltr'><strong>Plura</strong></span> <span class='ocrx_word' id='word_1_393' title='bbox 3298 2941 3513 3008; x_wconf 84' lang='lat' dir='ltr'><strong>quidem</strong></span> 
     </span>
    </p>
   </div>
   <div class='ocr_carea' id='block_1_61' title="bbox 1940 3024 3513 3095">
    <p class='ocr_par' dir='ltr' id='par_1_61' title="bbox 1940 3024 3513 3095">
     <span class='ocr_line' id='line_1_61' title="bbox 1940 3024 3513 3095; baseline 0.006 -20"><span class='ocrx_word' id='word_1_394' title='bbox 1940 3024 2223 3077; x_wconf 86' lang='lat' dir='ltr'><strong>discedens</strong></span> <span class='ocrx_word' id='word_1_395' title='bbox 2267 3025 2590 3092; x_wconf 59' lang='lat' dir='ltr'><strong>promiseras</strong></span> <span class='ocrx_word' id='word_1_396' title='bbox 2619 3042 2633 3078; x_wconf 92' lang='lat'><strong><em>:</em></strong></span> <span class='ocrx_word' id='word_1_397' title='bbox 2664 3027 2756 3080; x_wconf 88' lang='lat' dir='ltr'><strong>sed</strong></span> <span class='ocrx_word' id='word_1_398' title='bbox 2808 3026 2871 3081; x_wconf 89' lang='lat' dir='ltr'><strong>ad</strong></span> <span class='ocrx_word' id='word_1_399' title='bbox 2914 3029 3123 3095; x_wconf 89' lang='lat' dir='ltr'><strong>genium</strong></span> <span class='ocrx_word' id='word_1_400' title='bbox 3175 3031 3513 3085; x_wconf 82' lang='lat' dir='ltr'><strong>conscientia:</strong></span> 
     </span>
    </p>
   </div>
   <div class='ocr_carea' id='block_1_62' title="bbox 1942 3118 3515 3185">
    <p class='ocr_par' dir='ltr' id='par_1_62' title="bbox 1942 3118 3515 3185">
     <span class='ocr_line' id='line_1_62' title="bbox 1942 3118 3515 3185; baseline 0.006 -16"><span class='ocrx_word' id='word_1_401' title='bbox 1942 3125 2043 3169; x_wconf 71' lang='lat' dir='ltr'><strong>tua:</strong></span> <span class='ocrx_word' id='word_1_402' title='bbox 2072 3118 2272 3183; x_wconf 86' lang='lat' dir='ltr'><strong>majora</strong></span> <span class='ocrx_word' id='word_1_403' title='bbox 2305 3118 2615 3185; x_wconf 67' lang='lat' dir='ltr'><strong>praestitisti.</strong></span> <span class='ocrx_word' id='word_1_404' title='bbox 2651 3118 2870 3174; x_wconf 85' lang='lat' dir='ltr'><strong>Domine</strong></span> <span class='ocrx_word' id='word_1_405' title='bbox 2892 3121 2986 3185; x_wconf 83' lang='lat' dir='ltr'><strong>fili,</strong></span> <span class='ocrx_word' id='word_1_406' title='bbox 3018 3122 3352 3178; x_wconf 81' lang='lat' dir='ltr'><strong>salutationis</strong></span> <span class='ocrx_word' id='word_1_407' title='bbox 3380 3124 3515 3178; x_wconf 76' lang='lat' dir='ltr'><strong>offu-</strong></span> 
     </span>
    </p>
   </div>
   <div class='ocr_carea' id='block_1_63' title="bbox 254 3207 1835 3283">
    <p class='ocr_par' dir='ltr' id='par_1_63' title="bbox 254 3212 1835 3282">
     <span class='ocr_line' id='line_1_63' title="bbox 254 3212 1835 3282; baseline 0.007 -24"><span class='ocrx_word' id='word_1_408' title='bbox 254 3213 419 3262; x_wconf 74' lang='lat' dir='ltr'><strong>aiuari</strong></span> <span class='ocrx_word' id='word_1_409' title='bbox 451 3212 755 3277; x_wconf 77' lang='lat' dir='ltr'><strong>continget,</strong></span> <span class='ocrx_word' id='word_1_410' title='bbox 782 3212 880 3263; x_wconf 82' lang='lat' dir='ltr'><strong>nisi</strong></span> <span class='ocrx_word' id='word_1_411' title='bbox 903 3229 1036 3282; x_wconf 87' lang='lat' dir='ltr'><strong>quos</strong></span> <span class='ocrx_word' id='word_1_412' title='bbox 1067 3215 1349 3269; x_wconf 82' lang='lat' dir='ltr'><strong>sinceriter</strong></span> <span class='ocrx_word' id='word_1_413' title='bbox 1378 3232 1559 3272; x_wconf 88' lang='lat' dir='ltr'><strong>amare</strong></span> <span class='ocrx_word' id='word_1_414' title='bbox 1581 3218 1835 3271; x_wconf 76' lang='lat' dir='ltr'><strong>constite-</strong></span> 
     </span>
    </p>
   </div>
   <div class='ocr_carea' id='block_1_64' title="bbox 1945 3207 3511 3283">
    <p class='ocr_par' dir='ltr' id='par_1_64' title="bbox 1945 3207 3511 3280">
     <span class='ocr_line' id='line_1_64' title="bbox 1945 3207 3511 3280; baseline 0.006 -21"><span class='ocrx_word' id='word_1_415' title='bbox 1945 3207 2166 3261; x_wconf 82' lang='lat' dir='ltr'><strong>sissima:</strong></span> <span class='ocrx_word' id='word_1_416' title='bbox 2195 3223 2389 3262; x_wconf 89' lang='lat' dir='ltr'><strong>munus</strong></span> <span class='ocrx_word' id='word_1_417' title='bbox 2416 3210 2761 3277; x_wconf 86' lang='lat' dir='ltr'><strong>impartieus,</strong></span> <span class='ocrx_word' id='word_1_418' title='bbox 2792 3226 2891 3280; x_wconf 86' lang='lat' dir='ltr'><strong>agn</strong></span> <span class='ocrx_word' id='word_1_419' title='bbox 2918 3221 3075 3278; x_wconf 87' lang='lat' dir='ltr'><strong>atque</strong></span> <span class='ocrx_word' id='word_1_420' title='bbox 3106 3215 3275 3267; x_wconf 80' lang='lat' dir='ltr'><strong>habeo</strong></span> <span class='ocrx_word' id='word_1_421' title='bbox 3304 3215 3511 3269; x_wconf 78' lang='lat' dir='ltr'><strong>insufﬂ-</strong></span> 
     </span>
    </p>
   </div>
   <div class='ocr_carea' id='block_1_65' title="bbox 256 3300 1832 3374">
    <p class='ocr_par' dir='ltr' id='par_1_65' title="bbox 256 3300 1832 3374">
     <span class='ocr_line' id='line_1_65' title="bbox 256 3300 1832 3374; baseline 0.007 -23"><span class='ocrx_word' id='word_1_422' title='bbox 256 3300 335 3351; x_wconf 90' lang='lat' dir='ltr'><strong>rit.</strong></span> <span class='ocrx_word' id='word_1_423' title='bbox 386 3300 746 3370; x_wconf 74' lang='lat' dir='ltr'><strong>C-ingreilitur</strong></span> <span class='ocrx_word' id='word_1_424' title='bbox 774 3303 911 3356; x_wconf 88' lang='lat' dir='ltr'><strong>inter</strong></span> <span class='ocrx_word' id='word_1_425' title='bbox 941 3319 999 3357; x_wconf 83' lang='lat' dir='ltr'><strong>se</strong></span> <span class='ocrx_word' id='word_1_426' title='bbox 1029 3305 1267 3361; x_wconf 69' lang='lat' dir='ltr'><strong>cwlestis</strong></span> <span class='ocrx_word' id='word_1_427' title='bbox 1322 3309 1469 3374; x_wconf 89' lang='lat' dir='ltr'><strong>vigor</strong></span> <span class='ocrx_word' id='word_1_428' title='bbox 1514 3310 1832 3372; x_wconf 62' lang='lat' dir='ltr'><strong>animarum,</strong></span> 
     </span>
    </p>
   </div>
   <div class='ocr_carea' id='block_1_66' title="bbox 258 3392 1836 3464">
    <p class='ocr_par' dir='ltr' id='par_1_66' title="bbox 258 3392 1836 3464">
     <span class='ocr_line' id='line_1_66' title="bbox 258 3392 1836 3464; baseline 0.008 -25"><span class='ocrx_word' id='word_1_429' title='bbox 258 3402 307 3442; x_wconf 82' lang='lat' dir='ltr'><strong>et</strong></span> <span class='ocrx_word' id='word_1_430' title='bbox 349 3392 521 3443; x_wconf 83' lang='lat' dir='ltr'><strong>studia</strong></span> <span class='ocrx_word' id='word_1_431' title='bbox 565 3407 659 3446; x_wconf 88' lang='lat' dir='ltr'><strong>sua</strong></span> <span class='ocrx_word' id='word_1_432' title='bbox 719 3394 882 3445; x_wconf 88' lang='lat' dir='ltr'><strong>mutis</strong></span> <span class='ocrx_word' id='word_1_433' title='bbox 929 3395 1026 3448; x_wconf 87' lang='lat' dir='ltr'><strong>sibi</strong></span> <span class='ocrx_word' id='word_1_434' title='bbox 1077 3396 1260 3464; x_wconf 86' lang='lat' dir='ltr'><strong>pandit</strong></span> <span class='ocrx_word' id='word_1_435' title='bbox 1296 3396 1541 3450; x_wconf 82' lang='lat' dir='ltr'><strong>affuibus</strong></span> <span class='ocrx_word' id='word_1_436' title='bbox 1572 3417 1583 3449; x_wconf 87' lang='lat'>:</span> <span class='ocrx_word' id='word_1_437' title='bbox 1613 3407 1667 3450; x_wconf 88' lang='lat' dir='ltr'><strong>et</strong></span> <span class='ocrx_word' id='word_1_438' title='bbox 1717 3399 1836 3452; x_wconf 65' lang='lat' dir='ltr'><strong>ideo</strong></span> 
     </span>
    </p>
   </div>
   <div class='ocr_carea' id='block_1_67' title="bbox 258 3468 1837 3557">
    <p class='ocr_par' dir='ltr' id='par_1_67' title="bbox 258 3468 1837 3557">
     <span class='ocr_line' id='line_1_67' title="bbox 258 3468 1837 3557; baseline 0.009 -27"><span class='ocrx_word' id='word_1_439' title='bbox 258 3484 673 3538; x_wconf 67' lang='lat' dir='ltr'><strong>vicissitudinem</strong></span> <span class='ocrx_word' id='word_1_440' title='bbox 698 3468 826 3539; x_wconf 87' lang='lat' dir='ltr'><strong>mihi</strong></span> <span class='ocrx_word' id='word_1_441' title='bbox 854 3487 981 3540; x_wconf 89' lang='lat' dir='ltr'><strong>redd</strong></span> <span class='ocrx_word' id='word_1_442' title='bbox 1021 3504 1076 3542; x_wconf 93' lang='lat' dir='ltr'><strong>re</strong></span> <span class='ocrx_word' id='word_1_443' title='bbox 1099 3490 1356 3557; x_wconf 88' lang='lat' dir='ltr'><strong>disponis.</strong></span> <span class='ocrx_word' id='word_1_444' title='bbox 1386 3492 1401 3522; x_wconf 77' lang='grc'>⁸</span> <span class='ocrx_word' id='word_1_445' title='bbox 1427 3490 1619 3545; x_wconf 80' lang='lat' dir='ltr'><strong>lns&#39;ste</strong></span> <span class='ocrx_word' id='word_1_446' title='bbox 1640 3492 1837 3546; x_wconf 66' lang='lat' dir='ltr'><strong>domno</strong></span> 
     </span>
    </p>
   </div>
   <div class='ocr_carea' id='block_1_68' title="bbox 256 3574 1836 3654">
    <p class='ocr_par' dir='ltr' id='par_1_68' title="bbox 256 3574 1836 3654">
     <span class='ocr_line' id='line_1_68' title="bbox 256 3574 1836 3654; baseline 0.009 -30"><span class='ocrx_word' id='word_1_447' title='bbox 256 3584 310 3626; x_wconf 87' lang='lat' dir='ltr'><strong>ut</strong></span> <span class='ocrx_word' id='word_1_448' title='bbox 335 3574 703 3630; x_wconf 89' lang='lat' dir='ltr'><strong>suburbanum</strong></span> <span class='ocrx_word' id='word_1_449' title='bbox 738 3577 891 3642; x_wconf 91' lang='lat' dir='ltr'><strong>illud,</strong></span> <span class='ocrx_word' id='word_1_450' title='bbox 943 3582 986 3632; x_wconf 92' lang='lat' dir='ltr'><strong>si</strong></span> <span class='ocrx_word' id='word_1_451' title='bbox 1030 3580 1297 3648; x_wconf 80' lang='lat' dir='ltr'><strong>dignatur,</strong></span> <span class='ocrx_word' id='word_1_452' title='bbox 1346 3584 1470 3637; x_wconf 88' lang='lat' dir='ltr'><strong>dato</strong></span> <span class='ocrx_word' id='word_1_453' title='bbox 1495 3601 1522 3635; x_wconf 88' lang='lat' dir='ltr'><strong>a</strong></span> <span class='ocrx_word' id='word_1_454' title='bbox 1551 3601 1635 3638; x_wconf 82' lang='lat' dir='ltr'><strong>tite</strong></span> <span class='ocrx_word' id='word_1_455' title='bbox 1666 3589 1836 3654; x_wconf 89' lang='lat' dir='ltr'><strong>pretio</strong></span> 
     </span>
    </p>
   </div>
   <div class='ocr_carea' id='block_1_69' title="bbox 256 3668 1837 3741">
    <p class='ocr_par' dir='ltr' id='par_1_69' title="bbox 256 3668 1837 3741">
     <span class='ocr_line' id='line_1_69' title="bbox 256 3668 1837 3741; baseline 0.008 -24"><span class='ocrx_word' id='word_1_456' title='bbox 256 3668 557 3735; x_wconf 88' lang='lat' dir='ltr'><strong>comparari</strong></span> <span class='ocrx_word' id='word_1_457' title='bbox 583 3668 769 3736; x_wconf 83' lang='lat' dir='ltr'><strong>jubeat</strong></span> <span class='ocrx_word' id='word_1_458' title='bbox 801 3685 811 3696; x_wconf 91' lang='grc'><strong>·</strong></span> <span class='ocrx_word' id='word_1_459' title='bbox 847 3671 986 3738; x_wconf 90' lang='lat' dir='ltr'><strong>quod</strong></span> <span class='ocrx_word' id='word_1_460' title='bbox 1013 3671 1138 3725; x_wconf 92' lang='lat' dir='ltr'><strong>dum</strong></span> <span class='ocrx_word' id='word_1_461' title='bbox 1170 3673 1220 3725; x_wconf 92' lang='lat' dir='ltr'><strong>in</strong></span> <span class='ocrx_word' id='word_1_462' title='bbox 1251 3672 1458 3741; x_wconf 83' lang='lat' dir='ltr'><strong>Liguria</strong></span> <span class='ocrx_word' id='word_1_463' title='bbox 1501 3673 1673 3741; x_wconf 90' lang='lat' dir='ltr'><strong>fuero,</strong></span> <span class='ocrx_word' id='word_1_464' title='bbox 1722 3676 1837 3730; x_wconf 86' lang='lat' dir='ltr'><strong>fcli-</strong></span> 
     </span>
    </p>
   </div>
   <div class='ocr_carea' id='block_1_70' title="bbox 257 3758 1837 3836">
    <p class='ocr_par' dir='ltr' id='par_1_70' title="bbox 257 3758 1837 3836">
     <span class='ocr_line' id='line_1_70' title="bbox 257 3758 1837 3836; baseline 0.009 -30"><span class='ocrx_word' id='word_1_465' title='bbox 257 3758 384 3811; x_wconf 80' lang='lat' dir='ltr'><strong>riter</strong></span> <span class='ocrx_word' id='word_1_466' title='bbox 410 3760 698 3822; x_wconf 90' lang='lat' dir='ltr'><strong>habebam,</strong></span> <span class='ocrx_word' id='word_1_467' title='bbox 737 3768 794 3813; x_wconf 92' lang='lat' dir='ltr'><strong>et</strong></span> <span class='ocrx_word' id='word_1_468' title='bbox 846 3770 968 3828; x_wconf 90' lang='lat' dir='ltr'><strong>post</strong></span> <span class='ocrx_word' id='word_1_469' title='bbox 1015 3762 1216 3816; x_wconf 89' lang='lat' dir='ltr'><strong>obitum</strong></span> <span class='ocrx_word' id='word_1_470' title='bbox 1262 3780 1437 3818; x_wconf 91' lang='lat' dir='ltr'><strong>meum</strong></span> <span class='ocrx_word' id='word_1_471' title='bbox 1477 3766 1592 3834; x_wconf 92' lang='lat' dir='ltr'><strong>ipse</strong></span> <span class='ocrx_word' id='word_1_472' title='bbox 1650 3768 1837 3836; x_wconf 87' lang='lat' dir='ltr'><strong>suique</strong></span> 
     </span>
    </p>
   </div>
   <div class='ocr_carea' id='block_1_71' title="bbox 257 3849 1838 3921">
    <p class='ocr_par' dir='ltr' id='par_1_71' title="bbox 257 3849 1838 3921">
     <span class='ocr_line' id='line_1_71' title="bbox 257 3849 1838 3921; baseline 0.008 -22"><span class='ocrx_word' id='word_1_473' title='bbox 257 3849 583 3913; x_wconf 70' lang='lat' dir='ltr'><strong>possideant.</strong></span> <span class='ocrx_word' id='word_1_474' title='bbox 615 3850 738 3903; x_wconf 79' lang='lat' dir='ltr'><strong>Mihi</strong></span> <span class='ocrx_word' id='word_1_475' title='bbox 767 3861 940 3905; x_wconf 85' lang='lat' dir='ltr'><strong>tamen</strong></span> <span class='ocrx_word' id='word_1_476' title='bbox 974 3863 1091 3921; x_wconf 85' lang='lat' dir='ltr'><strong>post</strong></span> <span class='ocrx_word' id='word_1_477' title='bbox 1122 3854 1287 3907; x_wconf 90' lang='lat' dir='ltr'><strong>Deum</strong></span> <span class='ocrx_word' id='word_1_478' title='bbox 1308 3894 1324 3920; x_wconf 90' lang='lat'><strong>,</strong></span> <span class='ocrx_word' id='word_1_479' title='bbox 1359 3856 1681 3921; x_wconf 88' lang='lat' dir='ltr'><strong>libertatem,</strong></span> <span class='ocrx_word' id='word_1_480' title='bbox 1712 3861 1838 3911; x_wconf 87' lang='lat' dir='ltr'><strong>sub-</strong></span> 
     </span>
    </p>
   </div>
   <div class='ocr_carea' id='block_1_72' title="bbox 258 3941 1840 4019">
    <p class='ocr_par' dir='ltr' id='par_1_72' title="bbox 258 3941 1840 4019">
     <span class='ocr_line' id='line_1_72' title="bbox 258 3941 1840 4019; baseline 0.009 -29"><span class='ocrx_word' id='word_1_481' title='bbox 258 3942 507 3995; x_wconf 57' lang='lat' dir='ltr'><strong>stantiam</strong></span> <span class='ocrx_word' id='word_1_482' title='bbox 536 3941 745 3996; x_wconf 80' lang='lat' dir='ltr'><strong>videtur</strong></span> <span class='ocrx_word' id='word_1_483' title='bbox 777 3944 888 4010; x_wconf 90' lang='lat' dir='ltr'><strong>ipse</strong></span> <span class='ocrx_word' id='word_1_484' title='bbox 928 3944 1196 4009; x_wconf 86' lang='lat' dir='ltr'><strong>conferre,</strong></span> <span class='ocrx_word' id='word_1_485' title='bbox 1231 3949 1272 3998; x_wconf 91' lang='lat' dir='ltr'><strong>si</strong></span> <span class='ocrx_word' id='word_1_486' title='bbox 1323 3948 1423 4001; x_wconf 90' lang='lat' dir='ltr'><strong>hoc</strong></span> <span class='ocrx_word' id='word_1_487' title='bbox 1474 3950 1711 4004; x_wconf 81' lang='lat' dir='ltr'><strong>beneficii</strong></span> <span class='ocrx_word' id='word_1_488' title='bbox 1746 3966 1840 4019; x_wconf 90' lang='lat' dir='ltr'><strong>per</strong></span> 
     </span>
    </p>
   </div>
   <div class='ocr_carea' id='block_1_73' title="bbox 261 4030 1839 4103">
    <p class='ocr_par' dir='ltr' id='par_1_73' title="bbox 261 4030 1839 4103">
     <span class='ocr_line' id='line_1_73' title="bbox 261 4030 1839 4103; baseline 0.007 -21"><span class='ocrx_word' id='word_1_489' title='bbox 261 4032 434 4098; x_wconf 87' lang='lat' dir='ltr'><strong>ipsum</strong></span> <span class='ocrx_word' id='word_1_490' title='bbox 477 4030 629 4083; x_wconf 77' lang='lat' dir='ltr'><strong>fuero</strong></span> <span class='ocrx_word' id='word_1_491' title='bbox 668 4044 1006 4087; x_wconf 73' lang='lat' dir='ltr'><strong>consecutus.</strong></span> <span class='ocrx_word' id='word_1_492' title='bbox 1040 4034 1145 4088; x_wconf 88' lang='lat' dir='ltr'><strong>Sed</strong></span> <span class='ocrx_word' id='word_1_493' title='bbox 1177 4035 1255 4088; x_wconf 89' lang='lat' dir='ltr'><strong>sic</strong></span> <span class='ocrx_word' id='word_1_494' title='bbox 1297 4036 1399 4089; x_wconf 84' lang='lat' dir='ltr'><strong>ﬁlia</strong></span> <span class='ocrx_word' id='word_1_495' title='bbox 1440 4046 1524 4089; x_wconf 88' lang='lat' dir='ltr'><strong>tua</strong></span> <span class='ocrx_word' id='word_1_496' title='bbox 1556 4040 1727 4103; x_wconf 73' lang='lat' dir='ltr'><strong>vim;</strong></span> <span class='ocrx_word' id='word_1_497' title='bbox 1761 4054 1839 4093; x_wconf 68' lang='lat' dir='ltr'><strong>S&#39;e</strong></span> 
     </span>
    </p>
   </div>
   <div class='ocr_carea' id='block_1_74' title="bbox 255 4124 1835 4193">
    <p class='ocr_par' dir='ltr' id='par_1_74' title="bbox 255 4124 1835 4193">
     <span class='ocr_line' id='line_1_74' title="bbox 255 4124 1835 4193; baseline 0.006 -18"><span class='ocrx_word' id='word_1_498' title='bbox 255 4124 321 4177; x_wconf 87' lang='lat' dir='ltr'><strong>de</strong></span> <span class='ocrx_word' id='word_1_499' title='bbox 359 4124 448 4177; x_wconf 86' lang='lat' dir='ltr'><strong>illa</strong></span> <span class='ocrx_word' id='word_1_500' title='bbox 493 4126 681 4192; x_wconf 84' lang='lat' dir='ltr'><strong>quales</strong></span> <span class='ocrx_word' id='word_1_501' title='bbox 724 4137 877 4193; x_wconf 88' lang='lat' dir='ltr'><strong>optas</strong></span> <span class='ocrx_word' id='word_1_502' title='bbox 910 4126 1046 4180; x_wconf 81' lang='lat' dir='ltr'><strong>filios</strong></span> <span class='ocrx_word' id='word_1_503' title='bbox 1078 4136 1290 4191; x_wconf 86' lang='lat' dir='ltr'><strong>teneas;</strong></span> <span class='ocrx_word' id='word_1_504' title='bbox 1322 4130 1398 4181; x_wconf 90' lang='lat' dir='ltr'><strong>sic</strong></span> <span class='ocrx_word' id='word_1_505' title='bbox 1438 4128 1580 4183; x_wconf 87' lang='lat' dir='ltr'><strong>Deus</strong></span> <span class='ocrx_word' id='word_1_506' title='bbox 1605 4133 1835 4185; x_wconf 82' lang='lat' dir='ltr'><strong>animam</strong></span> 
     </span>
    </p>
   </div>
   <div class='ocr_carea' id='block_1_75' title="bbox 261 4222 1839 4291">
    <p class='ocr_par' dir='ltr' id='par_1_75' title="bbox 261 4222 1839 4291">
     <span class='ocr_line' id='line_1_75' title="bbox 261 4222 1839 4291; baseline 0.003 -19"><span class='ocrx_word' id='word_1_507' title='bbox 261 4232 403 4273; x_wconf 90' lang='lat' dir='ltr'><strong>tuam</strong></span> <span class='ocrx_word' id='word_1_508' title='bbox 436 4222 639 4274; x_wconf 85' lang='lat' dir='ltr'><strong>sanctis</strong></span> <span class='ocrx_word' id='word_1_509' title='bbox 681 4222 791 4275; x_wconf 91' lang='lat' dir='ltr'><strong>suis</strong></span> <span class='ocrx_word' id='word_1_510' title='bbox 832 4222 988 4275; x_wconf 68' lang='lat' dir='ltr'><strong>facint</strong></span> <span class='ocrx_word' id='word_1_511' title='bbox 1016 4224 1280 4291; x_wconf 64' lang='lat' dir='ltr'><strong>comquari</strong></span> <span class='ocrx_word' id='word_1_512' title='bbox 1305 4265 1318 4285; x_wconf 92' lang='lat'><strong>,</strong></span> <span class='ocrx_word' id='word_1_513' title='bbox 1343 4232 1397 4275; x_wconf 91' lang='lat' dir='ltr'><strong>et</strong></span> <span class='ocrx_word' id='word_1_514' title='bbox 1423 4224 1583 4277; x_wconf 87' lang='lat' dir='ltr'><strong>frater</strong></span> <span class='ocrx_word' id='word_1_515' title='bbox 1613 4235 1733 4278; x_wconf 89' lang='lat' dir='ltr'><strong>tuus</strong></span> <span class='ocrx_word' id='word_1_516' title='bbox 1765 4226 1839 4276; x_wconf 86' lang='lat' dir='ltr'><strong>vi-</strong></span> 
     </span>
    </p>
   </div>
   <div class='ocr_carea' id='block_1_76' title="bbox 263 4311 1837 4380">
    <p class='ocr_par' dir='ltr' id='par_1_76' title="bbox 263 4311 1837 4380">
     <span class='ocr_line' id='line_1_76' title="bbox 263 4311 1837 4380; baseline 0.004 -20"><span class='ocrx_word' id='word_1_517' title='bbox 263 4324 371 4373; x_wconf 84' lang='lat' dir='ltr'><strong>vat,</strong></span> <span class='ocrx_word' id='word_1_518' title='bbox 399 4320 455 4364; x_wconf 93' lang='lat' dir='ltr'><strong>ut</strong></span> <span class='ocrx_word' id='word_1_519' title='bbox 487 4312 704 4364; x_wconf 79' lang='lat' dir='ltr'><strong>insistas</strong></span> <span class='ocrx_word' id='word_1_520' title='bbox 732 4311 1063 4380; x_wconf 87' lang='lat' dir='ltr'><strong>suppliciter,</strong></span> <span class='ocrx_word' id='word_1_521' title='bbox 1095 4312 1428 4380; x_wconf 78' lang='lat' dir='ltr'><strong>importune,</strong></span> <span class='ocrx_word' id='word_1_522' title='bbox 1468 4320 1730 4379; x_wconf 83' lang='lat' dir='ltr'><strong>quatenus</strong></span> <span class='ocrx_word' id='word_1_523' title='bbox 1772 4315 1837 4366; x_wconf 89' lang='lat' dir='ltr'><strong>ad</strong></span> 
     </span>
    </p>
   </div>
   <div class='ocr_carea' id='block_1_77' title="bbox 254 4404 1836 4475">
    <p class='ocr_par' dir='ltr' id='par_1_77' title="bbox 254 4404 1836 4475">
     <span class='ocr_line' id='line_1_77' title="bbox 254 4404 1836 4475; baseline 0 -18"><span class='ocrx_word' id='word_1_524' title='bbox 254 4405 502 4458; x_wconf 85' lang='lat' dir='ltr'><strong>effectum</strong></span> <span class='ocrx_word' id='word_1_525' title='bbox 530 4404 840 4475; x_wconf 88' lang='lat' dir='ltr'><strong>petitionem</strong></span> <span class='ocrx_word' id='word_1_526' title='bbox 870 4421 1039 4459; x_wconf 89' lang='lat' dir='ltr'><strong>meam</strong></span> <span class='ocrx_word' id='word_1_527' title='bbox 1070 4405 1349 4473; x_wconf 83' lang='lat' dir='ltr'><strong>perducas.</strong></span> <span class='ocrx_word' id='word_1_528' title='bbox 1385 4404 1599 4472; x_wconf 84' lang='lat' dir='ltr'><strong>Cogites</strong></span> <span class='ocrx_word' id='word_1_529' title='bbox 1634 4406 1793 4457; x_wconf 85' lang='lat' dir='ltr'><strong>Deum</strong></span> <span class='ocrx_word' id='word_1_530' title='bbox 1820 4446 1836 4469; x_wconf 89' lang='lat'><strong>,</strong></span> 
     </span>
    </p>
   </div>
   <div class='ocr_carea' id='block_1_78' title="bbox 256 4496 1837 4567">
    <p class='ocr_par' dir='ltr' id='par_1_78' title="bbox 256 4496 1837 4567">
     <span class='ocr_line' id='line_1_78' title="bbox 256 4496 1837 4567; baseline 0.003 -20"><span class='ocrx_word' id='word_1_531' title='bbox 256 4499 461 4565; x_wconf 78' lang='lat' dir='ltr'><strong>rogites</strong></span> <span class='ocrx_word' id='word_1_532' title='bbox 506 4499 858 4553; x_wconf 85' lang='lat' dir='ltr'><strong>necessitates</strong></span> <span class='ocrx_word' id='word_1_533' title='bbox 906 4498 1239 4567; x_wconf 88' lang='lat' dir='ltr'><strong>meas;quia</strong></span> <span class='ocrx_word' id='word_1_534' title='bbox 1273 4496 1400 4550; x_wconf 92' lang='lat' dir='ltr'><strong>nihil</strong></span> <span class='ocrx_word' id='word_1_535' title='bbox 1442 4506 1526 4551; x_wconf 90' lang='lat' dir='ltr'><strong>est</strong></span> <span class='ocrx_word' id='word_1_536' title='bbox 1576 4500 1715 4565; x_wconf 87' lang='lat' dir='ltr'><strong>quod</strong></span> <span class='ocrx_word' id='word_1_537' title='bbox 1746 4514 1837 4563; x_wconf 81' lang='lat' dir='ltr'><strong>po-</strong></span> 
     </span>
    </p>
   </div>
   <div class='ocr_carea' id='block_1_79' title="bbox 1938 3300 3514 3375">
    <p class='ocr_par' dir='ltr' id='par_1_79' title="bbox 1938 3300 3514 3375">
     <span class='ocr_line' id='line_1_79' title="bbox 1938 3300 3514 3375; baseline 0.008 -27"><span class='ocrx_word' id='word_1_538' title='bbox 1938 3300 2138 3354; x_wconf 73' lang='lat' dir='ltr'><strong>cientes</strong></span> <span class='ocrx_word' id='word_1_539' title='bbox 2166 3301 2365 3367; x_wconf 89' lang='lat' dir='ltr'><strong>gratias</strong></span> <span class='ocrx_word' id='word_1_540' title='bbox 2389 3300 2477 3356; x_wconf 64' lang='lat' dir='ltr'><strong>de</strong></span> <span class='ocrx_word' id='word_1_541' title='bbox 2518 3301 2599 3355; x_wconf 88' lang='lat' dir='ltr'><strong>his</strong></span> <span class='ocrx_word' id='word_1_542' title='bbox 2647 3318 2766 3372; x_wconf 65' lang='lat' dir='ltr'><strong>quae</strong></span> <span class='ocrx_word' id='word_1_543' title='bbox 2815 3304 2941 3358; x_wconf 90' lang='lat' dir='ltr'><strong>mihi</strong></span> <span class='ocrx_word' id='word_1_544' title='bbox 2981 3306 3031 3357; x_wconf 92' lang='lat' dir='ltr'><strong>in</strong></span> <span class='ocrx_word' id='word_1_545' title='bbox 3063 3307 3231 3374; x_wconf 86' lang='lat' dir='ltr'><strong>prima</strong></span> <span class='ocrx_word' id='word_1_546' title='bbox 3265 3306 3285 3336; x_wconf 86' lang='grc'>⁸</span> <span class='ocrx_word' id='word_1_547' title='bbox 3316 3310 3514 3375; x_wconf 62' lang='lat' dir='ltr'><strong>potitius</strong></span> 
     </span>
    </p>
   </div>
   <div class='ocr_carea' id='block_1_80' title="bbox 1940 3392 3511 3465">
    <p class='ocr_par' dir='ltr' id='par_1_80' title="bbox 1940 3392 3511 3465">
     <span class='ocr_line' id='line_1_80' title="bbox 1940 3392 3511 3465; baseline 0.006 -22"><span class='ocrx_word' id='word_1_548' title='bbox 1940 3392 2113 3445; x_wconf 86' lang='lat' dir='ltr'><strong>fronte</strong></span> <span class='ocrx_word' id='word_1_549' title='bbox 2132 3393 2322 3445; x_wconf 88' lang='lat' dir='ltr'><strong>collata</strong></span> <span class='ocrx_word' id='word_1_550' title='bbox 2342 3405 2485 3447; x_wconf 87' lang='lat' dir='ltr'><strong>sunt.</strong></span> <span class='ocrx_word' id='word_1_551' title='bbox 2507 3393 2657 3461; x_wconf 86' lang='lat' dir='ltr'><strong>Quod</strong></span> <span class='ocrx_word' id='word_1_552' title='bbox 2688 3392 2873 3458; x_wconf 78' lang='lat' dir='ltr'><strong>restat,</strong></span> <span class='ocrx_word' id='word_1_553' title='bbox 2908 3395 2940 3449; x_wconf 92' lang='lat' dir='ltr'><strong>d</strong></span> <span class='ocrx_word' id='word_1_554' title='bbox 2963 3412 3170 3465; x_wconf 81' lang='lat' dir='ltr'><strong>-precor</strong></span> <span class='ocrx_word' id='word_1_555' title='bbox 3208 3409 3264 3453; x_wconf 92' lang='lat' dir='ltr'><strong>ut</strong></span> <span class='ocrx_word' id='word_1_556' title='bbox 3302 3400 3511 3453; x_wconf 85' lang='lat' dir='ltr'><strong>residua</strong></span> 
     </span>
    </p>
   </div>
   <div class='ocr_carea' id='block_1_81' title="bbox 1940 3474 3514 3552">
    <p class='ocr_par' dir='ltr' id='par_1_81' title="bbox 1940 3474 3514 3552">
     <span class='ocr_line' id='line_1_81' title="bbox 1940 3474 3514 3552; baseline 0.006 -19"><span class='ocrx_word' id='word_1_557' title='bbox 1940 3484 2025 3534; x_wconf 85' lang='lat' dir='ltr'><strong>illa</strong></span> <span class='ocrx_word' id='word_1_558' title='bbox 2059 3483 2324 3550; x_wconf 74' lang='lat' dir='ltr'><strong>mancipia</strong></span> <span class='ocrx_word' id='word_1_559' title='bbox 2377 3484 2545 3536; x_wconf 89' lang='lat' dir='ltr'><strong>teneri</strong></span> <span class='ocrx_word' id='word_1_560' title='bbox 2588 3484 2699 3552; x_wconf 87' lang='lat' dir='ltr'><strong>jam</strong></span> <span class='ocrx_word' id='word_1_561' title='bbox 2753 3484 2934 3539; x_wconf 84' lang='lat' dir='ltr'><strong>facias.</strong></span> <span class='ocrx_word' id='word_1_562' title='bbox 2987 3474 3125 3541; x_wconf 79' lang='lat' dir='ltr'><strong>Ecce</strong></span> <span class='ocrx_word' id='word_1_563' title='bbox 3170 3488 3416 3543; x_wconf 76' lang='lat' dir='ltr'><strong>fiduciam</strong></span> <span class='ocrx_word' id='word_1_564' title='bbox 3446 3489 3514 3543; x_wconf 87' lang='lat' dir='ltr'><strong>de</strong></span> 
     </span>
    </p>
   </div>
   <div class='ocr_carea' id='block_1_82' title="bbox 1942 3572 3515 3649">
    <p class='ocr_par' dir='ltr' id='par_1_82' title="bbox 1942 3572 3515 3649">
     <span class='ocr_line' id='line_1_82' title="bbox 1942 3572 3515 3649; baseline 0.003 -23"><span class='ocrx_word' id='word_1_565' title='bbox 1942 3575 2094 3627; x_wconf 86' lang='lat' dir='ltr'><strong>bonis</strong></span> <span class='ocrx_word' id='word_1_566' title='bbox 2124 3572 2552 3642; x_wconf 52' lang='lat' dir='ltr'><strong>praecedentibus</strong></span> <span class='ocrx_word' id='word_1_567' title='bbox 2578 3574 2991 3631; x_wconf 88' lang='lat' dir='ltr'><strong>descendentem</strong></span> <span class='ocrx_word' id='word_1_568' title='bbox 3026 3596 3037 3628; x_wconf 91' lang='lat'>:</span> <span class='ocrx_word' id='word_1_569' title='bbox 3068 3578 3156 3645; x_wconf 91' lang='lat' dir='ltr'><strong>qui</strong></span> <span class='ocrx_word' id='word_1_570' title='bbox 3188 3587 3311 3633; x_wconf 89' lang='lat' dir='ltr'><strong>ante</strong></span> <span class='ocrx_word' id='word_1_571' title='bbox 3339 3579 3515 3649; x_wconf 88' lang='lat' dir='ltr'><strong>ignoto</strong></span> 
     </span>
    </p>
   </div>
   <div class='ocr_carea' id='block_1_83' title="bbox 1942 3664 3509 3739">
    <p class='ocr_par' dir='ltr' id='par_1_83' title="bbox 1942 3664 3509 3739">
     <span class='ocr_line' id='line_1_83' title="bbox 1942 3664 3509 3739; baseline 0.005 -22"><span class='ocrx_word' id='word_1_572' title='bbox 1942 3680 2123 3733; x_wconf 76' lang='lat' dir='ltr'><strong>preces</strong></span> <span class='ocrx_word' id='word_1_573' title='bbox 2151 3664 2418 3720; x_wconf 84' lang='lat' dir='ltr'><strong>metuebat</strong></span> <span class='ocrx_word' id='word_1_574' title='bbox 2443 3664 2667 3727; x_wconf 75' lang='lat' dir='ltr'><strong>offerre,</strong></span> <span class='ocrx_word' id='word_1_575' title='bbox 2702 3665 2804 3733; x_wconf 89' lang='lat' dir='ltr'><strong>iam</strong></span> <span class='ocrx_word' id='word_1_576' title='bbox 2850 3682 2953 3721; x_wconf 89' lang='lat' dir='ltr'><strong>non</strong></span> <span class='ocrx_word' id='word_1_577' title='bbox 2985 3668 3192 3722; x_wconf 90' lang='lat' dir='ltr'><strong>dubitat</strong></span> <span class='ocrx_word' id='word_1_578' title='bbox 3224 3670 3509 3739; x_wconf 89' lang='lat' dir='ltr'><strong>imperare.</strong></span> 
     </span>
    </p>
   </div>
   <div class='ocr_carea' id='block_1_84' title="bbox 2469 3754 2982 3813">
    <p class='ocr_par' dir='ltr' id='par_1_84' title="bbox 2469 3754 2982 3813">
     <span class='ocr_line' id='line_1_84' title="bbox 2469 3754 2982 3813; baseline 0.006 -5"><span class='ocrx_word' id='word_1_579' title='bbox 2469 3754 2799 3813; x_wconf 77' lang='lat' dir='ltr'><strong>EPISTOLA</strong></span> <span class='ocrx_word' id='word_1_580' title='bbox 2844 3757 2982 3812; x_wconf 72' lang='lat' dir='ltr'><strong>XVI.</strong></span> 
     </span>
    </p>
   </div>
   <div class='ocr_carea' id='block_1_85' title="bbox 2426 3847 3015 3903">
    <p class='ocr_par' dir='ltr' id='par_1_85' title="bbox 2426 3847 3015 3903">
     <span class='ocr_line' id='line_1_85' title="bbox 2426 3847 3015 3903; baseline 0.003 -2"><span class='ocrx_word' id='word_1_581' title='bbox 2426 3862 2678 3902; x_wconf 69' lang='lat' dir='ltr'><strong>struentes</strong></span> <span class='ocrx_word' id='word_1_582' title='bbox 2701 3847 2723 3879; x_wconf 73' lang='lat'><strong><em>&quot;</em></strong></span> <span class='ocrx_word' id='word_1_583' title='bbox 2745 3865 3015 3903; x_wconf 64' lang='grc' dir='ltr'>ιυιιιιιιιηκιτ.</span> 
     </span>
    </p>
   </div>
   <div class='ocr_carea' id='block_1_86' title="bbox 2012 3940 3515 4010">
    <p class='ocr_par' dir='ltr' id='par_1_86' title="bbox 2012 3940 3515 4010">
     <span class='ocr_line' id='line_1_86' title="bbox 2012 3940 3515 4010; baseline 0.003 -17"><span class='ocrx_word' id='word_1_584' title='bbox 2012 3940 2124 3993; x_wconf 85' lang='lat' dir='ltr'><strong>Non</strong></span> <span class='ocrx_word' id='word_1_585' title='bbox 2145 3954 2245 4008; x_wconf 86' lang='lat' dir='ltr'><strong>ego</strong></span> <span class='ocrx_word' id='word_1_586' title='bbox 2264 3940 2426 3994; x_wconf 91' lang='lat' dir='ltr'><strong>debiti</strong></span> <span class='ocrx_word' id='word_1_587' title='bbox 2451 3940 2729 3994; x_wconf 86' lang='lat' dir='ltr'><strong>immemor</strong></span> <span class='ocrx_word' id='word_1_588' title='bbox 2750 3942 2817 3994; x_wconf 90' lang='lat' dir='ltr'><strong>ab</strong></span> <span class='ocrx_word' id='word_1_589' title='bbox 2843 3941 3035 3995; x_wconf 90' lang='lat' dir='ltr'><strong>ofllciis</strong></span> <span class='ocrx_word' id='word_1_590' title='bbox 3059 3945 3347 4010; x_wconf 84' lang='lat' dir='ltr'><strong>temperavi</strong></span> <span class='ocrx_word' id='word_1_591' title='bbox 3368 3959 3383 4008; x_wconf 86' lang='lat'><strong>;</strong></span> <span class='ocrx_word' id='word_1_592' title='bbox 3418 3959 3515 3998; x_wconf 91' lang='lat' dir='ltr'><strong>nec</strong></span> 
     </span>
    </p>
   </div>
   <div class='ocr_carea' id='block_1_87' title="bbox 1940 4030 3514 4102">
    <p class='ocr_par' dir='ltr' id='par_1_87' title="bbox 1940 4030 3514 4102">
     <span class='ocr_line' id='line_1_87' title="bbox 1940 4030 3514 4102; baseline 0.004 -20"><span class='ocrx_word' id='word_1_593' title='bbox 1940 4032 2223 4085; x_wconf 83' lang='lat' dir='ltr'><strong>constituta</strong></span> <span class='ocrx_word' id='word_1_594' title='bbox 2246 4030 2547 4099; x_wconf 86' lang='lat' dir='ltr'><strong>despiciens</strong></span> <span class='ocrx_word' id='word_1_595' title='bbox 2573 4032 2939 4100; x_wconf 82' lang='lat' dir='ltr'><strong>garrulitatem</strong></span> <span class='ocrx_word' id='word_1_596' title='bbox 2972 4048 3143 4088; x_wconf 88' lang='lat' dir='ltr'><strong>meam</strong></span> <span class='ocrx_word' id='word_1_597' title='bbox 3177 4034 3243 4086; x_wconf 82' lang='lat' dir='ltr'><strong>ab</strong></span> <span class='ocrx_word' id='word_1_598' title='bbox 3271 4035 3514 4102; x_wconf 77' lang='lat' dir='ltr'><strong>obsequii</strong></span> 
     </span>
    </p>
   </div>
   <div class='ocr_carea' id='block_1_88' title="bbox 1940 4124 3517 4195">
    <p class='ocr_par' dir='ltr' id='par_1_88' title="bbox 1940 4124 3517 4195">
     <span class='ocr_line' id='line_1_88' title="bbox 1940 4124 3517 4195; baseline 0.003 -20"><span class='ocrx_word' id='word_1_599' title='bbox 1940 4124 2266 4178; x_wconf 65' lang='lat' dir='ltr'><strong>cxhihitiOue</strong></span> <span class='ocrx_word' id='word_1_600' title='bbox 2291 4124 2567 4193; x_wconf 87' lang='lat' dir='ltr'><strong>suspendi.</strong></span> <span class='ocrx_word' id='word_1_601' title='bbox 2615 4124 2719 4179; x_wconf 79' lang='lat' dir='ltr'><strong>Sed</strong></span> <span class='ocrx_word' id='word_1_602' title='bbox 2751 4134 3029 4194; x_wconf 74' lang='lat' dir='ltr'><strong>po~tqnam</strong></span> <span class='ocrx_word' id='word_1_603' title='bbox 3059 4126 3126 4180; x_wconf 88' lang='lat' dir='ltr'><strong>ab</strong></span> <span class='ocrx_word' id='word_1_604' title='bbox 3153 4127 3285 4181; x_wconf 90' lang='lat' dir='ltr'><strong>urbe</strong></span> <span class='ocrx_word' id='word_1_605' title='bbox 3314 4142 3517 4195; x_wconf 82' lang='lat' dir='ltr'><strong>regres-</strong></span> 
     </span>
    </p>
   </div>
   <div class='ocr_carea' id='block_1_89' title="bbox 1940 4216 3519 4287">
    <p class='ocr_par' dir='ltr' id='par_1_89' title="bbox 1940 4216 3519 4287">
     <span class='ocr_line' id='line_1_89' title="bbox 1940 4216 3519 4287; baseline 0.002 -21"><span class='ocrx_word' id='word_1_606' title='bbox 1940 4230 2030 4266; x_wconf 65' lang='lat' dir='ltr'><strong>sus</strong></span> <span class='ocrx_word' id='word_1_607' title='bbox 2056 4229 2194 4280; x_wconf 88' lang='lat' dir='ltr'><strong>sum,</strong></span> <span class='ocrx_word' id='word_1_608' title='bbox 2242 4217 2497 4268; x_wconf 86' lang='lat' dir='ltr'><strong>centinuo</strong></span> <span class='ocrx_word' id='word_1_609' title='bbox 2545 4230 2630 4269; x_wconf 90' lang='lat' dir='ltr'><strong>tne</strong></span> <span class='ocrx_word' id='word_1_610' title='bbox 2670 4218 2831 4269; x_wconf 70' lang='lat' dir='ltr'><strong>varia:</strong></span> <span class='ocrx_word' id='word_1_611' title='bbox 2872 4216 3210 4284; x_wconf 61' lang='lat' dir='ltr'><strong>aegritudines</strong></span> <span class='ocrx_word' id='word_1_612' title='bbox 3238 4256 3254 4282; x_wconf 93' lang='lat'><strong>,</strong></span> <span class='ocrx_word' id='word_1_613' title='bbox 3284 4227 3338 4271; x_wconf 90' lang='lat' dir='ltr'><strong>et</strong></span> <span class='ocrx_word' id='word_1_614' title='bbox 3365 4220 3519 4287; x_wconf 85' lang='lat' dir='ltr'><strong>quid-</strong></span> 
     </span>
    </p>
   </div>
   <div class='ocr_carea' id='block_1_90' title="bbox 1941 4303 3514 4371">
    <p class='ocr_par' dir='ltr' id='par_1_90' title="bbox 1941 4303 3514 4371">
     <span class='ocr_line' id='line_1_90' title="bbox 1941 4303 3514 4371; baseline 0.006 -18"><span class='ocrx_word' id='word_1_615' title='bbox 1941 4303 2065 4371; x_wconf 89' lang='lat' dir='ltr'><strong>quid</strong></span> <span class='ocrx_word' id='word_1_616' title='bbox 2097 4304 2161 4357; x_wconf 89' lang='lat' dir='ltr'><strong>ad</strong></span> <span class='ocrx_word' id='word_1_617' title='bbox 2201 4315 2426 4359; x_wconf 92' lang='lat' dir='ltr'><strong>mortem</strong></span> <span class='ocrx_word' id='word_1_618' title='bbox 2472 4315 2650 4368; x_wconf 87' lang='lat' dir='ltr'><strong>vocat,</strong></span> <span class='ocrx_word' id='word_1_619' title='bbox 2693 4307 2935 4360; x_wconf 77' lang='lat' dir='ltr'><strong>arctavit.</strong></span> <span class='ocrx_word' id='word_1_620' title='bbox 2980 4305 3116 4361; x_wconf 83' lang='lat' dir='ltr'><strong>Vere</strong></span> <span class='ocrx_word' id='word_1_621' title='bbox 3143 4308 3336 4361; x_wconf 92' lang='lat' dir='ltr'><strong>domna</strong></span> <span class='ocrx_word' id='word_1_622' title='bbox 3377 4324 3514 4370; x_wconf 90' lang='lat' dir='ltr'><strong>mea.</strong></span> 
     </span>
    </p>
   </div>
   <div class='ocr_carea' id='block_1_91' title="bbox 1942 4396 3492 4465">
    <p class='ocr_par' dir='ltr' id='par_1_91' title="bbox 1942 4396 3492 4465">
     <span class='ocr_line' id='line_1_91' title="bbox 1942 4396 3492 4465; baseline 0.003 -18"><span class='ocrx_word' id='word_1_623' title='bbox 1942 4397 2019 4447; x_wconf 89' lang='lat' dir='ltr'><strong>sic</strong></span> <span class='ocrx_word' id='word_1_624' title='bbox 2047 4396 2195 4449; x_wconf 83' lang='lat' dir='ltr'><strong>vobis</strong></span> <span class='ocrx_word' id='word_1_625' title='bbox 2223 4398 2520 4464; x_wconf 80' lang='lat' dir='ltr'><strong>vestrisque</strong></span> <span class='ocrx_word' id='word_1_626' title='bbox 2544 4398 2660 4449; x_wconf 79' lang='lat' dir='ltr'><strong>Ia-ta</strong></span> <span class='ocrx_word' id='word_1_627' title='bbox 2689 4396 3019 4464; x_wconf 80' lang='lat' dir='ltr'><strong>contingant,</strong></span> <span class='ocrx_word' id='word_1_628' title='bbox 3043 4397 3163 4465; x_wconf 87' lang='lat' dir='ltr'><strong>quia</strong></span> <span class='ocrx_word' id='word_1_629' title='bbox 3188 4399 3255 4450; x_wconf 91' lang='lat' dir='ltr'><strong>ad</strong></span> <span class='ocrx_word' id='word_1_630' title='bbox 3278 4399 3492 4453; x_wconf 86' lang='lat' dir='ltr'><strong>testimo</strong></span> 
     </span>
    </p>
   </div>
   <div class='ocr_carea' id='block_1_92' title="bbox 1944 4486 3518 4557">
    <p class='ocr_par' dir='ltr' id='par_1_92' title="bbox 1944 4486 3518 4557">
     <span class='ocr_line' id='line_1_92' title="bbox 1944 4486 3518 4557; baseline 0.004 -21"><span class='ocrx_word' id='word_1_631' title='bbox 1944 4486 2088 4537; x_wconf 89' lang='lat' dir='ltr'><strong>nium</strong></span> <span class='ocrx_word' id='word_1_632' title='bbox 2119 4486 2319 4539; x_wconf 89' lang='lat' dir='ltr'><strong>veteris</strong></span> <span class='ocrx_word' id='word_1_633' title='bbox 2349 4486 2589 4556; x_wconf 69' lang='lat' dir='ltr'><strong>mysterii</strong></span> <span class='ocrx_word' id='word_1_634' title='bbox 2622 4486 2865 4539; x_wconf 77' lang='lat' dir='ltr'><strong>Christus</strong></span> <span class='ocrx_word' id='word_1_635' title='bbox 2906 4496 3089 4540; x_wconf 87' lang='lat' dir='ltr'><strong>noster</strong></span> <span class='ocrx_word' id='word_1_636' title='bbox 3114 4486 3308 4541; x_wconf 89' lang='lat' dir='ltr'><strong>iterum</strong></span> <span class='ocrx_word' id='word_1_637' title='bbox 3334 4504 3518 4557; x_wconf 78' lang='lat' dir='ltr'><strong>quam-</strong></span> 
     </span>
    </p>
   </div>
   <div class='ocr_carea' id='block_1_93' title="bbox 258 4574 3516 4658">
    <p class='ocr_par' dir='ltr' id='par_1_93' title="bbox 258 4574 3516 4658">
     <span class='ocr_line' id='line_1_93' title="bbox 258 4574 3516 4658; baseline -0.002 -19"><span class='ocrx_word' id='word_1_638' title='bbox 258 4590 422 4641; x_wconf 69' lang='lat' dir='ltr'><strong>tentia</strong></span> <span class='ocrx_word' id='word_1_639' title='bbox 472 4588 677 4656; x_wconf 85' lang='lat' dir='ltr'><strong>ipsius,</strong></span> <span class='ocrx_word' id='word_1_640' title='bbox 726 4589 866 4657; x_wconf 89' lang='lat' dir='ltr'><strong>quod</strong></span> <span class='ocrx_word' id='word_1_641' title='bbox 916 4588 1136 4643; x_wconf 71' lang='lat' dir='ltr'><strong>allectus</strong></span> <span class='ocrx_word' id='word_1_642' title='bbox 1167 4590 1304 4642; x_wconf 86' lang='lat' dir='ltr'><strong>circa</strong></span> <span class='ocrx_word' id='word_1_643' title='bbox 1337 4603 1424 4643; x_wconf 91' lang='lat' dir='ltr'><strong>me</strong></span> <span class='ocrx_word' id='word_1_644' title='bbox 1455 4588 1624 4657; x_wconf 80' lang='lat' dir='ltr'><strong>majus</strong></span> <span class='ocrx_word' id='word_1_645' title='bbox 1676 4590 1844 4658; x_wconf 53' lang='lat' dir='ltr'><strong>possit</strong></span> <span class='ocrx_word' id='word_1_646' title='bbox 1871 4591 1921 4651; x_wconf 79' lang='grc' dir='ltr'><strong>ι)</strong></span> <span class='ocrx_word' id='word_1_647' title='bbox 1945 4574 2024 4627; x_wconf 84' lang='lat' dir='ltr'><strong>vis</strong></span> <span class='ocrx_word' id='word_1_648' title='bbox 2054 4582 2407 4641; x_wconf 90' lang='lat' dir='ltr'><strong>peccatorem,</strong></span> <span class='ocrx_word' id='word_1_649' title='bbox 2438 4591 2535 4629; x_wconf 72' lang='lat' dir='ltr'><strong>nec</strong></span> <span class='ocrx_word' id='word_1_650' title='bbox 2565 4584 2622 4628; x_wconf 91' lang='lat' dir='ltr'><strong>ut</strong></span> <span class='ocrx_word' id='word_1_651' title='bbox 2649 4576 2795 4628; x_wconf 90' lang='lat' dir='ltr'><strong>illum</strong></span> <span class='ocrx_word' id='word_1_652' title='bbox 2826 4575 2918 4644; x_wconf 88' lang='lat' dir='ltr'><strong>qui</strong></span> <span class='ocrx_word' id='word_1_653' title='bbox 2941 4577 3143 4631; x_wconf 90' lang='lat' dir='ltr'><strong>amicus</strong></span> <span class='ocrx_word' id='word_1_654' title='bbox 3168 4578 3270 4632; x_wconf 88' lang='lat' dir='ltr'><strong>dici</strong></span> <span class='ocrx_word' id='word_1_655' title='bbox 3300 4581 3516 4641; x_wconf 84' lang='lat' dir='ltr'><strong>meruit,</strong></span> 
     </span>
    </p>
   </div>
   <div class='ocr_carea' id='block_1_94' title="bbox 265 4692 539 4745">
    <p class='ocr_par' dir='ltr' id='par_1_94' title="bbox 265 4692 539 4745">
     <span class='ocr_line' id='line_1_94' title="bbox 265 4692 539 4745; baseline -0.004 -12"><span class='ocrx_word' id='word_1_656' title='bbox 265 4692 539 4745; x_wconf 64' lang='lat' dir='ltr'><strong>praestare.</strong></span> 
     </span>
    </p>
   </div>
   <div class='ocr_carea' id='block_1_95' title="bbox 802 4749 1305 4805">
    <p class='ocr_par' dir='ltr' id='par_1_95' title="bbox 802 4749 1305 4805">
     <span class='ocr_line' id='line_1_95' title="bbox 802 4749 1305 4805; baseline 0 -2"><span class='ocrx_word' id='word_1_657' title='bbox 802 4749 1128 4805; x_wconf 74' lang='lat' dir='ltr'><strong>Fl’ISTOLA</strong></span> <span class='ocrx_word' id='word_1_658' title='bbox 1174 4749 1305 4803; x_wconf 79' lang='lat' dir='ltr'><strong>Xlll.</strong></span> 
     </span>
    </p>
   </div>
   <div class='ocr_carea' id='block_1_96' title="bbox 554 4838 1545 4897">
    <p class='ocr_par' dir='ltr' id='par_1_96' title="bbox 554 4838 1545 4897">
     <span class='ocr_line' id='line_1_96' title="bbox 554 4838 1545 4897; baseline 0.003 -3"><span class='ocrx_word' id='word_1_659' title='bbox 554 4855 812 4895; x_wconf 60' lang='lat' dir='ltr'><strong>EKNODIL‘S</strong></span> <span class='ocrx_word' id='word_1_660' title='bbox 852 4838 1150 4896; x_wconf 64' lang='lat' dir='ltr'><strong>AURELDNO</strong></span> <span class='ocrx_word' id='word_1_661' title='bbox 1190 4858 1545 4897; x_wconf 71' lang='grc' dir='ltr'>Ριιιιῖδιιγτειιο.</span> 
     </span>
    </p>
   </div>
   <div class='ocr_carea' id='block_1_97' title="bbox 329 4928 1834 5001">
    <p class='ocr_par' dir='ltr' id='par_1_97' title="bbox 329 4928 1834 5001">
     <span class='ocr_line' id='line_1_97' title="bbox 329 4928 1834 5001; baseline 0.001 -18"><span class='ocrx_word' id='word_1_662' title='bbox 329 4928 675 4985; x_wconf 73' lang='lat' dir='ltr'><strong>Aﬂectionem</strong></span> <span class='ocrx_word' id='word_1_663' title='bbox 702 4934 949 4993; x_wconf 88' lang='lat' dir='ltr'><strong>mentior,</strong></span> <span class='ocrx_word' id='word_1_664' title='bbox 979 4934 1021 4985; x_wconf 88' lang='lat' dir='ltr'><strong>si</strong></span> <span class='ocrx_word' id='word_1_665' title='bbox 1052 4936 1070 4962; x_wconf 77' lang='lat'>&#39;</span> <span class='ocrx_word' id='word_1_666' title='bbox 1104 4935 1375 4987; x_wconf 76' lang='lat' dir='ltr'><strong>vobiscum</strong></span> <span class='ocrx_word' id='word_1_667' title='bbox 1398 4933 1703 5001; x_wconf 87' lang='lat' dir='ltr'><strong>digrediens</strong></span> <span class='ocrx_word' id='word_1_668' title='bbox 1732 4951 1834 4987; x_wconf 85' lang='lat' dir='ltr'><strong>non</strong></span> 
     </span>
    </p>
   </div>
   <div class='ocr_carea' id='block_1_98' title="bbox 258 5024 1838 5095">
    <p class='ocr_par' dir='ltr' id='par_1_98' title="bbox 258 5024 1838 5095">
     <span class='ocr_line' id='line_1_98' title="bbox 258 5024 1838 5095; baseline 0.004 -22"><span class='ocrx_word' id='word_1_669' title='bbox 258 5025 522 5088; x_wconf 66' lang='lat' dir='ltr'><strong>remansi,</strong></span> <span class='ocrx_word' id='word_1_670' title='bbox 556 5035 611 5078; x_wconf 91' lang='lat' dir='ltr'><strong>et</strong></span> <span class='ocrx_word' id='word_1_671' title='bbox 658 5024 1039 5078; x_wconf 80' lang='lat' dir='ltr'><strong>beatitudinem</strong></span> <span class='ocrx_word' id='word_1_672' title='bbox 1076 5035 1307 5079; x_wconf 56' lang='lat' dir='ltr'><strong>vestram</strong></span> <span class='ocrx_word' id='word_1_673' title='bbox 1359 5042 1565 5080; x_wconf 83' lang='lat' dir='ltr'><strong>mecum</strong></span> <span class='ocrx_word' id='word_1_674' title='bbox 1595 5028 1838 5095; x_wconf 82' lang='lat' dir='ltr'><strong>quamvis</strong></span> 
     </span>
    </p>
   </div>
   <div class='ocr_carea' id='block_1_99' title="bbox 260 5116 1835 5186">
    <p class='ocr_par' dir='ltr' id='par_1_99' title="bbox 260 5116 1835 5186">
     <span class='ocr_line' id='line_1_99' title="bbox 260 5116 1835 5186; baseline 0.002 -20"><span class='ocrx_word' id='word_1_675' title='bbox 260 5118 484 5166; x_wconf 80' lang='lat' dir='ltr'><strong>locatam</strong></span> <span class='ocrx_word' id='word_1_676' title='bbox 519 5116 569 5166; x_wconf 91' lang='lat' dir='ltr'><strong>in</strong></span> <span class='ocrx_word' id='word_1_677' title='bbox 600 5118 834 5168; x_wconf 88' lang='lat' dir='ltr'><strong>statione</strong></span> <span class='ocrx_word' id='word_1_678' title='bbox 862 5156 874 5170; x_wconf 90' lang='lat'><strong>.</strong></span> <span class='ocrx_word' id='word_1_679' title='bbox 917 5131 1021 5167; x_wconf 75' lang='lat' dir='ltr'><strong>non</strong></span> <span class='ocrx_word' id='word_1_680' title='bbox 1064 5116 1229 5170; x_wconf 84' lang='lat' dir='ltr'><strong>detuli</strong></span> <span class='ocrx_word' id='word_1_681' title='bbox 1256 5133 1268 5168; x_wconf 84' lang='lat'><strong>:</strong></span> <span class='ocrx_word' id='word_1_682' title='bbox 1295 5128 1347 5170; x_wconf 90' lang='lat' dir='ltr'><strong>et</strong></span> <span class='ocrx_word' id='word_1_683' title='bbox 1390 5119 1510 5186; x_wconf 85' lang='lat' dir='ltr'><strong>quia</strong></span> <span class='ocrx_word' id='word_1_684' title='bbox 1547 5120 1753 5172; x_wconf 87' lang='lat' dir='ltr'><strong>animus</strong></span> <span class='ocrx_word' id='word_1_685' title='bbox 1785 5119 1835 5171; x_wconf 84' lang='lat' dir='ltr'><strong>in</strong></span> 
     </span>
    </p>
   </div>
   <div class='ocr_carea' id='block_1_100' title="bbox 256 5205 1835 5277">
    <p class='ocr_par' dir='ltr' id='par_1_100' title="bbox 256 5205 1835 5277">
     <span class='ocr_line' id='line_1_100' title="bbox 256 5205 1835 5277; baseline 0.004 -22"><span class='ocrx_word' id='word_1_686' title='bbox 256 5218 364 5269; x_wconf 77' lang='lat' dir='ltr'><strong>me,</strong></span> <span class='ocrx_word' id='word_1_687' title='bbox 400 5215 454 5257; x_wconf 88' lang='lat' dir='ltr'><strong>nt</strong></span> <span class='ocrx_word' id='word_1_688' title='bbox 474 5205 525 5257; x_wconf 92' lang='lat' dir='ltr'><strong>in</strong></span> <span class='ocrx_word' id='word_1_689' title='bbox 550 5221 611 5258; x_wconf 79' lang='lat' dir='ltr'><strong>CI</strong></span> <span class='ocrx_word' id='word_1_690' title='bbox 634 5206 786 5269; x_wconf 49' lang='lat' dir='ltr'><strong>teris,</strong></span> <span class='ocrx_word' id='word_1_691' title='bbox 822 5208 1112 5274; x_wconf 67' lang='lat' dir='ltr'><strong>imperatur</strong></span> <span class='ocrx_word' id='word_1_692' title='bbox 1142 5217 1223 5260; x_wconf 81' lang='lat' dir='ltr'><strong>est</strong></span> <span class='ocrx_word' id='word_1_693' title='bbox 1251 5209 1494 5277; x_wconf 90' lang='lat' dir='ltr'><strong>corporis</strong></span> <span class='ocrx_word' id='word_1_694' title='bbox 1515 5250 1529 5274; x_wconf 96' lang='lat'><strong>,</strong></span> <span class='ocrx_word' id='word_1_695' title='bbox 1560 5210 1674 5276; x_wconf 86' lang='lat' dir='ltr'><strong>ipse</strong></span> <span class='ocrx_word' id='word_1_696' title='bbox 1696 5210 1835 5263; x_wconf 88' lang='lat' dir='ltr'><strong>circa</strong></span> 
     </span>
    </p>
   </div>
   <div class='ocr_carea' id='block_1_101' title="bbox 328 5337 1835 5410">
    <p class='ocr_par' dir='ltr' id='par_1_101' title="bbox 328 5337 1835 5410">
     <span class='ocr_line' id='line_1_101' title="bbox 328 5337 1835 5410; baseline 0.003 -20"><span class='ocrx_word' id='word_1_697' title='bbox 328 5340 341 5367; x_wconf 87' lang='lat'><strong>&#39;</strong></span> <span class='ocrx_word' id='word_1_698' title='bbox 391 5337 579 5391; x_wconf 69' lang='lat' dir='ltr'><strong>Insiste</strong></span> <span class='ocrx_word' id='word_1_699' title='bbox 622 5337 860 5410; x_wconf 61' lang='lat' dir='ltr'><strong>domno],</strong></span> <span class='ocrx_word' id='word_1_700' title='bbox 898 5338 1094 5391; x_wconf 83' lang='lat' dir='ltr'><strong>Fausto</strong></span> <span class='ocrx_word' id='word_1_701' title='bbox 1140 5338 1389 5405; x_wconf 75' lang='lat' dir='ltr'><strong>pra-lecto</strong></span> <span class='ocrx_word' id='word_1_702' title='bbox 1448 5342 1697 5407; x_wconf 75' lang='lat' dir='ltr'><strong>prmtorio</strong></span> <span class='ocrx_word' id='word_1_703' title='bbox 1726 5358 1739 5393; x_wconf 92' lang='lat'><strong>:</strong></span> <span class='ocrx_word' id='word_1_704' title='bbox 1772 5343 1835 5395; x_wconf 88' lang='lat' dir='ltr'><strong>ad</strong></span> 
     </span>
    </p>
   </div>
   <div class='ocr_carea' id='block_1_102' title="bbox 255 5410 1836 5477">
    <p class='ocr_par' dir='ltr' id='par_1_102' title="bbox 255 5410 1836 5477">
     <span class='ocr_line' id='line_1_102' title="bbox 255 5410 1836 5477; baseline 0.001 -15"><span class='ocrx_word' id='word_1_705' title='bbox 255 5410 592 5476; x_wconf 71' lang='lat' dir='ltr'><strong>quentepist.</strong></span> <span class='ocrx_word' id='word_1_706' title='bbox 625 5411 689 5463; x_wconf 76' lang='lat' dir='ltr'><strong>l9</strong></span> <span class='ocrx_word' id='word_1_707' title='bbox 719 5424 786 5459; x_wconf 82' lang='lat' dir='ltr'><strong>ita</strong></span> <span class='ocrx_word' id='word_1_708' title='bbox 819 5410 1003 5461; x_wconf 78' lang='lat' dir='ltr'><strong>scribit</strong></span> <span class='ocrx_word' id='word_1_709' title='bbox 1036 5425 1049 5461; x_wconf 89' lang='lat'><strong>:</strong></span> <span class='ocrx_word' id='word_1_710' title='bbox 1083 5410 1267 5475; x_wconf 82' lang='lat' dir='ltr'><strong>Spero,</strong></span> <span class='ocrx_word' id='word_1_711' title='bbox 1292 5420 1344 5462; x_wconf 79' lang='lat' dir='ltr'><strong>ut</strong></span> <span class='ocrx_word' id='word_1_712' title='bbox 1365 5412 1653 5477; x_wconf 83' lang='lat' dir='ltr'><strong>petitionem</strong></span> <span class='ocrx_word' id='word_1_713' title='bbox 1677 5428 1836 5465; x_wconf 72' lang='lat' dir='ltr'><strong>ineant</strong></span> 
     </span>
    </p>
   </div>
   <div class='ocr_carea' id='block_1_103' title="bbox 254 5478 1829 5549">
    <p class='ocr_par' dir='ltr' id='par_1_103' title="bbox 254 5478 1829 5549">
     <span class='ocr_line' id='line_1_103' title="bbox 254 5478 1829 5549; baseline 0.003 -20"><span class='ocrx_word' id='word_1_714' title='bbox 254 5495 408 5541; x_wconf 72' lang='lat' dir='ltr'><strong>quam</strong></span> <span class='ocrx_word' id='word_1_715' title='bbox 431 5494 516 5547; x_wconf 84' lang='lat' dir='ltr'><strong>per</strong></span> <span class='ocrx_word' id='word_1_716' title='bbox 534 5479 882 5540; x_wconf 76' lang='lat' dir='ltr'><strong>ronfamulutn</strong></span> <span class='ocrx_word' id='word_1_717' title='bbox 900 5495 1063 5531; x_wconf 80' lang='lat' dir='ltr'><strong>meum</strong></span> <span class='ocrx_word' id='word_1_718' title='bbox 1086 5481 1299 5549; x_wconf 79' lang='lat' dir='ltr'><strong>fratrem</strong></span> <span class='ocrx_word' id='word_1_719' title='bbox 1323 5478 1539 5533; x_wconf 80' lang='lat' dir='ltr'><strong>Florum</strong></span> <span class='ocrx_word' id='word_1_720' title='bbox 1559 5483 1829 5546; x_wconf 70' lang='lat' dir='ltr'><strong>destinavi,</strong></span> 
     </span>
    </p>
   </div>
   <div class='ocr_carea' id='block_1_104' title="bbox 258 5550 1830 5619">
    <p class='ocr_par' dir='ltr' id='par_1_104' title="bbox 258 5550 1830 5619">
     <span class='ocr_line' id='line_1_104' title="bbox 258 5550 1830 5619; baseline 0.002 -19"><span class='ocrx_word' id='word_1_721' title='bbox 258 5552 412 5600; x_wconf 74' lang='lat' dir='ltr'><strong>solita</strong></span> <span class='ocrx_word' id='word_1_722' title='bbox 451 5550 757 5617; x_wconf 75' lang='lat' dir='ltr'><strong>benignitate</strong></span> <span class='ocrx_word' id='word_1_723' title='bbox 786 5550 1082 5619; x_wconf 76' lang='lat' dir='ltr'><strong>dignemini.</strong></span> <span class='ocrx_word' id='word_1_724' title='bbox 1118 5551 1228 5603; x_wconf 69' lang='lat' dir='ltr'><strong>Nec</strong></span> <span class='ocrx_word' id='word_1_725' title='bbox 1278 5564 1401 5616; x_wconf 85' lang='lat' dir='ltr'><strong>spes</strong></span> <span class='ocrx_word' id='word_1_726' title='bbox 1450 5551 1674 5604; x_wconf 86' lang='lat' dir='ltr'><strong>fefellit:</strong></span> <span class='ocrx_word' id='word_1_727' title='bbox 1711 5569 1830 5604; x_wconf 84' lang='lat' dir='ltr'><strong>nam</strong></span> 
     </span>
    </p>
   </div>
   <div class='ocr_carea' id='block_1_105' title="bbox 256 5620 1665 5684">
    <p class='ocr_par' dir='ltr' id='par_1_105' title="bbox 256 5620 1665 5684">
     <span class='ocr_line' id='line_1_105' title="bbox 256 5620 1665 5684; baseline 0.003 -15"><span class='ocrx_word' id='word_1_728' title='bbox 256 5620 509 5679; x_wconf 80' lang='lat' dir='ltr'><strong>obtinuit,</strong></span> <span class='ocrx_word' id='word_1_729' title='bbox 538 5630 597 5670; x_wconf 91' lang='lat' dir='ltr'><strong>ut</strong></span> <span class='ocrx_word' id='word_1_730' title='bbox 624 5620 1174 5684; x_wconf 61' lang='lat' dir='ltr'><strong>usti-tulettt&#39;epistolat:</strong></span> <span class='ocrx_word' id='word_1_731' title='bbox 1204 5621 1263 5673; x_wconf 74' lang='grc'><strong>21</strong></span> <span class='ocrx_word' id='word_1_732' title='bbox 1295 5632 1345 5672; x_wconf 88' lang='lat' dir='ltr'><strong>et</strong></span> <span class='ocrx_word' id='word_1_733' title='bbox 1367 5620 1435 5672; x_wconf 68' lang='grc' dir='ltr'>ει</span> <span class='ocrx_word' id='word_1_734' title='bbox 1466 5622 1557 5672; x_wconf 70' lang='grc' dir='ltr'>ιιι».</span> <span class='ocrx_word' id='word_1_735' title='bbox 1595 5638 1665 5673; x_wconf 79' lang='lat' dir='ltr'><strong>ix.</strong></span> 
     </span>
    </p>
   </div>
   <div class='ocr_carea' id='block_1_106' title="bbox 329 5687 1832 5760">
    <p class='ocr_par' dir='ltr' id='par_1_106' title="bbox 329 5687 1832 5760">
     <span class='ocr_line' id='line_1_106' title="bbox 329 5687 1832 5760; baseline 0.003 -21"><span class='ocrx_word' id='word_1_736' title='bbox 329 5691 349 5718; x_wconf 87' lang='lat'><strong>’</strong></span> <span class='ocrx_word' id='word_1_737' title='bbox 400 5687 995 5760; x_wconf 56' lang='lat' dir='ltr'><strong>Vobiscnnt,_dtgredietts</strong></span> <span class='ocrx_word' id='word_1_738' title='bbox 1042 5688 1298 5760; x_wconf 79' lang='lat' dir='ltr'><strong>remansi]</strong></span> <span class='ocrx_word' id='word_1_739' title='bbox 1353 5690 1598 5744; x_wconf 76' lang='lat' dir='ltr'><strong>liuricms</strong></span> <span class='ocrx_word' id='word_1_740' title='bbox 1652 5694 1741 5743; x_wconf 70' lang='grc' dir='ltr'>ιιι..</span> <span class='ocrx_word' id='word_1_741' title='bbox 1779 5709 1832 5753; x_wconf 82' lang='grc' dir='ltr'>ιι,</span> 
     </span>
    </p>
   </div>
   <div class='ocr_carea' id='block_1_107' title="bbox 259 5757 1836 5829">
    <p class='ocr_par' dir='ltr' id='par_1_107' title="bbox 259 5757 1836 5829">
     <span class='ocr_line' id='line_1_107' title="bbox 259 5757 1836 5829; baseline 0.004 -20"><span class='ocrx_word' id='word_1_742' title='bbox 259 5759 415 5822; x_wconf 75' lang='lat' dir='ltr'><strong>epi-t.</strong></span> <span class='ocrx_word' id='word_1_743' title='bbox 439 5761 458 5813; x_wconf 69' lang='grc' dir='ltr'>ί</span> <span class='ocrx_word' id='word_1_744' title='bbox 486 5772 549 5812; x_wconf 79' lang='lat' dir='ltr'><strong>ac</strong></span> <span class='ocrx_word' id='word_1_745' title='bbox 576 5759 609 5809; x_wconf 71' lang='grc' dir='ltr'>υ</span> <span class='ocrx_word' id='word_1_746' title='bbox 635 5775 648 5808; x_wconf 86' lang='lat'><strong>:</strong></span> <span class='ocrx_word' id='word_1_747' title='bbox 688 5757 821 5811; x_wconf 64' lang='lat' dir='ltr'><strong>Nam</strong></span> <span class='ocrx_word' id='word_1_748' title='bbox 850 5768 1108 5823; x_wconf 81' lang='lat' dir='ltr'><strong>postquam</strong></span> <span class='ocrx_word' id='word_1_749' title='bbox 1129 5777 1161 5811; x_wconf 88' lang='lat' dir='ltr'><strong>a</strong></span> <span class='ocrx_word' id='word_1_750' title='bbox 1187 5757 1350 5813; x_wconf 77' lang='lat' dir='ltr'><strong>vestra</strong></span> <span class='ocrx_word' id='word_1_751' title='bbox 1374 5764 1704 5829; x_wconf 67' lang='lat' dir='ltr'><strong>germanitate</strong></span> <span class='ocrx_word' id='word_1_752' title='bbox 1727 5764 1836 5816; x_wconf 73' lang='lat' dir='ltr'><strong>dis-</strong></span> 
     </span>
    </p>
   </div>
   <div class='ocr_carea' id='block_1_108' title="bbox 260 5829 1836 5897">
    <p class='ocr_par' dir='ltr' id='par_1_108' title="bbox 260 5829 1836 5897">
     <span class='ocr_line' id='line_1_108' title="bbox 260 5829 1836 5897; baseline 0.003 -18"><span class='ocrx_word' id='word_1_753' title='bbox 260 5834 405 5891; x_wconf 65' lang='lat' dir='ltr'><strong>cam,</strong></span> <span class='ocrx_word' id='word_1_754' title='bbox 448 5829 663 5883; x_wconf 64' lang='lat' dir='ltr'><strong>divisum</strong></span> <span class='ocrx_word' id='word_1_755' title='bbox 709 5832 812 5882; x_wconf 56' lang='lat' dir='ltr'><strong>esse</strong></span> <span class='ocrx_word' id='word_1_756' title='bbox 845 5845 921 5879; x_wconf 79' lang='lat' dir='ltr'><strong>me</strong></span> <span class='ocrx_word' id='word_1_757' title='bbox 943 5830 1122 5893; x_wconf 72' lang='lat' dir='ltr'><strong>sentio,</strong></span> <span class='ocrx_word' id='word_1_758' title='bbox 1149 5840 1438 5897; x_wconf 69' lang='lat' dir='ltr'><strong>partemque</strong></span> <span class='ocrx_word' id='word_1_759' title='bbox 1469 5834 1562 5883; x_wconf 80' lang='lat' dir='ltr'><strong>mri</strong></span> <span class='ocrx_word' id='word_1_760' title='bbox 1591 5839 1836 5885; x_wconf 64' lang='lat' dir='ltr'><strong>t&#39;oitiirttm</strong></span> 
     </span>
    </p>
   </div>
   <div class='ocr_carea' id='block_1_109' title="bbox 634 5918 1173 5987">
    <p class='ocr_par' dir='ltr' id='par_1_109' title="bbox 634 5918 1173 5987">
     <span class='ocr_line' id='line_1_109' title="bbox 634 5918 1173 5987; baseline -0.007 -9"><span class='ocrx_word' id='word_1_761' title='bbox 634 5921 903 5987; x_wconf 63' lang='lat' dir='ltr'><strong>Parant.</strong></span> <span class='ocrx_word' id='word_1_762' title='bbox 956 5918 1173 5976; x_wconf 68' lang='lat' dir='ltr'>LXIII.</span> 
     </span>
    </p>
   </div>
   <div class='ocr_carea' id='block_1_110' title="bbox 1945 4666 3518 4739">
    <p class='ocr_par' dir='ltr' id='par_1_110' title="bbox 1945 4666 3518 4739">
     <span class='ocr_line' id='line_1_110' title="bbox 1945 4666 3518 4739; baseline 0.004 -24"><span class='ocrx_word' id='word_1_763' title='bbox 1945 4666 2037 4720; x_wconf 85' lang='lat' dir='ltr'><strong>sed</strong></span> <span class='ocrx_word' id='word_1_764' title='bbox 2072 4681 2258 4718; x_wconf 71' lang='lat' dir='ltr'><strong>rursus</strong></span> <span class='ocrx_word' id='word_1_765' title='bbox 2306 4666 2514 4720; x_wconf 86' lang='lat' dir='ltr'><strong>vocavit</strong></span> <span class='ocrx_word' id='word_1_766' title='bbox 2547 4668 2800 4721; x_wconf 84' lang='lat' dir='ltr'><strong>Lazarum</strong></span> <span class='ocrx_word' id='word_1_767' title='bbox 2834 4668 2900 4721; x_wconf 88' lang='lat' dir='ltr'><strong>de</strong></span> <span class='ocrx_word' id='word_1_768' title='bbox 2940 4670 3189 4736; x_wconf 85' lang='lat' dir='ltr'><strong>sepulcro</strong></span> <span class='ocrx_word' id='word_1_769' title='bbox 3230 4670 3407 4739; x_wconf 77' lang='lat' dir='ltr'><strong>(Jonn.</strong></span> <span class='ocrx_word' id='word_1_770' title='bbox 3443 4686 3518 4729; x_wconf 83' lang='lat' dir='ltr'><strong>xi.</strong></span> 
     </span>
    </p>
   </div>
   <div class='ocr_carea' id='block_1_111' title="bbox 1948 4757 3519 4827">
    <p class='ocr_par' dir='ltr' id='par_1_111' title="bbox 1948 4757 3519 4827">
     <span class='ocr_line' id='line_1_111' title="bbox 1948 4757 3519 4827; baseline 0.004 -16"><span class='ocrx_word' id='word_1_771' title='bbox 1948 4759 2055 4823; x_wconf 84' lang='lat' dir='ltr'><strong>ll).</strong></span> <span class='ocrx_word' id='word_1_772' title='bbox 2078 4758 2168 4812; x_wconf 88' lang='lat' dir='ltr'><strong>Est</strong></span> <span class='ocrx_word' id='word_1_773' title='bbox 2188 4757 2308 4811; x_wconf 78' lang='lat' dir='ltr'><strong>lat-ti</strong></span> <span class='ocrx_word' id='word_1_774' title='bbox 2340 4759 2514 4812; x_wconf 87' lang='lat' dir='ltr'><strong>unitas</strong></span> <span class='ocrx_word' id='word_1_775' title='bbox 2546 4758 2596 4811; x_wconf 90' lang='lat' dir='ltr'><strong>in</strong></span> <span class='ocrx_word' id='word_1_776' title='bbox 2620 4759 2864 4813; x_wconf 87' lang='lat' dir='ltr'><strong>distantia</strong></span> <span class='ocrx_word' id='word_1_777' title='bbox 2892 4775 3235 4827; x_wconf 84' lang='lat' dir='ltr'><strong>personarum</strong></span> <span class='ocrx_word' id='word_1_778' title='bbox 3264 4773 3353 4817; x_wconf 90' lang='lat' dir='ltr'><strong>:et</strong></span> <span class='ocrx_word' id='word_1_779' title='bbox 3382 4778 3519 4817; x_wconf 90' lang='lat' dir='ltr'><strong>nuno</strong></span> 
     </span>
    </p>
   </div>
   <div class='ocr_carea' id='block_1_112' title="bbox 1947 4848 3519 4920">
    <p class='ocr_par' dir='ltr' id='par_1_112' title="bbox 1947 4848 3519 4920">
     <span class='ocr_line' id='line_1_112' title="bbox 1947 4848 3519 4920; baseline 0.004 -20"><span class='ocrx_word' id='word_1_780' title='bbox 1947 4849 2167 4914; x_wconf 80' lang='lat' dir='ltr'><strong>atuplior</strong></span> <span class='ocrx_word' id='word_1_781' title='bbox 2200 4848 2505 4916; x_wconf 90' lang='lat' dir='ltr'><strong>magnitudo</strong></span> <span class='ocrx_word' id='word_1_782' title='bbox 2534 4850 2697 4903; x_wconf 86' lang='lat' dir='ltr'><strong>divini</strong></span> <span class='ocrx_word' id='word_1_783' title='bbox 2737 4864 2868 4917; x_wconf 88' lang='lat' dir='ltr'><strong>oper</strong></span> <span class='ocrx_word' id='word_1_784' title='bbox 2890 4865 2936 4915; x_wconf 84' lang='lat' dir='ltr'><strong>s,</strong></span> <span class='ocrx_word' id='word_1_785' title='bbox 2961 4854 3082 4919; x_wconf 86' lang='lat' dir='ltr'><strong>quia</strong></span> <span class='ocrx_word' id='word_1_786' title='bbox 3113 4852 3252 4920; x_wconf 83' lang='lat' dir='ltr'><strong>quod</strong></span> <span class='ocrx_word' id='word_1_787' title='bbox 3290 4852 3377 4907; x_wconf 87' lang='lat' dir='ltr'><strong>ille</strong></span> <span class='ocrx_word' id='word_1_788' title='bbox 3408 4870 3519 4907; x_wconf 85' lang='lat' dir='ltr'><strong>tne-</strong></span> 
     </span>
    </p>
   </div>
   <div class='ocr_carea' id='block_1_113' title="bbox 1944 4940 3520 5004">
    <p class='ocr_par' dir='ltr' id='par_1_113' title="bbox 1944 4940 3520 5004">
     <span class='ocr_line' id='line_1_113' title="bbox 1944 4940 3520 5004; baseline 0.002 -11"><span class='ocrx_word' id='word_1_789' title='bbox 1944 4940 2067 5004; x_wconf 88' lang='lat' dir='ltr'><strong>ruit,</strong></span> <span class='ocrx_word' id='word_1_790' title='bbox 2117 4941 2242 4993; x_wconf 89' lang='lat' dir='ltr'><strong>mihi</strong></span> <span class='ocrx_word' id='word_1_791' title='bbox 2275 4941 2439 4995; x_wconf 90' lang='lat' dir='ltr'><strong>cessit</strong></span> <span class='ocrx_word' id='word_1_792' title='bbox 2466 4940 2720 4995; x_wconf 89' lang='lat' dir='ltr'><strong>indebite.</strong></span> <span class='ocrx_word' id='word_1_793' title='bbox 2764 4942 2885 4994; x_wconf 66' lang='grc' dir='ltr'><strong>ΙΙωο</strong></span> <span class='ocrx_word' id='word_1_794' title='bbox 2926 4958 3083 4994; x_wconf 86' lang='lat' dir='ltr'><strong>causa</strong></span> <span class='ocrx_word' id='word_1_795' title='bbox 3114 4957 3199 4996; x_wconf 87' lang='lat' dir='ltr'><strong>me</strong></span> <span class='ocrx_word' id='word_1_796' title='bbox 3239 4943 3306 4996; x_wconf 89' lang='lat' dir='ltr'><strong>ab</strong></span> <span class='ocrx_word' id='word_1_797' title='bbox 3360 4945 3520 4997; x_wconf 81' lang='lat' dir='ltr'><strong>officii</strong></span> 
     </span>
    </p>
   </div>
   <div class='ocr_carea' id='block_1_114' title="bbox 1947 5032 3519 5111">
    <p class='ocr_par' dir='ltr' id='par_1_114' title="bbox 1947 5032 3519 5111">
     <span class='ocr_line' id='line_1_114' title="bbox 1947 5032 3519 5111; baseline 0.01 -34"><span class='ocrx_word' id='word_1_798' title='bbox 1947 5032 2368 5099; x_wconf 81' lang='lat' dir='ltr'><strong>promulgatione</strong></span> <span class='ocrx_word' id='word_1_799' title='bbox 2399 5032 2685 5086; x_wconf 78' lang='lat' dir='ltr'><strong>revocavit.</strong></span> <span class='ocrx_word' id='word_1_800' title='bbox 2726 5032 3011 5101; x_wconf 67' lang='lat' dir='ltr'><strong>Postquam</strong></span> <span class='ocrx_word' id='word_1_801' title='bbox 3043 5044 3218 5087; x_wconf 90' lang='lat' dir='ltr'><strong>tamen</strong></span> <span class='ocrx_word' id='word_1_802' title='bbox 3265 5033 3519 5111; x_wconf 40' lang='lat' dir='ltr'><strong>adlvtlillll</strong></span> 
     </span>
    </p>
   </div>
   <div class='ocr_carea' id='block_1_115' title="bbox 1947 5124 3521 5193">
    <p class='ocr_par' dir='ltr' id='par_1_115' title="bbox 1947 5124 3521 5193">
     <span class='ocr_line' id='line_1_115' title="bbox 1947 5124 3521 5193; baseline 0.004 -22"><span class='ocrx_word' id='word_1_803' title='bbox 1947 5124 2192 5173; x_wconf 77' lang='lat' dir='ltr'><strong>reduetus</strong></span> <span class='ocrx_word' id='word_1_804' title='bbox 2214 5137 2349 5178; x_wconf 79' lang='lat' dir='ltr'><strong>sunt.</strong></span> <span class='ocrx_word' id='word_1_805' title='bbox 2376 5126 2633 5175; x_wconf 81' lang='lat' dir='ltr'><strong>continuo</strong></span> <span class='ocrx_word' id='word_1_806' title='bbox 2656 5139 2739 5176; x_wconf 90' lang='lat' dir='ltr'><strong>me</strong></span> <span class='ocrx_word' id='word_1_807' title='bbox 2761 5125 2823 5175; x_wconf 90' lang='lat' dir='ltr'><strong>ad</strong></span> <span class='ocrx_word' id='word_1_808' title='bbox 2846 5124 3059 5177; x_wconf 87' lang='lat' dir='ltr'><strong>servitia</strong></span> <span class='ocrx_word' id='word_1_809' title='bbox 3087 5125 3240 5177; x_wconf 79' lang='lat' dir='ltr'><strong>Vobis</strong></span> <span class='ocrx_word' id='word_1_810' title='bbox 3262 5128 3521 5193; x_wconf 75' lang='lat' dir='ltr'><strong>solvenda</strong></span> 
     </span>
    </p>
   </div>
   <div class='ocr_carea' id='block_1_116' title="bbox 1945 5204 3521 5283">
    <p class='ocr_par' dir='ltr' id='par_1_116' title="bbox 1945 5204 3521 5283">
     <span class='ocr_line' id='line_1_116' title="bbox 1945 5204 3521 5283; baseline 0.003 -20"><span class='ocrx_word' id='word_1_811' title='bbox 1945 5212 2184 5265; x_wconf 83' lang='lat' dir='ltr'><strong>converti</strong></span> <span class='ocrx_word' id='word_1_812' title='bbox 2218 5229 2232 5263; x_wconf 90' lang='lat'><strong>:</strong></span> <span class='ocrx_word' id='word_1_813' title='bbox 2268 5225 2483 5281; x_wconf 70' lang='lat' dir='ltr'><strong>rogaus~</strong></span> <span class='ocrx_word' id='word_1_814' title='bbox 2500 5212 2689 5275; x_wconf 87' lang='lat' dir='ltr'><strong>Deum,</strong></span> <span class='ocrx_word' id='word_1_815' title='bbox 2734 5226 2792 5265; x_wconf 89' lang='lat' dir='ltr'><strong>ut</strong></span> <span class='ocrx_word' id='word_1_816' title='bbox 2820 5226 2913 5266; x_wconf 82' lang='lat' dir='ltr'><strong>vos</strong></span> <span class='ocrx_word' id='word_1_817' title='bbox 2944 5224 3258 5283; x_wconf 81' lang='lat' dir='ltr'><strong>vestrosque</strong></span> <span class='ocrx_word' id='word_1_818' title='bbox 3288 5204 3521 5281; x_wconf 74' lang='lat' dir='ltr'><strong>superno</strong></span> 
     </span>
    </p>
   </div>
   <div class='ocr_carea' id='block_1_117' title="bbox 1947 5342 3522 5413">
    <p class='ocr_par' dir='ltr' id='par_1_117' title="bbox 1947 5342 3522 5413">
     <span class='ocr_line' id='line_1_117' title="bbox 1947 5342 3522 5413; baseline 0.003 -21"><span class='ocrx_word' id='word_1_819' title='bbox 1947 5343 2189 5413; x_wconf 76' lang='lat' dir='ltr'><strong>resedisse</strong></span> <span class='ocrx_word' id='word_1_820' title='bbox 2218 5358 2481 5413; x_wconf 76' lang='lat' dir='ltr'><strong>cognosco.</strong></span> <span class='ocrx_word' id='word_1_821' title='bbox 2540 5342 2650 5396; x_wconf 82' lang='lat' dir='ltr'><strong>Nec</strong></span> <span class='ocrx_word' id='word_1_822' title='bbox 2691 5343 2979 5397; x_wconf 74' lang='lat' dir='ltr'><strong>absentibus</strong></span> <span class='ocrx_word' id='word_1_823' title='bbox 3022 5344 3158 5396; x_wconf 78' lang='lat' dir='ltr'><strong>vobis</strong></span> <span class='ocrx_word' id='word_1_824' title='bbox 3190 5345 3380 5412; x_wconf 76' lang='lat' dir='ltr'><strong>integer</strong></span> <span class='ocrx_word' id='word_1_825' title='bbox 3417 5360 3522 5396; x_wconf 66' lang='lat' dir='ltr'><strong>esse</strong></span> 
     </span>
    </p>
   </div>
   <div class='ocr_carea' id='block_1_118' title="bbox 1948 5412 3520 5476">
    <p class='ocr_par' dir='ltr' id='par_1_118' title="bbox 1948 5412 3520 5476">
     <span class='ocr_line' id='line_1_118' title="bbox 1948 5412 3520 5476; baseline 0.002 -14"><span class='ocrx_word' id='word_1_826' title='bbox 1948 5412 2070 5463; x_wconf 80' lang='lat' dir='ltr'><strong>uti/ti</strong></span> <span class='ocrx_word' id='word_1_827' title='bbox 2086 5413 2256 5465; x_wconf 80' lang='lat' dir='ltr'><strong>uideor</strong></span> <span class='ocrx_word' id='word_1_828' title='bbox 2272 5412 2288 5465; x_wconf 60' lang='grc' dir='ltr'><em>ὲ</em></span> <span class='ocrx_word' id='word_1_829' title='bbox 2307 5423 2351 5464; x_wconf 83' lang='lat' dir='ltr'><strong>et</strong></span> <span class='ocrx_word' id='word_1_830' title='bbox 2368 5430 2479 5465; x_wconf 83' lang='lat' dir='ltr'><strong>cum</strong></span> <span class='ocrx_word' id='word_1_831' title='bbox 2498 5429 2641 5465; x_wconf 82' lang='lat' dir='ltr'><strong>mem</strong></span> <span class='ocrx_word' id='word_1_832' title='bbox 2657 5431 2847 5466; x_wconf 84' lang='lat' dir='ltr'><strong>menon</strong></span> <span class='ocrx_word' id='word_1_833' title='bbox 2873 5416 3142 5476; x_wconf 76' lang='lat' dir='ltr'><strong>inveniant,</strong></span> <span class='ocrx_word' id='word_1_834' title='bbox 3156 5418 3292 5476; x_wconf 73' lang='lat' dir='ltr'><strong>apud</strong></span> <span class='ocrx_word' id='word_1_835' title='bbox 3310 5428 3394 5465; x_wconf 76' lang='lat' dir='ltr'><strong>vos</strong></span> <span class='ocrx_word' id='word_1_836' title='bbox 3443 5433 3520 5465; x_wconf 75' lang='lat' dir='ltr'><strong>me</strong></span> 
     </span>
    </p>
   </div>
   <div class='ocr_carea' id='block_1_119' title="bbox 1946 5482 3523 5552">
    <p class='ocr_par' dir='ltr' id='par_1_119' title="bbox 1946 5482 3523 5552">
     <span class='ocr_line' id='line_1_119' title="bbox 1946 5482 3523 5552; baseline 0.003 -21"><span class='ocrx_word' id='word_1_837' title='bbox 1946 5482 2010 5547; x_wconf 70' lang='lat' dir='ltr'><strong>ad</strong></span> <span class='ocrx_word' id='word_1_838' title='bbox 2028 5499 2119 5534; x_wconf 76' lang='lat' dir='ltr'><strong>vos</strong></span> <span class='ocrx_word' id='word_1_839' title='bbox 2134 5498 2357 5537; x_wconf 69' lang='lat' dir='ltr'><strong>reuersus</strong></span> <span class='ocrx_word' id='word_1_840' title='bbox 2374 5485 2571 5547; x_wconf 82' lang='lat' dir='ltr'><strong>inquiro</strong></span> <span class='ocrx_word' id='word_1_841' title='bbox 2588 5501 2769 5552; x_wconf 82' lang='lat' dir='ltr'><strong>:atqtte</strong></span> <span class='ocrx_word' id='word_1_842' title='bbox 2790 5485 2972 5536; x_wconf 77' lang='lat' dir='ltr'><strong>ibidem</strong></span> <span class='ocrx_word' id='word_1_843' title='bbox 2997 5497 3239 5551; x_wconf 78' lang='lat' dir='ltr'><strong>quantum</strong></span> <span class='ocrx_word' id='word_1_844' title='bbox 3268 5482 3363 5533; x_wconf 82' lang='lat' dir='ltr'><strong>mei</strong></span> <span class='ocrx_word' id='word_1_845' title='bbox 3388 5487 3523 5537; x_wconf 70' lang='lat' dir='ltr'><strong>vobis</strong></span> 
     </span>
    </p>
   </div>
   <div class='ocr_carea' id='block_1_120' title="bbox 1945 5552 3446 5622">
    <p class='ocr_par' dir='ltr' id='par_1_120' title="bbox 1945 5552 3446 5622">
     <span class='ocr_line' id='line_1_120' title="bbox 1945 5552 3446 5622; baseline 0.002 -20"><span class='ocrx_word' id='word_1_846' title='bbox 1945 5553 2229 5622; x_wconf 71' lang='lat' dir='ltr'><strong>reliquisse,</strong></span> <span class='ocrx_word' id='word_1_847' title='bbox 2260 5563 2453 5605; x_wconf 70' lang='lat' dir='ltr'><strong>tantum</strong></span> <span class='ocrx_word' id='word_1_848' title='bbox 2472 5556 2620 5605; x_wconf 79' lang='lat' dir='ltr'><strong>vestri</strong></span> <span class='ocrx_word' id='word_1_849' title='bbox 2653 5570 2842 5605; x_wconf 75' lang='lat' dir='ltr'><strong>&quot;tecum</strong></span> <span class='ocrx_word' id='word_1_850' title='bbox 2863 5552 3146 5622; x_wconf 65' lang='lat' dir='ltr'><strong>abuti/ttae,</strong></span> <span class='ocrx_word' id='word_1_851' title='bbox 3174 5554 3446 5618; x_wconf 79' lang='lat' dir='ltr'><strong>conspicio.</strong></span> 
     </span>
    </p>
   </div>
   <div class='ocr_carea' id='block_1_121' title="bbox 2016 5620 3519 5689">
    <p class='ocr_par' dir='ltr' id='par_1_121' title="bbox 2016 5620 3519 5689">
     <span class='ocr_line' id='line_1_121' title="bbox 2016 5620 3519 5689; baseline -0.001 -15"><span class='ocrx_word' id='word_1_852' title='bbox 2016 5622 2036 5651; x_wconf 84' lang='grc'>³</span> <span class='ocrx_word' id='word_1_853' title='bbox 2055 5620 2061 5622; x_wconf 46' lang='grc'>⁷</span> <span class='ocrx_word' id='word_1_854' title='bbox 2082 5621 2313 5689; x_wconf 72' lang='lat' dir='ltr'><strong>Patitur]</strong></span> <span class='ocrx_word' id='word_1_855' title='bbox 2339 5622 2495 5675; x_wconf 73' lang='lat' dir='ltr'><strong>Fabri</strong></span> <span class='ocrx_word' id='word_1_856' title='bbox 2525 5624 2677 5687; x_wconf 83' lang='lat' dir='ltr'><strong>liber,</strong></span> <span class='ocrx_word' id='word_1_857' title='bbox 2710 5624 2963 5686; x_wconf 62' lang='lat' dir='ltr'><strong>potentia,</strong></span> <span class='ocrx_word' id='word_1_858' title='bbox 3001 5620 3304 5674; x_wconf 77' lang='lat' dir='ltr'><strong>Basiliensrs</strong></span> <span class='ocrx_word' id='word_1_859' title='bbox 3333 5626 3519 5687; x_wconf 85' lang='lat' dir='ltr'><strong>cdttin,</strong></span> 
     </span>
    </p>
   </div>
   <div class='ocr_carea' id='block_1_122' title="bbox 1988 5710 2197 5744">
    <p class='ocr_par' dir='ltr' id='par_1_122' title="bbox 1988 5710 2197 5744">
     <span class='ocr_line' id='line_1_122' title="bbox 1988 5710 2197 5744; baseline 0.014 -3"><span class='ocrx_word' id='word_1_860' title='bbox 1988 5710 2197 5744; x_wconf 62' lang='grc' dir='ltr'>νιίιιιε.</span> 
     </span>
    </p>
   </div>
   <div class='ocr_carea' id='block_1_123' title="bbox 1948 5703 3518 5831">
    <p class='ocr_par' dir='ltr' id='par_1_123' title="bbox 1948 5703 3518 5831">
     <span class='ocr_line' id='line_1_123' title="bbox 1948 5703 3518 5831; baseline 0.02 -45"><span class='ocrx_word' id='word_1_861' title='bbox 1948 5709 1980 5756; x_wconf 62' lang='grc' dir='ltr'>ν</span> <span class='ocrx_word' id='word_1_862' title='bbox 2004 5703 2351 5825; x_wconf 37' lang='lat' dir='ltr'><strong>{maxim-ml</strong></span> <span class='ocrx_word' id='word_1_863' title='bbox 2381 5762 2547 5831; x_wconf 62' lang='lat' dir='ltr'><strong>Cujus</strong></span> <span class='ocrx_word' id='word_1_864' title='bbox 2572 5776 2689 5823; x_wconf 77' lang='lat' dir='ltr'><strong>cum</strong></span> <span class='ocrx_word' id='word_1_865' title='bbox 2724 5759 2881 5831; x_wconf 78' lang='lat' dir='ltr'><strong>laude</strong></span> <span class='ocrx_word' id='word_1_866' title='bbox 2907 5761 3104 5812; x_wconf 84' lang='lat' dir='ltr'><strong>mentio</strong></span> <span class='ocrx_word' id='word_1_867' title='bbox 3136 5776 3220 5831; x_wconf 84' lang='lat' dir='ltr'><strong>ep.</strong></span> <span class='ocrx_word' id='word_1_868' title='bbox 3253 5759 3321 5815; x_wconf 76' lang='lat'><strong>‘29</strong></span> <span class='ocrx_word' id='word_1_869' title='bbox 3356 5762 3390 5814; x_wconf 91' lang='lat' dir='ltr'><strong>I.</strong></span> <span class='ocrx_word' id='word_1_870' title='bbox 3428 5780 3518 5825; x_wconf 72' lang='lat' dir='ltr'><strong>\‘tt,</strong></span> 
     </span>
    </p>
   </div>
   <div class='ocr_carea' id='block_1_124' title="bbox 1949 5829 2944 5898">
    <p class='ocr_par' dir='ltr' id='par_1_124' title="bbox 1949 5829 2944 5898">
     <span class='ocr_line' id='line_1_124' title="bbox 1949 5829 2944 5898; baseline -0.004 -15"><span class='ocrx_word' id='word_1_871' title='bbox 1949 5834 2011 5883; x_wconf 82' lang='lat' dir='ltr'><strong>ad</strong></span> <span class='ocrx_word' id='word_1_872' title='bbox 2040 5847 2193 5898; x_wconf 82' lang='lat' dir='ltr'><strong>quant</strong></span> <span class='ocrx_word' id='word_1_873' title='bbox 2229 5836 2415 5884; x_wconf 80' lang='lat' dir='ltr'><strong>iterum</strong></span> <span class='ocrx_word' id='word_1_874' title='bbox 2450 5830 2643 5882; x_wconf 73' lang='lat' dir='ltr'><strong>scribet</strong></span> <span class='ocrx_word' id='word_1_875' title='bbox 2667 5830 2820 5894; x_wconf 67' lang='lat' dir='ltr'><strong>epist.</strong></span> <span class='ocrx_word' id='word_1_876' title='bbox 2858 5829 2944 5880; x_wconf 71' lang='lat'><strong>27.</strong></span> 
     </span>
    </p>
   </div>
   <div class='ocr_carea' id='block_1_125' title="bbox 2965 5920 3002 5983">
    <p class='ocr_par' dir='ltr' id='par_1_125' title="bbox 2965 5920 3002 5983">
     <span class='ocr_line' id='line_1_125' title="bbox 2965 5920 3002 5983; baseline 0 0"><span class='ocrx_word' id='word_1_877' title='bbox 2965 5920 3002 5983; x_wconf 80' lang='grc'>5</span> 
     </span>
    </p>
   </div>
  </div>
