3998 6362
495 328 597 386 I39

1600 331 1883 385 ΈΝΝΟΠΙΙ
1925 330 2226 386 EI‘ISCOPI
2267 330 2639 389 TICINENSIS

3628 348 3720 402 lii]

489 451 701 498 tueatur
742 443 962 498 auxilio.
994 442 1251 497 Promitto
1297 442 1428 495 inihi
1472 443 1633 498 etiam
1672 452 1727 495 et
1775 442 2053 495 desideriis
2093 450 2136 504 Α
2168 453 2332 508 penso
2361 456 2379 491 :
2414 451 2587 494 tunen
2619 457 2738 509 pars
2770 445 2864 495 ista
2895 446 2979 498 cui
3012 447 3352 514 impenditur,
3386 448 3482 503 nisi
3527 467 3723 521 restitut-

489 536 640 595 nteis
675 536 815 604 quod
845 549 963 588 cum
994 532 1247 589 felicitate
1278 544 1455 587 vestra
1477 543 1531 587 et
1556 534 1772 602 gaudio,
1800 534 1864 588 ad
1894 533 2059 586 comi-

488 634 723 680 iatcuses
747 626 1019 688 excubias,
1047 641 1167 695 qua:
1196 626 1332 679 votis
1367 626 1501 679 meis
1531 625 1842 689 satisfaciat,
1890 625 2059 692 digni—

490 725 572 769 tas
612 716 801 783 adepta
844 730 938 769 vos
969 726 1175 769 evocet.
1219 715 1360 780 Noli,
1383 714 1603 779 domita,
1631 716 1753 768 huic
1786 726 1838 769 te
1864 714 2053 774 labori,

489 804 613 860 huic
641 804 790 860 oneri
810 805 1150 860 submovere.
1184 805 1409 860 Videam
1428 806 1566 859 bona
1595 806 1846 859 Romana:
1872 804 2057 857 civita-

487 897 556 951 tis
586 896 898 965 provinciae,
947 908 1001 951 et
1032 878 1152 965 qua;
1180 898 1399 953 mouitis
1430 899 1516 951 vix
1556 898 1932 963 instituuntur,
1960 912 2058 965 per

485 987 620 1040 bona
648 1002 763 1056 qua:
795 989 945 1043 vobis
979 988 1119 1042 Deus
1143 989 1388 1055 contulit,
1436 988 1730 1042 formentur
1775 987 2053 1055 exemplis.

482 1079 632 1149 Rogo
655 1090 851 1148 tamen,
878 1081 1175 1135 reverentia
1207 1081 1538 1134 salutationis
1565 1080 1836 1144 exhibita,
1875 1089 1932 1131 ut
1960 1095 2057 1132 ex-

480 1172 872 1238 spectatissimo
896 1186 979 1224 me
1011 1171 1256 1225 relevetis
1275 1172 1381 1225 allo
1400 1171 1507 1237 tuio
1539 1188 1551 1222 :
1587 1171 1681 1225 sed
1707 1186 1805 1225 nec
1827 1171 2053 1223 alterum

481 1260 682 1317 dictare
710 1263 1002 1331 patiamini,
1025 1280 1144 1331 quae
1165 1264 1231 1317 ad
1257 1278 1342 1317 me
1367 1263 1616 1317 scribetis
1641 1280 1653 1314 :
1678 1265 1757 1317 sic
1780 1277 2053 1331 nunquam
2088 1322 2097 1328 θ

482 1356 550 1408 ab
580 1356 946 1423 impetratione
974 1356 1146 1410 orat-it)
1176 1365 1351 1409 vestra
1381 1356 1629 1424 pellatur.

994 1463 1330 1520 EPISTOLA
1369 1465 1528 1519 XVII.

930 1571 1183 1610 ENNODIUS
1211 1558 1225 1587 ‘
1260 1573 1593 1612 sreruamaa.

551 1645 725 1701 Credo
745 1660 839 1700 vos
859 1656 914 1701 et
935 1648 1239 1717 ignorantes
1261 1650 1395 1702 meis
1426 1648 1677 1717 periculis
1699 1648 2015 1703 subvenisse
2039 1666 2050 1698 :

481 1748 569 1791 aut
585 1754 749 1807 quare
765 1740 1023 1793 conlidam
1048 1742 1254 1795 nescire
1278 1741 1585 1808 quidquam,
1618 1755 1750 1809 quos
1776 1756 1866 1807 per
1890 1739 2051 1792 Deum

2162 531 2318 597 derit,
2373 531 2440 583 ab
2471 531 2798 585 humanitate
2846 534 3161 601 sejungitur.
3221 537 3362 605 Ergo
3412 541 3722 599 salutationis

2160 621 2330 675 oficia
2363 620 2628 689 praefatus,
2669 623 2779 676 Deo
2807 625 3075 678 tribuente
3132 627 3311 682 indieo
3360 645 3559 684 mecum
3607 647 3722 686 san-

2159 722 2365 767 ctorum
2396 714 2660 782 sulfragiis
2690 726 2743 768 et
2770 718 2966 771 vestris
2995 718 3249 785 precibus
3280 720 3389 788 jam
3419 724 3600 777 melius
3625 728 3720 794 agi,

2158 813 2210 856 et
2230 804 2382 858 illam
2419 804 2811 872 desperationis
2858 818 2911 860 et
2962 808 3189 863 febrium
3221 811 3512 880 intepuisse
3540 817 3723 871 valetu-

2158 892 2358 947 dinem.
2389 892 2562 960 Nunc,
2584 895 2724 963 quod
2744 904 2943 960 restat,
2965 913 3125 966 spero
3152 910 3209 953 ut
3234 903 3542 969 petitionem
3562 923 3722 961 meatu

2130 968 2316 1050 “quam
2350 997 2441 1049 per
2467 985 2827 1037 conlamulum
2860 991 3036 1039 meum
3076 989 3290 1043 fratrem
3319 991 3533 1046 Florum
3562 994 3719 1048 desu-

2160 1077 2299 1138 navi,
2355 1075 2626 1142 suscipere
2675 1076 2829 1129 solita
2884 1076 3207 1145 benignitate
3259 1082 3544 1150 dignemini
3574 1101 3587 1136 :
3616 1088 3723 1150 qu'a

2152 1164 2260 1217 etsi
2292 1165 2416 1216 inihi
2444 1165 2508 1215 ad
2542 1179 2777 1232 praesens
2805 1182 2888 1220 res
2915 1168 3125 1223 videtur
3150 1185 3273 1225 esse
3296 1175 3613 1241 compendii,
3644 1191 3724 1227 vo-

2160 1254 2239 1306 bis
2268 1256 2458 1320 quibus
2501 1253 2667 1321 magis
2714 1254 2884 1308 futura
2915 1258 3069 1311 cordi
3107 1269 3232 1313 sunt
3256 1302 3270 1323 ,
3304 1262 3509 1317 utilitas
3526 1279 3595 1317 ex
3638 1266 3724 1316 hac

2155 1357 2325 1411 parte
2341 1359 2547 1396 sunnna
2579 1346 2892 1413 respondet.

2704 1456 3039 1513 EPISTOLA
3072 1461 3185 1515 XX.

2675 1562 2931 1603 ENNODIUS
2966 1567 3227 1607 AGNELLO.

2230 1634 2285 1689 Si
2314 1635 2551 1688 valerem
2578 1651 2804 1705 corpore
2834 1643 3120 1708 prosequi,
3150 1645 3332 1698 verbis
3370 1645 3679 1702 abstinerem
3707 1666 3721 1701 :

2163 1732 2220 1775 at
2242 1739 2361 1777 cum
2395 1724 2486 1777 illa
2519 1740 2605 1778 res
2634 1727 2923 1782 valetudini
2953 1730 3160 1801 deficit,
3191 1735 3289 1787 ista
3321 1740 3599 1791 succurrit.
3624 1740 3722 1795 Scit

481 1830 736 1897 contingit
783 1831 1029 1884 universa
1070 1832 1440 1899 praenoscere?
1472 1830 1758 1900 Postquam
1806 1830 1947 1884 enim
1990 1831 2057 1885 ab
2092 1818 2132 1875 Β
2162 1825 2497 1870 εθοτειονιυιι
2557 1817 2849 1883 discum”.
2896 1836 2982 1875 me
3020 1831 3077 1875 ει
3119 1824 3347 1878 άῖνῖευηι
3405 1829 3673 1893 Praemia
3700 1846 3724 1878 θ’

480 1922 613 1976 urbe
642 1922 796 1984 redii.
831 1932 1072 1991 reparata
1103 1936 1226 1979 sunt
1254 1925 1304 1978 in
1348 1941 1434 1980 me
1464 1926 1640 1980 divina
1684 1927 1936 1997 mysteria
1962 1945 1975 1981 :
2003 1942 2057 1984 et

479 2018 621 2086 quod
652 2030 901 2071 senuerat
925 2018 1272 2086 temporibus,
1306 2019 1535 2074 novellis
1562 2022 1850 2075 resurrexit
1874 2037 2055 2076 exem-

481 2107 601 2173 plis.
653 2108 847 2161 Iterum
886 2118 1107 2161 vocatus
1133 2118 1216 2162 est
1245 2109 1477 2162 Lazarus
1517 2110 1584 2164 de
1623 2112 1869 2179 sepulcro
1903 2131 1914 2164 :
1950 2129 2055 2167 non

482 2196 693 2265 quidem
727 2196 869 2251 illius
897 2213 989 2266 par
1019 2199 1209 2253 merito
1242 2199 1331 2268 qui
1361 2201 1515 2253 amici
1550 2201 1918 2270 Redemptoris
1958 2221 2055 2257 nu-

482 2300 602 2339 mcn
630 2290 876 2353 emeruit,
905 2287 999 2340 sed
1043 2289 1093 2341 ἱιι
1124 2288 1435 2342 diversitate
1482 2302 1692 2343 actuum
1741 2294 1896 2347 unius
1929 2310 2057 2347 con-

482 2379 627 2430 venit
658 2376 825 2432 fortna
858 2378 1118 2447 mysterii.
1151 2377 1414 2432 Deductus
1441 2396 1535 2447 per
1556 2382 1898 2449 aegritudines
1921 2383 2056 2437 mul-

483 2464 688 2534 tiplices
714 2466 778 2520 ad
811 2468 1086 2536 sepulcra;
1120 2469 1212 2523 sed
1236 2470 1475 2524 ctelcstis
1504 2486 1569 2525 vo
1590 2488 1631 2526 ~e
1653 2485 1965 2538 revocatus,
1991 2478 2056 2529 ad

484 2553 598 2608 hare
621 2556 847 2624 primum
870 2572 986 2625 qua:
1010 2558 1157 2611 vobis
1173 2558 1456 2614 solvuntur
1478 2562 1652 2616 oflicia
1678 2578 1761 2617 me
1782 2568 2018 2620 converti
2043 2586 2053 2619 :

483 2644 710 2699 credens
742 2646 951 2713 placere
980 2645 1118 2712 Deo,
1154 2648 1196 2699 si
1230 2649 1526 2703 cultoribus
1556 2650 1670 2717 ejus
1704 2668 1796 2721 per
1826 2655 2055 2723 linguam

485 2746 642 2800 quam
676 2734 788 2803 ipse
832 2734 1061 2789 reddidit
1106 2735 1343 2805 principe
1385 2737 1502 2792 loco
1527 2738 1877 2796 exhibeantur
1900 2744 2055 2797 obsc-

486 2823 626 2889 quia.
670 2824 810 2893 Ergo
840 2826 1135 2903 reverentia
1156 2826 1484 2880 salutationis
1505 2829 1765 2896 impensa,
1798 2831 2057 2900 deprecor

486 2924 541 2968 ut
566 2931 659 2985 pro
676 2933 781 2987 me,
812 2919 947 2972 sicut
966 2920 1202 2987 poposci,
1217 2934 1373 2974 orare
1397 2923 1645 2976 attentius
1665 2927 1980 2991 procuretis,
2002 2939 2056 2977 ut

484 3017 580 3073 per
608 3007 853 3062 meritum
882 3019 1117 3065 vestrum
1148 3011 1322 3063 divina
1345 3012 1627 3065 clementia
1654 3013 1898 3082 dignetur
1924 3030 2054 3068 cun-

484 3104 697 3155 lirmare
717 3101 859 3171 quod
885 3103 1064 3154 tribttit
1091 3120 1103 3153 :
1127 3113 1180 3156 et
1209 3103 1514 3172 Frequenter
1542 3122 1625 3159 me
1652 3107 1733 3175 pia
1760 3109 2052 3162 litterarum

2164 1904 2313 1957 vobis
2354 1905 2544 1960 abesse
2594 1921 2702 1960 non
2738 1923 2913 1975 posse.
2949 1911 3177 1968 Proinde
3214 1916 3620 1971 sollicitudinem
3648 1935 3723 1970 vr-

2159 2004 2325 2048 stram
2358 1998 2546 2051 nuntio
2596 2013 2729 2051 meat
2780 2002 3151 2069 prosperitatis
3196 2006 3375 2060 relevo
3403 2026 3417 2062 :
3442 2016 3503 2062 et
3529 2018 3725 2077 propter

2160 2087 2302 2155 quod
2319 2102 2637 2143 concessum
2656 2098 2739 2142 est
2759 2091 3049 2157 epistolare
3062 2096 3476 2163 commercium,
3504 2110 3727 2151 vestrum

2152 2179 2397 2247 requiro,
2434 2178 2698 2245 indicans,
2723 2178 2928 2235 honore
2952 2182 3296 2238 salutationis
3319 2187 3579 2252 impenso,
3601 2202 3724 2253 pue-

2160 2282 2279 2322 rum
2309 2284 2399 2321 me
2423 2268 2489 2321 ad
2519 2268 2914 2336 suscipiendum
2960 2271 3226 2327 caballum
3273 2274 3559 2329 direxisse.
3591 2275 3723 2328 Tan-

2155 2365 2272 2410 tum
2324 2368 2403 2411 est
2438 2366 2493 2410 ιιι
2524 2359 2684 2412 talem
2715 2356 2969 2423 mittatis,
3002 2375 3159 2429 quem
3197 2372 3251 2417 et
3280 2378 3374 2417 vos
3400 2364 3613 2418 dedisse
3637 2364 3725 2416 cln-

2161 2457 2306 2503 reat.
2333 2456 2386 2500 et
2412 2462 2511 2515 ego
2542 2462 2635 2515 pro
2673 2446 2893 2501 hannris
2914 2463 3125 2503 summa
3156 2466 3242 2506 me
3268 2452 3530 2521 gaudeam
3557 2467 3724 2507 susce-

2166 2539 2328 2605 pisse.

2695 2626 3019 2682 EPISTOLA
3067 2629 3185 2683 XXI

2705 2754 2963 2792 INRODIUS
3004 2756 3195 2793 ΒΕΑΊὌ.

2245 2855 2264 2882 ³
2302 2852 2355 2907 Si
2410 2865 2617 2919 possem
2666 2850 2949 2905 scribendo
2999 2851 3203 2905 delere
3234 2851 3478 2921 paginam
3533 2868 3723 2914 meam,

2161 2941 2443 3006 multiplici
2493 2942 2593 2993 hoc
2644 2940 2819 2994 facere
2864 2941 3157 2996 intentione
3218 2957 3583 3010 procurarent.
3637 2943 3733 2996 Sed

2158 3033 2277 3101 quia
2313 3049 2414 3083 non
2445 3040 2526 3084 est
2551 3030 2629 3083 fas
2658 3030 2923 3084 hominem
2953 3046 3055 3085 non
3081 3048 3293 3095 errare;
3317 3048 3432 3103 ego
3456 3035 3541 3087 ille
3562 3049 3734 3093 canus,

2163 3124 2256 3179 sed
2291 3133 2439 3191 pater
2473 3136 2614 3188 tuus,
2648 3138 2715 3175 ne
2747 3138 2981 3190 unquam
3012 3124 3205 3192 prioris
3234 3126 3482 3192 epistola:
3520 3140 3647 3178 mea:
3670 3125 3735 3175 sis

486 3201 779 3246 vestrarum
810 3193 1230 3260 promulgatioue
1251 3195 1559 3249 sublevctis.
1593 3196 1743 3265 Rogo
1770 3207 1822 3251 ιιι
1858 3200 2057 3252 nullum

2165 3230 2393 3277 memor,
2425 3228 2680 3281 ettposco.
2716 3214 2802 3268 Sic
2820 3222 2876 3267 te
2905 3222 3053 3282 pater
3090 3226 3144 3269 et
3184 3215 3349 3283 patria
3382 3218 3575 3279 talem,
3620 3229 3736 3283 qua-

487 3282 645 3334 alium
676 3282 876 3334 dictare
907 3279 1090 3347 facias,
1145 3297 1240 3351 per
1270 3284 1303 3336 d
1327 3285 1450 3338 unni
1498 3288 1692 3340 ASICl'ii
1746 3290 1975 3343 animam
2009 3302 2062 3343 ιιι

488 3371 869 3440 professionem
899 3380 1061 3424 tuam.
1096 3373 1183 3425 Sic
1213 3373 1261 3425 ei
1310 3373 1452 3426 nitor
1496 3389 1654 3443 quem
1692 3388 1865 3446 optas,
1899 3392 2062 3448 usique

487 3466 553 3522 ad
584 3465 1061 3520 consummationis
1089 3476 1295 3536 tempus
1325 3469 1554 3523 assistat.

1003 3558 1331 3613 ILPISTULA
1373 3558 1532 3614 XVIII

1014 3669 1266 3707 ENNODIUS
1305 3670 1523 3709 FAUSTO.

553 3746 741 3813 Coegit
764 3760 848 3799 me
868 3745 934 3799 ad
959 3744 1134 3799 studia
1159 3760 1274 3799 mea
1299 3747 1524 3816 portitor
1552 3747 1889 3817 pra-sentiunt
1919 3749 2057 3805 litte-

485 3852 683 3901 rarum,
714 3844 768 3890 et
814 3836 951 3904 quod
1003 3834 1267 3901 volebam,
1304 3851 1469 3905 prope
1501 3839 1834 3905 importunus
1862 3843 2054 3909 exegit.

483 3928 572 3985 Sic
597 3925 819 3982 contulit
847 3926 1183 3991 beneficium,
1209 3928 1296 3996 qui
1328 3928 1594 3994 exigebat.
1630 3928 1734 3984 Iste
1763 3929 1814 3983 in
1848 3936 2057 3999 ttcgot;o

481 4033 579 4073 suo
607 4020 888 4088 probatum
916 4017 1113 4071 mundo
1142 4018 1360 4085 iustitia:
1385 4029 1576 4073 vestr-.c
1599 4022 1767 4089 poscit
1794 4008 2016 4076 examen
2042 4042 2053 4075 :

484 4124 582 4161 nec
608 4108 673 4161 ab
704 4108 880 4175 aliquo
903 4106 1181 4160 veritatem
1207 4122 1382 4160 causa:
1410 4122 1523 4161 sua:
1551 4110 1784 4164 discerni
1807 4113 2053 4172 mstitnat.

483 4202 529 4254 si
556 4200 797 4253 cessetis.
833 4199 934 4253 I’ro
967 4198 1065 4252 huc
1098 4210 1343 4268 precator
1372 4203 1590 4268 accedo,
1622 4214 1679 4257 ut
1710 4203 1835 4257 dum
1859 4206 2057 4259 adestis

483 4290 749 4341 mandatis
770 4288 1076 4342 etelestibus
1103 4298 1156 4342 et
1184 4291 1461 4344 veritatem
1487 4301 1594 4346 tota
1620 4294 1912 4350 intentione
1940 4311 2057 4364 per-

484 4380 714 4446 quiritis,
762 4378 939 4431 afllicti
987 4378 1217 4435 h-uninis
1263 4381 1670 4437 necessitatibus
1714 4388 2053 4441 succurratis.

485 4471 652 4536 Spero
674 4468 857 4532 etiam,
882 4469 1216 4523 salutationis
1245 4469 1425 4525 oflicio
1452 4472 1719 4541 impenso,
1765 4486 1821 4528 ut
1862 4478 2056 4531 indicio

2171 3306 2276 3360 Ictu
2309 3319 2402 3375 per
2429 3306 2662 3370 singulos
2692 3305 2807 3358 dies
2855 3306 3105 3358 omnibus
3155 3316 3449 3375 protesnor,
3494 3307 3732 3374 excipiat.

2164 3400 2366 3454 Alienis
2396 3398 2607 3464 scriptis
2649 3396 2876 3461 credidi,
2908 3406 2966 3450 ut
2992 3398 3115 3467 styli
3163 3400 3264 3451 mei
3324 3400 3625 3466 importuna
3666 3390 3743 3449 fe?

2162 3490 2447 3543 stinatione
2476 3489 2800 3543 morderent.
2836 3488 2914 3541 Tu
2948 3487 3151 3541 feceras
3182 3488 3321 3556 quod
3364 3490 3612 3556 sapiens;
3655 3486 3737 3553 qui

2161 3582 2260 3636 soli
2291 3580 2489 3633 domno
2522 3579 2715 3641 Probo,
2742 3588 2767 3614 δ
2797 3590 2967 3632 artem
3000 3589 3155 3632 teneo
3184 3579 3195 3630 i
3227 3581 3364 3632 inter
3392 3572 3601 3638 doctos,
3634 3592 3737 3627 ve:-

2163 3688 2255 3726 sus
2287 3687 2433 3725 meos
2463 3670 2733 3737 relegeras
2759 3688 2771 3719 :
2802 3670 2941 3736 quod
2972 3670 3148 3726 facere
3179 3671 3377 3726 decuit.
3412 3672 3527 3741 Ego
3555 3670 3740 3737 impun

2162 3774 2341 3828 timus,
2372 3760 2458 3832 qui
2492 3761 2643 3816 alteri
2695 3764 2914 3816 credere
2966 3778 3068 3815 non
3113 3762 3440 3826 debuissem,
3491 3768 3735 3831 quantum

2160 3857 2340 3922 video,
2374 3855 2568 3908 frustra
2618 3864 2916 3907 commotus
2964 3858 3101 3907 sum.
3146 3853 3292 3908 Vade
3317 3869 3449 3925 ergo
3479 3855 3545 3908 ad
3591 3853 3736 3907 doui-

2161 3963 2284 4000 num
2332 3945 2557 3999 I’rtibutn
2594 3944 2698 4014 (sic
2749 3959 2898 4013 pater
2937 3954 3057 3998 tuus
3104 3947 3276 3998 vivat:
3309 3946 3387 4000 sic
3437 3960 3547 4007 me,
3588 3958 3738 4013 quem

2160 4050 2372 4102 semper
2400 4035 2612 4099 amasti,
2645 4037 2911 4089 viventem
2935 4036 3143 4101 audias,
3164 4038 3283 4103 quia
3312 4036 3409 4090 ista
3440 4050 3576 4105 pene
3605 4048 3738 4087 mor-

2161 4137 2282 4180 tuus
2312 4127 2527 4193 dictavi)
2556 4135 2610 4179 et
2636 4128 2878 4180 osculare
2910 4126 2982 4179 illi
3008 4141 3178 4194 genua
3210 4141 3305 4195 pro
3331 4142 3446 4191 me,
3474 4132 3530 4182 et
3559 4127 3642 4179 dic
3666 4123 3736 4177 illi

2159 4217 2225 4270 de
2260 4226 2495 4270 extremo
2542 4231 2721 4282 versu,
2768 4216 3124 4271 Terentianus
3167 4231 3250 4271 tne
3298 4217 3509 4271 induxit
3556 4216 3608 4270 in
3654 4213 3744 4268 illo

2159 4307 2405 4373 exemplo
2420 4350 2434 4368 ,

2282 4420 2362 4467 Sic
2386 4419 2510 4467 fatur
2530 4418 2815 4482 lacrymans,
2840 4416 3074 4481 classiqtte
3109 4422 3323 4530 biga-it?
3347 4422 3590 4530 habtinas.

3098 4495 3101 4498 '
3186 4495 3260 4530 net
3303 4497 3426 4530 ..η
3489 4518 3500 4529 .

3098 4495 3335 4542 ’Λιιιειαη
3364 4497 3426 4535 τι.
3456 4495 3500 4530 ι.

488 4575 571 4613 me
600 4557 967 4628 prosperitatis
993 4567 1205 4623 vestrm,
1239 4575 1343 4614 non
1374 4555 1629 4631 neglectis
1658 4580 1778 4633 qute
1803 4566 2057 4637 frequen-

2164 4583 2354 4637 Omnia
2386 4592 2561 4636 tamen
2592 4599 2710 4652 quae
2741 4584 2953 4637 fuerunt
2978 4582 3134 4653 digna
3159 4586 3518 4649 correctione,
3556 4583 3743 4651 praevi-

488 4663 569 4706 tcr
600 4667 663 4707 se
688 4652 933 4720 ingerunt
958 4652 1345 4719 occasionibus,
1376 4656 1685 4711 sublevetis.

1019 4742 1343 4797 EPISTULA
1385 4744 1525 4798 ΧΙΧ.

1024 4844 1273 4887 ENNODIL‘S
1304 4850 1524 4890 FAUSTO.

558 4924 811 4992 Quamvis
837 4922 1008 4980 omnis
1032 4924 1324 4991 frequentia
1354 4927 1648 4983 litterarum
1676 4930 1923 4985 videatur
1943 4948 2061 4988 rara

498 5020 746 5079 sollicitis
782 5032 880 5073 nec
931 5015 1161 5071 sufliciat
1199 5017 1536 5084 providentia
1578 5034 1675 5090 pro
1717 5023 1910 5091 pietate
1940 5041 2059 5077 sus-

565 5158 582 5189 ι
627 5150 955 5226 διερὴαηίω]
981 5144 1148 5226 _St_i_pra
1180 5152 1273 5206 lib.
1299 5170 1392 5226 _vtt
1414 5195 1429 5226 ,
1461 5156 1617 5226 epist.
1644 5158 1737 5224 29,
1767 5177 1922 5218 soror
1950 5176 2065 5220 erat

489 5227 669 5283 Fausti
698 5221 952 5297 praefecti.
972 5221 1099 5297 ιλιι).
1131 5238 1204 5286 Ix,
1226 5224 1380 5297 epist.
1408 5221 1887 5297 I8,'Asteriiuxur,
1919 5247 1974 5287 ut
1997 5236 2060 5289 ad

490 5300 693 5354 calcem
710 5293 953 5363 epiStoIa:
968 5294 1191 5364 innuere
1210 5296 1415 5349 videtur
1440 5312 1453 5350 :
1478 5312 1539 5351 ac
1564 5301 1786 5364 proinde
1809 5293 2059 5359 Marciani

491 5382 696 5440 mater;
723 5362 846 5436 quia
871 5362 1065 5440 Asturii
1092 5362 1576 5440 lil_itts__.\larcianus,
1609 5370 1701 5425 lib.
1732 5388 1785 5437 v,
1817 5379 1971 5440 epist.
2002 5379 2060 5428 2.

560 5441 580 5470 ¹
610 5439 669 5493 Si
700 5431 897 5506 possem
921 5431 1112 5554 delere;
1141 5433 1194 5485 ln
1223 5435 1467 5503 (lyuegite
1493 5431 1784 5506 epitaphio,
1808 5431 1947 5509 quod
1972 5462 2061 5498 sn.

563 5509 702 5554 riure
729 5508 863 5554 libro
888 5504 1049 5554 enisl.
1118 5507 1146 5554 ll
1185 5504 1432 5554 vidimus-
1467 5511 1690 5554 nrimam
1727 5514 1775 5554 in
1810 5529 2051 5554 ιιηιυιηι

492 5504 863 5575 ιιριίυτιέιιιιιο
888 5504 1049 5573 epist.
1078 5504 1146 5555 2‘.)
1185 5504 1432 5570 vidimus,
1467 5504 1691 5574 primatu
1726 5504 1779 5564 in
1810 5504 2061 5568 II.\'IBON\

491 5577 747 5642 Syllaham
785 5585 1025 5631 extremo
1069 5588 1226 5626 versu
1257 5576 1917 5643 corripuerat.Ennudius.
1952 5585 2058 5637 Hac

490 5647 560 5699 (le
582 5661 637 5698 re
658 5646 956 5705 admonitus
977 5661 1004 5695 ιι
1036 5643 1206 5716 l'rultn
1228 5645 1438 5708 licatus,
1456 5662 1575 5700 cum
1599 5648 1719 5703 aliis
1747 5651 2055 5716 indicasset,

492 5718 742 5788 atlatn'es
785 5716 1021 5788 pervenit
1070 5713 1294 5788 Ennodti
1325 5732 1337 5767 :
1370 5716 1457 5788 qui
1508 5718 1834 5779 Terentiam,
1874 5734 1929 5775 ιιι
1958 5713 2055 5777 sibi

493 5784 789 5854 videbatur,
817 5783 1133 5841 auctoritate
1173 5784 1350 5861 nixus,
1380 5783 1500 5846 éum
1528 5788 1667 5849 nulla
1711 5793 1762 5847 in
1805 5806 1870 5847 Cu
1904 5810 2060 5860 Vct‘au

2167 4672 2262 4726 dit.
2309 4672 2518 4737 Saluto,
2566 4688 2750 4727 amore
2779 4689 2883 4741 quo
2913 4674 3102 4727 debeo.
3153 4674 3208 4728 Si
3258 4690 3505 4741 evasero,
3566 4686 3745 4726 versui

2167 4763 2312 4829 ipStlS
2342 4763 2590 4822 emendo,
2617 4773 2671 4815 et
2699 4762 2774 4816 sic
2798 4763 2989 4833 dirigo.
3036 4763 3166 4816 Nam
3215 4766 3420 4817 litteras
3470 4775 3589 4817 tuas
3618 4775 3747 4832 quas

2169 4869 2264 4921 per
2290 4852 2542 4905 infantem
2570 4851 2821 4906 Rufinum
2849 4854 3113 4919 direxisti,
3136 4854 3274 4908 Julio
3297 4870 3482 4908 mense
3513 4855 3745 4920 suscepi.

2173 4944 2321 4999 Unde
2352 4961 2435 4998 me
2461 4948 2683 5015 contigit
2712 4948 2920 5001 neseirc
2948 4948 3086 5016 quod
3111 4960 3285 5002 actum
3314 4949 3523 5013 fuerat,
3554 4957 3611 5001 tit
3634 4948 3738 5001 ιλιι.

2171 5047 2250 5090 ter
2284 5051 2541 5090 moverer.

2170 5174 2377 5241 culpam
2396 5174 2815 5240 putaret,ohjurg
2835 5175 3015 5227 itnrias
3033 5175 3096 5225 ad
3121 5175 3335 5226 lleatttm
3358 5176 3564 5228 litteras
3583 5173 3749 5227 dedit.

2173 5242 2214 5295 N
2240 5259 2320 5296 mc
2345 5260 2444 5309 agn
2472 5253 2524 5295 to
2554 5260 2738 5296 errore
2765 5246 2978 5297 Beatum
3010 5262 3040 5297 e
3078 5256 3251 5305 cusat,
3287 5245 3606 5312 prioresque
3634 5245 3749 5297 illas

2175 5315 2381 5367 litteras
2404 5314 2609 5367 deletas
2634 5315 2797 5381 cupit.
2845 5314 2917 5365 Ea
2949 5325 3025 5366 est
3053 5317 3273 5383 t'pislultt
3315 5315 3384 5367 9.9
3414 5314 3577 5381 hujus
3611 5315 3748 5366 Itliri.

2174 5386 2348 5449 Quare
2379 5395 2431 5435 et
2463 5384 2547 5436 It;c
2580 5395 2936 5451 prtepostertts
2975 5398 3058 5438 est
3105 5385 3258 5448 ordo,
3289 5396 3345 5439 ut
3373 5385 3440 5438 de
3476 5388 3600 5439 aliis
3628 5395 3752 5436 ante

2180 5468 2500 5508 IIIOIIIIIIIIIIS.

2241 5532 2269 5560 ι
2300 5525 2468 5576 Artem
2500 5523 2685 5575 tenenti
2723 5523 2853 5575 inter
2879 5524 3071 5593 doctos]
3121 5527 3245 5593 Leg.
3298 5541 3466 5578 arcem
3512 5524 3747 5578 tenentis.

2172 5592 2311 5645 Idem
2351 5593 2623 5645 Ennodius
2652 5594 2910 5647 I’armncsi
2936 5599 3001 5647 atl
3038 5592 3255 5648 Beatum
3283 5606 3336 5648 et
3362 5596 3709 5648 Ambrosium
3724 5612 3745 5644 ιε

2170 5660 2309 5733 Ergo
2329 5664 2395 5715 ad
2420 5664 2806 5734 disciplinarum
2829 5681 2994 5717 arcem
3018 5676 3358 5734 properantes.
3388 5666 3629 5731 BAli‘l'lI.,
3655 5666 3750 5717 .-ld~

2168 5731 2357 5785 remur.
2392 5748 2509 5803 pag.
2542 5731 2665 5786 975.
