3998 6362
303 338 395 389 III
1506 339 1978 395 EPISTULAle
2019 342 2145 396 LIII.
2194 344 2322 397 \‘Ill.

825 466 1153 520 EPISTULA
1196 466 1356 519 XXII.

862 572 1111 609 essemus
1137 572 1323 610 ηοω).
1404 544 1409 549 ”

370 648 464 716 Qui
485 647 683 716 justius
706 648 1073 716 pr08peritatis
1103 665 1233 702 mea:
1252 650 1525 717 cognoscit
1540 650 1753 717 indicia,
1778 653 1879 706 nisi

302 742 385 807 qui
414 740 703 801 sinceriter
741 750 795 793 et
838 738 1200 794 indesinenter
1234 740 1461 808 optavit,
1502 755 1599 795 nec
1633 746 1882 797 convenit

303 831 446 897 prius
461 830 695 884 alterum
721 829 985 884 desideria
999 831 1170 884 aliena
1190 832 1543 899 cognoscere?
1559 832 1699 901 Ergo
1714 835 1882 887 servi-

303 920 374 971 tio
394 919 740 974 salutationis
770 920 1029 984 exhibito,
1053 918 1227 973 iudico
1244 934 1347 983 me,
1366 920 1570 974 celesti
1600 921 1876 986 beneficio,

305 1020 584 1079 postquam
612 1011 843 1064 cessavit
858 1010 1087 1064 humana
1109 1012 1333 1074 curatio,
1355 1027 1475 1065 mox
1495 1023 1738 1073 sanatum
1764 1030 1777 1066 :
1806 1031 1885 1067 re-

304 1105 510 1157 vocavit
526 1103 593 1155 ad
608 1118 756 1170 spem
771 1102 1138 1170 prosperitatis
1152 1118 1238 1156 res
1256 1104 1490 1170 illa,quia
1509 1105 1698 1159 medici
1717 1106 1884 1159 desti-

303 1203 505 1247 terunt.
538 1193 692 1248 Nunc
721 1195 911 1263 gaudia
938 1203 1144 1258 vestra,
1188 1195 1325 1249 sicut
1350 1194 1418 1248 de
1435 1211 1520 1248 me
1541 1197 1765 1256 aestimo.
1796 1212 1889 1250 co-

303 1296 646 1355 gnoscentes,
678 1302 884 1341 meeum
912 1286 1152 1340 laudibus
1198 1288 1577 1357 prosequimini
1627 1289 1757 1342 tanti
1797 1288 1890 1344 be-

307 1377 483 1431 neﬁcii
534 1377 845 1446 largitorem
880 1395 892 1428 :
922 1386 977 1431 et
1021 1378 1064 1431 si
1112 1376 1288 1432 adhuc
1339 1393 1434 1432 vos
1484 1380 1689 1447 longior
1740 1397 1885 1435 mora

303 1468 531 1533 detinet,
563 1482 725 1535 quam
755 1468 893 1522 bene
921 1468 1163 1530 valeatis,
1192 1468 1383 1523 litteris
1414 1469 1674 1525 intimate.

821 1564 1149 1619 EPISTULA
1192 1564 1375 1620 XXIII.

857 1669 1110 1709 ENNOOIUS
1140 1671 1325 1711 I-‘LOIO.

379 1743 703 1811 Spectabilis
737 1745 818 1797 vir
850 1744 1198 1800 Eleutherius
1242 1748 1291 1800 in
1338 1750 1551 1817 negotio
1579 1763 1674 1803 suo
1698 1791 1713 1812 ,
1746 1752 1884 1818 quod

310 1851 342 1888 a
363 1837 554 1888 domno
583 1836 836 1901 praefecto
857 1836 1177 1891 audiendum
1207 1838 1444 1892 \‘icarius
1468 1852 1795 1907 susceperat,
1820 1842 1883 1893 ad
1923 1818 1963 1875 Β

311 1926 715 1996 amplitudinem
745 1939 975 1981 vestram
1011 1944 1040 1981 a
1086 1944 1171 1982 me
1206 1931 1666 1985 commendatitias
1706 1946 1888 1999 spera-

312 2018 383 2069 vit
409 2034 423 2067 :
451 2016 703 2080 credens,
730 2017 873 2070 salva
892 2016 1119 2085 justitia,
1143 2032 1300 2086 opem
1314 2019 1416 2073 sibi
1445 2019 1703 2089 integram
1730 2036 1886 2087 posse

309 2119 618 2177 suppetere,
644 2110 687 2161 si
713 2107 844 2177 meis
869 2108 1006 2176 apud
1030 2124 1125 2162 vos
1149 2109 1418 2175 iuvaretur
1437 2110 1706 2179 alloquiis.
1737 2112 1886 2179 ltoge

310 2216 433 2269 ergo
460 2199 667 2254 honore
694 2200 1029 2255 salutationis
1056 2200 1315 2261 exhibito.
1341 2211 1397 2254 ut
1425 2202 1473 2256 ei
1492 2244 1507 2267 ,
1536 2204 1581 2257 si
1613 2219 1737 2259 vere
1760 2218 1887 2258 cono

314 2302 387 2343 tra
414 2291 721 2359 equitatem
755 2292 979 2357 laborat,
1009 2307 1221 2345 manuni
1254 2292 1513 2347 medicam
1562 2295 1839 2362 perrigatis
1869 2312 1885 2347 :

313 2401 377 2449 qu
399 2399 429 2436 a
460 2383 614 2437 nefas
641 2393 746 2447 est,
779 2393 836 2437 ut
866 2383 916 2437 in
942 2383 1249 2452 pracjudicio
1266 2384 1417 2439 bona:
1440 2398 1613 2439 causa:
1636 2385 1887 2454 prodesse

314 2474 412 2531 sibi
437 2474 709 2529 calliditas
735 2474 932 2537 videat,
961 2474 1101 2541 quod
1136 2474 1370 2527 molitur.

825 2563 1154 2619 EPISTULA
1195 2562 1383 2618 XXIV.

842 2671 1097 2733 ENNODIUS
1137 2671 1353 2710 ηυετο.

382 2747 546 2800 Usum
580 2762 735 2800 suum
767 2746 1066 2816 benignitas
1111 2757 1287 2802 vestra
1336 2762 1497 2814 supra
1534 2747 1777 2802 homines
1806 2750 1887 2803 lo-

313 2850 423 2891 cata
456 2838 712 2892 custodt.
762 2839 898 2893 Vere
937 2840 1197 2894 medicina
1240 2850 1325 2894 est
1367 2855 1492 2893 cura
1521 2840 1886 2904 sanctissimi;

314 2944 429 2982 nam
482 2929 805 2984 venerabilis
847 2931 1173 2984 conscientia
1239 2933 1346 2984 lico
1396 2944 1608 2999 semper
1654 2931 1891 2985 insinuat

313 3020 447 3085 quod
477 3020 722 3091 requirit.
748 3021 1009 3090 Digressis
1031 3022 1205 3085 vobis,
1238 3022 1411 3075 acrior
1442 3037 1527 3075 me
1551 3022 1697 3077 calor
1724 3040 1885 3081 exus-

312 3114 400 3178 sit,
432 3122 486 3165 et
510 3114 577 3165 ad
600 3127 814 3167 onmem
842 3113 1267 3182 desperationem
1298 3114 1888 3185 pracipitantediabolo

313 3204 422 3258 vela
450 3215 755 3273 patuerunt.
778 3203 934 3261 Venit
961 3206 1025 3260 ad
1054 3221 1140 3261 me
1164 3205 1423 3272 medicus,
1446 3220 1501 3261 et
1520 3207 1653 3262 dixit
1672 3222 1731 3262 se
1747 3209 1885 3277 quod

314 3296 511 3350 faceret
540 3313 647 3350 non
696 3298 1083 3361 habere.,IIinc
1131 3300 1257 3353 inihi
1289 3301 1460 3368 major
1500 3316 1643 3368 spes,
1675 3302 1888 3370 quando

314 3390 472 3439 homo
502 3389 817 3443 cessaverit.
842 3391 1106 3444 Continuo
1137 3406 1222 3445 me
1251 3405 1373 3445 cum
1403 3392 1651 3461 lacryinis
1682 3392 1747 3443 ad
1779 3407 1888 3446 cte-

313 3479 459 3532 lestis
498 3479 689 3533 medici
740 3480 935 3535 auxilia
988 3483 1260 3545 converti;
1307 3482 1610 3537 et‘demni
1660 3482 1890 3538 Victoris

310 3569 429 3621 oleo
472 3577 641 3621 totum
681 3584 893 3638 corpus,
942 3570 1082 3639 quod
1114 3571 1224 3639 jam
1278 3573 1526 3641 sepulcro
1575 3574 1885 3641 parabatur,

312 3668 497 3711 contra
542 3658 720 3713 febres
772 3663 994 3714 armavi.
1026 3662 1141 3716 Scit
1169 3662 1311 3716 Deus
1339 3678 1489 3718 meus
1523 3678 1538 3717 :
1570 3678 1694 3717 mox
1722 3663 1890 3717 adfuit

314 3750 490 3819 magni
523 3750 709 3804 militis
739 3751 1047 3820 imperator,
1102 3765 1157 3807 et
1204 3754 1347 3824 quod
1402 3770 1496 3823 per
1547 3764 1735 3812 testem
1774 3758 1903 3825 ejus

314 3841 566 3899 idoneum
610 3844 829 3911 peposci
852 3884 866 3907 ,
900 3844 1269 3900 incunctanter
1298 3845 1527 3900 obtinui.
1561 3848 1680 3900 Mox
1713 3847 1889 3901 fervor

314 3938 406 3991 ille
433 3937 623 3991 aeterni
657 3935 874 4004 frigoris~
889 3945 1201 4005 procurator
1220 3938 1465 4005 intepuit,
1485 3950 1536 3991 et
1566 3938 1694 3991 hora
1726 3954 1887 4000 nona,

314 4030 450 4082 sicut
476 4028 695 4096 legitur,
728 4026 951 4081 Domine
979 4041 1100 4081 meo
1131 4028 1415 4080 mandante
1435 4026 1681 4083 discessit
1706 4028 1888 4097 (Joan.

315 4118 411 4187 tv).
446 4118 571 4172 Scio
620 4117 879 4171 orationis
933 4128 1123 4171 vestra:
1172 4128 1412 4187 tempora
1446 4136 1457 4170 :
1490 4119 1602 4172 scio
1631 4119 1891 4189 Iacryma-

315 4225 434 4262 rum
460 4209 674 4276 copiam
702 4208 754 4261 iu
786 4208 879 4262 illo
928 4223 1140 4277 quoque
1176 4219 1449 4264 momento
1482 4210 1687 4278 juvisse
1740 4212 1890 4267 labo-

317 4310 551 4354 rantem.
580 4300 721 4353 Ecca
748 4298 940 4353 indicia
969 4301 1143 4353 votiva
1182 4315 1287 4354 nou
1330 4300 1467 4354 tacui
1498 4301 1631 4355 :sed
1672 4302 1893 4370 portito-

315 4410 433 4446 rum
461 4391 659 4445 raritas
681 4392 1002 4445 desiderium
1030 4406 1314 4446 commune
1333 4393 1627 4459 suspendit.
1654 4392 1782 4445 Nam
1808 4409 1892 4445 me

316 4483 541 4536 multum
570 4484 722 4550 juvat
752 4472 1008 4536 relevatio
1037 4492 1238 4547 vestra,
1260 4498 1381 4552 qua:
1404 4496 1435 4536 a
1466 4482 1616 4536 vobis
1648 4482 1887 4547 mimme,

314 4578 404 4642 qui
428 4574 545 4627 Leta
579 4572 883 4641 respuistis,
908 4582 1141 4637 optetur.

837 4664 1165 4718 EPISTULA
1210 4663 1248 4717 Χ
1262 4663 1299 4716 Χ
1313 4664 1371 4717 ν.

851 4772 1107 4810 ENNODIUS
1146 4772 1367 4810 FAUSTO.

387 4851 503 4904 Mox
538 4850 626 4903 ubi
664 4864 749 4903 me
776 4849 943 4917 gratia
974 4864 1200 4916 superna
1246 4849 1507 4918 respexit,
1558 4858 1613 4903 et
1661 4850 1891 4903 animam

331 4943 383 4995 Ie
408 4941 593 5009 judicii
620 4941 855 4993 cmlestis
888 4941 1157 4993 vicinitate
1192 4941 1541 5007 trepidantem
1569 4981 1582 5003 ,
1613 4956 1892 5004 concesso,
1950 4952 1957 4959 ‘

332 5044 375 5086 it
432 5035 840 5095 melioraretur,
888 5033 1095 5085 vivendi
1152 5032 1349 5085 laxavit
1396 5033 1599 5100 spatio,
1632 5033 1894 5100 magnitu-

330 5124 428 5176 lini
460 5134 650 5177 vestra:
682 5123 936 5176 beneticia
977 5136 1069 5190 per
1102 5122 1301 5176 litteras
1344 5123 1521 5175 divina
1576 5138 1681 5175 neu
1737 5124 1893 5177 tacui.

322 5216 477 5277 Vere,
528 5215 868 5271 cessantibus
913 5214 1165 5277 medicis,
1208 5213 1348 5266 illius
1391 5215 1477 5283 qui
1516 5215 1813 5268 innocentia
1843 5226 1897 5268 et

314 5308 564 5374 lacrytnis
595 5306 814 5369 emitur,
848 5304 1108 5359 medicina
1141 5323 1245 5359 non
1288 5306 1477 5359 defuit.
1518 5307 1762 5364 Credite,
1795 5306 1893 5359 nisi

312 5399 445 5451 mihi
471 5398 809 5451 subvenisset
835 5398 1108 5451 destitutio
1137 5400 1434 5451 curantium
1453 5441 1467 5462 ,
1514 5398 1583 5451 nil
1628 5396 1883 5451 valerem.

312 5486 445 5543 Nam
473 5493 593 5560 quia
616 5491 973 5559 aegrescebam
1023 5490 1296 5543 hominum
1345 5491 1566 5557 Studiis,
1612 5492 1751 5560 carpi
1801 5507 1888 5551 ne-

392 5625 407 5655 ¹
432 5623 618 5679 Domni
650 5624 893 5694 Victoris]
932 5625 1175 5695 Martyris
1203 5624 1625 5679 Mediolauensis.
1684 5625 1753 5677 De
1794 5624 1894 5677 hac

308 5698 544 5749 mirabili
573 5698 848 5751 curatione
864 5697 1131 5765 copiosius
1153 5707 1273 5765 aget
1300 5698 1352 5749 in
1380 5696 1747 5750 Eucharistice
1776 5698 1894 5749 vittc

310 5780 449 5822 $0113.

3460 350 3562 408 με

1905 457 1951 511 Α
1981 452 2225 520 gligentia
2254 453 2361 517 jam
2390 454 2585 506 sanari.
2622 453 2746 509 ILcc
2769 455 2983 523 quidem
3018 456 3283 523 prioribus
3309 457 3553 513 intimata

1987 553 2144 596 sunt:
2179 545 2271 595 sed
2315 559 2380 595 ne
2402 547 2611 598 occasio
2632 546 3043 611 'prteteriretur,
3067 548 3276 615 adjeci:
3309 564 3555 618 sperans.

1985 638 2242 701 obsequio
2274 634 2608 687 salutationis
2635 636 2844 702 oblato,
2890 648 2946 690 ut
2977 654 3059 693 me
3095 640 3162 698 de
3195 641 3563 709 prosperitatis

1988 737 2178 781 vestrae
2206 728 2273 782 de
2308 743 2405 797 qua
2438 726 2670 795 pendeo,
2700 728 2989 782 sublevetis
3011 731 3277 800 alloquiis.

2498 817 2823 897 EptsroLA
2866 818 3055 874 xxvi.

2533 903 2787 941 ENNOIIIUS
2815 905 3025 942 AVIENO.

2058 978 2288 1032 Neci-sse
2345 990 2429 1034 est
2467 990 2523 1033 ut
2560 981 2646 1049 qui
2692 981 2962 1046 desiderat
2990 985 3183 1053 scripta
3238 998 3413 1041 vestra
3456 1004 3561 1041 neu

1990 1070 2161 1123 taceat
2189 1088 2200 1121 :
2234 1088 2329 1124 nec
2356 1072 2554 1125 silentii
2579 1076 2877 1143 exemplum
2904 1074 3115 1139 tribuat,
3146 1081 3231 1144 qui
3263 1082 3408 1148 cupit
3434 1082 3565 1134 allo-

1986 1162 2191 1227 quium.
2223 1160 2377 1215 Juxta
2412 1163 2713 1216 orationum
2756 1178 3049 1218 vestrarum
3089 1167 3371 1236 suffragia,
3431 1186 3565 1239 quos

1990 1246 2291 1306 innocentia
2323 1260 2377 1307 et
2408 1252 2621 1307 devotio
2647 1253 2754 1307 Deo
2779 1265 2963 1308 nostro
2987 1255 3116 1309 facit
3142 1270 3418 1326 acceptos,
3450 1277 3563 1315 me-

1990 1343 2173 1396 liorem
2208 1358 2291 1396 me
2322 1359 2441 1396 esse
2471 1344 2583 1412 jam
2629 1345 2802 1398 sentio
2829 1362 2842 1397 :
2874 1346 3185 1401 desiderans
3217 1348 3565 1403 Ιιοηυιὶίὶεεειιι·

1991 1434 2062 1485 tia
2092 1435 2430 1489 salutationis
2460 1436 2700 1502 impensa
2723 1477 2737 1501 ,
2768 1453 2927 1506 quam
2975 1440 3110 1493 bene
3146 1442 3363 1494 valeatis
3404 1458 3567 1510 agno-

1989 1540 2183 1579 scere:
2216 1527 2337 1593 quia
2374 1540 2490 1594 poSt
2513 1538 2783 1595 receptam
2815 1528 3060 1593 salutem,
3102 1531 3314 1584 unicum
3357 1544 3439 1586 est
3476 1548 3565 1587 so-

1990 1618 2171 1671 latium
2198 1619 2336 1673 beue
2364 1629 2555 1673 vestrae
2586 1620 2952 1687 prosperitatis
2976 1622 3167 1675 attolli.

2484 1708 2813 1762 EPISTULA
2856 1709 2896 1762 Χ
2909 1710 2945 1761 Χ
2958 1709 3065 1762 VII.

2499 1814 2753 1852 ENNODIL’S
2792 1814 3067 1861 BABBARE.

2058 1887 2313 1953 Quamvis
2348 1888 2520 1941 adhuc
2551 1888 2687 1943 inter
2724 1901 2964 1943 extrema
3007 1890 3105 1941 sim
3136 1892 3360 1956 positus,
3393 1902 3446 1944 ct
3475 1908 3570 1959 pro

1989 1989 2323 2046 peccatormn
2356 1996 2592 2035 meorum
2626 1982 2786 2045 mele,
2818 1982 2989 2035 somni
3016 1982 3118 2035 luci
3154 1984 3569 2052 lienciicia,dmn

1988 2086 2203 2124 mereor
2231 2070 2280 2123 in
2312 2071 2521 2139 longum
2553 2072 2782 2136 centeri,
2824 2089 2927 2125 non
2960 2088 3159 2140 sequan
3191 2090 3252 2125 ur
3280 2090 3292 2124 :
3329 2089 3571 2127 reveren-

1990 2160 2077 2213 tia:
2100 2168 2274 2214 tamen
2310 2172 2501 2214 vestrae
2528 2163 2799 2230 obsequiis
2821 2165 2959 2231 quod
3002 2163 3162 2217 debet
3195 2163 3433 2232 pendens
3460 2167 3572 2217 ani-

1988 2265 2073 2302 ma
2105 2264 2207 2303 n0n
2238 2253 2437 2304 omisit.
2493 2252 2634 2306 Penc
2670 2253 2781 2320 jam
2830 2264 3047 2306 vocatur
3095 2253 3159 2306 ad
3208 2254 3487 2322 judicium,
3519 2267 3572 2308 et

1989 2341 2161 2394 adhuc
2190 2343 2409 2409 suspicit
2436 2344 2486 2395 in
2516 2341 2615 2396 hac
2641 2344 2759 2397 lucc
2780 2358 2913 2411 quos
2930 2343 3112 2397 coluit.
3138 2345 3307 2410 Quam
3339 2360 3461 2398 vera
3486 2357 3573 2399 est

1991 2432 2076 2483 illa
2106 2434 2389 2497 sententia,
2407 2434 2547 2502 quod
2571 2447 2785 2487 sanctus
2807 2434 3027 2488 allectus
3043 2449 3140 2487 nec
3163 2443 3333 2489 morte
3356 2439 3568 2501 pereat!

1990 2522 2152 2590 Ergo,
2205 2522 2399 2576 domna
2450 2539 2588 2589 mea,
2646 2524 2875 2577 servitiis
2928 2540 3024 2578 vos
3070 2525 3262 2578 debita:
3293 2525 3570 2578 salutatio-

1990 2612 2071 2664 nis
2100 2625 2448 2679 prosequens,
2479 2628 2607 2684 rogo
2631 2625 2707 2683 ut,
2743 2616 2933 2684 agnitis
2956 2631 3073 2685 quae
3102 2618 3243 2670 circa
3271 2633 3355 2670 me
3375 2630 3567 2685 gerun-

1990 2713 2095 2764 tur,
2122 2717 2216 2769 pro
2248 2704 2336 2756 illo
2361 2720 2466 2772 quo
2488 2706 2734 2761 omnibus
2748 2708 2999 2761 etninetis
3023 2718 3075 2761 et
3104 2709 3376 2777 sanguinis
3395 2710 3570 2761 nitore

1988 2803 2040 2846 et
2065 2795 2488 2850 conversationis
2515 2797 2700 2862 radiis,
2730 2798 2928 2852 domne
2959 2813 3077 2853 meo
3108 2800 3352 2867 apostolo
3388 2810 3442 2854 et
3468 2816 3569 2854 ca:-

1990 2887 2119 2942 teris
2157 2888 2273 2954 ejus
2304 2889 2552 2941 fratribus
2595 2890 2941 2958 supplicetis:
2975 2899 3032 2944 ut
3073 2906 3165 2957 per
3212 2907 3307 2945 vos
3348 2904 3564 2946 exorata

1992 2979 2080 3031 Dei
2116 2979 2372 3045 petentia,
2403 2981 2700 3033 clementise
2723 2994 2831 3035 sum
2862 2996 2981 3051 qua:
3015 2982 3163 3035 tarda
3194 2996 3316 3037 esse
3347 2998 3450 3036 non
3475 2998 3561 3037 so—

1992 3071 2084 3138 let,
2113 3069 2368 3126 bcucllcia
2400 3085 2502 3125 non
2537 3070 2791 3126 refrenet.

2469 3161 2797 3216 EPISTULA
2843 3161 3080 3216 XXVIII.

2544 3268 2797 3307 ESNODIUS
2828 3269 3015 3308 ΒΕΑΤΟ.

2059 3343 2173 3409 Qua
2230 3344 2360 3398 mibi
2410 3333 2809 3410 vicissi'utlrnis,
2861 3360 2964 3415 qua
3021 3346 3399 3414 obsequiorum
3446 3362 3571 3404 cura

1993 3435 2329 3503 pcusabitur,
2364 3435 2503 3502 quod
2538 3443 2589 3488 te
2616 3443 2673 3489 et
2718 3436 2767 3487 in
2802 3435 3169 3504 frequentibus
3210 3438 3414 3505 paginis
3442 3438 3573 3490 allo-

1989 3543 2124 3597 quor
2144 3538 2200 3581 et
2229 3527 2407 3581 oflicio
2433 3526 2695 3582 sermonis
2726 3530 2797 3582 tui
2826 3528 2877 3583 in
2912 3530 3083 3582 lucem
3112 3530 3272 3584 exite
3302 3530 3568 3599 publicam

1992 3633 2096 3673 non
2137 3619 2408 3673 detester?
2443 3618 2557 3673 Non
2599 3635 2683 3674 me
2725 3632 2855 3675 tetas
2888 3631 2998 3685 tua,
3046 3636 3151 3675 non
3196 3623 3408 3690 ingenio
3450 3638 3571 3676 meo

1992 3720 2166 3780 potest
2186 3726 2439 3765 revocare
2472 3727 2566 3779 par
2597 3712 2843 3766 formula.
2873 3714 3022 3782 Elige
3052 3714 3296 3783 benignis
3321 3717 3436 3783 plus
3456 3731 3576 3770 ere-

1991 3803 2139 3868 dere,
2170 3816 2326 3871 quam
2358 3802 2578 3871 peritis;
2612 3812 2669 3856 ut
2710 3804 2845 3856 liena
2877 3804 3097 3873 originis
3138 3806 3439 3861 anu-ferant
3464 3817 3575 3860 stu-

1991 3890 2093 3945 diis
2123 3909 2134 3944 :
2168 3893 2307 3955 quod
2340 3892 2512 3946 fidelis
2537 3909 2595 3946 es
2616 3933 2631 3955 ,
2678 3892 2843 3947 divini
2871 3905 2952 3948 est
2983 3897 3221 3949 muneris
3256 3915 3268 3947 :
3302 3899 3351 3949 in
3386 3906 3571 3951 natura

1991 3982 2223 4037 eruditio
2252 4000 2266 4036 :
2300 4000 2395 4051 per
2426 3983 2590 4037 Deum
2621 3984 2796 4038 veniet
2825 4001 2911 4038 res
2944 3986 3197 4039 secunda.
3227 3984 3284 4039 NI
3304 3992 3455 4040 eesse
3493 3970 3581 4041 est;

1996 4086 2052 4125 ut
2084 4082 2250 4126 totmn
2295 4074 2387 4127 tibi
2424 4088 2578 4128 amor
2610 4074 2930 4142 integritatis
2972 4074 3243 4140 exhibeat,
3286 4076 3575 4143 primarum

1996 4165 2222 4231 partium
2256 4164 2484 4233 insignia
2530 4165 2639 4233 jam
2682 4166 2909 4220 tenenti.
2942 4165 3082 4233 Ergo
3120 4166 3323 4220 honore
3371 4169 3575 4219 saluta-

1994 4255 2152 4308 tionis
2204 4264 2449 4323 accepto,
2508 4257 2722 4310 noveris
2776 4271 2883 4320 me,
2928 4256 3076 4325 juxta
3136 4257 3445 4325 petitionem
3484 4272 3577 4311 \e-

1995 4356 2180 4410 stram,
2240 4346 2541 4415 epistolam’
2575 4348 2641 4401 ad
2665 4363 2757 4401 vos
2778 4348 3177 4412 admenitionis,
3210 4351 3451 4417 quamvis
3473 4350 3573 4403 sub

1996 4437 2358 4501 festinatiOnc,
2393 4440 2624 4492 dicmsse
2658 4456 2669 4491 :
2699 4454 2856 4507 quam
2898 4439 2963 4492 ad
3014 4438 3263 4491 deummn
3294 4421 3576 4508 patricium

1917 4532 1970 4591 D
1995 4527 2370 4597 Symmachum
2405 4527 2605 4581 idcirco
2634 4528 2867 4596 dirigere
2898 4529 3211 4597 procuravi,
3251 4538 3308 4582 ut
3345 4532 3485 4599 quod
3520 4531 3571 4584 in

1995 4636 2054 4673 ea
2079 4620 2453 4675 emendatione
2483 4620 2700 4688 dignum
2730 4632 2832 4684 est,
2858 4623 3173 4689 corrigitur.
3214 4621 3317 4677 Sed
3356 4631 3573 4692 prOpter

1995 4710 2387 4779 surreptionem
2418 4711 2772 4778 negligentiae,
2806 4723 2856 4765 te
2899 4727 3110 4781 quoque
3141 4711 3256 4780 ejus
3294 4714 3577 4781 exempla-

1998 4801 2145 4853 ribus
2168 4800 2470 4854 informavi.
2499 4802 2610 4867 Qua
2642 4800 2708 4855 de
2738 4817 2796 4854 re
2828 4810 2881 4854 tu
2904 4803 3042 4867 apud
3077 4800 3127 4857 te
3160 4813 3277 4856 este
3303 4820 3316 4856 :
3344 4814 3399 4856 et
3448 4818 3578 4857 cave

2001 4906 2066 4944 ne
2094 4891 2184 4943 tibi
2214 4892 2279 4943 ad
2304 4901 2355 4945 te
2378 4892 2635 4959 perlatam
2668 4890 2974 4945 manifestes
3001 4892 3388 4959 comprehenso
3420 4907 3577 4960 supe-

2000 4984 2109 5035 rius
2140 4981 2565 5035 etnineutissime
2596 4982 2732 5046 viro,
2764 4998 2865 5036 ceu
2887 4996 2997 5035 rem
3027 4994 3219 5037 novant
3256 4984 3532 5051 postulans
3562 4983 3573 5033 Ξ

1998 5076 2121 5142 quia
2152 5076 2193 5127 si
2222 5074 2337 5141 ejus
2375 5090 2493 5151 earn
2524 5075 2834 5144 magisterio
2857 5076 3119 5143 placuisse
3142 5077 3475 5143 cognoveris,
3510 5077 3575 5127 ad

2001 5166 2240 5219 notitiam
2292 5180 2478 5219 eorum
2530 5166 2765 5234 perferre
2822 5166 2911 5233 qui
2969 5166 3184 5234 sapiunt
3251 5180 3356 5218 non
3416 5165 3571 5217 time-

2000 5260 2098 5313 bis.

2511 5328 2838 5384 EPISTOLA
2887 5327 3075 5383 XXIX.
3164 5332 3167 5335 ’

2553 5415 2808 5453 ENNODIUS
2830 5415 3020 5453 BEATO.

2072 5492 2184 5546 Non
2210 5493 2336 5546 mihi
2368 5504 2485 5546 tuus
2506 5508 2659 5546 error
2680 5493 2863 5557 illusit,
2890 5507 2989 5545 nec
3018 5500 3321 5545 retroversa
3359 5489 3574 5561 decepit

2074 5631 2092 5660 ²
2129 5629 2411 5698 Epistulam
2451 5632 2516 5680 od
2545 5647 2630 5681 vos
2660 5627 3042 5698 admonitionis]
3073 5628 3392 5683 Pat'tenesim
3416 5632 3570 5685 dida-

2004 5702 2249 5753 scalicam
2277 5700 2436 5754 Iicato
2463 5713 2515 5752 et
2543 5698 2827 5767 Ambrosio
2862 5700 3136 5767 scriptam,
3165 5702 3247 5754 tui
3272 5704 3442 5756 locum
3474 5710 3572 5760 de-

2007 5775 2180 5820 dimus
2210 5774 2346 5826 inter
2375 5771 2624 5824 musculo
2652 5765 2906 5843 miscella.
