3998 6362
424 330 523 383 HS

422 529 546 583 disti
574 545 588 583 :
619 544 720 600 ego
747 528 966 599 deliqui,
992 529 1149 581 aliter
1175 530 1240 583 de
1284 539 1334 582 te
1374 542 1530 597 quam
1573 532 1821 597 poscebat
1862 532 1997 587 veri—

420 630 521 684 tas,
552 621 855 691 iudicando.
892 620 968 673 Ad
998 618 1098 671 hoc
1127 619 1371 683 redeunt,
1417 635 1550 688 quos
1595 620 1870 689 diligentia
1918 623 2001 673 in—

427 700 567 765 sulsa
595 712 853 781 captivat;
882 710 1103 779 proinde
1130 712 1238 777 jam
1270 712 1387 765 sine
1425 713 1743 767 circuitione
1774 712 1996 781 loquen-

420 807 545 857 dum
577 814 678 859 est.
707 804 823 870 Quo
854 813 906 857 te
947 804 1327 863 immemorem
1356 805 1426 858 tui
1472 805 1629 858 duxit
1659 805 1841 859 insana
1865 820 2001 874 price

419 894 672 963 sumptio,
703 895 796 948 ut‘
827 904 1013 948 sancto
1040 892 1353 965 presbytero
1372 894 1577 950 diceres
1596 935 1612 961 ,
1661 895 1712 949 in
1762 897 1999 950 versibus

418 983 548 1044 illis.
581 986 825 1056 quamvis
851 985 905 1038 in
931 986 1187 1052 temporis
1220 998 1491 1040 momento
1518 989 1831 1056 compositis
1853 1030 1867 1053 ,
1897 988 1998 1040 ali-

419 1078 609 1146 quibus
632 1077 796 1133 videri
826 1077 1073 1131 :tﬂ'ectutn
1104 1077 1400 1146 coniugalis
1428 1079 1613 1146 gratia:
1648 1095 1752 1133 non
1777 1094 2000 1146 expres-

421 1169 576 1221 sum?
606 1171 714 1223 Aut
734 1183 834 1238 ego
865 1168 1141 1222 diﬂ’atnare
1170 1168 1308 1222 volui
1339 1169 1478 1238 quod
1528 1171 1883 1240 scripseram?
1913 1182 2002 1224 aut

418 1260 688 1331 epitaphia
722 1260 821 1314 hoc
856 1260 1281 1338 poscebant,aut
1301 1262 1477 1314 ratio?
1516 1261 1646 1327 Quis
1687 1262 1786 1316 hoc
1828 1262 1993 1332 impe-

422 1353 578 1415 ritus,
608 1355 921 1420 quis'tecum
972 1353 1199 1406 sanitate
1243 1367 1439 1408 vacuus
1482 1354 1653 1420 dixit,
1689 1360 1745 1406 ttt
1786 1369 1999 1407 carmen

420 1445 561 1514 quod
591 1444 641 1498 in
657 1459 932 1498 summam
964 1444 1191 1511 gratiam
1219 1443 1446 1497 domnus
1492 1443 1721 1497 Faustus
1766 1447 1998 1513 excepit,

421 1532 539 1589 teet
566 1535 909 1603 participibus
930 1534 1033 1586 tuis
1063 1533 1693 1589 rodentibusltederelur?
1714 1535 1871 1589 Forte
1893 1536 1913 1565 '
1937 1534 2003 1587 tle

324 1647 333 1655 -
422 1627 579 1680 tertio
609 1626 914 1689 Phaleucio,
944 1627 1032 1694 qui
1078 1624 1459 1679 Terentianum
1503 1622 2002 1689 nest-iuttt,'ltabue-

423 1720 555 1783 rint,
582 1719 721 1787 quod
746 1721 811 1773 tle
840 1734 941 1771 una
974 1717 1175 1787 syllaba
1205 1727 1511 1786 qtueretttes
1550 1719 1885 1772 occasionem
1921 1720 1999 1771 lo-

1526 324 1795 387 ENNODII
1832 326 2130 389 HPISCUPI
2167 326 2543 389 TICINENSIS

418 439 631 492 alfectio
658 457 668 490 :
701 445 757 492 ιιι
783 438 976 506 anatis,
1009 449 1229 503 natura,
1257 438 1515 509 propesitt
1546 440 1788 493 ordinem
1817 436 1997 495 cus't'o-
2031 447 2076 503 Α

3571 335 3665 396 Μ

2594 439 2929 521 exustum
2969 440 3183 497 χχχιι.

2473 550 2729 589 esttantus
2767 550 3047 590 sruuceo
3083 536 3300 604 (mre).

2171 624 2302 681 item
2334 628 2692 682 necessariam
2732 628 3015 697 providet,
3060 628 3149 697 qui
3193 636 3398 697 parenti
3436 629 3665 685 omnium

2101 718 2316 771 orbatos
2347 729 2399 771 et
2418 718 2738 786 peregrinos
2765 718 2994 771 insinuat
3021 734 3033 769 :
3062 718 3217 770 unica
3246 717 3326 770 via
3355 727 3438 772 est
3461 731 3667 787 aposto-

2102 804 2241 858 latus
2270 807 2428 859 vestri
2457 806 2740 872 solatium,
2779 819 2898 875 qua:
2933 806 3179 861 medetur
3219 808 3472 861 externis.
3518 807 3668 864 Absit

2101 896 2330 951 afﬂictos
2348 896 2557 963 dicere,
2585 912 2721 966 quos
2763 898 2829 952 ad
2868 912 2965 952 vos
3000 899 3284 968 contigerit
3325 902 3665 968 pervenisse:

2100 987 2360 1041 creatoris
2390 989 2636 1055 patriam,
2659 1002 2791 1057 opes
2814 988 2938 1042 alibi
2968 1003 3075 1043 non
3101 990 3396 1059 requirunt,
3429 1005 3557 1060 quos
3579 1007 3669 1045 eo-

2103 1094 2250 1132 rona:
2288 1090 2479 1133 vestrm
2521 1093 2651 1133 cura
2694 1080 3010 1148 susceperit.
3066 1081 3398 1136 Praesentum
3451 1083 3668 1151 bajulus,

2103 1176 2256 1222 ortus
2283 1168 2552 1230 nobiliter,
2584 1169 2855 1237 profutura
2898 1171 2961 1221 ad
2992 1170 3354 1224 testiinonium
3387 1172 3669 1240 ingenuita-

2109 1259 2177 1309 tis
2201 1257 2375 1311 studia
2416 1259 2652 1311 Ilumaua
2686 1262 2925 1329 requirit.
2961 1260 3108 1313 Nunc
3149 1261 3460 1315 beatitudini
3491 1273 3671 1315 vestra:

2107 1360 2225 1400 mea
2253 1346 2509 1414 supplicis
2540 1348 2701 1400 vestri
2749 1349 3094 1404 commendat
3134 1350 3382 1413 assertio,
3406 1360 3463 1404 ut
3490 1353 3672 1405 saluta-

2106 1438 2263 1489 tionis
2290 1439 2521 1491 servit'tis
2541 1438 2825 1507 dignanter
2853 1442 3116 1508 acceptis,
3154 1442 3295 1509 quod
3340 1459 3439 1499 usu
3488 1443 3670 1509 facitis,

2107 1542 2204 1595 pro
2226 1528 2327 1579 mei
2349 1527 2785 1582 consideratione
2816 1532 3134 1596 gentinetnr.

2593 1637 2921 1693 EPISTOLA
2966 1638 3196 1693 XXXIII.

2448 1743 2702 1781 assumus
2735 1727 2757 1758 ⁸
2788 1742 3068 1781 ιιοιιιιιεωι
3099 1742 3341 1782 ιηλεοιιο.

419 1825 735 1885 querentur.
774 1814 908 1868 Vere
948 1813 1139 1881 dignus
1189 1812 1259 1865 fui
1303 1813 1399 1866 ista
1448 1829 1569 1882 qua:
1616 1815 1833 1883 pertuli,
1879 1816 1998 1882 quia
2037 1812 2077 1870 Ii
2179 1816 2246 1870 Et
2272 1817 2410 1885 quod
2442 1831 2524 1884 es,
2556 1817 2901 1870 miseratione
2926 1829 3178 1882 ornatur;
3224 1832 3273 1872 et
3311 1818 3453 1887 quod
3482 1818 3674 1871 futurus

420 1907 676 1974 scriptum
707 1912 791 1958 est
835 1903 1048 1974 (Matth.
1100 1918 1192 1968 vn,
1245 1902 1330 1973 6),
1380 1905 1692 1975 margaritas
1733 1915 1855 1958 ante
1901 1906 1999 1959 im-

421 1996 615 2048 munda
647 1994 894 2048 animalia
926 2009 1030 2047 non
1053 2009 1171 2048 esse
1199 1995 1503 2049 mittendas.
1533 1996 1785 2063 Quamvis
1812 1997 2001 2050 dictio-

422 2104 547 2141 num
583 2098 637 2141 et
669 2086 947 2156 imperitiae
971 2101 1105 2141 mea:
1144 2087 1280 2142 bene
1309 2088 1409 2141 sim
1436 2090 1712 2153 conscius,
1747 2100 1797 2143 te
1826 2098 1999 2142 tamen

421 2194 521 2235 nec
551 2180 689 2235 scire
710 2177 936 2248 aliquid,
969 2193 1068 2232 nec
1082 2178 1338 2232 sciturum
1366 2188 1492 2232 ante
1510 2179 1821 2233 didieetam.
1852 2180 1997 2246 Vale,

422 2283 474 2325 et
504 2270 569 2324 ad
602 2273 734 2324 alios
756 2280 815 2324 te
844 2270 1036 2337 qubus
1067 2270 1262 2323 tle'bcas
1294 2269 1458 2339 loqui,
1482 2262 1753 2325 Convene.

947 2360 1010 2416 ει
1038 2360 1277 2414 18Το1ιΑ
1320 2355 1486 2413 XXX.

737 2466 995 2512 ENNODIUS
1028 2472 1056 2508 Δ
1098 2471 1302 2510 ιειιιιΑτο
1317 2470 1687 2510 φιιεειιιετπιιη,

493 2552 704 2609 Acerba
735 2553 1067 2623 aegritudinis
1114 2552 1312 2620 impetu
1340 2562 1407 2606 -ει
1435 2551 1605 2605 valida
1655 2550 1881 2605 iebrium
1924 2549 2003 2602 ni-

427 2643 641 2699 ntietate
681 2643 981 2707 con'ritus,
1023 2657 1145 2697 cum
1165 2653 1233 2696 ut
1272 2641 1431 2697 (idem
1481 2642 1675 2696 veteris
1715 2641 2002 2696 testimonii

423 2735 670 2789 Christus
701 2743 881 2788 noster
914 2734 964 2787 in
978 2749 1095 2799 .me,
1118 2734 1260 2804 quod
1285 2734 1336 2787 in
1368 2732 1567 2788 Latro
1590 2734 1806 2799 fecerat,
1826 2743 2007 2787 osten-

424 2826 668 2890 disset,et
689 2824 1135 2895 Evangeliilldem
1148 2810 1505 2896 praesentibus
1517 2825 2004 2880 declararetexetn-

426 2918 528 2987 plis
552 2935 565 2971 :
597 2918 804 2973 litteras
829 2927 1034 2973 vestras
1056 2918 1261 2989 accepi.
1279 2918 1554 2973 Ordinavit
1580 2918 1671 2973 ille
1696 2917 1786 2987 qui
1816 2918 2004 2988 potuit,

426 3020 480 3063 ιιι
509 3009 696 3066 diebus
718 3010 913 3080 quibus
936 3009 1097 3064 vitam
1119 3011 1445 3073 restituerat,
1474 3012 1765 3062 amicorum
1796 3024 2007 3078 quoque

425 3115 643 3155 suorum
667 3116 784 3155 eam
816 3110 869 3155 et
898 3102 1243 3155 conﬁrmaret
1273 3111 1326 3157 et
1369 3098 1579 3155 fulciret
1622 3100 1886 3169 alloquiis.
1935 3100 2006 3153 De

2106 1920 2185 1967 es,
2222 1906 2416 1975 pietate
2446 1907 2780 1975 conquiritur
2813 1925 2823 1958 :
2858 1916 2914 1960 et
2938 1909 3218 1961 diaconum
3250 1910 3333 1961 his
3370 1909 3560 1962 studiis
3584 1925 3674 1963 ex-

2110 1997 2298 2061 tulisti,
2333 1996 2486 2065 cujus
2518 1996 2594 2049 rei
2621 1997 3034 2065 promittit-cura
3080 1999 3406 2067 pontificem.
3442 1999 3676 2054 Prusen-

2105 2089 2233 2142 tium
2260 2088 2488 2158 bajulus,
2521 2086 2780 2144 honestus
2803 2092 3058 2155 moribus,
3089 2100 3281 2145 natura
3309 2091 3573 2156 sublimis,
3594 2107 3675 2160 ge-

2105 2180 2232 2233 mini
2262 2180 2437 2233 solatii
2469 2180 2688 2233 orbatus
2711 2182 2961 2249 pra-sidio
2981 2220 2995 2245 ,
3042 2180 3267 2234 Romam
3302 2196 3406 2251 pro
3451 2181 3634 2235 honest
3654 2198 3677 2233 θ

2103 2281 2182 2323 art
2210 2271 2325 2335 bus,
2356 2271 2477 2324 licet
2496 2273 2945 2339 peregrinaturns,
2960 2272 3342 2341 expet:it.Vitle
3365 2275 3411 2327 si
3445 2288 3677 2327 merean-

2107 2374 2187 2417 tur
2218 2380 2247 2416 a
2276 2364 2547 2433 religioso,
2583 2364 2718 2418 bene
2754 2374 2899 2429 nato,
2934 2365 3206 2435 locupleti,
3235 2365 3417 2433 juvari
3448 2367 3543 2419 ista
3569 2382 3679 2435 quat

2106 2455 2339 2522 praetuli.
2387 2454 2536 2507 Nunc
2576 2453 2757 2508 officio
2794 2456 3128 2508 salut.ttitmis
3163 2456 3433 2523 exhibito,
3476 2471 3600 2525 rogo
3627 2465 3678 2517 ut

2105 2552 2151 2604 si
2183 2568 2299 2611 me.
2348 2550 2393 2605 si
2436 2550 2632 2603 bonam
2672 2566 2830 2619 quam
2870 2552 3111 2604 eoemisti
3144 2553 3453 2619 Opinionem
3494 2532 3678 2620 diligis:

2106 2642 2361 2711 impensis
2389 2643 2616 2710 portitor
2639 2641 2909 2695 adule-cat
2940 2642 3175 2697 auxiliis.

2526 2736 2531 2741 ’
2580 2730 2907 2787 EPISTULA
2953 2732 3195 2787 XXXIV.

2488 2814 2745 2877 saaontus
2776 2824 2796 2853 ‘
2827 2839 3084 2877 I’OItTIANO
3114 2840 3318 2879 nam.

2181 2912 2379 2967 Divinis
2408 2911 2714 2967 declaratur
2738 2916 3031 2982 exemplis,
3063 2914 3163 2966 nisi
3200 2929 3293 2982 per
3328 2914 3421 2967 Dei
3468 2913 3681 2981 gratiam

2109 3004 2469 3059 visitationem
2514 3004 2787 3057 hominum
2818 3006 3117 3059 cmlestium
3159 3020 3263 3059 non
3318 3006 3525 3057 venire.
3564 3005 3682 3069 Qum

2108 3097 2249 3149 enim
2279 3095 2581 3150 recordatio
2610 3105 2777 3162 poteSI
2801 3110 2923 3150 esse
2957 3098 3311 3165 peccantium,
3344 3094 3448 3147 nisi
3472 3093 3683 3148 occultis

427 3192 669 3246 versibus
699 3190 839 3244 unde
870 3191 961 3244 tibi
990 3200 1291 3259 portentum
1322 3192 1447 3245 illttd
1472 3192 1639 3257 dixit,
1680 3191 1843 3245 risum
1875 3191 2001 3245 mihi
2032 3174 2076 3237 C
2108 3188 2386 3243 itineribus
2418 3187 2567 3242 favor
2586 3188 2821 3243 C(BICSliS
2842 3196 3121 3256 operetur,
3155 3196 3211 3240 et
3240 3202 3335 3254 per
3360 3188 3507 3238 viam
3539 3199 3681 3238 men-

427 3284 585 3335 stulta
610 3281 808 3349 judic’a
836 3280 1097 3335 fecerunt.
1124 3282 1288 3336 Scias
1330 3284 1450 3335 illos
1493 3282 1545 3336 in
1585 3296 1793 3337 summo
1838 3284 2008 3353 pretio

427 3370 567 3441 apud
598 3371 851 3425 domuum
883 3370 1091 3425 habitos
1116 3412 1130 3435 ,
1178 3372 1418 3441 quamvis
1462 3374 1512 3426 in
1553 3374 1807 3442 temporis
1844 3391 2009 3444 angu-

428 3461 542 3535 stial
572 3473 625 3518 et
662 3463 905 3540 vitidarii
967 3467 1365 3520 transeursione
1407 3468 1759 3535 consctiptos.
1811 3468 1916 3524 Sed
1963 3471 2008 3524 si

428 3568 523 3607 eos
546 3568 648 3606 non
677 3554 968 3622 scripsisti,
995 3570 1092 3608 nec
1120 3555 1301 3610 facias.
1332 3557 1458 3611 Mihi
1485 3559 1699 3624 sufficit,
1734 3560 1857 3614 dum
1889 3560 2006 3624 feci,

432 3651 555 3695 vota
604 3644 922 3710 complesse.
972 3642 1121 3698 Nunc
1168 3647 1232 3697 ad
1284 3662 1402 3700 eam
1456 3658 1658 3716 partem
1707 3665 1792 3704 nte
1823 3651 2006 3705 confe-

432 3747 514 3797 ro,
549 3748 669 3802 qna:
713 3733 1019 3804 specialiter
1056 3749 1084 3787 a
1120 3737 1329 3791 sanctis
1361 3738 1634 3805 poscenda
1666 3749 1782 3803 est;
1829 3749 2010 3808 ntpro

431 3841 573 3896 :egro
620 3836 674 3882 et
714 3837 930 3881 amante
965 3828 1224 3883 attentius
1252 3843 1408 3894 ores;
1458 3829 1501 3884 si
1542 3847 1773 3894 mereor.
1822 3834 2006 3887 crebra

432 3916 560 3971 mihi
590 3930 641 3972 et
659 3919 1026 3973 instructionis
1040 3919 1499 3973 eteonsolationis
1524 3936 1742 3990 praestes
1758 3924 2006 3995 allttqnlzt.

938 4010 1266 4065 EPISTULA
1321 4010 1509 4064 XXXI.

996 4115 1250 4154 ENNtihlUS
1272 4116 1483 4153 hOE'rlo.

503 4187 875 4243 Consideratio
906 4190 1285 4258 magnitudinis
1313 4201 1506 4245 vestrae
1526 4195 1706 4261 exrg't
1728 4192 2012 4261 epistulare

436 4282 846 4345 commercium;
871 4278 964 4336 sed
994 4280 1262 4335 feStinatio
1283 4282 1558 4352 portitoris
1586 4284 1864 4352 epistolam
1896 4285 2012 4338 bre-

441 4372 603 4425 vitate
631 4371 914 4426 conclusit.
946 4371 1059 4427 Non
1086 4373 1234 4443 potui
1259 4376 1454 4431 morari
1481 4386 1853 4445 pr0perantem
1882 4378 2011 4431 :sed

442 4476 540 4516 nec
567 4460 649 4516 bis
672 4476 897 4516 vacuum
916 4463 1109 4518 muniis
1138 4474 1352 4534 propter
1381 4480 1467 4520 res
1487 4469 1817 4522 necessarias
1836 4469 2009 4523 emisi.

439 4552 667 4607 Crebras
697 4567 859 4621 super
890 4553 1049 4608 domo
1102 4570 1260 4624 quam
1316 4560 1553 4626 poposci,
1603 4561 1806 4615 litteras
1852 4564 2015 4615 desti-
2045 4537 2091 4597 υ

445 4644 589 4695 navi.
617 4641 671 4698 Si
703 4643 959 4712 possibile
985 4655 1068 4698 est
1094 4648 1270 4715 cupita
1305 4648 1480 4713 tribui,
1505 4649 1613 4717 jam
1646 4651 1863 4712 referte,
1894 4654 2013 4720 quia

444 4733 621 4785 omnia
651 4733 875 4787 ardilicia
923 4733 1038 4800 ejus
1090 4736 1189 4791 sub
1233 4737 1553 4806 negligentia
1601 4751 2014 4795 consenescunt.

452 4827 674 4880 Domine
704 4824 804 4888 uti,
843 4826 1175 4883 salutationis
1204 4830 1454 4900 obsequia
1510 4832 1837 4901 dependens,
1890 4850 2019 4904 rogo

448 4926 503 4970 ut
535 4933 626 4969 vos
644 4918 841 4985 juvetis
867 4917 982 4974 sine
1014 4932 1191 4975 vestro
1227 4920 1506 4989 dispendio
1535 4926 1945 4993 supplicantem.

525 5058 537 5132 ξ
567 5055 757 5132 Sancto
784 5056 1112 5132 presbytero],
1135 5058 1605 5132 Adeodattuepist.
1634 5078 1745 5132 seq.

519 5128 539 5157 ’
571 5125 645 5178 lle
678 5128 827 5179 tertio
872 5125 1167 5198 Plialettfiaj
1194 5128 1244 5183 id
1268 5140 1372 5192 est,
1403 5125 1617 5198 Exoptet
1644 5125 1863 5188 similent
1906 5152 2015 5189 nm-

450 5199 597 5272 lron'rt
623 5206 814 5272 sortem
837 5212 855 5248 :
882 5212 987 5272 quo
1016 5201 1460 5272 versuclauserat
1488 5214 1622 5270 eptta
1636 5206 1813 5272 pitiutn
1844 5207 2016 5269 (lync-

449 5267 671 5345 gieltb.
710 5282 801 5328 \‘ll,
834 5270 988 5343 epist.
1022 5267 1109 5345 ἐξ).
1153 5269 1275 5345 llaec
1305 5271 1463 5345 igitur
1491 5267 1576 5327 est
1606 5267 1824 5341 epistola
1855 5267 2011 5345 quam

453 5340 608 5403 paulo
637 5347 759 5391 ante
787 5334 1109 5398 retractavit,
1144 5340 1300 5403 epist.
1327 5334 1415 5394 21.

525 5356 608 5389 1110
637 5356 759 5391 ante
787 5356 1109 5398 τιειγιιοιειηι,
1144 5356 1173 5390 e
1215 5356 1300 5393 181.
1327 5356 1415 5394 ΖΙ.

525 5407 545 5436 ³
578 5406 868 5460 Ηονυοξεάω
897 5406 1143 5475 diacono]
1178 5356 1304 5475 Ejus
1337 5428 1524 5465 nomen
1573 5412 1709 5467 inter
1759 5414 2011 5470 Ecclesia:

454 5474 709 5551 Bormum
737 5476 1059 5551 diaconos‘iu
1085 5474 1289 5546 synodo
1316 5480 1642 5551 Symmachi,
1669 5499 1787 5551 qum.
1824 5486 2010 5540 Avieni

450 5548 673 5617 junioris
688 5550 963 5601 consulatu
988 5558 1167 5601 cincta
1190 5559 1292 5602 est.
1314 5548 1532 5616 Jamque
1555 5548 1698 5617 apud
1714 5553 2009 5611 Eunodiutn

453 5615 645 5681 smpius
673 5623 902 5670 oecurrt
928 5636 937 5668 :
975 5630 1112 5671 nunc
1139 5620 1211 5671 illi
1235 5615 1603 5683 pontificatum
1647 5638 1754 5675 non
1783 5626 2009 5680 obscure

451 5684 737 5763 prtemgit:
770 5686 1066 5763 iterumque
1108 5691 1328 5763 epistola
1360 5690 1628 5763 39.nlfsto,
1664 5692 1851 5760 inquit,
1885 5712 1999 5763 sp:-

451 5753 595 5808 E'ialts
615 5763 782 5815 tutor;
807 5753 1025 5809 omnium
1052 5753 1167 5813 mos
1183 5762 1411 5823 lutum.
1442 5760 1548 5819 Nec
1576 5753 1767 5820 vanum
1798 5753 2009 5819 luLt‘aub

2117 3281 2260 3335 tibus
2287 3280 2595 3350 inspiratam
2625 3293 2741 3346 quae
2768 3287 2985 3348 propter
3025 3286 3241 3346 peccata
3280 3291 3568 3345 surrepere
3600 3290 3686 3342 po-

2111 3383 2267 3436 terat,
2298 3373 2604 3426 eliminetur
2632 3372 2866 3426 oblivio?
2890 3370 3191 3436 lini-etram:
3224 3369 3332 3437 jam
3362 3368 3560 3421 divina:
3586 3364 3683 3418 mi-

2110 3465 2413 3519 sericordia:
2438 3463 2628 3517 ﬁducia
2656 3473 2759 3527 est,
2798 3463 3063 3517 cultorum
3103 3461 3195 3515 Dei
3226 3461 3420 3514 animis
3466 3473 3569 3513 non
3599 3457 3686 3509 de-

2109 3568 2247 3609 esse.
2285 3554 2423 3623 Ergo
2451 3555 2651 3621 gratias
2672 3554 2846 3607 refero
2867 3552 3114 3606 Trinitati
3151 3550 3262 3604 Deo
3284 3560 3492 3613 nostro,
3519 3548 3605 3618 qui
3636 3558 3686 3599 ut

2113 3660 2197 3698 me
2226 3642 2526 3697 reverentia
2553 3652 2729 3696 vestra
2768 3643 2817 3696 al
2835 3657 2946 3709 oqu
2971 3645 3016 3695 is
3047 3641 3321 3703 visitaret,
3353 3639 3550 3707 exegit.
3591 3636 3688 3690 Su-

2112 3737 2279 3804 sripio
2306 3734 2668 3790 obedientiam
2684 3744 2923 3789 vestram
2942 3751 2953 3785 :
2974 3748 3078 3786 nec
3103 3732 3243 3786 enim
3268 3732 3494 3800 exiguus
3522 3730 3688 3784 cultus

2113 3829 2340 3882 debetur
2379 3828 2833 3895 obsequentilttts,
2871 3842 2990 3879 eum
3032 3825 3228 3879 Christi
3276 3824 3445 3893 gloria
3484 3830 3689 3877 maneat

2113 3921 2488 3987 imperantem.
2528 3919 2689 3970 Orate
2728 3932 2823 3985 pro
2868 3932 2952 3969 me
2977 3955 2993 3982 ,
3038 3912 3689 3984 qtti'ltnmanitatisimbe-

2112 4007 2251 4069 cilla,
2281 4008 2405 4060 dum
2428 4007 2601 4060 adhuc
2626 4008 2757 4060 estis
2784 4007 3052 4071 homines,
3075 4004 3315 4059 evitastis
3342 4022 3352 4056 :
3375 4019 3509 4072 quos
3526 4005 3687 4058 conti-

2113 4097 2182 4164 git
2195 4135 2208 4157 ,
2225 4095 2448 4150 necdum
2458 4109 2691 4164 corpore
2707 4108 3058 4165 sequestra'o,
3076 4094 3399 4162 ponderibus
3413 4094 3589 4147 carnis
3602 4093 3689 4143 alt-

2114 4188 2279 4249 solvi;
2312 4198 2363 4240 et
2392 4186 2626 4241 servitis
2656 4186 2993 4240 salutationis
3021 4188 3285 4255 acceptis,
3320 4186 3524 4254 frugem
3555 4185 3688 4237 circa

2118 4294 2201 4331 tne
2221 4294 2270 4347 gt
2284 4277 2428 4345 atiae,
2443 4276 2568 4331 dum
2590 4278 2854 4331 sermonis
2874 4276 3130 4332 adolescit
3144 4273 3375 4353 cultura,
3390 4275 3683 4331 concedite.

2620 4388 2949 4445 EPISTULA
2987 4364 3227 4443 xxxv.‘

2400 4494 2651 4534 ENNOUIUS
2679 4481 2698 4510 ⁵
2728 4464 3026 4534 suaesuae
3052 4495 3411 4533 eaesevrsso.

2189 4571 2491 4625 Inamabilis
2531 4573 2745 4640 quidem
2774 4572 3055 4625 desideriis
3096 4572 3231 4625 meis
3265 4572 3511 4623 militavit
3546 4581 3693 4622 occa-

2120 4663 2221 4727 sio,
2255 4674 2305 4717 et
2337 4662 2473 4716 votis
2498 4664 2700 4717 aditum
2728 4666 3018 4717 necessitas
3044 4664 3127 4717 vit
3154 4663 3368 4717 ferendo
3402 4662 3686 4733 patefecit:

2120 4755 2396 4824 amplexus
2419 4757 2659 4825 paginam
2681 4756 2990 4823 pratfatione
3030 4756 3387 4811 blandientem
3410 4799 3423 4821 ,
3455 4753 3693 4825 sequenti

2119 4849 2234 4914 ejus
2264 4847 2564 4903 elocutione
2590 4848 2843 4902 confusus
2866 4864 3004 4902 sum.
3032 4848 3161 4901 Nam
3192 4848 3346 4902 dulce
3377 4847 3692 4918 principium

2123 4953 2172 4993 et
2218 4940 2391 4995 sereni
2445 4941 2598 4996 mella
2647 4941 2917 5010 colloquii,
2980 4941 3144 4995 relata
3190 4942 3483 5004 calamitas,
3544 4948 3693 5007 quasi

2128 5078 2358 5142 gurinm,
2388 5077 2510 5142 quia
2532 5075 2854 5141 Svmntaclto
2882 5092 3037 5143 papm
3060 5078 3337 5131 successit.

2199 5144 2215 5218 ξ
2252 5144 2495 5199 Portiano
2543 5146 2732 5218 abbati}
2777 5148 2883 5199 Etsi
2915 5158 3163 5218 tempora
3213 5163 3316 5200 non
3359 5146 3412 5199 di
3443 5152 3684 5218 crepant,

2125 5213 2394 5267 affirmare
2440 5224 2614 5270 tamen
2661 5213 2762 5267 nu'n
2813 5217 3003 5280 ausim,
3039 5218 3176 5269 hunc
3210 5228 3449 5270 nostrum
3479 5232 3600 5269 esse
3637 5213 3692 5267 S.

2125 5282 2452 5342 Portiauum.
2484 5288 2570 5353 qni
2603 5285 3054 5339 Cantlidultrensis
3080 5287 3218 5350 apud
3252 5288 3528 5340 Arvernos
3570 5300 3688 5336 ino-

2122 5355 2336 5408 nasterii
2368 5356 2533 5406 abbas
2564 5356 2679 5413 fuit.
2712 5358 2867 5423 eique
2904 5366 2959 5410 et
2981 5358 3177 5424 opptdo
3206 5373 3311 5409 non
3345 5354 3561 5418 ignobili
3594 5370 3696 5424 no-

2119 5439 2237 5493 men
2273 5424 2504 5492 reliquit.
2538 5422 2950 5479 S.\.\ronttmun
2994 5422 3135 5479 enim
3186 5427 3543 5493 appellamus.
3579 5422 3695 5477 Fuit

2118 5502 2171 5545 et
2200 5492 2489 5546 Porcianus
2518 5498 2798 5561 epis'topus
2830 5495 2880 5547 in
2912 5497 3184 5564 provincia
3214 5492 3300 5563 qui
3330 5494 3548 5562 synodis
3572 5494 3696 5543 Car-

2117 5564 2477 5635 pentoratensi
2518 5573 2574 5617 et
2622 5564 2841 5619 Vasensi
2892 5568 3130 5621 interfuit
3173 5568 3356 5635 paucis
3388 5564 3542 5618 annis
3579 5572 3695 5631 post

2121 5633 2444 5685 Ennodintn.

2118 5773 2151 5827 ό
2186 5701 2205 5731 ⁸
2225 5704 2512 5825 ΙΛιινέϋιιηο
2536 5704 2841 5775 μἐδὸυιειό]
2886 5706 2993 5761 \rel
3013 5706 3167 5763 διετιδὶ
3198 5723 3210 5759 :
3242 5704 3381 5775 quod
3412 5701 3689 5776 sequentia

2156 5788 2215 5827 CC
2246 5784 2415 5825 arant.

2156 5784 2415 5827 υςιπειιιι.
