3998 6362
331 389 418 444 HS

1549 384 1914 440 [Ριδτθιλιι
1927 384 2022 440 UH
2062 386 2185 442 LIB.
2234 390 2359 445 VIII.

3479 402 3578 456 μϐ

325 511 464 548 ιιρςιιι
491 501 691 564 noctis,
723 499 964 551 obnubit.
1003 497 1492 566 V'creloquentibus
1521 499 1668 550 vobis
1692 499 1894 564 ingesta
1926 501 1971 556 Α
2007 499 2259 564 guitatem
2305 518 2460 570 quam
2499 507 2620 558 trod
2647 523 2671 558 s
2702 508 2985 572 exhibeas;
3016 510 3215 565 et'dum
3250 514 3476 566 antant's
3506 523 3581 568 tc-

324 599 442 636 suut
467 590 658 652 oculis,
699 604 817 658 qua:
848 587 1106 657 legeb.im.
1143 587 1270 641 Nam
1299 589 1424 640 dum
1453 587 1706 641 absentiae
1739 587 1901 639 felici-

323 687 478 729 tatem
508 678 698 743 pagina
725 678 978 746 sapiedis
1008 678 1306 745 intercepit,
1334 688 1549 731 coactu.
1571 694 1687 730 sum
1716 679 1726 706 '
1764 679 1902 730 illam

326 765 623 819 {Etheriam
670 768 829 820 nimis
868 767 1064 820 vidisse
1103 777 1394 832 terrenam,
1429 778 1481 821 et
1510 784 1538 820 a
1581 769 1905 822 sublimitate

323 860 568 912 vocabuli
600 862 651 913 ιιι
681 861 964 914 Tartarum
1001 863 1137 914 duce
1176 862 1328 928 culpa
1370 861 1681 928 (1.ιρ‹›δὶι.ιιιι.
1730 861 1904 915 Taceo

322 949 444 1006 quid
475 950 731 1003 debuerit
761 952 1088 1018 parentibus,
1121 952 1245 1018 quid
1279 951 1465 1019 pudori
1497 968 1510 1002 ε
1545 967 1607 1003 ex
1627 967 1728 1020 qua
1746 952 1905 1003 dumo

323 1041 498 1094 infelix
531 1045 797 1108 processit
827 1041 892 1092 ad
920 1043 1094 1094 scelus
1127 1057 1138 1091 :
1170 1042 1309 1109 quod
1339 1050 1521 1093 secuta
1551 1049 1631 1092 est
1651 1084 1666 1107 ,
1706 1041 1903 1094 relictis

326 1135 412 1186 Dei
459 1134 784 1194 culteribus,
831 1132 1104 1200 lupanaris
1153 1134 1266 1184 vice
1317 1131 1646 1198 conjugium.
1692 1130 1906 1183 Credite

323 1227 472 1289 milii,
518 1227 780 1278 ultionem
814 1225 1090 1289 criminis,
1123 1223 1247 1276 dum
1280 1225 1513 1275 admittit
1542 1223 1778 1276 crimen.
1811 1238 1904 1274 cs-

320 1337 344 1370 s
378 1328 498 1369 cuta
532 1326 618 1369 est
649 1335 660 1367 :
687 1326 741 1368 et
771 1317 912 1385 turpi
942 1330 1115 1369 mersa
1155 1313 1528 1378 contubernio,
1573 1323 1624 1366 et
1650 1314 1904 1382 ﬂagitiqu

320 1420 373 1459 et
402 1423 617 1474 pugnam
651 1407 837 1475 ﬂagitii
866 1406 1064 1471 reperit
1096 1405 1146 1458 ιιι
1180 1407 1390 1458 marito.
1433 1406 1624 1458 Secum
1677 1403 1752 1456 rei
1787 1418 1904 1471 per—

322 1512 504 1547 souain
533 1497 800 1562 portavit:
831 1505 884 1548 et
918 1493 1112 1563 judicis
1144 1494 1363 1556 mulier,
1403 1493 1530 1547 dum
1569 1494 1728 1560 elegit
1775 1494 1906 1545 iudi-

322 1604 502 1649 guum.
539 1588 896 1640 Producereui
929 1587 1158 1650 litteras,
1192 1586 1293 1638 uisi
1322 1587 1636 1638 memoriam
1666 1585 1906 1638 infausta:

325 1680 536 1730 (culina:
588 1677 958 1730 desiderarem
1023 1677 1288 1730 oblivione
1363 1676 1595 1743 sepeliri.
1663 1675 1807 1736 Vos,
1854 1685 1909 1727 ut

327 1770 506 1822 Galliae
534 1771 852 1836 espulsione
876 1770 1084 1822 illorum
1112 1769 1482 1832 subleventur,
1505 1768 1712 1838 cligetis
1744 1787 1754 1819 :
1783 1785 1904 1829 nos.

2009 602 2190 653 porem
2222 591 2434 654 metuis,
2461 593 2510 644 in
2537 593 2868 651 aﬂectiouem
2898 598 3170 666 lrigescas.
3203 598 3223 629 ⁵
3265 600 3500 663 Domine,
3527 610 3586 654 ut

2009 694 2188 745 supra.
2221 684 2562 739 salutationis
2585 689 2810 755 gratiam
2845 690 3172 757 persolvens,
3208 707 3365 760 spero
3391 706 3440 744 ιιι
3467 707 3586 746 ero-

2009 770 2106 822 bro
2137 772 2200 824 ad
2239 790 2325 824 tne
2365 774 2711 844 epistolarmn
2754 782 3072 834 commercia
3118 781 3149 834 d
3176 797 3338 850 ngas,
3381 783 3501 850 quia
3535 785 3585 835 in

2009 863 2089 913 his
2119 865 2314 918 nuntiis
2349 877 2404 920 et
2450 867 2724 938 diligentia
2778 881 2828 925 te
2856 872 3110 928 admonet
3139 883 3192 929 et
3249 877 3502 943 perfectio
3534 887 3587 928 ut

2009 953 2205 1005 nmltus
2237 955 2534 1010 incumbas.
3069 963 3074 968 ’

2487 1046 2816 1104 EPISTULA
2859 1048 3099 1104 XXXVII

2561 1155 2813 1194 εκιιουιυε
2851 1158 3063 1196 ΒΟΕΤΙΟ.

2079 1225 2330 1291 Quamvis
2361 1231 2502 1281 tenui
2528 1229 2718 1284 eﬂectu
2752 1233 3024 1300 petitionis
3062 1243 3232 1302 surgit
3269 1234 3540 1303 eloquium
3572 1275 3586 1296 .

2008 1326 2061 1368 et
2093 1319 2381 1372 ceneiliant
2424 1332 2477 1374 et
2524 1321 2709 1376 dotant
2768 1323 3066 1378 facundiam
3104 1342 3191 1379 res
3218 1329 3496 1388 secundae,
3531 1331 3583 1381 in

2011 1409 2244 1476 qualibet
2266 1412 2548 1465 verborum
2579 1416 2858 1470 saturitate
2891 1418 3091 1485 pagina:
3134 1419 3178 1472 si
3221 1419 3585 1487 repudientur,

2010 1498 2078 1550 ab
2106 1498 2475 1565 itnpetratioue
2497 1503 2740 1570 jejuuaut
2768 1525 2779 1556 :
2817 1511 2932 1574 plus
2958 1509 3197 1564 felicibus
3234 1511 3476 1578 epistolis
3499 1512 3581 1564 de-

2013 1589 2165 1641 betur
2223 1591 2454 1643 laudatio
2508 1610 2665 1662 quam
2720 1599 2924 1664 peritis.
2977 1599 3102 1653 Jure
3146 1603 3378 1669 loquitur
3415 1606 3590 1656 verbis

2011 1681 2182 1734 nitore
2209 1683 2540 1749 sublimibus,
2566 1687 2653 1754 qui
2684 1700 2976 1743 summates
3009 1695 3149 1745 viros
3179 1692 3392 1746 dicendi
3426 1710 3587 1747 \euu-

2011 1780 2146 1824 state
2189 1774 2420 1841 captivat
2454 1789 2466 1826 :
2498 1778 2722 1842 quodvis
2766 1780 3058 1833 oratorium
3104 1783 3320 1836 schema
3369 1785 3586 1838 sinistra

333 1882 396 1919 ue
446 1864 598 1918 Italia
660 1863 1054 1931 coinquiuctur.
1123 1863 1382 1929 Expetant
1444 1865 1620 1929 potius
1687 1861 1724 1914 L
1751 1863 1909 1928 bycas
1943 1861 1987 1920 Β
2013 1877 2130 1914 sors
2157 1862 2378 1932 dissipat
2408 1882 2420 1916 :
2454 1866 2664 1920 ditescit
2693 1869 2836 1922 enim
2870 1871 3046 1938 lingua
3076 1874 3273 1927 nutrita
3296 1875 3586 1929 beneﬂeizs.

331 1970 501 2028 syrtes
528 1977 539 2011 :
573 1968 628 2012 et
657 1958 725 2011 ab
753 1957 1100 2012 humanitatis
1124 1959 1396 2012 consortio
1418 1958 1725 2010 dividantur
1751 1976 1761 2008 :
1785 1959 1909 2026 quia

327 2053 370 2104 si
393 2051 513 2103 inde
543 2050 801 2103 domuum
857 2049 1202 2103 Aurelianum
1249 2048 1501 2117 fugerint,
1558 2049 1678 2100 hinc
1734 2049 1910 2100 Euuo~

327 2145 502 2204 diunt,
530 2142 600 2194 ad
643 2159 762 2210 qute
806 2141 918 2194 loca
968 2141 1345 2194 declinabunt?
1372 2141 1390 2169 '
1427 2141 1632 2192 Domno
1664 2141 1912 2207 prte'ecto

329 2249 443 2299 quin
465 2233 728 2300 jussistis,
767 2232 1004 2300 pressius
1036 2233 1276 2285 intimavi
1303 2249 1315 2282 :
1345 2232 1431 2296 qui
1465 2232 1484 2262 ³
1520 2249 1567 2299 pi
1583 2241 1780 2300 :ct-epta
1832 2247 1911 2286 re-

328 2328 405 2392 gia
441 2341 566 2378 mox
605 2326 808 2393 exegit,
863 2339 954 2392 per
1003 2342 1119 2391 quae
1143 2324 1414 2378 credimus
1461 2324 1602 2377 viros
1648 2326 1814 2376 buuos
1860 2334 1913 2377 et

329 2416 529 2469 amicos
552 2418 888 2470 occasionem
909 2415 1174 2468 invenisse
1203 2417 1486 2482 praestandi
1514 2434 1524 2467 :
1547 2426 1600 2468 et
1620 2431 1712 2469 vos
1735 2426 1909 2468 tamen

331 2507 563 2560 animum
593 2507 661 2559 ab
690 2508 959 2560 anxietate
991 2517 1260 2560 removete
1300 2526 1310 2559 :
1348 2508 1468 2576 quia
1501 2508 1738 2562 caelestis
1767 2510 1912 2560 sultl-

333 2598 431 2651 ciet
455 2599 521 2650 ad
557 2597 814 2652 ultionem
856 2600 1116 2650 malorum
1170 2600 1320 2667 vigor
1357 2600 1636 2652 examinis.
1690 2598 1911 2652 Domine

333 2688 421 2754 uti,
475 2687 812 2740 salutationis
863 2688 1118 2755 obsequia
1168 2697 1496 2756 praisentans
1533 2731 1546 2753 ,
1606 2703 1791 2756 precor
1859 2699 1913 2741 ut

333 2780 516 2832 crebro
565 2795 652 2833 me
694 2782 1064 2848 prosperitatis
1107 2791 1319 2844 vestrm,
1348 2781 1467 2849 quia
1497 2784 1909 2835 commeantium

335 2874 709 2940 opportunitas
748 2873 1026 2940 ingeritur,
1059 2873 1307 2926 relevetis
1337 2874 1606 2942 alloquiis.

819 2963 1146 3018 EPISTOLA
1193 2963 1427 3017 XXXVI.

874 3072 1126 3110 ENSODIUS
1154 3075 1361 3111 BOETIO.

405 3148 719 3202 Perdiderat
748 3147 1063 3200 eruditioni.
1095 3148 1324 3215 pretium
1366 3147 1538 3217 lingua
1564 3189 1577 3210 ,
1629 3149 1752 3202 dum
1789 3153 1911 3204 reti-

2016 1953 2219 2005 Dudum
2252 1957 2317 2007 ad
2350 1956 2697 2011 eminentiam
2744 1970 2972 2015 vestram
3023 1964 3192 2017 direxi
3241 1967 3591 2036 qualicunque

2012 2046 2228 2099 audacia
2267 2049 2594 2116 producente
2641 2053 3012 2121 colloquium:
3047 2057 3187 2124 quod
3230 2058 3297 2110 ita
3349 2063 3589 2127 responsi

2013 2139 2172 2206 genio
2201 2143 2558 2209 sublevastis,
2585 2155 2650 2198 ut.
2684 2147 2960 2200 crederem
2993 2165 3077 2202 nte
3119 2151 3412 2218 perdidisse
3445 2155 3588 2221 digni

2013 2233 2209 2286 lavor-.3
2241 2243 2476 2302 tempora
2503 2252 2595 2304 per
2613 2240 2843 2306 quietem
2863 2281 2876 2302 ,
2907 2243 3121 2308 quando
3147 2245 3384 2300 modicus
3427 2248 3585 2301 sudor

2009 2321 2266 2388 judicium
2291 2339 2468 2379 arcem
2493 2329 2722 2382 tenentis
2741 2330 3000 2384 illexerat.
3033 2332 3406 2389 Pleni-seratis
3429 2341 3573 2393 etiatl

2013 2414 2232 2468 domum
2263 2431 2418 2484 quam
2451 2432 2821 2487 poposceram,
2865 2439 2970 2476 non
3004 2427 3324 2493 negaudaui.
3354 2428 3590 2484 Geuiiu'u

2015 2508 2252 2559 e'evatus
2275 2523 2458 2562 sucees
2490 2510 2606 2563 ibus
2636 2511 2946 2567 incedebam
2974 2535 2986 2567 :
3011 2519 3053 2568 si
3086 2527 3138 2570 et
3163 2520 3344 2585 opinio
3367 2521 3586 2588 perfecti

2016 2598 2414 2662 astipulatione,
2446 2609 2498 2652 et
2525 2615 2716 2654 census
2759 2603 3160 2674 locupletisSImi
3191 2610 3449 2663 crevisset
3479 2611 3591 2663 iui~

2018 2688 2230 2752 peudio.
2259 2690 2362 2742 Sed
2392 2693 2632 2746 detestor
2657 2711 2882 2758 moram,
2923 2714 3081 2765 quam
3129 2702 3326 2755 sterilia
3378 2704 3590 2770 quidem

2018 2790 2230 2844 peccata
2286 2795 2624 2849 pepererunt.
2681 2786 2816 2840 Nam
2857 2802 2906 2841 et
2940 2793 3096 2843 homo
3140 2793 3278 2845 eulin
3305 2794 3385 2846 nis
3433 2801 3590 2849 vestri

2015 2886 2173 2935 quem
2208 2873 2552 2937 prastolabar
2579 2875 2836 2928 advenit:
2869 2887 2922 2931 et
2967 2879 3097 2931 nihil
3139 2881 3239 2934 sibi
3287 2883 3590 2938 mandatum

2017 2979 2157 3028 esse,
2185 2963 2326 3029 quod
2355 2964 2567 3019 desider
2587 2967 2631 3020 is
2659 2968 2790 3021 uicis
2812 2965 3062 3037 p'rodessc
3099 2981 3278 3038 posset
3301 3013 3315 3034 ,
3346 2977 3589 3028 asseruit.

2021 3053 2152 3108 Vide
2183 3056 2418 3109 mei-iter.
2445 3073 2494 3110 tn
2521 3073 2759 3112 meorum
2790 3061 2933 3112 lusca
2966 3064 3284 3115 commercia
3319 3080 3331 3117 :
3365 3080 3590 3133 quorum

2016 3152 2198 3196 contra
2232 3161 2314 3198 uie
2341 3147 2560 3200 nitentia
2585 3148 2744 3202 lldem
2771 3149 3012 3218 frangere
3049 3162 3338 3218 nequeunt,
3379 3154 3592 3222 exigunt

335 3255 423 3294 eos
453 3256 464 3292 :
498 3241 622 3307 quia
665 3239 792 3291 dum
832 3248 1166 3292 venustatem
1211 3215 1530 3306 eloquentia:
1585 3241 1808 3294 taciturn
1835 3251 1914 3294 tas
1943 3215 1988 3277 C
2021 3235 2341 3290 tarditatem.
2372 3237 2573 3292 Absila
2601 3239 2927 3294 conscientia
2960 3256 3095 3307 mea,
3131 3243 3197 3297 de
3237 3254 3407 3299 vestra
3433 3247 3594 3300 clari-

335 3330 657 3396 includebat,
715 3327 1033 3382 credebatur
1081 3345 1184 3381 non
1235 3343 1355 3383 esse
1388 3331 1526 3395 quod
1566 3346 1734 3398 nuper
1762 3332 1914 3386 eﬂer-

334 3423 464 3475 huit.
519 3419 824 3474 Produxisti
873 3421 923 3472 in
975 3420 1146 3473 lucem
1179 3436 1371 3473 novum
1413 3421 1568 3489 jubar
1597 3421 1792 3488 eloquii
1824 3441 1833 3472 :
1864 3433 1916 3475 et

335 3517 458 3566 dum
512 3511 654 3565 diem
721 3512 772 3564 in
825 3511 1050 3578 epistola
1107 3510 1274 3574 lacis,
1330 3511 1668 3578 splendorem
1728 3528 1917 3567 recens

333 3605 560 3673 adeptus
582 3603 945 3671 crederisjam
969 3615 1256 3658 maturum.
1291 3603 1500 3658 Gratias
1523 3619 1644 3673 ago,
1673 3605 1812 3671 quod
1833 3622 1918 3660 tne

337 3697 402 3750 ad
432 3695 682 3749 amicitiai:
711 3694 1007 3749 custodiam
1059 3697 1260 3762 pagina:
1303 3705 1404 3749 tute
1443 3695 1575 3749 ﬂore
1615 3696 1912 3762 compellis.

337 3788 439 3841 Sed
480 3789 522 3840 si
567 3785 690 3839 ﬁdei
735 3801 870 3839 meae
915 3799 1063 3839 esses
1114 3787 1383 3849 conscius,
1428 3787 1810 3840 dubitationem
1851 3789 1917 3842 de

338 3879 496 3933 rebus
537 3877 904 3932 coastautibus
953 3892 1057 3930 non
1109 3878 1353 3932 haberes.
1387 3878 1574 3933 Timeo
1629 3896 1694 3934 ne
1749 3881 1918 3933 ambi-

408 4015 423 4043 ⁸
453 4009 610 4084 Illam
643 4010 954 4084 xEthcriam]
984 4012 1179 4084 Nurum
1211 4013 1582 4077 Arcliotamim,
1602 4015 1667 4069 dc
1694 4033 1794 4084 qua
1843 4017 1913 4069 ib.

337 4100 439 4142 vn.
469 4082 752 4154 epistau.
795 4081 900 4136 Sed
937 4081 1043 4154 tota
1077 4083 1232 4151 hujus
1262 4084 1504 4149 epistola:
1549 4081 1918 4154 interpretatio

339 4169 404 4206 ex
433 4151 761 4222 Cassiodoro
804 4153 1027 4220 petenda
1055 4162 1157 4215 est,
1194 4155 1332 4221 :tpttd
1362 4170 1517 4222 quem
1555 4151 1917 4212 Theodericus

337 4225 409 4277 de
433 4225 531 4276 hac
559 4221 803 4275 Etheria
832 4222 1156 4276 Merobaude
1185 4221 1474 4276 comitisie
1497 4225 1682 4278 scribit
1713 4226 1803 4278 lib.
1843 4244 1914 4289 tv,

339 4296 498 4359 epist.
533 4292 635 4346 ηε
674 4291 998 4345 Archotantia
1033 4295 1198 4356 itaque
1227 4294 1440 4345 i'lustris
1464 4296 1650 4360 femina
1680 4298 1916 4362 ﬂebiliter

338 4367 671 4434 ingemiscens
698 4364 1010 4430 nepam-sui
1055 4365 1398 4415 calamitatem
1438 4364 1525 4415 tali
1566 4369 1918 4428 conquestione

340 4434 650 4502 deploravit,
673 4434 793 4485 dum
824 4449 976 4499 semp:
994 4448 1019 4483 r
1045 4434 1172 4485 aviae
1201 4449 1322 4483 cura
1350 4435 1572 4485 tenacior
1593 4444 1664 4487 cst
1688 4451 1914 4498 suorum,

340 4521 565 4556 asserens
590 4503 662 4556 .E
668 4503 882 4555 theriam
907 4519 1089 4554 nurum
1111 4519 1277 4564 suam,
1304 4504 1472 4555 mariti
1492 4506 1763 4570 postposita
1785 4509 1912 4558 dile-

2019 3337 2124 3382 tate
2153 3327 2398 3382 difﬁdere
2423 3346 2435 3379 :
2460 3329 2704 3384 obsecuta
2736 3333 2931 3386 mentis
2955 3344 3058 3397 est,
3091 3343 3276 3403 putare
3316 3338 3589 3390 constituti

2020 3420 2328 3474 memoriam
2361 3437 2463 3475 non
2493 3438 2726 3478 manere.
2758 3424 2860 3479 Sed
2901 3442 3027 3495 rogo
3080 3437 3136 3481 ut
3163 3427 3288 3483 dum
3337 3429 3594 3497 prepositi

2021 3511 2176 3564 vestri
2209 3511 2378 3566 lucent
2426 3515 2689 3579 asseritis,
2727 3531 2918 3572 eorum
2955 3535 3075 3588 quae
3126 3521 3256 3574 milii
3307 3521 3590 3583 debentur.

2017 3604 2240 3657 obscura
2283 3605 2570 3672 superetis.
2604 3605 2742 3674 Ergo
2775 3610 3099 3675 prtestatioui
3149 3622 3338 3666 vestri:
3381 3614 3592 3682 genium

2018 3693 2158 3745 dono
2185 3692 2473 3748 celeritatis
2498 3693 2774 3749 infundite.
2803 3695 3022 3752 Domine
3049 3697 3144 3764 tui,
3173 3699 3370 3753 cultum
3399 3703 3592 3755 saluta-

2021 3786 2178 3838 tionis
2216 3786 2528 3853 impert’ens
2553 3829 2566 3848 ,
2609 3802 2795 3856 preces
2838 3789 3072 3856 adjicio,
3117 3800 3172 3843 ut
3200 3793 3220 3822 ⁵
3257 3793 3591 3848 consularem

2021 3876 2309 3944 sportulam
2330 3891 2448 3930 cum
2473 3891 2730 3945 responso
2759 3879 2988 3946 prailata:
3015 3881 3284 3949 p-titiouis
3309 3881 3585 3949 accipiam.

2021 4017 2054 4064 tt
2077 4022 2129 4065 et
2154 4013 2271 4065 aliis
2300 4012 2451 4067 locis.
2480 4014 2534 4067 In
2557 4014 2955 4068 conscribendis
2980 4013 3122 4068 enim
3140 4015 3378 4081 epistolis
3403 4016 3594 4082 quibus

2023 4085 2473 4136 honorutntitulis
2496 4085 2646 4138 initio
2673 4085 2911 4153 epistola:
2956 4084 3194 4153 singulos
3237 4085 3588 4152 appellaraut,

2023 4153 2244 4207 eosdem
2291 4153 2391 4207 sub
2436 4154 2593 4209 ﬂuetn
2627 4155 2818 4207 iterare
2851 4169 2967 4210 utos
3007 4167 3140 4208 erat.
3193 4155 3347 4208 Verbi
3395 4158 3588 4221 gratia.

2027 4225 2294 4294 Volusiani
2328 4224 2391 4276 ad
2422 4236 2661 4278 sanctum
2712 4225 3062 4294 Augustinum
3107 4226 3328 4292 epistola
3361 4241 3386 4277 s
3408 4241 3436 4276 e
3466 4225 3592 4278 ittci-

2023 4295 2097 4357 pit
2123 4311 2134 4345 ε
2168 4291 2388 4345 Domino
2412 4309 2519 4346 vere
2545 4304 2718 4346 sancto
2747 4291 2818 4345 (ιε’
2838 4295 3016 4347 merito
3040 4291 3302 4347 venerabili
3337 4296 3466 4359 patri
3492 4296 3593 4344 Au-

2020 4365 2219 4430 gustino
2249 4363 2571 4416 Volusianus.
2607 4363 2805 4417 Eadem
2835 4365 2913 4416 sic
2943 4365 3244 4418 clauditur:
3280 4361 3592 4416 Incolumem

2023 4435 2399 4484 venerationem
2437 4443 2575 4484 luant
2623 4433 2859 4486 divinitas
2903 4450 3101 4484 summa
3141 4445 3358 4490 tueatur.
3391 4435 3592 4485 domine

2024 4519 2133 4554 vt-re
2170 4514 2341 4553 sancte
2375 4519 2432 4553 ac
2465 4505 2641 4556 merito
2671 4502 2964 4554 venerabilis
2990 4501 3164 4556 Pater.
3217 4505 3443 4556 liursnm
3487 4505 3592 4556 Au-

339 4600 349 4624 ι
393 4577 522 4635 ioue,
569 4575 785 4626 cuidam
803 4590 860 4626 se
893 4573 1092 4626 Liberio
1129 4573 1300 4642 jugali
1345 4574 1527 4637 {cedere
1568 4577 1784 4627 sociasse
1817 4593 1832 4627 :
1872 4588 1918 4630 ct
1945 4573 1996 4632 Ι)
2025 4571 2223 4638 gustini
2255 4573 2479 4642 cpistola
2509 4589 2610 4641 qua
2647 4572 2935 4627 Volusiano
2964 4573 3276 4639 respondet,
3305 4573 3402 4626 hoc
3437 4575 3594 4626 habit

341 4662 456 4697 cunt
485 4646 714 4697 ornatior
737 4645 875 4703 cupit
897 4644 1040 4695 novis
1085 4643 1322 4694 thalamis
1369 4659 1638 4712 apparere,
1670 4647 1918 4698 studuerit

342 4717 530 4780 prioris
555 4715 648 4767 viri
673 4713 942 4783 facultates
959 4722 1176 4783 evertere
1200 4728 1217 4764 :
1247 4714 1475 4781 allegans
1503 4715 1748 4767 dictatam
1781 4718 1918 4779 [ilio-

337 4805 448 4837 runt
471 4782 678 4847 spoliis,
710 4785 889 4853 quibus
920 4783 1082 4850 magis
1106 4782 1274 4834 decuit
1300 4789 1616 4853 congregari.

409 4859 431 4890 '
467 4855 669 4908 Damno
691 4853 951 4922 pra'fcctoj
983 4853 1198 4906 Fausto.

412 4928 430 4957 ⁸
467 4921 731 4985 Ρινωσρρια
757 4921 918 4992 regia]
954 4923 1042 4974 Illa
1076 4923 1324 4976 nimirum
1354 4938 1471 4988 qua:
1501 4925 1737 4988 proxima
1763 4939 1920 4987 quam

338 4993 1007 5048 laudavimus(Iassiodori
1052 4993 1275 5058 epistola
1306 4992 1668 5055 continentur,
1701 4995 1786 5046 ubi
1820 5000 1918 5048 Ar.

337 5065 624 5118 ehotamiai
654 5063 911 5116 adversus
951 5061 1244 5115 Aitheriain
1284 5078 1472 5114 nurum
1503 5078 1714 5117 causam
1746 5065 1938 5117 Tlieo-.

337 5139 554 5190 dericus
581 5132 902 5186 Merabaudo
933 5135 1236 5203 committit.
1264 5132 1394 5187 Subl
1418 5135 1605 5186 mitatis
1628 5146 1804 5186 vestra:
1823 5136 1914 5203 jn-

337 5208 475 5258 dicio
507 5206 638 5256 hanc
669 5220 876 5254 causam
899 5202 1090 5270 legibus
1117 5203 1475 5254 committimus
1504 5202 1841 5256 audiendam:
1867 5213 1920 5256 ut

337 5278 479 5327 omni
502 5274 802 5327 incivilitate
825 5273 1064 5343 submqu
1090 5313 1104 5335 ,
1130 5275 1306 5325 mediis
1335 5275 1667 5326 sacrosanctis
1698 5272 1921 5343 Evange-

336 5348 444 5403 liis.
471 5362 585 5398 cunt
626 5343 790 5395 tribus
813 5342 1073 5395 honoratis
1114 5359 1237 5410 quos
1267 5344 1487 5411 pullum
1517 5359 1790 5396 consensus
1817 5342 1920 5396 elv-

335 5417 486 5484 gerit,
513 5416 598 5479 qui
625 5415 790 5481 legum
811 5413 1000 5484 possint
1023 5413 1204 5464 habere
1223 5413 1476 5484 notitiam,
1497 5413 1746 5480 quidquid
1769 5415 1924 5484 prisci

335 5477 981 5553 iuris—[orma'cortstituin
1015 5484 1148 5553 inter
1185 5498 1266 5553 eos
1305 5477 1622 5535 considerata
1637 5477 1923 5552 disciplina

335 5551 509 5606 nostri
529 5555 771 5622 temporis
797 5553 1088 5620 proferatis.
1118 5551 1326 5604 Prolata
1351 5554 1638 5615 sententia,
1664 5551 1818 5618 cum;
1841 5571 1929 5606 τινα

332 5635 619 5678 navatam
664 5622 946 5689 conjugeui
1001 5637 1148 5674 suam
1199 5634 1421 5689 questus
1479 5633 1622 5676 esset
1665 5623 1928 5686 Liberius.

337 5693 712 5748 Theodericus
739 5693 897 5760 epist.
933 5691 998 5745 46
1031 5692 1219 5744 iterum
1252 5692 1547 5759 rescripsit,
1570 5702 1626 5746 ut
1656 5709 1811 5746 causa
1839 5709 1929 5762 per

336 5769 573 5817 τ-τιιιυοε
604 5771 1006 5816 retractarclur.

421 5855 424 5857 ’
472 5830 685 5886 Numine
713 5844 762 5884 u‘
790 5829 968 5894 supra]
995 5831 1080 5885 Sic
1114 5830 1204 5884 lib.
1237 5847 1274 5898 ι,
1309 5833 1462 5898 epist.
1502 5833 1705 5898 ιξ,ζιιιι.
1742 5850 1794 5894 tt,
1847 5849 1927 5898 ep.

2029 4643 2235 4696 initium
2264 4661 2273 4692 :
2311 4641 2528 4695 Domino
2569 4643 2758 4694 illustri
2784 4653 2830 4694 et
2858 4644 3034 4695 merito
3064 4643 3249 4712 insigni
3273 4654 3315 4694 ct
3351 4655 3594 4708 privaton-

2027 4715 2220 4785 tissime
2249 4712 2355 4777 ﬁlio
2407 4712 2681 4785 Volusiano
2722 4715 3052 4785 Augustinus.
3095 4714 3204 4766 Sub
3236 4714 3589 4785 lineatam-ro;

2031 4784 2342 4834 incolumem
2360 4783 2730 4850 {eliciorcmquc
2753 4782 3288 4836 tc'iiiiiericordissima
3322 4782 3412 4834 Dei
3440 4785 3594 4833 omni.

2028 4855 2249 4918 potentia
2292 4863 2523 4916 tueatur,
2557 4854 2758 4904 domint-
2780 4853 2992 4905 illustris
3022 4862 3066 4904 et
3098 4854 3273 4904 merito
3311 4854 3521 4917 insignis
3547 4863 3593 4904 et

2029 4923 2444 4984 pia'stantissime
2477 4925 2568 4990 ﬁli.
2607 4923 2910 4991 Eademqt'e
2939 4926 2990 4975 in
3024 4924 3294 4989 plerisque
3319 4927 3516 4989 August
3540 4920 3592 4974 ni

2027 5002 2078 5043 et
2110 4992 2332 5044 aliorum
2362 4993 2600 5058 epistolis
2625 4995 2860 5047 cernitur
2882 4995 3154 5059 repetitio.
3179 4996 3345 5054 Quam
3379 5003 3434 5043 ut
3464 4993 3594 5042 vita-

2029 5071 2148 5114 rent
2178 5062 2401 5118 librarii.
2425 5062 2743 5130 compendio
2773 5064 3078 5126 utebantur,
3122 5062 3354 5128 proclivis
3389 5061 3590 5124 verbis,

2029 5145 2094 5183 vr
2125 5147 2307 5193 SIIPRA,
2346 5131 2444 5183 ltoe
2476 5144 2578 5196 cst,
2623 5143 2678 5185 ut
2724 5133 2875 5186 initio
2908 5133 3150 5192 tet‘istola'.
3180 5133 3433 5198 srriptum
3476 5131 3588 5181 luit.

2027 5206 2340 5268 Quanquam
2372 5203 2508 5266 apud
2535 5203 2829 5256 Ennodium
2857 5202 2986 5255 tituli
3017 5218 3200 5255 omnes
3227 5200 3594 5271 ep:stola_rum,

2031 5271 2186 5324 nudis
2218 5279 2422 5322 tantum
2449 5273 2750 5326 nominibus
2782 5273 3001 5335 relictis,
3041 5273 3222 5324 omissi
3262 5268 3402 5323 sunt.
3441 5268 3594 5332 Quod

2029 5344 2153 5392 item
2195 5340 2342 5393 accid
2369 5351 2390 5393 t
2430 5343 2703 5412 rescriptis
2744 5343 3048 5408 Principum
3101 5344 3150 5412 iu
3184 5340 3368 5412 codice
3396 5353 3455 5412 ac
3503 5354 3597 5412 no-

2031 5412 2189 5462 vt-Ilis
2218 5430 2228 5461 :
2263 5426 2433 5478 eoque
2461 5407 2656 5465 factum
2701 5423 2754 5464 ut
2785 5415 2865 5463 illa
2894 5407 3082 5468 :Vllavc
3104 5411 3312 5462 Taliane
3340 5407 3599 5458 carissime

2036 5482 2199 5546 nobis,
2233 5481 2484 5535 ct-Albiue
2520 5483 2709 5535 Parens
2738 5483 3016 5535 Ιιάνῑδδίιιιρ
3057 5484 3411 5546 Augustorum,
3443 5492 3505 5530 ae
3529 5479 3597 5531 εις

2040 5553 2178 5603 milia
2206 5566 2319 5620 qum
2351 5552 2454 5616 bis,
2487 5569 2548 5606 ex
2583 5568 2732 5606 more
2764 5568 2919 5619 quem
2961 5551 3091 5620 disi,
3125 5547 3290 5613 repeti
3335 5548 3608 5611 solebant,

2041 5622 2202 5674 5111181
2226 5618 2460 5684 tantum,
2490 5623 2615 5690 quia
2644 5618 2844 5688 integra
2880 5618 3261 5690 rescriptanou
3294 5629 3437 5681 sunt,
3459 5632 3599 5674 nunc

2041 5695 2090 5745 in
2119 5692 2312 5754 fronte,
2349 5707 2486 5744 nunc
2510 5687 2572 5744 ad
2597 5687 2794 5743 calet-ru
2825 5691 3050 5754 ascripta
3076 5687 3367 5742 Videamus.

2115 5762 2132 5790 ⁵
2163 5762 2491 5814 Consularem
2520 5757 2822 5828 sporta/[nn]
2850 5758 2981 5823 Quia
3006 5758 3190 5828 cotuul
3227 5767 3342 5812 erat
3364 5759 3597 5822 Boetius.

2040 5834 2196 5896 epist.
2243 5834 2258 5885 Ι
2311 5832 2462 5899 hujus
2513 5831 2650 5883 libri.
2699 5825 2963 5893 ςρςῖιῖιιιΙω
3006 5825 3180 5885 autem
3221 5828 3405 5885 ﬁnitis
3449 5830 3593 5881 ntan
