3998 6362
452 374 554 431 ΗἹ

909 482 1232 539 EPISTULA
1278 482 1563 537 XXXVIII.

826 587 1078 627 ENNODIUS
1116 584 1397 624 svuucuo
1436 570 1655 639 (rans).

526 667 640 722 Non
668 664 1012 721 inefﬁcaciter
1040 663 1233 730 poscit,
1260 662 1347 731 qui
1397 662 1605 729 parenti
1648 661 1887 715 omnium
1936 676 2030 729 pe-

456 758 695 827 regrinos
716 756 982 808 insinuat:
1016 753 1282 807 nobilibus
1307 754 1575 822 generalis
1608 752 1831 807 debetur
1859 766 2036 806 asser-

460 852 554 914 tio,
577 849 805 902 maxime
825 847 963 915 apud
997 861 1089 899 eos
1109 846 1199 914 qui
1229 845 1483 900 beneﬁcia
1516 846 1757 899 tribuunt
1796 860 1901 897 non
1942 860 2033 897 ro-

456 942 585 1008 gati.
613 942 827 994 Beatum
877 938 1160 993 sublimem
1210 937 1637 1001 adolescentem,
1693 936 2031 1005 praesentium

457 1031 712 1098 baiulum,
735 1032 779 1084 si
806 1043 1004 1083 corona
1033 1038 1208 1081 vestra
1236 1027 1519 1097 dignanter
1540 1027 1784 1095 accipiat,
1817 1027 2037 1094 praacla-

455 1136 570 1172 rum
591 1120 743 1187 juxta
774 1133 979 1173 morem
1007 1119 1269 1185 pontilicis
1296 1126 1453 1172 ornat
1482 1117 1741 1172 ofﬁcium.
1776 1120 1867 1170 Est
1892 1117 2035 1171 enittt

434 1210 545 1276 qui
573 1210 796 1279 gratiam
829 1218 1059 1262 vestram
1088 1217 1143 1263 et
1170 1209 1434 1262 natalibus
1472 1219 1525 1262 et
1565 1209 1803 1261 moribus
1832 1223 2038 1261 merea-

454 1300 805 1358 tur:sufﬁcit
854 1300 1027 1369 dignis
1066 1300 1247 1353 stricta
1295 1299 1551 1352 laudatio.
1605 1298 1756 1352 Nunc
1803 1297 2038 1351 servitiis

454 1399 791 1458 salutationis
817 1397 1099 1460 exhibitis,
1132 1411 1293 1465 rogo,
1332 1406 1391 1449 ut
1429 1410 1514 1449 me
1551 1404 1819 1449 amantem
1871 1394 2036 1447 vestri

454 1494 628 1549 crebri
661 1493 911 1548 relevetis
950 1489 1377 1558 promulgatione
1411 1489 1685 1556 colloquii.

936 1579 1266 1637 EPISTULA
1308 1578 1552 1634 XXXIX.

816 1687 1070 1727 ENNODIUS
1109 1686 1386 1725 ηοιιιιιδυιε
1439 1685 1681 1723 ΒΙΑΕΟΝΟ.

528 1765 583 1819 Si
612 1763 848 1832 dignatio
873 1764 1013 1817 circa
1048 1777 1134 1816 me
1160 1761 1417 1830 promissa
1441 1760 1678 1826 duraret,
1707 1768 2041 1813 assereretur

1580 372 1852 428 ENNODII
1894 372 2192 427 EPISCOPI
2232 371 2603 453 TICII‘ENSIS

3574 377 3681 433 ‘II8

2054 485 2104 542 Α
2132 492 2240 535 tum
2268 485 2475 536 animas
2498 489 2723 551 pascunt
2762 495 2883 536 esca
2920 480 3196 551 colloquii.
3249 483 3386 537 Bene
3430 486 3561 539 enim
3595 505 3679 555 per

2134 576 2329 645 stylum
2354 575 2570 629 diiectio
2598 574 2823 628 amicam
2852 573 2949 627 sibi
2983 574 3150 642 pingit
3176 572 3436 643 efﬁgiem;
3462 590 3572 629 cum
3593 595 3681 647 qua

2135 670 2251 721 sine
2282 666 2482 721 laboris
2511 664 2765 733 patientia
2797 665 3021 718 misceat
3065 664 3218 717 mella
3260 679 3572 719 sermonum.
3612 669 3682 722 Ad

2138 762 2239 816 hoc
2264 759 2572 829 magnitudo
2602 767 2689 812 tua
2719 757 2910 812 artifex
2939 774 3006 811 ne
3037 758 3315 825 impastam
3344 759 3558 826 gratiam
3601 759 3687 813 Iin-

2136 866 2351 920 qneres,
2380 848 2662 918 scripsisti.
2693 847 2872 901 Debeo
2902 846 3338 909 vicissitudinem,
3362 848 3477 914 quia
3504 864 3683 903 metuo-

2139 957 2250 996 rem
2280 943 2381 995 mei
2416 950 2467 994 te
2496 954 2615 994 esse
2656 940 2899 1009 cognovi.
2944 938 3157 992 Honore
3202 953 3329 1007 ergo
3378 940 3689 995 salutationis

2139 1034 2398 1097 exhibito,
2433 1046 2561 1101 rogo
2616 1040 2673 1084 ut
2701 1030 2839 1099 quod
2869 1032 2975 1085 scis
3001 1030 3138 1098 apud
3166 1044 3317 1084 caros
3347 1040 3399 1083 et
3434 1031 3689 1085 affectione

2140 1122 2393 1191 prmditos
2418 1136 2538 1176 esse
2579 1123 2871 1191 pretiosum
2951 1122 3050 1174 sub
3095 1121 3488 1176 continuatione
3534 1122 3692 1177 facere

2142 1228 2247 1267 non
2268 1216 2502 1267 omittas.

2653 1301 2985 1357 EPISTOLA
3042 1302 3200 1357 XLII.

2690 1411 2946 1449 ENNODIUS
2971 1409 3179 1448 AVII-3N0.

2213 1488 2562 1556 .‘Egritudinis
2590 1496 2787 1542 vestrm
2818 1488 3069 1541 indicium
3110 1491 3160 1541 in
3204 1503 3337 1541 meas
3388 1487 3596 1557 contigit
3626 1488 3697 1542 in-

2143 1591 2497 1634 crementum.
2531 1580 2661 1634 Nam
2692 1579 2810 1632 talis
2837 1594 3048 1643 semper
3068 1588 3122 1632 et
3143 1593 3268 1633 usus
3290 1588 3344 1632 (‘1
3376 1593 3505 1647 pene
3528 1588 3694 1631 natura

2143 1672 2377 1734 solliciti,
2407 1680 2465 1724 ut
2486 1672 2572 1725 vix
2593 1670 2779 1725 credat
2800 1670 3077 1723 transiisse
3103 1670 3244 1738 quod
3269 1669 3454 1723 metuit
3480 1686 3491 1721 :
3523 1677 3700 1736 etquai

2146 1762 2269 1816 fecit
2298 1762 2617 1830 Redemptor
2645 1771 2825 1815 noster
2850 1762 3056 1817 caelesti
3086 1761 3408 1831 benignitate
3427 1762 3697 1830 praeterita,

455 1840 758 1922 frequentia
791 1852 1087 1906 litterarum
1120 1868 1131 1903 :
1164 1852 1249 1903 vix
1273 1848 1564 1917 respiCIIIm
1608 1850 1859 1913 htlmilt‘S,
1904 1864 2040 1917 quos
2076 1851 2118 1907 Ii
2144 1854 2293 1922 quasi
2319 1853 2424 1908 sint
2457 1852 2511 1907 in
2550 1854 2771 1907 occultis
2819 1853 2991 1908 locata
3034 1854 3287 1922 suspirat.
3340 1852 3474 1907 Vere
3519 1852 3700 1906 domne

434 1944 517 1998 ad
539 1958 718 1998 arcem
749 1952 972 1997 eventus
999 1956 1225 2011 prosper
1248 1940 1517 1997 evexerit:
1541 1955 1701 2009 grave
1720 1951 1822 2007 est,
1847 1941 1890 1994 si
1915 1957 2038 2010 spes

454 2033 811 2089 secundarum
840 2048 1019 2087 rerum
1045 2031 1287 2086 caritatis
1316 2045 1485 2085 nexus
1532 2030 1730 2085 incidat
1758 2050 1769 2084 :
1797 2047 1903 2085 non
1947 2034 2040 2087 de-

453 2128 547 2183 bet
575 2126 922 2196 praejudicare
949 2124 1269 2193 diligentiae,
1298 2124 1382 2177 cui
1411 2124 1704 2177 secundum
1727 2131 1849 2176 vota
1891 2124 2039 2176 blan-

410 2256 415 2261 .
454 2217 619 2270 ditur.
657 2215 713 2271 Si
737 2223 913 2269 tamen
937 2213 1136 2283 aliquid
1167 2213 1309 2266 circa
1334 2226 1419 2265 me
1446 2213 1632 2280 gratiae
1661 2213 1968 2275 custodit's;
1993 2213 2038 2265 si

457 2308 586 2360 vivit
621 2306 821 2359 amoris
860 2304 1078 2375 polliciti
1132 2302 1363 2357 scintilla
1390 2342 1405 2366 ,
1451 2302 1673 2355 Beatum
1723 2302 2041 2356 commendo

458 2397 850 2452 nobilissimum
876 2397 1271 2450 adolescentem
1314 2394 1659 2463 prazsentium
1687 2394 1999 2462 portitorem
2024 2412 2037 2458 ;

458 2490 541 2542 cui
568 2488 771 2556 justum
814 2497 895 2541 est
935 2497 990 2539 ut
1036 2485 1466 2540 consideratione
1495 2484 1631 2549 mei,
1670 2494 1724 2537 et
1767 2494 2040 2552 parentem

460 2579 733 2635 beatitudo
760 2588 935 2632 vestra
969 2578 1256 2646 impendat,
1283 2586 1338 2630 et
1365 2576 1611 2643 patriam.
1639 2575 1768 2629 Esto
1797 2577 2042 2644 specialis

462 2681 628 2735 tutor,
657 2670 893 2723 omnium
926 2684 1047 2722 mox
1075 2667 1309 2721 futurus.
1343 2666 1565 2719 Domine
1604 2666 1801 2731 frater,
1847 2666 2044 2719 saluta-

464 2762 623 2817 tionis
677 2760 973 2814 humilitate
1020 2758 1252 2825 depensa
1280 2798 1295 2819 ,
1347 2770 1477 2825 rogo
1526 2768 1583 2809 ut
1626 2758 1727 2810 sub
1771 2757 2043 2811 celeritate

462 2870 616 2922 quam
646 2853 780 2908 bene
807 2854 1047 2914 Valealis,
1076 2852 1365 2921 scriptione
1386 2851 1624 2922 signetis.

1013 2962 1347 3018 EPISTULA
1381 2964 1493 3018 XL.

996 3070 1110 3105 EN?“
1135 3068 1250 3107 DIUS
1300 3068 1506 3105 ΒΟΕΤΙΟ.

533 3146 753 3198 I‘recum
818 3144 1027 3196 iteratio
1087 3145 1278 3195 bonam
1327 3143 1708 3197 conscientiam
1763 3143 2044 3196 oblivionis

2118 1946 2366 2004 ‘Aviene,
2387 1944 2498 2014 jam
2531 1945 2581 1998 in
2620 1959 2704 1998 me
2744 1944 2873 1997 nihil
2912 1944 2978 1998 de
3018 1958 3179 1997 usura
3229 1943 3363 1997 lucis
3404 1942 3581 2009 istius,
3611 1942 3702 1995 nisi

2142 2048 2316 2091 vestra
2342 2046 2568 2098 tantum,
2603 2046 2717 2105 post
2746 2050 2985 2090 amorem
3014 2034 3140 2098 Dei,
3182 2034 3443 2088 remansit
3468 2032 3664 2086 affectio
3690 2048 3701 2083 :

2144 2127 2355 2189 quando
2388 2127 2579 2181 melius
2601 2142 2806 2180 mecum
2833 2128 3027 2195 agitur,
3062 2125 3182 2179 talis
3222 2142 3362 2187 sum,
3395 2125 3600 2193 qualem
3628 2139 3705 2177 me

2144 2218 2197 2270 in
2222 2219 2596 2286 desperatione
2623 2218 2921 2272 dimisistis.
2952 2220 3207 2287 Superest
3237 2227 3295 2270 ut
3336 2216 3580 2286 precibus
3624 2231 3703 2268 νει

2143 2310 2269 2361 stris
2297 2319 2351 2362 et
2377 2319 2716 2377 peccatorum
2768 2310 3015 2363 remissio
3054 2312 3378 2362 concedatur
3404 2349 3419 2371 ,
3462 2320 3512 2361 et
3558 2307 3597 2359 si
3642 2305 3705 2358 ita

2147 2399 2254 2451 Deo
2278 2399 2509 2463 videtur,
2539 2413 2635 2467 pro
2662 2399 2678 2431 ¹
2710 2399 2826 2453 vice
2858 2399 3077 2453 remedii
3106 2399 3281 2452 obitus
3303 2398 3668 2453 celer‘eveniat
3690 2437 3706 2460 ,

2145 2506 2211 2543 ne
2232 2492 2464 2545 amarius
2494 2492 2563 2544 sit
2593 2501 2765 2545 morte
2789 2492 2926 2561 quod
2961 2493 3101 2546 vivo.
3134 2490 3358 2544 Domine
3389 2492 3461 2544 mi
3481 2530 3495 2555 ,
3526 2491 3706 2543 saluta-

2146 2582 2344 2634 tionem
2409 2581 2642 2636 debitam
2700 2592 2806 2635 tota
2859 2581 3160 2635 humilitate
3206 2583 3547 2649 persolvens,
3590 2592 3708 2645 rogo

2146 2682 2201 2724 ut
2230 2687 2322 2737 per
2352 2687 2469 2734 vos,
2501 2672 2626 2740 quid
2660 2673 2710 2725 iu
2742 2687 2898 2726 causa
2926 2682 3100 2727 vestra
3131 2671 3197 2725 de.
3226 2673 3389 2725 Roma
3435 2672 3708 2729 nuntietur,

2146 2777 2453 2830 agnoscam.

2653 2852 2976 2908 EPISTULA
3024 2853 3204 2907 XLIII.

2662 2959 2913 2997 ENNODICS
2952 2962 2982 2997 II
2992 2960 3111 2999 ESSA
3121 2961 3218 2997 ΙΑΕ.

2217 3035 2458 3104 Nunquid
2500 3036 2782 3105 aliquando
2829 3036 2897 3089 ab
2955 3036 3147 3089 effectu
3182 3035 3426 3098 destitit,
3474 3034 3561 3103 qui
3604 3033 3708 3087 Deo

2147 3139 2267 3179 cum
2298 3125 2486 3179 ﬁducia
2510 3125 2862 3193 supplicavit?
2892 3126 2947 3179 Si
2976 3126 3187 3179 animus
3216 3126 3266 3179 in
3298 3126 3401 3179 fide
3436 3140 3537 3178 non
3568 3125 3707 3178 clau-

463 3245 696 3288 accusat.
729 3234 835 3288 Sed
884 3236 1110 3286 faceSSat
1146 3234 1422 3286 stimulare
1453 3245 1790 3299 currentem,
1832 3242 1885 3286 et
1913 3249 2036 3286 con-

2149 3216 2310 3282 dicet,
2343 3226 2395 3270 et
2420 3224 2539 3271 vota
2565 3227 2619 3271 et
2641 3227 2884 3271 votorum
2929 3218 3080 3286 copia
3127 3218 3543 3286 coniunguntur.
3590 3217 3710 3270 [ἔρρει

462 3336 690 3380 stantem
719 3327 886 3379 virum
923 3326 987 3379 ad
1011 3327 1320 3379 memoriam
1350 3326 1720 3394 promissionis
1744 3324 2040 3393 impellere.

470 3420 594 3475 ηερε
621 3419 687 3473 de
718 3418 799 3471 his
824 3432 942 3485 qua:
985 3432 1015 3470 a
1053 3431 1137 3471 me
1182 3416 1381 3469 dudum
1429 3416 1648 3470 culmini
1691 3424 1869 3468 vestro
1920 3424 2044 3467 sunt

469 3513 693 3577 scripta,
728 3509 1049 3578 perstrinxi;
1082 3517 1135 3561 ut
1160 3507 1375 3561 domum
1398 3507 1464 3560 de
1510 3522 1610 3576 qua
1654 3506 1759 3573 jam
1812 3508 1996 3575 pagina
2026 3507 2039 3558 i

464 3602 661 3656 indicio
686 3602 933 3654 voluntas
967 3608 1142 3653 vestra
1173 3609 1255 3652 est
1284 3597 1540 3668 patefacta
1563 3638 1576 3661 ,
1610 3598 1898 3667 perficiam.
1937 3599 2040 3652 lle-

464 3692 604 3756 quna
634 3689 875 3759 epistolm
898 3688 1237 3743 salutationis
1264 3690 1446 3741 nuntio
1470 3690 1762 3756 mancipavi
1786 3706 1797 3748 ;
1831 3699 1884 3740 nt
1908 3690 2044 3741 sicut

463 3781 602 3849 apud
631 3796 727 3834 nos
755 3779 1006 3834 valetudo
1030 3780 1080 3832 in
1113 3780 1341 3833 Statione
1362 3789 1465 3843 est,
1496 3781 1564 3833 ita
1592 3780 1658 3833 de
1684 3778 1915 3833 culmine
1954 3796 2045 3832 vc-

464 3884 578 3926 stro
605 3872 841 3927 cmlestis
874 3872 1031 3925 faciat
1062 3870 1213 3924 favor
1241 3871 1478 3937 agnosci.

990 3960 1320 4018 EPISTULA
1377 3960 1513 4015 XLI.

992 4068 1247 4106 I‘ZSNODIUS
1280 4066 1525 4105 AGAPITI).

534 4144 887 4197 Insolabiliter
915 4154 1186 4195 amantum
1218 4141 1444 4195 ferretur
1474 4142 1735 4203 absentia,
1762 4142 1859 4193 nisi
1889 4156 2043 4207 opem

465 4234 653 4286 darent
682 4234 914 4287 rcinedia
953 4233 1285 4296 litterarum,
1327 4247 1443 4299 qute
1474 4231 1686 4300 jejunus
1736 4231 2045 4284 desiderau-

467 4366 685 4420 honoris
709 4381 866 4419 causa
898 4366 1249 4419 debebantur.
1278 4362 1636 4433 Symmachus
1660 4364 1816 4431 epist.
1851 4364 2033 4414 ultima

466 4436 558 4489 ltb.
592 4452 641 4489 Ix
670 4454 683 4487 :
716 4437 1014 4503 Sportulam
1053 4435 1346 4489 consulatus
1392 4435 1489 4487 mei
1514 4446 1559 4487 et
1587 4435 1827 4487 amicitia:
1854 4446 2042 4485 nostra:

465 4516 511 4558 et
537 4507 712 4557 honori
740 4516 825 4557 tuo
846 4508 1020 4558 debeo.

537 4577 551 4606 ¹
594 4573 713 4627 Vice
733 4575 939 4627 remedii
963 4573 1146 4644 obitus]
1185 4576 1285 4641 Qui
1314 4576 1566 4628 diuturno
1595 4573 1783 4628 morbo
1804 4572 2033 4643 languet,

467 4653 691 4699 mortem
719 4655 883 4709 nptat,
910 4655 967 4697 ut
995 4646 1311 4699 remedium.
1349 4645 1511 4698 Vetus
1539 4644 1899 4710 epitaphium,

574 4724 737 4783 Ἰιλοες
761 4726 883 4792 ἐμῆς
908 4729 1036 4799 ζωῆς
1060 4725 1421 4799 γλυκερώτερξ,
1451 4722 1507 4782 ὃς
1532 4734 1582 4794 μ’
1602 4724 1861 4799 ἁπέλιίσςας

677 4802 903 4858 Νουσών,
929 4798 1011 4847 καὶ
1034 4792 1290 4863 κὰμάτέυν,
1320 4792 1399 4848 κάὶ
1424 4792 1645 4863 μογέρᾶς
1672 4792 1954 4863 ποδάγρας.

477 4921 2779 4945 ww

2152 3308 2259 3374 egit
2284 3307 2419 3374 apud
2452 3322 2547 3359 vos
2574 3309 2842 3361 silentium
2873 3324 3081 3371 meum,
3118 3311 3256 3377 quod
3298 3309 3433 3362 tanti
3476 3310 3711 3375 temporis

2154 3414 2257 3452 non
2291 3401 2453 3453 valuit
2481 3401 2724 3454 obtinere
2754 3400 3066 3469 loquacitas.
3095 3401 3361 3466 Quantum
3386 3400 3561 3465 video,
3595 3397 3711 3451 scri-
3754 3444 3770 3457 ,

2153 3503 2239 3559 pta
2295 3505 2469 3546 vestra
2522 3494 2621 3547 nisi
2654 3494 2987 3546 taciturnitas
3016 3509 3118 3546 non
3139 3504 3414 3546 meretur:
3447 3509 3579 3561 quos
3605 3507 3715 3544 mu-

2154 3594 2235 3639 tos
2263 3588 2487 3654 putatis,
2537 3586 2865 3655 alloquimini
2903 3601 2916 3638 :
2950 3586 3018 3640 ab
3057 3586 3140 3639 his
3179 3587 3370 3655 quibus
3402 3586 3576 3655 lingua
3606 3598 3719 3638 esse

2151 3678 2404 3739 creditur,
2434 3677 2709 3731 abstinetis
2759 3677 2952 3730 Fecisti
2983 3686 3155 3730 tamen
3187 3678 3326 3744 quod
3366 3677 3543 3731 decuit
3574 3676 3717 3729 doin-

2154 3785 2186 3822 n
2211 3785 2277 3821 :m
2298 3778 2372 3833 et,
2401 3778 2457 3822 ut
2485 3769 2581 3837 ipsi
2614 3769 2809 3830 dicitis,
2843 3777 3148 3836 parentem;
3175 3779 3227 3820 ut
3269 3784 3358 3822 me
3386 3768 3531 3833 gravi
3572 3765 3715 3833 :rgri-

2155 3862 2335 3915 tudine
2364 3862 2674 3931 depressum
2706 3861 2921 3930 digntnn
2964 3864 3157 3928 putetis
3187 3862 3440 3930 alloquio.
3482 3862 3627 3930 Rogo
3668 3868 3722 3911 ut

2156 3952 2255 4005 hoc
2284 3953 2383 4005 sub
2411 3953 2814 4007 continuatione
2854 3952 3083 4007 faciatis.
3119 3953 3343 4007 Domine
3389 3954 3486 4015 mi,
3533 3952 3723 4006 saluta-

2154 4044 2310 4095 tionis
2333 4043 2684 4097 reverentiam
2713 4044 2925 4097 solvens
2954 4058 3117 4112 posco
3164 4054 3219 4097 ut
3243 4058 3339 4110 pro
3363 4059 3449 4098 me
3482 4059 3576 4112 per
3616 4058 3721 4093 om-

2152 4147 2246 4185 nes
2276 4133 2367 4186 Dei
2408 4142 2621 4187 sanctos
2661 4135 2963 4202 supplicare
3020 4150 3125 4188 non
3175 4136 3421 4201 desinas,
3471 4144 3725 4204 quatenus

2152 4224 2272 4279 vita:
2302 4224 2557 4288 redditus,
2586 4226 2653 4281 de
2675 4227 2880 4282 visione
2900 4238 3075 4282 vestra
3105 4228 3391 4296 gaudeam.

2639 4369 2791 4445 ATP”.
2834 4369 3247 4445 AMLNKTTQN

2747 4430 2881 4502 ἄγων
2920 4430 3037 4490 ἔτος
3071 4441 3109 4483 Ο

2379 4546 2571 4599 Veniin
2598 4546 2800 4597 tandem
2828 4547 2927 4598 vita
2956 4548 3082 4597 mihi
3109 4546 3330 4607 dulcior,
3353 4556 3399 4596 et
3426 4561 3506 4596 me

2428 4618 2638 4669 Solvisti
2663 4619 2844 4667 morbis
2864 4617 3110 4673 tristibus,
3126 4628 3171 4667 et
3208 4622 3453 4685 podagra.

2598 4685 2779 4741 Λυιι.
2822 4685 3289 4739 AMPIIHZ'I‘YO

2668 4772 2863 4809 annum
2890 4772 3052 4824 agens
3080 4772 3199 4809 tu.

1644 5017 2020 5117 LIBER
2084 5014 2557 5116 NONUS.

938 5232 1271 5288 EI‘ISTOLA
1312 5229 1544 5286 PRIMA.

956 5348 1208 5386 Esxotitt's
1242 5335 1255 5363 '
1290 5348 1537 5385 ana-rom.

529 5424 696 5480 Velim
748 5424 817 5479 ita
859 5423 1027 5477 labori
1077 5439 1195 5477 meo
1239 5423 1445 5484 faveas,
1492 5433 1547 5475 ut
1588 5421 1773 5490 jejuno
1828 5421 2033 5474 veniam

530 5557 545 5586 '
576 5556 799 5628 Aratori]
825 5557 1019 5610 Libens
1037 5554 1235 5609 accedo
1265 5555 1330 5607 ad
1357 5564 1718 5628 conjecturam
1740 5551 2035 5628 doctissimi

460 5623 1087 5692 cardittalis,'AratttretIt
1115 5632 1252 5679 hunc
1275 5640 1396 5692 esse
1427 5625 1514 5692 qui
1545 5624 1906 5689 apostolorum
1938 5623 2039 5672 Ac-

459 5709 543 5746 tus
572 5689 814 5748 versibus
853 5700 1120 5761 exposuit.
1156 5689 1351 5749 Verum
1389 5689 1563 5749 ts'hoc
1593 5708 1829 5759 tempore
1858 5692 2039 5742 adole.

456 5782 610 5819 sci-ns
641 5766 812 5819 adhuc
842 5777 981 5828 erat,
1007 5780 1060 5820 ot
1093 5768 1357 5822 Musarum
1386 5777 1558 5820 tamen
1591 5765 1642 5817 itt
1673 5763 1863 5815 castris
1887 5762 2041 5815 miles

2071 5238 2117 5295 D
2146 5246 2363 5300 pra‘stcs
2396 5232 2625 5296 ingenio.
2673 5232 2794 5298 quia
2837 5230 2983 5284 nefas
3013 5238 3097 5283 est
3136 5230 3186 5282 in
3227 5227 3599 5282 devotionibus
3634 5222 3723 5272 dc-

2141 5326 2270 5392 ειιὶςί
2295 5325 2577 5378 amabilem
2624 5325 2864 5377 discendi
2913 5324 3256 5391 citpitli'atem
3296 5337 3308 5372 :
3341 5319 3557 5387 quando
3584 5314 3721 5382 quod

2142 5419 2408 5486 gratiosus
2437 5418 2717 5481 obtulerit,
2747 5417 2911 5470 durus
2949 5430 3124 5469 rerum
3174 5415 3436 5480 interpres
3477 5416 3721 5462 evactmt.

2146 5564 2248 5602 non
2287 5551 2519 5613 ignotus,
2558 5555 2615 5599 ttt
2662 5557 2855 5613 prmter
2898 5546 3030 5597 hanc
3079 5544 3216 5599 bina:
3265 5538 3557 5613 superioris
3605 5536 3723 5613 libri

2147 5610 2385 5686 cpistolzn
2429 5610 2737 5672 ostendunt.
2783 5618 3029 5683 Ligurem
3077 5620 3240 5680 patria
3275 5610 3457 5671 fuisse,
3489 5610 3729 5661 facundo

2150 5702 2296 5755 patre
2313 5699 2690 5754 natutn,atqnc
2724 5688 2773 5740 in
2814 5688 3019 5747 Liguria
3047 5688 3155 5753 ipsa
3186 5689 3451 5738 etndttnnt
3477 5690 3723 5755 ,_elt':ttt«

2150 5748 2294 5813 sitlit'I
2332 5748 2513 5812 oI'Iitfio
2541 5748 2773 5813 I'nt'tt'tttut
2805 5778 2812 5808 :
2855 5748 3168 5823 legationem
3195 5757 3355 5809 ctiam
3390 5770 3480 5822 pro
3509 5748 3726 5802 Dalma-
