3998 6362
308 341 413 394 HW

312 557 413 594 non
438 547 675 605 ,putatur
702 538 936 605 eloquio.
961 538 1103 591 Inter
1132 537 1385 605 benignos
1406 548 1454 591 et
1480 538 1740 602 eruditos,
1760 538 1887 606 quid

311 633 532 700 eligatur
564 630 829 684 incertum
857 639 938 683 est
966 672 979 692 ,
1004 645 1123 681 cum
1149 645 1267 698 pars
1287 640 1507 697 utraque
1524 630 1609 685 det
1637 631 1885 700 pretium.

313 726 449 792 Ergo
480 723 645 777 crede
695 722 971 791 diligenti,
1015 731 1069 774 et
1118 722 1523 775 amaritudinem
1564 721 1891 789 temporibus

313 815 529 885 legitimi
557 815 759 867 amoris
787 814 1053 868 amoll're.
1083 813 1219 867 Nolo
1246 828 1357 869 rem
1388 814 1672 866 votifaeias
1709 828 1887 866 neces-

314 911 521 965 sitate‘n
557 926 568 960 :
602 918 655 961 et
675 906 938 960 desideria
970 906 1163 973 quibus
1193 905 1479 959 humanum
1510 921 1679 975 genus
1705 916 1894 958 natura

314 1000 539 1067 peperit,
575 999 787 1065 digeras
818 998 868 1051 in
900 1013 1209 1051 maerorem.
1244 996 1359 1050 Non
1400 998 1679 1051 habiturus
1720 999 1890 1051 conti-

284 1108 285 1111 ‘
315 1093 573 1155 nentiam,
606 1090 707 1143 nisi
733 1088 946 1156 nuptias
975 1098 1143 1157 optet,
1171 1088 1221 1140 in
1248 1088 1397 1155 culpa
1437 1096 1519 1141 est
1558 1106 1570 1140 :
1600 1088 1893 1157 conjugalis

313 1182 519 1250 copula:
550 1182 725 1233 vitans
756 1179 1080 1243 remedium,
1103 1179 1373 1233 electurus
1401 1188 1484 1233 est
1517 1190 1605 1231 ant
1645 1180 1889 1244 virtutes,

312 1283 400 1326 aut
425 1273 679 1327 erimina.
708 1270 786 1325 Tu
818 1279 869 1324 te
900 1280 955 1323 nt
976 1271 1212 1325 metiaris
1232 1315 1245 1336 ,
1278 1270 1506 1338 imploro
1537 1314 1552 1337 ,
1584 1282 1640 1323 ut
1678 1288 1775 1325 nec
1806 1286 1893 1325 su-

316 1380 408 1432 pra
441 1365 719 1418 hominem
758 1364 967 1432 plenum
1009 1364 1221 1416 casibus
1268 1364 1368 1415 iter
1404 1363 1664 1430 arripias,
1690 1379 1787 1419 nec
1816 1364 1895 1417 in-

315 1467 391 1508 tra
434 1456 711 1509 hominem
759 1469 875 1517 qum
904 1453 1322 1522 suntplectemla
1352 1454 1643 1507 mcditcris.
1684 1454 1773 1506 Vis
1804 1454 1896 1507 de-

317 1549 531 1615 linquit,
553 1546 645 1615 qui
695 1561 725 1598 a
773 1554 960 1599 natura
1012 1554 1065 1599 ct
1107 1546 1222 1613 lege
1252 1561 1356 1599 non
1389 1546 1583 1599 deviat.
1617 1547 1754 1613 Ergo
1780 1556 1897 1615 post

320 1640 591 1692 ﬂusarum
624 1644 820 1700 rastra,
857 1644 912 1689 et
946 1638 1129 1689 inanes
1166 1644 1322 1689 :etate
1353 1646 1534 1690 nostra
1580 1639 1892 1702 cantilenas,

318 1731 380 1783 ad
405 1744 591 1784 curam
617 1737 669 1782 te
694 1728 937 1781 serenda
961 1726 1161 1780 sobolis
1188 1736 1333 1781 muta
1364 1746 1375 1778 :
1402 1728 1505 1780 vi'a
1543 1728 1682 1795 quod
1703 1727 1852 1780 viluit
1880 1768 1893 1790 ,

1524 331 1994 393 EPLSTOLARUM
2036 334 2161 387 Lill.
2205 334 2295 388 IX.

307 449 629 504 Laudandus
653 456 740 501 est
774 449 824 501 in
854 447 1055 509 studiis,
1104 448 1183 500 vel
1232 446 1317 513 qui
1365 444 1645 501 facundum
1676 462 1888 517 aequare
1917 451 1964 505 Α

3464 332 3561 387 150

1993 473 2264 527 contexui.
2299 472 2506 527 Suflicit
2535 473 2644 527 Deo
2675 474 2930 542 placentis
2961 475 3054 527 viri
3092 474 3401 530 instructam
3443 490 3561 529 esse

1995 566 2241 631 pietatem
2268 582 2281 616 :
2312 572 2367 618 et
2393 578 2549 617 causa
2575 574 2628 617 et
2656 579 2902 632 persona,
2930 579 3048 618 cum
3092 563 3183 619 Dei
3213 567 3423 627 solatio,
3442 582 3559 620 ves-

1995 667 2076 710 tro
2094 656 2409 726 disponatur
2436 656 2631 709 studio.

2458 746 2469 759 ¹
2548 748 2873 803 EPISTULA
2906 748 2990 802 Ill.

2474 855 2726 895 ειιιιοιιιυιι
2756 855 3068 895 κεαιιιλιςυθ.

2063 930 2225 995 Quasi
2245 929 2411 984 solem
2430 930 2629 983 lacibus
2645 930 2883 998 adjuvet,
2896 940 3109 985 etmare
3125 935 3317 1000 exiguo
3339 932 3561 988 humore

1996 1022 2299 1090 locupletet,
2334 1022 2406 1077 ita
2433 1021 2717 1091 superfluis
2757 1021 2962 1076 laborat
3002 1020 3303 1089 impendiis,
3333 1023 3420 1092 qui
3466 1038 3561 1093 per

1994 1130 2054 1169 se
2084 1114 2340 1181 placitura
2386 1112 2743 1168 commendat.
2775 1112 2883 1167 Sed
2905 1112 3126 1166 stultum
3156 1125 3236 1168 est
3269 1115 3443 1181 perire
3466 1128 3562 1170 oc-

1995 1206 2262 1259 casionem
2290 1203 2556 1268 beneficii,
2586 1204 2799 1272 quando
2821 1205 3073 1257 auxilium
3107 1204 3254 1259 fortis
3284 1205 3557 1272 implorat;

1996 1310 2155 1362 opum
2187 1295 2363 1357 largus
2392 1308 2552 1363 supra
2586 1295 2765 1363 copias
2811 1295 3007 1347 ditatus
3032 1304 3135 1360 est,
3168 1295 3211 1348 si
3242 1294 3411 1349 credit
3439 1296 3563 1349 sub-

1995 1385 2185 1452 sidium
2213 1385 2352 1452 quod
2386 1399 2581 1453 pauper
2609 1386 2880 1439 obtulerit.
2911 1385 3106 1454 Regale
3136 1400 3329 1439 munus
3372 1386 3450 1450 lit,
3478 1387 3561 1438 cui

2000 1477 2203 1545 insigne
2235 1477 2460 1545 pretium
2509 1487 2728 1546 praestat
2756 1478 3043 1545 accipiens.
3087 1479 3319 1533 Domnus
3361 1478 3561 1532 Fausti-

1998 1580 2097 1617 nus
2124 1565 2191 1620 de
2224 1566 2389 1633 prolis
2422 1580 2534 1621 suae
2581 1567 2821 1635 profectu
2866 1582 3024 1636 supra
3069 1582 3227 1635 quam
3273 1569 3445 1638 poscit
3474 1585 3561 1636 pa-

2000 1666 2147 1709 terna
2173 1670 2321 1716 cora,
2350 1654 2632 1719 sollicitus,
2665 1657 3003 1711 Ambrosium
3036 1667 3274 1712 nostum
3306 1659 3405 1712 hac
3423 1659 3562 1727 apud

1999 1761 2094 1800 vos
2115 1745 2339 1800 credidit
2360 1748 2730 1812 praecentione
2748 1749 3064 1803 communiri
3090 1767 3103 1802 :
3131 1750 3403 1804 aestimans
3420 1753 3562 1820 qttml

320 1820 439 1889 quia
493 1819 639 1872 inter
687 1817 1054 1886 imperitorum
1105 1815 1373 1871 exercitus
1429 1816 1577 1871 furor
1626 1828 1703 1871 est
1756 1818 1894 1873 nolle

2000 1840 2213 1908 sanguis
2242 1807 2379 1906 ejus,
2404 1840 2540 1908 quod
2574 1841 2874 1907 prudentia,
2903 1843 3042 1911 quod
3074 1858 3285 1900 census.
3321 1807 3453 1899 intra
3481 1846 3571 1897 Li:

322 1909 562 1963 rusticari
597 1925 611 1960 :
640 1908 792 1976 juvat
819 1908 1132 1975 sapientem,
1164 1906 1264 1961 hoc
1301 1922 1421 1961 esse
1450 1908 1590 1976 qttod
1615 1908 1889 1975 plurimos.

321 1999 570 2054 Facessat
593 1998 929 2067 philosophia
960 1999 1010 2051 in
1036 2007 1337 2051 nostrorum
1359 2008 1480 2050 nota
1507 1998 1853 2052 conventibus
1878 2018 1889 2052 :

317 2104 414 2156 ego
443 2090 677 2143 donasse
699 2090 843 2143 curis
868 2089 1045 2157 cupio,
1068 2090 1313 2158 quotiens
1340 2088 1603 2143 infelicem
1634 2089 1891 2143 inscitiam

318 2178 561 2247 sequitur
612 2178 701 2246 qui
729 2178 1003 2246 przccedit.
1032 2178 1171 2246 Ergo
1200 2178 1455 2233 honorem
1495 2179 1705 2233 salutati
1756 2179 1895 2234 acci-

320 2272 493 2337 piens,
528 2269 769 2323 rescribe
797 2269 922 2323 mihi
949 2269 1075 2337 quid
1096 2284 1217 2323 cum
1246 2270 1427 2323 animo
1450 2279 1538 2323 tuo
1565 2271 1753 2339 pagina
1778 2285 1895 2325 mea

319 2363 502 2430 egerit.
533 2361 667 2414 Nam
692 2362 738 2415 si
766 2375 885 2429 qua:
925 2362 1052 2414 mihi
1097 2362 1167 2415 sit
1211 2363 1473 2417 sententia
1509 2361 1715 2431 ﬂagites
1746 2406 1761 2428 ,
1796 2378 1895 2432 ego

318 2456 426 2521 ipsa
455 2454 758 2507 studiorum
787 2453 1080 2508 liberalium
1104 2455 1317 2507 nomina
1341 2454 1447 2523 jam
1476 2453 1729 2509 detestor.

888 2544 1221 2599 EPISTULA
1263 2546 1324 2599 ll.

855 2652 1109 2691 ENNODII‘S
1143 2652 1360 2693 FAL‘STO.

383 2728 502 2782 Stat
538 2727 685 2795 apud
723 2727 1100 2781 conscientiam
1138 2727 1387 2780 culminis
1440 2729 1599 2782 vestri
1637 2729 1761 2798 quid
1802 2744 1891 2781 su-

319 2820 496 2873 blimis
527 2820 626 2872 viri
662 2819 900 2872 Faustini
930 2828 1054 2871 voto
1087 2819 1309 2873 debeam
1349 2830 1402 2874 ct
1448 2823 1626 2887 generi
1654 2836 1668 2873 :
1697 2833 1747 2874 et
1775 2821 1894 2874 ideo

322 2911 560 2977 quamvis
590 2909 732 2972 apud
755 2924 848 2962 vos
873 2910 1054 2963 credat
1078 2909 1322 2963 suflicerc
1370 2910 1514 2979 quod
1542 2925 1635 2979 pro
1660 2911 1766 2964 tilio
1801 2926 1892 2979 pa-

323 3014 401 3055 ter
431 3001 631 3068 rogavit
656 3038 677 3063 ,
720 3016 813 3065 per
854 3015 941 3055 me
984 3011 1161 3055 tamen
1212 3000 1333 3069 quia
1377 3016 1560 3069 parum
1595 3009 1742 3066 putat
1778 3002 1894 3069 ejus

325 3093 627 3147 sollicitudo
662 3093 1038 3163 quod'egerit,
1074 3109 1260 3161 preces
1308 3092 1643 3161 frequentat,
1674 3109 1894 3163 sperans

326 3193 375 3236 ιιι
405 3195 589 3236 noSIer
615 3182 927 3237 adolescens
952 3183 1016 3237 ad
1037 3192 1292 3247 maturos,
1316 3182 1425 3237 Deo
1449 3184 1686 3251 auspice,
1719 3198 1896 3238 mares
1922 3158 1967 3218 (ί

324 3277 557 3344 erigatur
583 3293 597 3328 :
624 3290 720 3329 vos
750 3274 885 3329 detis
909 3286 1192 3343 prmccpta,
1220 3275 1344 3343 quid
1377 3276 1523 3345 sequi
1544 3276 1756 3339 debeat,
1774 3275 1897 3344 quid

327 3387 512 3427 pavere
542 3415 556 3436 ,
584 3386 680 3424 vos
700 3370 837 3438 apud
855 3386 987 3437 quos
1016 3373 1372 3425 necessarium
1400 3371 1739 3426 credideritis
1768 3371 1899 3425 scri-

328 3464 508 3529 ptione
534 3462 945 3531 prosequamiui.
974 3461 1083 3514 lloc
1103 3462 1213 3515 scio
1229 3462 1437 3515 culmen
1460 3471 1710 3517 vestrum.
1739 3464 1897 3514 etiam

326 3555 366 3606 si
392 3563 623 3614 taceam,
652 3567 771 3605 esse
800 3552 1056 3605 facturum
1094 3570 1104 3603 :
1144 3552 1236 3606 sed
1286 3568 1383 3606 nec
1421 3552 1577 3606 debui
1619 3552 1749 3606 tinti
1802 3554 1898 3605 viri

326 3642 574 3710 precibus
601 3642 812 3704 deesse,
837 3657 933 3696 nec
960 3643 1101 3707 potui
1122 3661 1132 3694 :
1150 3657 1250 3711 qua
1268 3644 1333 3697 de
1347 3658 1405 3698 re
1432 3654 1701 3712 permotus
1730 3644 1900 3715 lac'y-

326 3735 425 3787 mis
452 3732 701 3802 superius
720 3734 1111 3801 comprehensi,
1137 3742 1192 3786 et
1225 3749 1323 3804 ego
1364 3735 1495 3789 flens
1523 3735 1763 3803 supplico
1808 3751 1901 3803 per

327 3825 471 3877 illam
504 3839 621 3891 qua!
654 3824 803 3878 vobis
846 3839 873 3875 a
919 3812 1026 3877 Deo
1063 3840 1316 3877 concessa
1361 3835 1470 3889 est,
1519 3828 1898 3880 conscientiam

328 3918 429 3981 (sic
459 3916 744 3983 petitiones
773 3926 979 3970 vestras
1006 3917 1085 3983 pia
1112 3927 1400 3985 martyrum
1422 3918 1685 3973 Salvatori
1719 3928 1901 3971 nostro

324 4007 665 4061 commendet
690 4008 955 4077 assertio),
972 4016 1027 4059 ut
1049 4007 1339 4061 efficaciter
1354 4008 1490 4077 apud
1508 4022 1601 4061 vos
1622 4019 1672 4061 et
1695 4018 1902 4062 creator

326 4114 423 4157 pro
452 4096 560 4150 lilio
586 4107 637 4150 et
666 4096 894 4149 domnus
927 4097 1207 4150 Faustinus
1240 4113 1335 4165 pro
1382 4099 1663 4151 Ambrosio
1691 4100 1899 4168 suppli—

323 4197 410 4240 cet
438 4206 449 4237 :
474 4196 529 4239 et
573 4186 818 4240 ordinate
867 4187 1176 4253 prmdictum
1218 4186 1491 4255 juvenem,
1536 4198 1589 4241 ct
1629 4200 1777 4241 orate
1808 4205 1902 4257 pro

325 4278 468 4341 ipso,
510 4286 567 4330 ut
603 4276 995 4331 adolescentem
1038 4277 1204 4330 Roma
1244 4292 1340 4330 nec
1386 4278 1527 4330 vitiis
1568 4281 1757 4346 possit,
1806 4296 1899 4334 nec

324 4367 566 4419 utoribus
604 4366 966 4433 exstinguere.
991 4367 1114 4420 Scio
1145 4382 1239 4419 vos
1288 4366 1438 4433 plura
1470 4368 1604 4433 apud
1634 4368 1895 4430 homines,

326 4461 421 4511 sed
471 4458 671 4526 majora
704 4460 840 4526 apud
882 4460 1045 4513 Deum
1088 4460 1397 4527 przevalerc.
1431 4460 1494 4513 Et
1537 4460 1654 4513 idco
1683 4476 1901 4514 securus

327 4553 439 4613 jam
471 4549 715 4602 effectum
759 4549 864 4601 illis
910 4550 1162 4615 polliceor
1206 4565 1339 4617 quos
1378 4550 1716 4602 commendo.
1767 4550 1903 4619 Ergo

330 4642 689 4695 reverentiam
745 4641 1078 4695 salutationis
1130 4642 1444 4703 exsolvens,
1504 4643 1683 4709 paucis
1739 4644 1897 4695 multa

327 4839 390 4889 tis
409 4838 474 4889 ad
492 4837 878 4891 Theodericum
911 4852 1085 4905 regem
1116 4853 1235 4889 cum
1265 4836 1419 4890 laude
1446 4837 1642 4889 obiisse
1671 4846 1895 4890 testatur

327 4910 679 4970 Athalaricus,
721 4908 813 4959 lib.
858 4923 946 4960 vui
991 4907 1218 4969 Variar.,
1252 4907 1406 4973 epist.
1436 4908 1519 4964 12.
1552 4922 1652 4972 qua
1685 4909 1893 4960 comiti-

328 4993 447 5029 vam
477 4977 891 5030 domesticorum
922 4978 1131 5029 Aratori
1178 4976 1436 5029 decernit.
1480 4978 1760 5045 Postquam
1793 4993 1884 5030 co-

328 5050 511 5098 mitiva
540 5050 698 5098 etiam
728 5062 905 5100 rerum
940 5048 1287 5111 privatarum,
1320 5047 1623 5114 priusquam
1651 5050 1767 5099 aula
1803 5064 1883 5099 rc-

327 5117 449 5168 licta
477 5117 728 5169 Ecclesia:
766 5119 1177 5184 manciparetur,
1213 5126 1455 5167 ornatum
1507 5118 1687 5176 fuisse,
1734 5118 1891 5169 tlnt.‘t‘l

331 5201 427 5237 nos
455 5197 603 5238 vetus
632 5187 927 5243 adnotatio,
960 5202 1078 5253 qua:
1108 5188 1158 5237 in
1201 5186 1469 5252 plerisque
1495 5188 1889 5250 ιικιιιιιιιετιιίιιιις

331 5256 569 5307 Ληιοι-ἰε
602 5256 753 5308 libris
782 5256 992 5324 przelixn
1026 5267 1125 5308 cst.
1151 5256 1259 5321 Qua
1284 5257 1486 5307 ratione
1516 5255 1705 5320 Vigilto
1727 5257 1886 5308 oblati

329 5334 381 5376 et
405 5326 633 5393 suscepti
663 5327 731 5376 ab
760 5340 825 5378 co
854 5326 1066 5379 fuerint.
1122 5326 1249 5392 Ejus
1293 5325 1434 5377 enim
1484 5326 1533 5376 in
1577 5327 1757 5377 codice
1784 5326 1887 5377 lie~

332 5396 497 5463 mensi
531 5395 911 5447 monachorum
956 5397 1013 5449 S.
1059 5394 1277 5463 Remigii
1313 5395 1412 5446 huc
1456 5406 1536 5447 est
1576 5396 1885 5447 exordium:

340 5462 493 5515 Beato
531 5466 720 5517 domno
770 5464 923 5517 Petro
967 5462 1264 5535 adjnvante,
1308 5464 1508 5517 oblatus
1543 5466 1623 5515 hic
1656 5466 1815 5517 codex
1842 5466 1902 5516 ab

335 5539 547 5587 Aratore
587 5535 813 5597 inlustri,
844 5550 905 5586 ex
954 5538 1135 5586 comite
1173 5535 1559 5585 domesticorum
1586 5578 1600 5596 ,
1628 5550 1688 5587 ea:
1726 5536 1907 5586 comite

343 5605 671 5671 priratorum,
702 5621 730 5657 ιι
753 5620 813 5656 ro
842 5604 1101 5671 religioso,
1148 5604 1456 5655 subdiacono
1487 5603 1543 5657 S.
1580 5603 1640 5655 Ε.
1680 5604 1745 5657 Π.
1779 5607 1864 5656 scd
1884 5622 1908 5657 s

341 5676 648 5739 "posto/ira,
688 5685 865 5727 sancto
892 5683 1042 5737 atque
1067 5673 1348 5740 apostolico
1380 5674 1484 5724 vim
1514 5690 1661 5741 popa:
1696 5674 1905 5741 Vigilio,

332 5759 449 5793 rust
482 5754 591 5809 plus
616 5746 675 5795 ab
718 5762 772 5795 ει
800 5747 880 5795 die
916 5761 1001 5796 \‘lll
1038 5745 1105 5793 id.
1128 5744 1369 5811 Aprilium
1396 5758 1411 5791 .'
1444 5752 1489 5795 tl
1534 5759 1649 5811 quae
1679 5760 1908 5812 sequun-

1935 4522 1984 4578 D

1993 1933 2159 2001 guria:
2181 1940 2401 2001 angusta
2424 1931 2795 1997 delitesceret:
2819 1941 2872 1989 et
2891 1929 3029 2003 quod
3052 1936 3179 1989 artis
3206 1938 3340 1990 fama
3370 1937 3565 1990 nubilis

1994 2026 2583 2080 arctareturohstaculis
2605 2041 2619 2079 :
2643 2026 2819 2081 alieno
2835 2027 3083 2094 praesidio
3098 2028 3389 2084 claritatem
3414 2044 3561 2083 suam

1995 2116 2047 2171 in
2079 2115 2367 2170 Romanam
2392 2117 2561 2170 lucem
2591 2126 2740 2185 putat
2767 2132 3067 2185 erumpere.
3088 2118 3338 2174 Facessat
3362 2119 3430 2173 ab
3450 2130 3562 2174 stu—

1994 2207 2097 2261 diis
2124 2207 2257 2261 meis
2301 2222 2497 2274 negare
2528 2208 2886 2262 testimonium
2931 2208 3072 2276 quod
3103 2209 3221 2277 plus
3276 2211 3563 2278 opitulatur

1995 2301 2235 2355 auctori:
2267 2303 2354 2368 qui
2386 2300 2527 2354 enim
2571 2300 2740 2354 bonos
2762 2300 2970 2364 asserit,
3001 2300 3342 2368 approbatur.
3376 2302 3563 2356 Videte

1995 2408 2111 2455 quzn
2139 2392 2206 2445 de
2236 2392 2388 2444 vobis
2430 2390 2617 2445 ﬁducia
2656 2392 2759 2455 sit,
2805 2391 2890 2445 cui
2938 2391 3191 2460 quidquid
3239 2392 3561 2459 praecipuum

1998 2483 2158 2537 habet
2181 2483 2377 2537 nubilis
2406 2491 2549 2537 terra
2586 2481 2877 2537 commisit.
2928 2481 3061 2537 Nolo
3102 2492 3248 2552 putet
3285 2484 3421 2552 apud
3466 2498 3562 2537 nos

1997 2576 2134 2640 quod
2169 2575 2267 2628 hac
2310 2574 2381 2628 ιὶι
2410 2574 2605 2627 familia
2640 2575 2814 2641 potius
2866 2575 3115 2629 inveniri.
3159 2575 3365 2629 Sufficit
3395 2576 3556 2630 honor

1997 2681 2111 2718 rum
2136 2665 2340 2732 cupidis
2368 2663 2446 2718 sic
2470 2665 2646 2732 plures
2675 2667 2910 2731 vincere,
2940 2674 2999 2719 ut
3022 2668 3308 2733 potissimis
3347 2681 3564 2733 compa-

1997 2767 2201 2812 rentur.
2234 2757 2580 2810 llonestatem
2602 2757 2811 2823 juvenis
2840 2746 3082 2825 vulgatus
3111 2759 3364 2812 natalium
3398 2758 3563 2827 pudor

1995 2847 2268 2902 ostendit:
2326 2845 2483 2898 faciat
2536 2845 2832 2898 divinitatis
2876 2846 3205 2913 dispensatio
3247 2855 3301 2899 ut
3336 2862 3430 2915 per
3473 2864 3563 2899 vos

1998 2938 2255 3005 principia
2282 2937 2401 3004 ejus
2423 2936 2508 2989 hic
2530 2936 2668 2989 bene
2691 2934 2859 2989 locata
2884 2936 3200 2989 solidentur.
3236 2936 3375 3004 Ergo
3394 2938 3565 2990 bono-

1999 3046 2113 3085 rem
2143 3026 2483 3083 salutationis
2508 3027 2749 3095 accipite,
2778 3034 2835 3081 ct
2859 3026 3101 3094 petitioni
3145 3042 3277 3080 mea:
3319 3035 3560 3095 paterna,

2001 3120 2136 3173 sicut
2190 3126 2546 3186 praeceptores
2602 3116 2813 3169 vocavit
2864 3116 3180 3184 antiquitas,
3232 3117 3424 3185 pietate
3477 3133 3563 3171 rc-

2002 3210 2278 3281 “pondem'
2562 3277 2885 3335 EPISTULA
2913 3275 3001 3333 tv.

2501 3376 2755 3428 εκιιοῖηυε
2782 3374 2799 3403 ¹
2828 3386 3067 3426 rnomso.

2069 3468 2122 3521 Si
2152 3467 2287 3535 apud
2330 3465 2671 3519 eminentiam
2715 3471 2945 3517 vestram
2986 3461 3302 3530 supplicatio
3334 3478 3447 3516 mea
3482 3478 3566 3516 rc-

2000 3558 2307 3611 cordatione
2336 3555 2666 3618 subsisteret,
2704 3555 2889 3607 crebra
2935 3552 3223 3619 scriptione
3266 3552 3565 3621 patuisset:

2003 3664 2099 3703 nec
2128 3663 2260 3717 quos
2290 3645 2429 3716 apud
2470 3645 2736 3714 Liguriam
2767 3654 2973 3698 vestros
3000 3644 3305 3710 dignatione
3339 3643 3563 3698 vocaba-

2006 3740 2093 3799 tis,
2137 3735 2385 3804 sepeliret
2414 3735 2634 3788 oblivio.
2663 3732 2767 3787 Sed
2800 3732 2917 3800 quia
2941 3732 3059 3785 loco
3090 3740 3142 3784 ct
3168 3733 3357 3799 opibus
3390 3732 3566 3797 divisi,

2005 3845 2101 3882 nec
2131 3826 2414 3893 diligentiae
2432 3826 2545 3895 lege
2571 3833 2976 3890 comparantur;
3005 3820 3123 3872 ideo
3146 3820 3429 3888 perfectam
3454 3823 3567 3875 sub-

2002 3920 2154 3983 jectis
2186 3917 2481 3979 caritatem,
2506 3915 2550 3968 si
2579 3912 2720 3981 digni
2750 3914 2853 3964 siut
2887 3911 3226 3972 allocutione,
3267 3913 3565 3976 praestatis:

2006 4013 2102 4065 hac
2133 4010 2184 4063 in
2213 4009 2499 4061 amicitiam
2532 4005 2855 4059 discretione
2883 4013 3158 4068 coeuntes,
3201 4015 3257 4057 ut
3290 4018 3384 4057 vos
3415 4018 3567 4071 coga-

2008 4101 2134 4155 mini
2176 4110 2377 4153 tantum
2426 4098 2717 4164 respicere,
2758 4110 2855 4148 nos
2884 4110 3083 4148 amare.
3121 4095 3234 4150 Erit
3263 4095 3445 4148 vilium
3478 4109 3568 4173 su:

2009 4192 2167 4259 perba
2214 4190 2465 4253 conditio,
2521 4189 2565 4243 si
2613 4188 2730 4256 plus
2767 4203 2795 4240 a
2843 4186 3149 4257 potentibus
3214 4202 3370 4255 quam
3409 4185 3568 4239 verba

2007 4283 2395 4351 praestolamur.
2430 4280 2508 4334 Ad
2542 4281 2810 4349 querelam
2842 4278 3090 4332 descendi
3132 4278 3368 4330 (‘at‘llalis
3400 4282 3567 4344 impe-

2007 4373 2084 4421 rio
2110 4388 2120 4421 :
2149 4370 2408 4423 debuistis
2438 4386 2523 4422 me
2549 4378 2666 4437 post
2697 4368 2987 4437 periculum
3018 4367 3155 4435 quod
3186 4368 3455 4430 sideralis,
3488 4367 3569 4419 di-

2007 4476 2165 4529 gnum
2199 4468 2381 4527 putare
2416 4458 2697 4525 colloquio,
2751 4458 2833 4510 vel
2882 4458 3001 4525 quia
3052 4458 3280 4511 recentis
3330 4459 3569 4527 Illyslcrll

2010 4552 2411 4604 reviviscentem
2464 4548 2873 4602 commendabat
2928 4550 3199 4601 assertio:
3254 4559 3377 4616 puto
3432 4548 3569 4616 quod

2005 4642 2148 4710 digni
2179 4642 2285 4694 sint
2320 4642 2577 4695 honorum
2605 4639 2769 4707 gratia
2814 4638 2880 4691 de
2911 4639 3165 4708 sepulcris
3198 4639 3569 4707 Redemptoris

2003 4850 2108 4891 tur.
2146 4838 2411 4905 Pangcndi
2446 4836 2580 4890 sacri
2613 4838 2883 4902 carminis,
2904 4838 3001 4891 hoc
3023 4849 3097 4891 est
3126 4837 3283 4891 Musa:
3307 4837 3369 4891 ad
3398 4838 3571 4891 divina

2001 4910 2374 4963 convertenda:
2423 4919 2609 4960 auctor
2651 4910 2859 4962 Aratori
2891 4910 3015 4961 olim
3054 4907 3223 4961 fuerat
3258 4907 3573 4961 Parthenius

2004 4980 2365 5033 Ennodianus.
2402 4978 2604 5032 Idcirco
2632 4993 2750 5030 cum
2779 4980 3140 5044 apostolorum
3158 4978 3326 5031 Actus
3350 4979 3573 5031 cecinis-

1998 5059 2100 5110 set,
2133 5063 2369 5115 opusque
2398 5063 2551 5101 sumn
2585 5048 2795 5115 Vigilio,
2827 5059 2883 5100 ut
2913 5049 3108 5101 dictum
3140 5056 3241 5110 est,
3269 5049 3569 5109 obtulisset,

1999 5118 2049 5169 id
2083 5118 2251 5181 ipsum
2281 5118 2331 5170 in
2362 5118 2589 5170 Galliam
2622 5118 2758 5170 misit
2796 5118 2860 5171 ad
2892 5117 3255 5177 Parthenium,
3286 5126 3342 5168 ut
3368 5118 3434 5169 ibi
3459 5118 3573 5180 ejus

1998 5202 2157 5254 opera
2189 5189 2461 5241 ederetur.
2497 5190 2607 5252 Qua
2637 5186 2701 5239 de
2732 5203 2787 5240 re
2818 5188 3074 5255 prmclara
3106 5188 3156 5240 in
3180 5186 3366 5238 eodem
3392 5186 3574 5238 codice

2002 5257 2248 5309 Ilemensi
2283 5266 2458 5309 exstat
2487 5257 2725 5310 Aratoris
2755 5258 2819 5309 ad
2851 5257 3193 5310 Parthenium
3214 5256 3384 5317 ipsum
3410 5255 3574 5319 elegis

2002 5327 2241 5379 versibus
2273 5328 2496 5393 cpistola
2524 5344 2536 5380 :
2566 5343 2722 5394 quam
2751 5329 2869 5393 quia
2900 5329 3133 5379 nondum
3168 5326 3373 5389 vulgata
3402 5332 3504 5385 est,
3529 5325 3572 5375 si

2008 5396 2148 5447 velut
2178 5397 2516 5465 peregrinum
2544 5396 2803 5449 emblema
2847 5396 2927 5447 his
2956 5398 3092 5448 notis
3124 5397 3372 5465 inseram,
3404 5407 3574 5458 neque

2012 5462 2296 5540 ingratum,
2318 5462 2498 5540 neque
2532 5466 2717 5540 inutile
2739 5466 2991 5540 πάρεργον
3018 5467 3130 5517 fore
3164 5462 3392 5540 confido.

2084 5536 2097 5565 ¹
2139 5533 2388 5604 Probiuoj
2414 5536 2537 5588 Viro
2568 5536 2778 5591 illustri.
2802 5530 3042 5604 ίιπὶιὶρψ2
3076 5542 3124 5583 ιιι
3158 5538 3380 5604 paleth
3404 5530 3577 5585 Theo-

2011 5606 2177 5659 derici
2210 5606 2274 5657 ad
2305 5599 2451 5657 illum
2480 5606 2635 5673 epist.
2684 5620 2716 5656 ιι
2751 5599 3043 5673 ι’τιιιτιτηιι
3074 5641 3087 5663 ,
3121 5608 3173 5673 et
3202 5599 3462 5673 Paranesi
3487 5620 3575 5654 au-

2018 5676 2153 5727 turis
2184 5675 2249 5727 ab
2284 5670 2575 5727 lit-aluntch
2610 5673 2944 5741 Ambrosium
2968 5670 3106 5725 hunc
3141 5671 3311 5741 ipsum
3344 5671 3584 5729 Faustini

2023 5746 2185 5797 lilium
2217 5759 2374 5813 quem
2409 5744 2633 5797 Probin
2659 5739 3016 5794 commendat.
3108 5743 3124 5758 '
