3998 6362
501 292 598 351 151

1623 290 1890 345 E-NNODII
1932 287 2231 343 El'lSCOl’l
2270 285 2646 342 TlClNENSlS

3662 297 3749 353 132

509 401 677 458 nostri
728 403 963 473 potentia
1016 402 1267 456 restituti.
1320 401 1431 467 Ego
1476 408 1676 463 tamen,
1715 400 1957 468 quamvis
1985 413 2082 452 sim
2112 404 2165 460 Α
2195 402 2291 450 vit.
2338 399 2495 451 Venit
2528 399 2592 453 ad
2624 415 2707 451 me
2736 414 2854 451 sera
2897 400 3109 468 quidem
3148 401 3357 468 relatio,
3409 404 3499 457 scd
3544 411 3742 463 votiva:

504 495 756 559 prodigus
786 492 972 547 fr‘onlis
989 502 1042 546 et
1069 492 1333 559 garrulus,
1367 506 1464 545 nec
1489 492 1613 544 dum
1632 490 1700 545 de
1727 507 1810 545 me
1834 491 2077 544 fiduciam

502 599 711 648 gerens,
766 583 1092 650 propinquos
1138 581 1375 635 insinuo.
1431 580 1782 635 Prmsentium
1833 581 2076 648 portitor,

502 675 683 728 domui
739 672 968 725 Faustini
1025 672 1187 728 filius.
1238 670 1585 754 sufficienter.
1613 672 1749 724 bona
1801 670 2080 739 pollicetur

500 766 690 821 merita
735 764 803 818 de
853 775 1117 832 parente:
1154 765 1295 817 hunc
1325 776 1380 817 ut
1415 779 1510 818 vos
1539 763 1781 826 foveatis,
1817 764 2075 832 imploro:

503 857 626 923 quia
656 857 793 910 bene
835 856 1005 908 nostis
1051 870 1151 924 qua
1189 857 1254 909 sit
1290 864 1498 909 creator
1536 857 1652 925 ejus
1706 872 1915 910 morum
1966 857 2079 909 luce

501 948 816 1017 conspicuus
852 965 864 1000 :
895 963 991 1002 nec
1041 948 1197 1002 debet
1241 949 1307 1001 ad
1354 948 1487 1003 alios
1538 949 1810 1010 festinare,
1855 950 1956 1002 nisi
2011 951 2076 1001 ad

499 1054 618 1103 vos,
664 1054 1034 1109 quemcunque
1080 1039 1203 1093 vita:
1247 1040 1537 1094 auctoritas
1587 1052 1757 1093 armat
1807 1050 1861 1094 et
1910 1053 2075 1108 gene-

500 1130 596 1187 ris.
628 1132 793 1200 Ergo,
825 1132 1017 1185 domne
1046 1132 1140 1198 mi,
1175 1131 1433 1198 obsequio
1452 1130 1786 1192 salutationis
1815 1132 2081 1198 impenso,

500 1238 629 1291 rogo
660 1233 716 1276 ιιι
747 1224 1148 1293 prosperitatem
1183 1224 1411 1277 vestram
1457 1224 1757 1293 epistolaris
1806 1239 1929 1276 cura
1963 1237 2073 1275 ma-

500 1314 732 1370 nifestet.
1492 1328 1497 1333 ο

1068 1385 1399 1441 EPISTULA
1440 1386 1502 1437 γ.

867 1482 1121 1520 εκκουιυε
1150 1481 1288 1519 ιιοιιιι
1299 1481 1423 1519 ιευιε
1458 1481 1697 1518 IllACHNO.

486 1596 493 1599 -
570 1559 816 1613 Caelestis
837 1558 1166 1626 dispensatio
1181 1557 1554 1625 epistolaribus
1572 1556 1845 1609 beneficiis
1862 1556 2073 1624 iunctos

499 1650 719 1702 raritate
745 1650 1019 1703 consociat
1043 1665 1057 1702 :
1087 1648 1213 1701 dum
1236 1662 1371 1716 quos
1402 1647 1658 1700 discernit
1681 1647 1926 1700 itinerum
1953 1662 2071 1713 pro-

496 1740 693 1805 lixitas,
724 1741 777 1794 in
809 1740 1043 1794 remedio
1072 1738 1445 1793 sollicitudinis
1468 1739 1643 1806 jungit
1668 1737 1900 1803 affectio,
1932 1738 1973 1791 si
1996 1739 2063 1791 sit

472 1829 937 1887 curasermonis.
970 1828 1251 1883 Silentium
1285 1837 1460 1881 tamen
1504 1839 1742 1882 vestrum
1774 1828 1932 1881 nimis
1974 1827 2067 1882 ad-

495 1920 680 1983 miror,
706 1919 847 1986 quod
881 1918 1282 1986 post'depositat
1312 1917 1550 1972 sarcinas
1579 1919 1906 1987 a'grit-udinis
1928 1920 2068 1973 nulla

496 2026 583 2065 nze
610 2011 933 2066 allocutione
962 2012 1300 2066 sublevaslis.
1336 2012 1443 2066 Sed
1486 2012 1609 2081 quia
1663 2013 1926 2081 loquendo
1968 2027 2069 2083 op-

498 2110 723 2166 portune
753 2106 1011 2170 cogimus,
1054 2111 1114 2155 ut
1153 2104 1406 2171 loquaris,
1438 2106 1517 2158 vel
1548 2105 1746 2173 garruli
1776 2105 2069 2160 imitatione

497 2193 779 2261 responde.
835 2194 977 2247 Bene
1015 2196 1155 2249 enim
1206 2210 1291 2249 res
1331 2196 1579 2250 desiderii
1627 2209 1679 2253 et
1729 2200 1982 2267 poscitur,
2015 2211 2070 2255 et

496 2284 815 2351 impetratur
872 2288 1161 2355 exemplis.
1220 2288 1356 2358 Ergo
1418 2290 1673 2344 honorem
1732 2295 2066 2349 salutationis

497 2366 833 2443 impendens,
865 2377 1043 2432 indico
1081 2393 1185 2441 me,
1239 2378 1349 2433 Deo
1395 2381 1643 2449 propitio,
1698 2384 1801 2449 iam
1848 2384 2064 2448 valere,

496 2467 823 2536 supplicans,
858 2479 915 2523 ιιι
945 2470 1143 2525 vicaria
1182 2471 1309 2526 mihi
1341 2472 1461 2542 styli
1513 2475 1933 2545 promulgatione
1976 2477 2065 2532 be-

496 2560 728 2615 nedicas.

1062 2653 1385 2709 EPISTOLA
1416 2656 1503 2709 Vl.

1039 2760 1295 2799 ENNODIUS
1327 2762 1520 2803 BBATO.

564 2857 620 2912 Si
650 2859 967 2927 proferenda
996 2860 1322 2928 temporibus
1343 2861 1408 2914 de
1430 2861 1745 2917 eruditionis
1782 2879 1959 2920 inesse
1984 2881 2066 2934 pe-

495 2949 659 3003 ctoris
701 2947 896 3004 horreo
938 2950 1515 3020 condidisses,jeiuute
1559 2952 1627 3007 ab
1673 2954 1915 3023 epistolis
1963 2957 2064 3009 tuis

494 3042 904 3095 commeantium
932 3041 1167 3096 dextera:
1198 3058 1304 3095 non
1335 3045 1593 3098 venirent.
1620 3045 1733 3099 Sed
1751 3049 1872 3114 quia
1897 3048 2063 3117 negli-

485 3132 721 3199 gentiam
750 3144 802 3185 et
830 3133 1167 3186 sterilitatem
1216 3142 1361 3186 tuam
1387 3134 1652 3188 sermonis
1692 3136 1866 3203 prodit
1891 3137 2056 3192 abSti-
2088 3128 2133 3188 (Ξ

487 3223 668 3275 nentia
694 3262 709 3285 ,
743 3237 840 3276 nos
868 3236 1088 3277 necesse
1115 3232 1198 3277 est
1226 3223 1415 3278 iterum
1439 3225 1505 3277 ad
1528 3229 1787 3281 culturam
1817 3230 2059 3286 admoni-

487 3313 647 3366 tionis
668 3316 972 3382 asSurgere‘,
996 3323 1048 3366 et
1079 3324 1224 3384 terga
1250 3314 1413 3383 jactis
1445 3316 1724 3371 infecunda
1769 3321 2061 3377 seminibus

483 3404 739 3459 recidivis
768 3405 832 3458 ad
867 3406 1161 3461 ubertatem
1194 3409 1356 3463 sulcis
1401 3424 1613 3478 urgere.
1652 3410 1748 3465 Ubi
1793 3422 1915 3467 sunt
1946 3429 2066 3468 mo-

482 3497 593 3551 nila
659 3513 779 3567 qua:
807 3498 949 3567 apud
982 3510 1032 3553 te
1062 3500 1339 3554 asserebas
1380 3516 1501 3556 esse
1556 3504 1791 3558 victura?
1822 3506 1910 3560 ubi
1940 3518 2058 3561 stu-

480 3588 627 3640 dium
677 3589 1038 3658 colloquendi,
1087 3606 1182 3660 per
1221 3592 1361 3660 quod
1403 3604 1457 3647 et
1489 3595 1710 3650 scientia
1745 3607 1978 3664 patescat
2006 3610 2059 3653 et

480 3678 705 3731 caritas?
731 3677 1201 3735 Clamantsilentia
1222 3690 1329 3745 tua,
1360 3693 1409 3736 te
1438 3699 1543 3737 non
1570 3697 1873 3740 assecutum
1913 3689 2055 3755 quod

479 3768 605 3822 boni
634 3767 850 3835 dignum
882 3771 1051 3839 possit
1072 3785 1192 3827 esse
1211 3772 1431 3841 judicio.
1465 3773 1594 3828 Nam
1638 3780 1779 3830 sicut
1818 3793 1934 3832 rara
1963 3779 2058 3833 do-

478 3868 615 3922 ctos,
647 3861 717 3916 ita
746 3863 1001 3916 continua
1029 3865 1208 3928 prodit
1241 3864 1566 3920 taciturnitas
1591 3867 1883 3937 imperitos.
1920 3872 2056 3940 Ergo

475 3953 752 4020 erubesce,
786 3964 841 4009 et
881 3955 1098 4012 tandem
1146 3958 1436 4027 aliquando
1483 3976 1671 4028 rumpe
1721 3960 1953 4027 vincula,
2002 3974 2055 4018 et

473 4046 853 4112 impedimenta
868 4062 1198 4101 sermonum.
1217 4048 1455 4103 Ostende
1471 4051 1595 4118 quid
1620 4052 1818 4116 valeas,
1832 4054 2055 4107 ostende

474 4135 601 4202 quid
644 4137 997 4201 promoveris,
1027 4138 1071 4190 si
1105 4147 1283 4191 tamen
1318 4148 1368 4192 te
1408 4138 1559 4206 juxta
1590 4152 1773 4195 votum
1816 4154 2052 4197 nostrum

474 4226 643 4293 gratia
671 4239 900 4294 snperna
946 4242 1050 4281 non
1078 4227 1300 4283 deserit.
1334 4230 1482 4282 Nunc
1516 4230 1852 4288 salutationis
1883 4234 2052 4290 bono-

472 4334 589 4378 retn
640 4319 846 4390 accipe,
899 4332 951 4376 et
1002 4322 1147 4376 brevi
1196 4332 1481 4378 contentus
1523 4326 1775 4393 epistola,
1824 4342 2054 4396 agnusve

475 4414 612 4482 patri
649 4424 739 4469 tuo
780 4430 897 4485 quae
944 4416 1099 4486 longa
1150 4416 1489 4486 correptione
1542 4430 1846 4474 reserentur
1889 4422 2053 4477 fuisse

475 4506 742 4560 mandata.

1022 4601 1347 4656 EPISTULA
1385 4604 1493 4657 ΠΙ.

1017 4708 1268 4747 Εκκιιιιιυδ
1296 4711 1507 4750 Ανιεκο.

547 4782 812 4836 Bene‘dico
846 4781 944 4837 D‘ei
967 4785 1133 4837 nostri
1162 4786 1421 4853 triplicem
1461 4786 1512 4839 in
1544 4788 1907 4854 majeSIatibus
1935 4790 2052 4842 uni-

473 4884 636 4926 tatem
669 4884 787 4937 qum
814 4889 900 4927 me
942 4875 1080 4928 inter
1116 4878 1387 4943 angustias
1429 4893 1598 4942 meas,
1633 4877 1880 4946 perfectio
1910 4883 2049 4933 sani»

474 4964 596 5017 tatis
622 4963 762 5028 loco,
788 4964 861 5019 de
884 4966 1283 5034 coniunctionis
1315 4978 1509 5022 vestrae
1554 4985 1775 5049 munere
1804 4970 2051 5025 subleva-

544 5076 1047 5149 A'DoﬁmnogLibert'o]
1094 5078 1321 5132 Patricio
1371 5080 1494 5134 item
1536 5099 1548 5133 :
1583 5081 1649 5135 de
1697 5099 1801 5147 quo
1852 5084 1938 5136 lib.
1985 5102 2047 5145 ι’,

469 5146 711 5219 cpistal.
743 5147 901 5219 Aliud
926 5146 1402 5202 ltoc‘mtlmt-bauum
1433 5151 1499 5202 ab
1528 5165 1592 5204 eo
1621 5146 1757 5219 quod
1787 5170 1816 5205 a
1861 5153 2052 5207 Fausw

470 5218 716 5283 superius
746 5230 840 5285 per
871 5214 1081 5270 Florum
1116 5220 1416 5286 postulabat
1447 5222 1604 5287 epist.
1640 5214 1723 5284 Η,
1751 5225 1838 5276 lib.
1865 5239 1979 5279 \‘ttt.

542 5290 563 5316 ³
596 5288 805 5341 Sclmt..
835 5297 1020 5340 vestra.

543 5299 563 5316 ³
596 5299 805 5350 δεινή..
835 5299 1020 5340 vestra.

543 5358 562 5386 ³
590 5357 841 5425 (.‘amillwl
892 5358 1076 5411 Vidua:
1118 5358 1526 5424 consanguineae
1568 5359 1620 5413 in
1667 5360 1855 5425 Gallia,
1890 5362 1938 5415 id
1971 5374 2051 5415 est

479 5427 707 5495 Arelate.
754 5427 889 5482 Infra
930 5429 1087 5493 epist.
1131 5426 1199 5480 29
1243 5445 1255 5480 τ
1300 5428 1518 5481 Camilla
1556 5448 1738 5495 parens
1780 5449 1889 5485 mea
1918 5434 2051 5486 intra

475 5494 675 5549 Gallias
702 5508 747 5570 et
778 5496 1042 5551 viduitatis
1071 5499 1293 5570 miseria,
1319 5512 1361 5550 et
1392 5494 1592 5566 gemina
1618 5503 1767 5553 etiam
1794 5504 2049 5570 captitita-

474 5566 536 5613 t'rs
556 5562 873 5622 succubuisse
896 5570 1059 5638 fertur
1085 5562 1432 5638 incommodis.
1462 5570 1737 5624 Parentem
1767 5562 1892 5624 dicit
1912 5614 1924 5631 ,
1951 5591 2051 5626 lltlll

472 5643 718 5705 matrem,
766 5638 858 5691 sed
904 5640 1159 5702 sanguine
1188 5637 1548 5705 conjunctam,
1594 5642 1806 5694 militari
1848 5644 1971 5695 olim
2005 5657 2055 5697 ct

474 5700 720 5773 ΙωιΙιςιττι,
771 5707 866 5758 sed
914 5700 1136 5762 Ennodi
1184 5700 1337 5763 :rtaie
1390 5700 1625 5769 recepta.
1673 5716 2054 5785 signiﬁcationi;

2198 490 2336 542 adsit
2389 488 2713 558 Redemptor
2746 499 2950 555 noster,
2991 502 3044 545 et
3072 492 3284 560 impleat
3314 496 3451 563 quod
3485 497 3747 557 inclinatus

2184 578 2573 646 supplicatione
2601 580 2892 635 concessit.
2926 581 3148 636 Domine
3179 585 3271 647 mi,
3318 580 3647 651 salutationis
3674 608 3748 647 re-

2185 670 2473 722 verentiam
2500 670 2736 733 solvens,
2766 686 2894 739 rogo
2929 680 2987 724 ut
3016 674 3247 727 actionis
3274 685 3466 730 vestra:
3495 693 3742 736 summam

2183 762 2251 813 de
2282 761 2588 814 suburbano
2641 762 2731 813 illo
2778 777 2898 815 cum
2942 775 3164 832 parente
3194 776 3372 818 vestro
3404 769 3418 797 ¹
3448 768 3643 824 donmo
3670 773 3750 826 Li-

2185 850 2357 913 lierio,
2390 848 2605 905 Cbristo
2630 852 2901 906 vobiscmn
2936 853 3236 919 adnitente,
3267 859 3605 925 compleatis:
3629 879 3746 932 qua-

2184 949 2337 993 tenus
2381 941 2423 992 si
2470 943 2646 995 evenit
2687 944 3055 1008 commutatio,
3089 936 3312 1014 pretium
3345 950 3591 1017 dignetur
3615 958 3746 1008 acci-

2185 1050 2309 1100 pere
2331 1078 2346 1101 ,
2384 1050 2450 1087 ne
2478 1034 2679 1089 diutius
2701 1037 2799 1089 sub
2821 1038 3191 1105 promissionis
3207 1052 3454 1114 notemus
3477 1044 3712 1114 ambiguo
3732 1091 3745 1111 ,

2180 1124 2299 1188 quia
2332 1139 2425 1176 vos
2456 1127 2622 1178 nostis
2654 1127 2781 1179 lllllll
2818 1128 2932 1195 plus
2979 1143 3100 1183 esse
3150 1112 3290 1198 quod
3322 1133 3372 1185 iu
3403 1132 3501 1188 bac
3522 1112 3733 1204 supplici

2191 1226 2374 1270 vestro
2404 1219 3020 1301 tuundiconversatione
3049 1226 3329 1291 praestatis.

2717 1330 3042 1386 EPISTULA
3088 1334 3218 1388 Vlll.

2708 1437 2960 1477 I'LNNODIUS
2993 1440 3218 1478 VICTORI.

2254 1520 2383 1562 num
2439 1512 2698 1566 inscitiam
2738 1514 3037 1576 sublimitas
3056 1526 3140 1568 tua
3176 1518 3543 1587 prteloqu'tur,
3576 1523 3748 1575 crudi-

2178 1600 2333 1653 tionis
2361 1617 2565 1656 secreta
2596 1603 2844 1671 patefecit
2872 1623 2883 1656 :
2916 1606 3190 1675 impugnas
3221 1609 3544 1677 perfectione
3608 1616 3741 1682 quod

2176 1692 2388 1744 asscris.
2420 1691 2549 1745 Nam
2578 1694 2699 1745 dum
2742 1708 2791 1748 te
2839 1698 2989 1749 salvo
3020 1699 3219 1765 pudore
3252 1699 3583 1755 illitteratum
3632 1720 3746 1757 e~sc

2101 1775 2145 1829 Β
2171 1780 2475 1847 confirmas,
2505 1784 2629 1852 quid
2664 1794 2864 1838 naturzc
2917 1788 3082 1855 vigor,
3122 1789 3246 1855 quid
3290 1791 3587 1845 studiorum
3628 1794 3743 1846 litua

2172 1871 2471 1938 contulerit,
2520 1872 2821 1929 declarasti.
2875 1876 3063 1930 Credat
3092 1879 3218 1933 mibi
3267 1881 3569 1934 sublimius
3639 1894 3741 1947 tua,

2176 1961 2524 2015 imbuendum
2576 1963 2887 2019 liberalibus
2944 1967 3235 2036 disciplinis
3283 1971 3391 2037 jam
3444 1973 3556 2025 suis
3600 1974 3746 2027 bonis

2171 2055 2378 2111 ditavit.
2405 2059 2459 2112 Si
2492 2059 2610 2113 talis
2634 2059 2807 2130 lingua
2833 2065 3168 2131 prosequitur
3190 2066 3369 2121 fratris
3391 2067 3535 2123 Pauli
3562 2069 3742 2128 filium.

2173 2147 2397 2202 facunda
2419 2150 2721 2218 astipulatio
2770 2164 2822 2205 et
2867 2155 3207 2208 commendat
3256 2165 3312 2209 et
3342 2157 3548 2211 edocet.
3612 2158 3743 2213 Nihil

2172 2238 2325 2305 longe
2356 2238 2668 2307 degentibus
2700 2242 2966 2310 magistris
3019 2258 3153 2312 opus
3183 2256 3291 2309 estr
3337 2247 3550 2315 q'uando
3594 2250 3744 2319 digna

2170 2330 2325 2383 laude
2370 2331 2620 2401 loquitur,
2650 2334 2737 2402 qui
2785 2334 2961 2404 dirigit
2994 2336 3060 2389 ad
3115 2336 3418 2393 docentem.
3476 2341 3746 2397 Erubesce

2168 2422 2487 2476 ins'nuatum
2517 2424 2690 2477 minus
2714 2426 2980 2481 invenisse
3000 2443 3156 2495 quam
3188 2429 3380 2484 detulit
3409 2448 3423 2483 :
3457 2431 3637 2486 Deum
3663 2450 3744 2487 ro.

2167 2528 2297 2580 gans
2348 2523 2404 2568 ut
2445 2517 2583 2585 quod
2633 2518 2700 2569 de
2750 2532 2836 2571 me
2867 2533 2961 2586 per
3008 2521 3342 2576 affectionem
3399 2527 3742 2591 praesumitis,

2174 2607 2362 2670 ingenii
2394 2610 2592 2663 valeam
2624 2611 2818 2664 virtute
2856 2612 3145 2680 complere.
3175 2612 3279 2667 Vos
3311 2624 3510 2682 tamen,
3543 2618 3751 2671 honore

2167 2698 2498 2754 salutationis
2539 2711 2781 2771 accepto,
2813 2702 3002 2770 quibus
3036 2703 3164 2759 libet
3191 2704 3423 2759 officium
3474 2710 3744 2762 sermonis

2167 2791 2488 2858 impendite;
2521 2792 2807 2846 dummodo
2844 2793 3189 2848 sollicitudini
3222 2810 3354 2849 mete
3382 2796 3447 2850 de
3474 2798 3741 2866 prosoeri-

2169 2891 2274 2936 tate
2302 2884 2321 2912 ²
2352 2882 2622 2951 multiplex
2640 2884 2958 2953 scriptionis
2979 2900 3103 2939 cura
3138 2885 3458 2955 respondeat

2732 2995 3056 3050 EPISTOLA
3083 2997 3169 3049 IX.

2662 3126 2917 3165 exsouws
2947 3110 2966 3142 ³
2995 3128 3257 3167 curatae.

2239 3218 2558 3290 l'nt«-rcepisti
2603 3234 2859 3287 nostrum,
2903 3225 3082 3278 nescio
3122 3242 3277 3293 quem
3327 3238 3527 3290 secuta.
3564 3228 3745 3284 consi-

2166 3309 2314 3364 lium.
2347 3310 2476 3364 Nam
2535 3315 2807 3381 parvulum
2844 3322 2988 3367 tuum
3029 3330 3186 3384 quem
3216 3318 3509 3372 studiorum
3545 3320 3741 3375 libera-

2165 3399 2289 3452 lium
2314 3400 2495 3455 debuit
2518 3418 2645 3457 cura
2678 3405 2969 3473 suscipere,
3002 3417 3124 3459 ante
3162 3407 3341 3473 judicii
3373 3411 3759 3466 convenientis

2164 3501 2421 3561 tempora,
2456 3494 2723 3563 religionis
2752 3495 2917 3550 titulis
2948 3497 3228 3567 insignisti.
3265 3499 3580 3555 Veneranda
3612 3504 3738 3572 qui-

2161 3583 2281 3637 dem
2332 3585 2677 3639 ecclesiastici
2734 3586 2902 3641 forma
2944 3588 3169 3650 servitii,
3200 3589 3295 3643 sed
3345 3606 3464 3659 qua:
3502 3592 3573 3646 ad
3607 3593 3742 3647 duas

2162 3683 2339 3742 partes
2372 3675 2607 3729 animum
2654 3691 2757 3729 non
2802 3677 3049 3733 relaxet:
3084 3695 3244 3734 unum
3292 3690 3346 3734 et
3392 3680 3613 3737 difﬁcile
3642 3684 3746 3738 iter

2160 3773 2238 3815 est
2265 3779 2368 3832 quo
2391 3763 2495 3817 itur
2519 3764 2585 3817 ad
2610 3765 2877 3820 Christum
2896 3808 2911 3831 ,
2935 3782 3032 3821 nec
3058 3780 3347 3837 occupatos
3369 3772 3750 3841 multipliciter

2157 3854 2438 3922 aliquando
2455 3855 2557 3907 vita
2577 3866 2719 3910 arcta
2738 3859 2991 3925 suscepit.
3016 3857 3366 3927 Properantes
3397 3861 3460 3914 ad
3480 3877 3537 3916 se
3554 3862 3627 3918 de
3648 3863 3755 3920 dis.

2157 3946 2365 4011 riplinis
2384 3947 2726 4001 szecularibus
2748 3948 2933 4002 salutis
2954 3949 3128 4017 opifex
3151 3967 3254 4004 non
3284 3952 3508 4018 refutat;
3544 3954 3644 4009 sed
3670 3955 3749 4009 ire

2161 4037 2224 4104 ad
2256 4035 2376 4089 illas
2402 4051 2720 4105 queinquam
2746 4037 2812 4091 de
2842 4052 2938 4091 suo
2965 4039 3139 4093 nitore
3170 4057 3272 4093 non
3302 4043 3513 4111 patitur.
3538 4043 3664 4099 Jatn
3691 4047 3736 4099 si

2154 4143 2274 4180 eum
2305 4129 2502 4180 mundo
2531 4129 2899 4193 sobtraxeras,
2928 4132 3110 4184 mundi
3141 4134 3201 4186 in
3223 4149 3287 4186 eo
3317 4136 3601 4201 schemata
3628 4152 3737 4191 non

2157 4218 2430 4285 requivas:
2465 4219 2723 4274 erubesco
2770 4224 3125 4278 erc‘esiastica
3179 4227 3518 4295 prolitentem
3572 4245 3749 4284 orna-

2158 4312 2351 4363 mentis
2382 4296 2741 4366 saecularibus
2784 4298 3043 4381 etpolire.
3091 4319 3403 4372 Annueram‘
3452 4322 3597 4385 quod
3657 4338 3755 4390 per

2170 4402 2453 4455 Patricium
2496 4403 2794 4470 diaconum,
2828 4416 3089 4473 quantum
3114 4408 3225 4473 ipse
3271 4410 3519 4477 asseruit,
3547 4422 3751 4480 postu-

2087 4489 2132 4544 Ι)
2159 4490 2274 4543 Iusti
2301 4491 2465 4558 :quid
2490 4492 2720 4559 oportuit
2748 4510 2867 4545 eum
2916 4494 3069 4547 aliter
3114 4497 3178 4547 ad
3230 4513 3343 4559 me,
3362 4514 3519 4566 quam
3546 4501 3751 4555 diebus

2161 4582 2290 4648 lli-l5
2320 4583 2564 4636 inventus
2592 4594 2693 4648 est,
2720 4584 3013 4639 destinari?
3036 4586 3090 4641 Si
3115 4588 3371 4655 judicium
3401 4606 3577 4645 meum
3611 4608 3751 4647 con-

2157 4674 2309 4738 solis,
2343 4674 2460 4728 volo
2505 4675 2567 4728 ad
2616 4692 2699 4728 me
2751 4679 3078 4744 pertinentes
3108 4681 3273 4749 magis
3300 4684 3503 4736 merito
3530 4700 3759 4741 sanetos

2156 4783 2277 4821 esse
2332 4784 2486 4836 quam
2539 4772 2708 4824 titulo.
2750 4771 2882 4825 Vere
2924 4774 3157 4825 animum
3208 4790 3387 4829 meum
3433 4777 3501 4832 de
3547 4780 3761 4847 quietis

2155 4860 2382 4915 Slztlione
2411 4861 2475 4912 ad
2529 4863 2910 4928 cogitationum
2942 4865 3155 4931 pelagus
3185 4867 3459 4934 expulisti.
3509 4868 3753 4939 Suscepi

2160 4949 2363 5017 latncn,
2392 4952 2499 5005 Deo
2525 4952 2760 5021 auspice,
2791 4954 3067 5021 sanguinis
3087 4956 3188 5009 mei
3223 4956 3241 4986 ³
3264 4958 3561 5011 vernulam.
3596 4959 3763 5015 Nunc

2163 5088 2421 5140 vocabuli.
2472 5087 2590 5141 Ideo
2631 5086 3242 5161 irati-iciumdiaconum
3266 5088 3505 5144 Camille
3546 5092 3759 5161 filiuni,

2165 5176 2268 5211 mut
2302 5159 2538 5220 fratrem,
2572 5157 2663 5210 sed
2693 5154 2966 5215 sanguinis
2997 5159 3077 5211 sui
3110 5164 3384 5213 vernu'am
3422 5174 3602 5215 vocat.

2236 5228 2273 5299 τῇ
2298 5225 2589 5293 Verttttlam]
2621 5226 2732 5299 Nic.
2772 5225 2923 5279 Fabri
2962 5228 3116 5290 liber,
3153 5229 3407 5295 urnulam,
3439 5233 3581 5293 quod
3622 5248 3761 5299 pro-

2166 5297 2275 5349 bari
2320 5308 2499 5364 possiet
2533 5313 2545 5349 :
2573 5298 2691 5363 quia
2732 5313 2919 5349 venam
2964 5300 3235 5360 sanguinis
3265 5311 3406 5354 recte
3432 5297 3669 5364 diceret,
3705 5314 3764 5355 ιιι

2160 5382 2346 5421 venant
2377 5363 2588 5419 familiai
2616 5366 2975 5435 Symmachus-
2995 5368 3130 5421 libro
3165 5386 3323 5432 nouo,
3349 5373 3502 5436 epist.
3525 5372 3624 5436 65,
3658 5376 3765 5425 n'si

2162 5437 2421 5509 aemulam
2468 5437 2778 5509 praeferrent
2824 5438 2909 5488 alii
2951 5439 3164 5494 codices
3192 5456 3206 5493 ε
3236 5442 3379 5509 quod
3406 5442 3611 5494 rectius
3638 5454 3763 5500 est;

2163 5507 2614 5578 coulirtnaturqtte
2639 5507 2721 5567 alo
2752 5518 2954 5578 scutale
2979 5507 3284 5562 Basilici-sis
3304 5510 3579 5571 editiOuis,
3608 5514 3766 5578 quod

2164 5576 2538 5642 mptmxittttts,
2560 5576 2610 5627 in
2638 5590 2742 5641 quo
2768 5577 2987 5630 vernula
3010 5582 3295 5644 exponitur
3318 5576 3765 5639 servitialis.‘linc

2164 5658 2244 5697 est
2275 5660 2433 5719 sci-vo
2452 5646 2622 5719 editus
2651 5648 2927 5719 :_vcrnulat
2958 5650 3106 5703 enim
3132 5651 3358 5718 primum
3387 5650 3535 5715 dicti,
3562 5656 3663 5719 qui
3693 5669 3766 5705 ex

2170 5715 2374 5768 ancillis
2405 5715 2546 5768 domi
2586 5715 2693 5769 nati
2725 5726 2923 5769 essent.
