3998 6362
306 244 408 303 1'55

1590 250 2061 307 H‘lSTOLMlUM
2099 252 2221 307 LII}.
2266 254 2353 307 lx.

3491 254 3587 311 154

309 368 467 411 restat
486 368 540 410 ut
558 358 843 413 conatibus
860 362 991 412 nti-is
1010 359 1156 413 favor
1171 362 1401 415 cudestis
1425 363 1671 425 arrident,
1687 374 1740 416 et
1769 379 1893 429 neg-
1926 368 1968 420 Δ
2000 363 2167 415 losum
2216 364 2281 417 de
2324 365 2590 431 publicata
2628 368 2981 431 promissione
3019 367 3389 421 constitutum.
3450 365 3583 418 Vere

308 450 550 517 ligentias
574 450 852 502 hominum
880 452 977 517 piae
1007 452 1386 505 moderationis
1415 454 1656 507 ubertate
1680 470 1897 519 compo-

308 554 420 594 nat.
448 539 703 603 Domina,
735 552 791 594 ut
821 558 1002 609 supra,
1035 544 1257 595 salutem
1290 544 1520 597 debitam
1549 547 1753 608 dicens,
1780 561 1900 613 pre-

305 646 399 683 cor
443 639 499 683 ut
542 646 689 685 nunc
728 632 994 700 geminam
1042 636 1453 688 sollicitudinem
1506 654 1600 698 pro
1664 638 1897 705 utrisque
1947 661 1956 674 ι

305 719 593 787 suscipias,
626 730 683 773 et
713 722 820 775 Deo
847 757 853 771 .
879 735 1030 777 ostro
1059 728 1437 780 commendare
1476 728 1703 779 assiduis
1729 730 1897 795 preci-

304 812 402 862 bus
423 826 528 862 non
557 811 801 864 omittas.

878 902 1200 955 EPISTOLA
1248 904 1310 956 Χ.

846 1008 1098 1046 eaaootcs
1128 996 1141 1023 ¹
1175 1009 1359 1047 ειίιςι».
1708 1048 1717 1053 ,

368 1081 726 1134 Leuocinium
787 1092 891 1145 est,
924 1098 1032 1135 non
1075 1084 1258 1151 gratia:
1306 1098 1723 1151 sacramentum,
1751 1088 1893 1156 quod

300 1181 505 1224 ιιιιιιιιιι
553 1175 912 1240 ρτωςειιιίιιιιε
964 1172 1247 1227 exhibetur
1280 1193 1291 1227 :
1326 1178 1571 1230 amicitite
1612 1178 1893 1231 sinceritas

299 1276 348 1313 et
377 1262 534 1329 longe
562 1264 766 1331 positos
791 1281 892 1315 ttutt
926 1264 1200 1332 relinquit.
1224 1265 1358 1329 Quid
1388 1269 1552 1335 possit
1581 1283 1705 1320 vera
1730 1269 1887 1333 lides,

302 1356 561 1423 intelligat
591 1357 679 1423 qui
716 1366 839 1409 tunc
869 1356 1179 1423 adipiscitur
1228 1356 1508 1424 beneficia,
1542 1361 1753 1427 quandi
1789 1360 1881 1415 de-

300 1446 425 1497 silli!
446 1446 751 1511 supplicare
779 1462 793 1506 ',
817 1461 916 1509 ego
951 1446 1077 1497 mihi
1118 1445 1287 1507 debeo
1312 1447 1453 1516 quod
1484 1449 1549 1500 ad
1602 1450 1888 1504 stationem

301 1552 515 1603 precum
549 1548 696 1590 trans
755 1538 989 1603 Gargara
1042 1542 1252 1606 pos‘tus
1302 1540 1619 1605 pervenisti.
1665 1541 1741 1593 Tu
1775 1544 1890 1595 luce

298 1630 646 1682 conscienti-.1:
677 1628 881 1681 audens
900 1639 953 1682 et
984 1629 1191 1681 litteras
1218 1645 1321 1681 uno
1350 1645 1377 1680 ιι
1413 1639 1464 1683 te
1492 1640 1731 1697 tempore
1765 1632 1890 1684 divi-

2004 452 2255 515 dicerem,
2289 453 2333 507 si
2391 454 2595 507 doleret
2640 458 2739 509 ista
2770 457 3013 510 discissio
3064 455 3207 524 quod
3237 456 3367 510 tales
3403 456 3578 507 homi-

2006 557 2101 596 nes
2133 558 2232 596 uec
2263 543 2347 595 illa
2381 559 2538 611 quam
2570 545 2745 597 dicitis
2777 547 3038 600 nutricem
3074 545 3406 599 mendacium
3432 559 3575 606 essu,

2004 634 2213 703 Liguria
2240 636 2497 703 potniSs'et
2520 636 2747 688 mittere.
2778 637 2911 701 Quid
2939 652 3153 700 arguam
3184 639 3328 703 prius
3354 635 3406 687 in
3439 633 3578 687 illis?

2002 727 2247 790 fal'acim,
2294 736 2386 778 aut
2433 727 2685 778 fatuitatis
2736 728 3004 779 obscena?
3036 727 3377 795 perdiderunt
3422 725 3579 789 duos,

1998 817 2088 885 qui
2137 818 2273 870 inter
2301 832 2359 869 se
2399 828 2704 869 sanctorum
2740 818 3113 884 impetratioae
3159 819 3445 881 sociantur,
3488 832 3581 883 per

1998 924 2132 974 quos
2165 908 2421 976 potui~set
2475 906 2564 960 diu
2614 907 2841 975 jacentis
2887 917 2942 961 et
2990 907 3042 960 in
3091 907 3330 960 umbram
3380 918 3579 960 coacta:

2000 999 2210 1051 familia:
2253 998 2479 1051 scintilla
2523 998 2776 1065 reparari.
2828 997 3092 1051 Metnores
3126 1000 3273 1059 estis,
3322 997 3575 1049 domuum

1998 1090 2256 1141 Avienum
2289 1090 2439 1142 Vobis
2472 1090 2522 1142 itt
2562 1089 2788 1142 ecclesia
2816 1087 3034 1147 dixisse,
3074 1088 3241 1140 Deutn
3281 1103 3337 1140 se
3377 1090 3443 1139 de
3488 1089 3572 1138 illa

2000 1181 2169 1245 puella
2196 1180 2495 1245 Specialitcr
2524 1194 2626 1231 non
2652 1193 2860 1246 rogare.
2890 1177 3023 1229 Vide
3047 1178 3348 1243 progeniem
3379 1176 3576 1227 sant-tis
3635 1204 3648 1215 -

1995 1272 2328 1323 creatoribus
2358 1270 2421 1322 ad
2464 1286 2677 1323 usuram
2718 1270 2841 1321 vita:
2873 1268 3270 1337 procedentem.
3306 1266 3575 1332 lntelligw-

1996 1361 2084 1413 hat
2116 1361 2231 1425 plus
2263 1375 2319 1412 se
2351 1370 2628 1428 parentum
2662 1358 2879 1411 ﬂetibus
2925 1374 3083 1425 quant
3130 1356 3337 1410 actione
3364 1371 3575 1422 promo.

1997 1462 2190 1503 turum.
2216 1450 2424 1504 Gratias
2449 1450 2564 1510 tibi,
2584 1449 2923 1516 omnipotens
2954 1451 3092 1501 Detts
3117 1490 3129 1509 ,
3160 1448 3377 1515 gratias,
3404 1456 3575 1497 ret-tor

1997 1542 2253 1604 fidelium,
2285 1540 2376 1608 qui
2421 1540 2626 1592 ancilla:
2656 1548 2758 1592 tua:
2791 1548 2909 1591 vota
2943 1538 3253 1605 respiciens,
3285 1537 3574 1603 prophetia:

1996 1630 2045 1682 in
2100 1646 2161 1683 ea
2196 1629 2603 1696 pollicitationes
2657 1628 2904 1695 implesti,
2948 1627 3171 1681 dicentis
3204 1645 3215 1678 :
3246 1629 3426 1678 Anima
3468 1626 3573 1694 ejus

300 1721 450 1785 sisti,
482 1728 701 1774 sectans
748 1735 850 1773 non
883 1720 1053 1771 solum
1088 1720 1393 1787 longinqua,
1427 1720 1524 1773 sed
1555 1720 1731 1774 abdita
1753 1761 1768 1784 ,
1814 1722 1883 1774 ita
1921 1725 1963 1783 Β
1990 1723 2040 1773 in
2072 1721 2212 1773 bonis
2240 1721 2602 1784 demorabitur,
2635 1731 2679 1773 el
2711 1735 2875 1773 semen
2905 1722 3014 1790 ejus
3040 1718 3357 1771 hmeditabit
3389 1728 3572 1769 terram

302 1818 361 1862 ut
410 1826 671 1878 nusquam
723 1820 773 1863 te
821 1810 1026 1874 sagacis
1088 1810 1213 1863 boni
1264 1820 1574 1879 persecutor
1633 1812 1884 1867 inveniat.

297 1901 524 1968 Semper
550 1910 607 1955 et
639 1901 724 1955 hic
749 1902 962 1970 quidem
1009 1902 1226 1955 latentia
1258 1902 1395 1955 inter
1438 1902 1649 1970 lepores
1688 1904 1881 1957 cubilia

295 1993 592 2060 diligebas;
641 1994 733 2047 sed
763 2008 906 2060 sazpe
939 1992 1202 2046 latebram
1244 2004 1407 2057 tuam,
1442 1993 1531 2061 qui
1564 2010 1748 2061 presso
1792 2012 1885 2049 ore

296 2082 522 2149 vestigia
576 2082 799 2135 rimatus
838 2090 921 2135 est
962 2082 1182 2135 invenit.
1231 2081 1381 2135 Nunc
1409 2083 1580 2136 altiori
1631 2083 1879 2148 consilio,

294 2169 480 2233 credo,
516 2179 575 2223 ut
602 2173 831 2238 majores
853 2173 874 2201 ’
903 2172 1237 2235 aecenderis,
1271 2182 1322 2225 te
1348 2174 1624 2227 hominum
1656 2175 1884 2229 canibus

291 2260 643 2314 submovisti.
677 2262 818 2330 Ergo
842 2263 1012 2314 solam
1052 2263 1333 2329 pueritiam
1363 2263 1594 2317 debuisti
1630 2265 1881 2318 Mediola-

293 2351 554 2405 nensibus
606 2352 750 2405 tuis?
791 2363 845 2404 et
894 2353 1063 2405 virum
1123 2364 1173 2405 te
1229 2362 1411 2407 tenere
1446 2355 1764 2420 debuerant,
1795 2357 1882 2425 qui

293 2458 518 2509 puerum
549 2443 940 2511 possederunt;
961 2452 1013 2496 et
1055 2457 1191 2510 quos
1220 2443 1503 2498 hutillcasti
1534 2447 1599 2499 de
1630 2448 1885 2515 amplexi—

291 2538 414 2603 bus,
441 2537 680 2591 debitisxi
706 2538 892 2605 juvare
916 2537 1175 2591 consiliis.
1204 2538 1306 2591 Sed
1341 2537 1464 2591 hinc
1493 2539 1623 2592 alias
1650 2556 1663 2601 ;
1703 2547 1755 2592 tu
1791 2540 1884 2593 tibi

294 2630 669 2695 provisionum
696 2637 905 2681 tuarum
929 2625 1219 2696 au'tgaudia
1242 2628 1462 2682 debebis
1483 2639 1575 2682 aut
1596 2630 1883 2698 lacrymas.

293 2720 406 2789 Ego
435 2718 653 2773 interim
700 2719 1078 2772 salutationem
1131 2718 1405 2787 praefatus,
1456 2734 1662 2771 memor
1692 2719 1883 2781 debiti,

292 2811 642 2865 donationem
680 2810 747 2863 de
781 2824 945 2877 puero
988 2808 1282 2872 destinavi;
1310 2810 1410 2862 hoc
1442 2809 1579 2876 apud
1610 2824 1695 2863 nte
1726 2825 1885 2877 repn—

293 2914 431 2969 tans,
458 2911 518 2956 ut
548 2916 647 2957 nec
679 2902 1010 2969 importunus
1034 2900 1087 2953 in
1123 2910 1363 2965 tempore
1410 2900 1725 2955 diffidentia:
1754 2916 1883 2955 .sua:

294 2994 555 3059 vinceret,
586 3001 642 3046 et
686 3006 907 3045 cessans
947 2993 1085 3044 inter
1132 2990 1525 3058 desperationis
1576 2992 1715 3045 mala
1757 3010 1886 3061 gau-

293 3086 467 3139 deret.

866 3173 1191 3228 EPISTULA
1228 3173 1319 3229 XI.

644 3340 651 3348 .
822 3285 1076 3323 ENNODIUS
1123 3287 1347 3325 FAL‘STO.

356 3362 587 3429 Suscepi
621 3362 827 3416 litteras
859 3361 1149 3430 multiplici
1190 3364 1506 3432 gaudiorum
1559 3366 1684 3420 dote
1733 3366 1878 3419 loru-

291 3458 487 3523 pletes,
516 3469 572 3510 et
599 3454 826 3521 gratiam
848 3455 989 3507 circa
1020 3470 1112 3509 vos
1144 3456 1237 3510 Dei
1272 3472 1432 3526 quam
1465 3472 1716 3512 noveram
1744 3474 1875 3511 nun-

291 3549 509 3602 tiantes.
539 3546 790 3599 Protinus
815 3546 1037 3599 testibus
1057 3545 1256 3601 Christi
1273 3547 1463 3612 nostri,
1483 3564 1601 3604 cum
1626 3550 1875 3617 lacrymis

289 3653 424 3705 quas
448 3638 771 3706 suggerebat
806 3638 1060 3705 hilaritas,
1095 3638 1326 3695 iudicata
1360 3640 1581 3708 patefeci
1615 3658 1628 3693 :
1658 3642 1871 3711 etquod

290 3744 385 3795 per
422 3731 573 3797 ipsos
611 3728 950 3797 impetratum
980 3729 1170 3794 fuerat,
1201 3731 1402 3799 gratias
1428 3729 1688 3793 referens,
1719 3732 1869 3799 quasi

288 3836 462 3874 novus
482 3822 681 3875 relator
709 3821 935 3875 asserui.
962 3820 1119 3886 Vere,
1149 3821 1343 3876 domne
1374 3822 1591 3888 Fauste,
1618 3823 1871 3892 simplici-

289 3923 367 3967 ter
400 3912 456 3966 in
479 3914 580 3967 hac
619 3928 781 3967 causa
812 3914 1082 3983 vulgatum
1110 3922 1214 3979 est,
1245 3914 1371 3985 quid
1402 3914 1624 3969 haberet
1669 3918 1867 3981 meriti,

285 4006 417 4074 quid
448 4006 636 4060 virium
666 4008 717 4061 in
750 4007 992 4074 precibus
1031 4007 1117 4060 illa
1146 4018 1326 4062 sancta
1356 4009 1532 4061 anima
1572 4025 1692 4074 qua:
1724 4026 1867 4074 prte-

286 4097 474 4151 cessit.
500 4096 632 4151 Nam
665 4098 764 4151 etsi
810 4098 880 4152 sit
910 4112 1033 4164 Spes
1084 4108 1263 4151 nostra
1296 4098 1469 4153 adhuc
1495 4114 1638 4153 Caeca
1684 4100 1865 4153 tnumli

284 4188 404 4243 luce
435 4192 654 4253 vestita;
685 4192 781 4242 sed
814 4188 956 4257 quod
984 4190 1313 4244 conveniens
1348 4203 1468 4245 esse
1502 4202 1723 4244 noverat
1752 4193 1867 4247 sine

285 4291 485 4335 nostra:
523 4280 750 4335 actionis
781 4281 964 4336 labore
992 4284 1321 4351 promeruit;
1348 4297 1466 4336 cum
1499 4297 1529 4335 a
1559 4282 1713 4337 nobis
1733 4282 1867 4338 divi-

283 4377 439 4428 deret
468 4374 626 4428 resin
650 4374 895 4428 manibus
912 4375 1220 4437 collocatas,
1243 4374 1436 4429 obtulit
1456 4374 1609 4444 longa
1635 4376 1863 4429 statione

1988 1808 2158 1876 (Ρεαι.
2192 1826 2331 1873 utv,
2369 1809 2477 1876 l3).
2508 1809 2731 1872 Perfice,
2768 1810 2851 1875 pie
2873 1810 3092 1872 arbiter,
3125 1808 3263 1876 quod
3297 1808 3570 1867 remansit,

1986 1908 2040 1951 et
2075 1898 2095 1927 ³
2127 1899 2175 1950 in
2204 1900 2422 1950 alterius
2449 1908 2682 1949 servitu.
2714 1899 2901 1964 copula
2935 1912 3161 1950 serenus
3214 1897 3409 1964 aspira.
3441 1896 3569 1949 Mihi

1986 1991 2027 2043 si
2054 1993 2166 2042 hme
2195 1990 2418 2042 videnda
2451 1990 2668 2043 merbus
2701 1990 2789 2058 qui
2818 1990 2927 2057 jam
2972 1990 3187 2042 vitalem
3221 2002 3563 2056 pri-occupa-

1988 2083 2063 2133 vit
2089 2081 2465 2143 substantiam,
2513 2096 2619 2133 non
2678 2081 2952 2148 relinquit,
3004 2080 3176 2133 videat
3204 2080 3269 2133 de
3300 2080 3403 2132 illis
3434 2079 3569 2130 bona

1987 2188 2158 2242 pater,
2189 2188 2242 2228 et
2274 2175 2355 2227 avi
2399 2176 2685 2244 proavique
2715 2183 2837 2227 ante
2866 2174 3144 2226 transitum
3194 2187 3345 2224 suum
3377 2184 3568 2223 nomen

1984 2266 2228 2333 accipiat.
2259 2265 2337 2319 tle
2367 2275 2563 2327 tamen,
2584 2265 2823 2331 quamvis
2854 2272 3211 2331 peccatorem,
3242 2260 3415 2314 adhuc
3446 2274 3566 2328 gra-

1988 2357 2056 2409 tia
2087 2372 2313 2425 superna
2343 2372 2446 2409 non
2478 2356 2708 2419 deserit,
2736 2356 2824 2423 qui
2873 2354 3290 2407 admonitionem
3316 2352 3565 2405 cautione

1989 2448 2279 2515 prmveuio.
2310 2448 2437 2501 Nam
2462 2447 2725 2502 desideria
2758 2461 2873 2501 mea
2903 2462 2967 2500 ne
2996 2446 3015 2476 ⁸
3049 2446 3202 2515 legati
3231 2443 3567 2513 pr0vineialis

1989 2556 2181 2595 nomen
2204 2541 2527 2609 acciperem,
2553 2540 2675 2593 licet
2702 2554 2823 2593 cum
2850 2538 3053 2603 dolore,
3088 2536 3359 2605 suspendi.
3391 2534 3566 2589 Timui

1991 2647 2056 2685 ne
2082 2642 2173 2685 aut
2204 2648 2380 2685 reruni
2399 2632 2668 2694 dominus,
2693 2630 2841 2682 vobi.
2869 2630 3294 2698 disponentihus,
3320 2628 3433 2682 haec
3458 2642 3488 2681 a
3509 2642 3568 2681 se

1988 2724 2131 2792 exigi
2164 2725 2428 2786 crederet,
2478 2740 2594 2789 qua:
2650 2723 2790 2789 cogit
2841 2723 3131 2776 neces~itas
3188 2721 3566 2790 postulari;et

1991 2829 2089 2881 ego
2114 2812 2365 2866 redderer
2386 2812 2575 2865 officiis
2601 2824 2857 2864 onerosus
2885 2819 2939 2863 et
2982 2811 3278 2864 actionibus
3330 2811 3568 2864 infecun-

1989 2904 2111 2968 dus,
2141 2904 2381 2972 quamvis
2404 2917 2500 2956 nec
2522 2901 2738 2969 exsequi
2771 2916 2869 2953 nec
2908 2901 3157 2966 injunctis
3190 2917 3283 2968 par
3309 2916 3425 2953 esse
3456 2902 3564 2954 suf-

1992 2992 2227 3047 ﬁcerent.
2255 2992 2403 3061 Rogo
2434 3001 2488 3045 ut
2512 2989 2820 3060 supplicetis
2851 2990 2980 3056 Deo,
3005 2998 3062 3043 ut
3089 3007 3173 3044 me
3199 2992 3281 3044 vel
3305 3006 3470 3059 usque
3498 2992 3564 3044 ad

1906 3081 1953 3143 C
1984 3092 2225 3136 votorum
2277 3082 2636 3136 communium
2668 3092 2904 3149 ternpora
2936 3081 2991 3134 in
3034 3082 3211 3135 mundi
3256 3081 3411 3136 istius
3450 3096 3565 3136 ser-

1988 3184 2067 3227 vet
2096 3174 2327 3227 incerto.

2519 3266 2850 3322 EPISTULA
2885 3268 2996 3322 ΧΗ.

2489 3376 2749 3415 πεκοιιιυε
2798 3377 2956 3415 »εδει
2968 3377 3065 3414 ιιε.

2052 3448 2190 3501 Fero
2232 3461 2532 3503 vestrarum
2588 3452 2882 3505 absentiam
2917 3453 3234 3514 litterarum,
3281 3452 3322 3504 si
3370 3452 3446 3504 sic
3495 3452 3560 3505 ad

1979 3548 2304 3600 incrementa
2331 3542 2507 3609 gaudii
2544 3544 2645 3596 tnei
2670 3545 2899 3612 pertitu-t
2938 3544 3077 3613 quod
3109 3545 3315 3600 tacetis.
3344 3542 3454 3597 Non
3479 3552 3559 3597 est

1977 3631 2197 3685 molesta
2250 3634 2508 3701 paginalis
2550 3634 2912 3699 intermissio,
2971 3637 3015 3690 si
3084 3652 3203 3689 cum
3261 3636 3556 3704 splendidis

1976 3722 2299 3776 dictionibus
2323 3725 2620 3793 junguntur
2643 3741 2760 3778 rara
2783 3726 3073 3795 colloquia.
3118 3728 3268 3792 Quod
3300 3727 3365 3780 de
3391 3730 3557 3796 gratia

1971 3814 2110 3865 circa
2152 3829 2243 3865 vos
2273 3816 2388 3878 Dei,
2423 3817 2563 3885 quod
2604 3818 2672 3871 de
2699 3819 2899 3872 sanctis
2927 3820 3240 3886 parentibus
3271 3835 3557 3888 praesuma-

1974 3914 2062 3958 tur
2108 3907 2328 3974 accipio.
2375 3907 2491 3962 Jam
2534 3909 2801 3978 suffragiis
2849 3911 3141 3964 amicorum
3199 3910 3292 3964 Dei
3339 3913 3429 3980 qui
3466 3913 3555 3965 tibi

1972 4009 2122 4067 pater
2160 4008 2213 4052 et
2261 3998 2422 4053 frater
2450 4008 2554 4063 est,
2585 4000 2864 4070 aguovisti.
2908 4001 3044 4055 Vere
3099 4002 3385 4055 dictionem
3414 4013 3555 4054 tuam

1970 4090 2089 4143 siue
2127 4090 2378 4160 lacrymis
2419 4106 2551 4161 quas
2588 4092 2787 4146 dabant
2826 4094 3037 4163 gaudia,
3070 4110 3173 4146 non
3204 4094 3390 4164 relegi.
3425 4092 3556 4147 Nolo

1971 4184 2114 4250 apud
2166 4193 2219 4238 te
2277 4200 2397 4253 qtue
2436 4185 2503 4238 de
2535 4196 2585 4240 te
2635 4186 2810 4240 sentio
2841 4187 3123 4240 verborum
3157 4186 3555 4254 importunitate

1972 4278 2283 4344 producere.
2341 4277 2542 4330 Labora
2577 4288 2631 4330 ut
2663 4278 2803 4345 quod
2848 4285 3168 4346 suggerente
3212 4282 3263 4328 in
3308 4277 3555 4330 sensibus

1973 4384 2105 4422 vena
2155 4369 2402 4434 invenis,
2459 4384 2751 4436 etunponas
2814 4351 3139 4438 eloquentia.
3198 4369 3334 4423 Nihil
3386 4371 3475 4422 tibi
3525 4388 3553 4423 ιι

282 4468 569 4528 distantes,
598 4465 805 4519 felicius
853 4466 1091 4521 tribuens
1144 4468 1442 4521 necessaria
1482 4482 1638 4535 quam
1669 4468 1865 4531 cupita,
1898 4453 1950 4512 D
1973 4460 2151 4515 domui
2211 4461 2391 4515 Fausti
2425 4474 2475 4516 et
2501 4462 2711 4515 domum
2738 4477 2871 4516 mea:
2899 4464 3085 4517 matris
3112 4472 3213 4515 tua:
3241 4463 3348 4516 filio
3379 4464 3553 4516 minus

281 4558 428 4626 Ergo
456 4558 686 4612 mundus
740 4559 839 4613 iSte
879 4559 990 4613 veri
1033 4559 1231 4628 aliquid
1288 4558 1478 4622 habet;
1533 4570 1624 4613 aut
1672 4560 1714 4613 si
1761 4577 1865 4614 nou

286 4650 467 4714 habet,
500 4666 603 4702 non
632 4650 698 4703 de
726 4648 842 4717 ejus
864 4649 1063 4703 ditiune
1094 4666 1215 4703 mox
1249 4651 1469 4716 rapitur.
1516 4650 1721 4704 Meutiti
1743 4662 1868 4705 sunt

281 4741 529 4795 homines
557 4742 645 4808 qui
674 4756 733 4795 se
761 4743 1009 4806 iurabant
1030 4742 1275 4809 accipere
1302 4743 1574 4807 beneficia,
1604 4742 1650 4795 si
1690 4742 1866 4808 dCdia-

278 4846 304 4881 s
338 4842 399 4884 ut
438 4849 449 4882 :
482 4832 643 4884 etiam
682 4845 914 4894 superna
961 4831 1360 4898 dispensatione
1389 4832 1658 4899 conjuncti
1689 4843 1809 4885 sunt
1844 4874 1861 4894 ,

280 4936 307 4970 a
360 4920 553 4988 quibus
610 4935 705 4973 nec
752 4922 1054 4987 accepimus
1106 4922 1502 4986 blandimenta,
1558 4938 1655 4975 nec
1716 4922 1864 4975 dedi~

283 5027 399 5065 mus
435 5026 449 5063 :
481 5022 626 5065 certa
673 5010 742 5064 de
778 5011 1152 5079 desperatione
1196 5010 1541 5073 confidentia,
1587 5021 1643 5064 et
1690 5011 1861 5065 nebu-

355 5146 369 5171 '
402 5141 573 5213 Celso]
604 5143 1008 5196 Mediolauensi.

351 5214 371 5241 ¹
401 5212 608 5276 Schot.,
634 5216 953 5266 accenderes.

350 5281 371 5310 ³
406 5278 471 5335 In
518 5285 725 5335 alterius
772 5284 903 5335 serri
950 5284 1021 5335 lui
1069 5282 1273 5350 copula]
1306 5281 1512 5350 Nuptiis
1552 5281 1757 5344 Avieni,
1789 5283 1856 5336 de

282 5353 472 5421 quibus
497 5354 721 5417 epistola
748 5354 987 5421 sequenti
1017 5354 1083 5405 ad
1108 5352 1405 5415 MesSaIant,
1435 5360 1490 5404 et
1515 5365 1672 5418 supra
1695 5353 1853 5419 episv.

283 5420 333 5481 τ,
352 5425 584 5490 itemque
614 5423 679 5475 ad
706 5424 878 5491 ipsum
910 5425 1188 5476 Avia-num.
1216 5423 1354 5489 Ergo
1386 5421 1556 5489 puella
1580 5424 1730 5489 cujus
1752 5424 1854 5475 obi-

284 5501 370 5543 tus
404 5493 486 5548 hic
514 5494 857 5553 describitur,
887 5492 1080 5547 Avieni
1110 5507 1280 5559 soror,
1316 5492 1420 5544 filia
1456 5491 1656 5544 Fausti.

355 5564 374 5591 ⁸
404 5561 578 5632 Legati
608 5563 956 5633 provincialis]
988 5562 1278 5622 Provinciae
1305 5561 1526 5631 Liguriae
1546 5572 1649 5633 :Wut
1674 5562 1854 5633 legatio

286 5629 683 5685 Proconsula'ris
717 5629 987 5698 provinciis
1016 5650 1033 5685 .·
1077 5634 1189 5701 lege
1235 5634 1330 5684 186
1375 5629 1500 5685 cod.
1543 5632 1746 5684 Tltcod.
1791 5631 1855 5684 de

288 5703 686 5756 lwcttrionihus.
735 5707 859 5754 Nam
902 5707 987 5758 alii
1035 5715 1179 5759 ciant
1228 5703 1383 5766 legati
1430 5704 1720 5759 civitatum,
1768 5702 1852 5765 qui

1972 4564 2052 4605 est
2077 4591 2092 4615 ,
2125 4551 2223 4605 nisi
2253 4552 2393 4621 quod
2418 4553 2437 4582 "
2463 4551 2575 4619 ipse
2598 4552 2839 4607 studiose
2868 4553 3214 4607 subtraxeris.
3248 4552 3435 4606 Pareat
3459 4553 3552 4605 tibi

1975 4652 2150 4696 tamen
2194 4643 2349 4709 Dens,
2383 4654 2439 4697 ιιι
2487 4643 2675 4698 credas
2720 4659 2805 4699 me
2859 4646 3226 4700 immemorem
3276 4661 3395 4699 esse
3453 4647 3547 4708 tui.

1970 4738 2094 4791 dum
2148 4738 2566 4806 impedientibus
2596 4738 2796 4795 morbis
2844 4738 3106 4804 frequenti
3158 4750 3211 4791 te
3264 4737 3551 4805 scriptione

1972 4844 2076 4881 non
2104 4844 2328 4882 veneror
2356 4844 2370 4881 :
2400 4828 2563 4882 debes
2595 4844 2751 4882 nosse
2780 4830 2999 4899 dignum
3036 4845 3155 4883 esse
3203 4832 3352 4883 venia
3398 4830 3548 4897 quid-

1969 4918 2095 4986 quid
2152 4917 2472 4971 neceSsitate
2503 4917 2851 4987 delinquitur.
2887 4920 3105 4974 Domine
3156 4920 3245 4982 uti,
3278 4920 3548 4971 saltuatim

1968 5025 2088 5062 nem
2146 5009 2506 5078 plenissimam
2538 5009 2745 5075 dicens,
2779 5011 3100 5065 benedicere
3139 5026 3223 5063 me
3276 5010 3438 5063 Deum
3496 5011 3546 5060 in

1966 5158 2069 5195 non
2114 5160 2143 5197 τι
2195 5153 2300 5195 tota
2350 5144 2640 5209 provincia,
2672 5145 2762 5196 sed
2800 5159 2827 5195 a
2865 5144 3079 5197 civitate
3126 5150 3326 5195 tantum
3372 5141 3543 5200 aliqua

1967 5214 2326 5274 mittebantur,
2352 5226 2408 5264 ιιι
2440 5214 2841 5278 Hierapolitaua:
2862 5216 3099 5273 civitatis,
3130 5212 3249 5265 cod.
3275 5210 3408 5278 eod.
3428 5210 3545 5278 [ego

1964 5284 1996 5335 8
2034 5284 2101 5338 de
2135 5283 2520 5345 Censitoribtts.
2552 5276 2606 5338 et
2636 5284 2818 5349 legatio
2850 5284 3215 5343 Alexandrina,
3253 5279 3352 5343 leg.
3385 5276 3545 5349 42(ιο

1967 5353 2262 5421 EpiscOpis,
2287 5362 2392 5407 etc.
2417 5353 2659 5407 Oblatam
2686 5347 2788 5407 Sibi
2816 5356 2881 5405 ad
2908 5350 3291 5421 Theodericum
3317 5347 3543 5421 legatiq-

1966 5418 2086 5475 uem
2134 5418 2315 5476 subire
2363 5434 2640 5491 propterea
2688 5433 2964 5475 cunctatur
3018 5420 3308 5482 Euoodius,
3365 5434 3426 5471 ne
3472 5418 3541 5474 ob

1964 5509 2224 5545 summam
2269 5508 2389 5545 cum
2432 5492 2626 5546 Fausto
2670 5491 3138 5548 necessitudinem,
3181 5491 3539 5552 suspicionem

1966 5564 2072 5630 regi
2100 5572 2331 5621 moveat,
2356 5579 2473 5629 qutt-
2508 5563 2755 5629 Ligurum
2783 5560 2994 5630 nomine
3024 5557 3335 5624 postulanda
3361 5570 3538 5626 erant,

1964 5628 2225 5685 cubandi
2258 5628 2592 5700 suggestiOtze
2623 5628 2891 5698 postulati.

2042 5702 2059 5727 ³
2088 5701 2141 5749 ἓ.
2161 5704 2267 5754 bot.
2283 5743 2297 5766 ,
2333 5714 2447 5753 tua.
