3998 6362
482 363 587 419 155

481 479 726 547 operibus
757 458 871 545 ejus
912 477 977 529 de
1021 475 1209 527 domui
1243 475 1427 527 Avieni
1472 473 1848 541 conjunctione
1879 472 2045 539 sign’-
2076 476 2124 531 Ag

481 571 619 633 fico;
656 580 709 623 et
738 568 804 622 de
846 578 894 621 te
925 566 1061 635 quod
1088 566 1201 631 ejus
1228 567 1396 634 pietas
1435 566 1735 633 pollicetur,
1780 574 2065 633 exspecto,

1005 656 1339 712 metsrom
1388 657 1524 710 χιιι.
1859 642 1869 650 ’

961 765 1217 804 ENNODIUS
1245 764 1554 803 PANFBONIO’.

551 843 880 909 Peregrinari
933 856 1019 895 me
1065 842 1116 895 iu
1169 841 1286 894 solo
1337 842 1508 910 patrio
1553 840 1707 893 vobis
1748 840 2057 893 absentibus

480 932 747 994 crederes,
798 932 1008 985 etiamsi
1039 932 1292 985 valerem.
1330 936 1397 984 At
1441 946 1560 983 cum
1614 930 1874 999 aegritudo
1928 931 2055 983 mihi

479 1032 533 1074 et
585 1023 948 1087 quorumdam
997 1022 1206 1076 insistat
1265 1021 1583 1086 inflrmitas,
1642 1022 1779 1075 inter
1834 1033 2058 1091 utraque

479 1114 599 1181 quid
630 1115 853 1168 faciam?
883 1116 1000 1183 quis
1028 1131 1135 1168 uno
1183 1123 1442 1182 tempore,
1475 1123 1530 1169 et
1571 1115 1788 1167 morbos
1817 1113 1971 1176 ferat,
2004 1122 2059 1168 et

481 1208 751 1275 perfidos?
780 1208 928 1261 Scias
960 1209 1099 1261 nulla
1131 1209 1400 1271 cautione,
1451 1208 1593 1262 nulla
1645 1209 1968 1273 innocentia,
2002 1209 2062 1260 iu-

480 1297 692 1349 rivitate
733 1308 936 1358 nostra,
963 1313 1079 1365 qua:
1111 1299 1216 1352 Deo
1252 1301 1435 1355 medio
1456 1300 1716 1369 promissa
1747 1310 1869 1354 sunt
1901 1342 1916 1365 ,
1958 1317 2053 1353 cu-

487 1386 675 1438 stodiri
710 1403 723 1439 :
759 1396 925 1438 totum
977 1387 1208 1442 felicitati
1263 1391 1530 1455 tribuitur,
1560 1391 1643 1444 nil
1665 1393 1831 1446 amori
1868 1411 1879 1444 :
1914 1394 2056 1446 circa

487 1478 713 1530 humiles
744 1494 858 1530 rara
882 1478 1148 1548 dignatio;
1177 1482 1411 1547 optimos
1437 1484 1543 1546 ille,
1586 1483 1674 1550 qui
1706 1483 1918 1536 celsior.
1948 1482 2053 1538 Sed

484 1571 514 1618 h
535 1582 596 1619 rc
617 1583 715 1636 ego
738 1583 839 1621 non
866 1584 958 1636 pro
981 1570 1106 1635 inci,
1130 1572 1211 1623 cui
1241 1572 1369 1625 nihil
1394 1582 1635 1639 superest
1654 1576 1791 1642 quod
1820 1589 2061 1641 sperem,

482 1658 909 1712 consideratione
943 1661 1174 1728 snspiro,
1205 1661 1350 1716 dole:
1390 1663 1514 1716 mihi
1552 1664 1670 1717 illos
1716 1666 1889 1731 perire
1919 1682 2051 1731 quos

483 1747 660 1813 diligo.
698 1747 917 1802 Plenius
940 1751 1089 1803 vobis
1126 1766 1236 1804 rem
1268 1768 1500 1813 omnem.
1529 1763 1582 1807 et
1622 1771 1781 1823 quam
1835 1765 2054 1825 propter

1592 360 1860 414 ENNUDII
1900 358 2207 413 EPISCOPI'
2240 357 2616 412 TICINENSIS
3637 357 3685 418 ίζ

3679 358 3706 417 ἶὶ

3716 358 3742 375 η

3712 380 3755 417 Cl

2681 468 2962 522 EI‘iS’I‘OI.
2980 471 3005 521 \
3054 469 3091 523 Χ
3106 469 3190 524 VI.

2659 573 2909 612 I-ZSNODIIJS
2949 575 3245 614 Λιιεοολτιο.

2229 648 2363 701 Olim
2392 648 2455 701 ad
2483 647 2823 701 beatitudinis
2869 658 2971 701 tua:
3010 649 3209 717 scripta
3243 649 3655 716 responderam,
3694 630 3765 704 si;

2080 736 2085 741 ’
2159 737 2311 791 facile
2335 737 2525 792 fuisset
2552 738 3127 806 Iiomamlpergeutium
3162 738 3349 791 itinera
3375 738 3736 805 deprehendi.

2162 827 2529 879 I‘Icclesiastica
2562 826 2833 879 humilitas
2860 841 2902 879 a
2923 827 3105 879 mundi
3138 828 3441 895 potentibus
3470 830 3622 896 quasi
3651 845 3753 882 res-

2159 919 2435 986 peregrina
2467 919 2745 971 transitur.
2778 918 2845 973 Ut
2881 919 3111 986 primum
3143 930 3321 972 tamen
3349 922 3581 973 domnus
3614 922 3741 973 Dio-

2158 1026 2344 1063 seotns
2376 1010 2598 1064 Romam
2630 1010 2945 1078 perfunctus
2983 1012 3054 1079 pii
3088 1012 3286 1065 laboris
3326 1014 3584 1066 remeavit
3616 1011 3740 1065 offi-

2157 1104 2260 1162 cio,
2307 1102 2372 1157 ad
2431 1104 2823 1157 restitutionem
2870 1104 3055 1169 debiti,
3095 1107 3453 1159 reverentiam
3501 1116 3743 1160 vestram

2157 1194 2491 1260 suspiciens,
2543 1196 2795 1262 aspiravi.
2836 1196 2942 1250 llos
2984 1196 3121 1248 filios
3170 1210 3381 1251 veSIros
3408 1238 3423 1261 ,
3474 1199 3739 1251 domuum

2161 1283 2396 1348 I‘aohnn,
2432 1285 2516 1339 vel
2562 1296 2798 1339 sanetam
2854 1294 3159 1355 progen'em
3206 1286 3371 1354 ipsius
3420 1289 3598 1343 redire
3631 1289 3741 1341 [lo-

2159 1389 2295 1425 matn
2321 1375 2532 1442 cupitis,
2568 1392 2665 1428 nos
2692 1392 2909 1430 manere
2935 1395 2947 1429 :
2980 1377 3161 1445 dispar
3182 1379 3447 1431 sententia
3472 1378 3537 1430 ad
3571 1394 3749 1432 unum-

2158 1465 2454 1519 afl‘ectionis
2476 1466 2666 1519 callem
2691 1469 2806 1522 sine
2834 1484 3018 1522 errore
3046 1471 3354 1525 revertitur.
3384 1470 3525 1523 Deus
3555 1480 3753 1523 tamen

2157 1555 2387 1622 optimus
2412 1555 2770 1619 dispensator,
2800 1559 2941 1624 quod
2980 1559 3217 1612 felicitati
3251 1560 3366 1626 ejus
3396 1562 3496 1613 scit
3536 1577 3737 1615 centre-

2161 1645 2584 1713 nire,disponat.
2622 1648 2744 1701 Mihi
2786 1647 2966 1701 domui
3010 1648 3210 1711 Fausd,
3260 1664 3584 1719 suorumque
3611 1666 3738 1718 pro-

2163 1739 2389 1802 speritas
2415 1740 2713 1806 praesentia:
2742 1739 2856 1793 vice
2885 1740 3191 1793 blanditur-
3211 1740 3436 1793 Domine
3467 1742 3560 1804 mi,
3591 1742 3738 1793 salu.

482 1836 725 1889 studium
746 1847 978 1891 vestrum
1009 1840 1256 1893 invidiam
1285 1844 1664 1903 contraxerim,
1700 1845 1857 1897 homo
1886 1855 2047 1899 vestet

2167 1828 2382 1879 tatiouis
2433 1828 2629 1880 cultum
2683 1829 2838 1893 pleno
2882 1843 3064 1883 amore
3106 1830 3442 1893 dissolvens,
3494 1831 3751 1885 codicem

482 1925 789 1979 'ntsinnabit.
836 1928 950 1994 Ego
1003 1928 1255 1982 honorem
1311 1932 1645 1985 salutationis
1706 1935 2052 2001 impertiens,

456 2032 609 2080 .rogo
640 2026 697 2069 ut
746 2018 941 2085 scripta
988 2034 1127 2081 tura,
1157 2030 1211 2073 et
1262 2021 1461 2075 domno
1492 2024 1715 2087 Avieno,
1763 2034 1814 2078 et
1859 2026 2063 2079 domno

483 2109 692 2160 Liberio
732 2111 971 2176 protinus
999 2112 1357 2174 contradatis;
1389 2123 1442 2167 et
1473 2130 1565 2181 per
1588 2115 1756 2182 ipsum
1787 2118 1874 2184 qui
1910 2118 2056 2170 vobis

452 2197 841 2253 .Pamfroniam
875 2211 1110 2253 nostram
1158 2218 1339 2256 sanam
1380 2206 1702 2267 contribuat,
1734 2208 1972 2274 eonjnro,
2001 2218 2054 2261 ιιι

483 2301 576 2341 vos
623 2304 708 2343 me
764 2290 889 2357 quid
924 2292 1161 2358 responsi
1207 2292 1456 2347 dederint
1497 2295 1799 2360 instruatis;
1848 2300 1967 2365 quia
2010 2300 2052 2351 si

484 2379 655 2446 regius
681 2381 1031 2449 occupatione
1057 2381 1231 2450 aliqua
1263 2393 1485 2451 negatur
1538 2387 1822 2447 adventus,
1859 2404 1959 2456 ego
1987 2390 2051 2441 ad

484 2480 599 2531 vos,
628 2469 737 2525 Deo
766 2485 887 2524 meo
931 2472 1273 2540 suffragante,
1317 2476 1416 2529 sub
1467 2480 1648 2543 quavis
1696 2480 2062 2534 membrorum

484 2574 617 2614 tneo.
636 2577 721 2614 um
750 2562 1031 2630 fragilitate
1062 2565 1245 2621 venire
1275 2566 1485 2622 festino.
1851 2566 1863 2577 ’

1010 2655 1342 2712 EPISTOLA
1388 2658 1454 2712 XI
1470 2659 1527 2713 ν.

869 2762 1122 2801 εκκοιιιυε
1162 2764 1367 2804 ειιιιυιο
1415 2767 1659 2807 DIACONO.

554 2834 692 2891 Deus
717 2840 1047 2893 sanctitatem
1077 2850 1218 2893 tuam
1248 2842 1625 2899 misericordia:
1653 2861 1764 2902 sua:
1791 2857 1843 2903 et
1870 2852 2055 2917 gratia!

482 2937 834 2996 prosequatur
864 2929 1190 2997 insignibus;
1224 2932 1311 3000 qui
1339 2933 1405 2985 de
1438 2934 1737 2990 humilitate
1768 2954 1905 3003 mea,
1940 2957 2051 2994 rem

481 3018 635 3071 amici
659 3017 878 3084 faciens,
905 3019 1141 3087 dignaris
1165 3036 1285 3075 esse
1306 3024 1588 3088 sollicitus,
1616 3036 1669 3079 et
1690 3044 1774 3083 me
1799 3046 2053 3100 meosque

480 3108 745 3172 promittis
788 3110 1042 3177 peculiari
1093 3110 1374 3165 affectione
1420 3124 1470 3168 te
1519 3118 1717 3170 colere.
1769 3120 1891 3174 Seio
1930 3122 2050 3190 quia

2161 1932 2315 1983 quem
2339 1916 2581 1982 dedisds,
2607 1918 2714 1971 filio
2738 1930 2915 1972 vestro
2935 1920 3133 1973 domno
3150 1920 3398 1987 pnefecto
3424 1932 3729 1987 remeante,

2165 2010 2467 2063 transmitte
2501 2030 2512 2062 :
2543 2026 2637 2064 vos
2668 2028 2864 2075 meum,
2899 2023 2990 2067 aut
3020 2013 3168 2067 illum
3197 2029 3353 2082 quem
3382 2014 3738 2080 promisistis,

2159 2099 2201 2150 si
2232 2101 2506 2167 placuerit,
2536 2101 2817 2156 destinate.
2855 2103 2988 2156 Illud
3040 2114 3214 2157 tamen
3256 2104 3563 2168 specialiter
3601 2119 3738 2157 cou-

2161 2190 2415 2256 ferentes,
2448 2201 2506 2245 ut
2531 2195 2830 2249 orationum
2856 2205 3156 2249 vestrarum
3188 2210 3458 2264 nunquam
3492 2212 3578 2250 tne
3609 2212 3737 2264 pro-

2161 2280 2479 2347 pugnatione
2509 2282 2718 2337 nudetis
2748 2325 2769 2346 ,
2791 2285 2911 2353 quia
2941 2285 3119 2337 nullus
3163 2285 3291 2336 mihi
3339 2300 3521 2337 tmtrus
3554 2287 3737 2353 potior

2158 2388 2277 2425 esse
2307 2374 2560 2427 adversus
2597 2378 2800 2443 peccati
2840 2378 3061 2431 arietem
3098 2379 3317 2446 poterit,
3352 2394 3509 2446 quam
3548 2380 3590 2430 si
3623 2378 3739 2431 illa-

2159 2478 2272 2516 rum
2298 2480 2385 2519 me
2407 2468 2563 2520 tutela
2597 2466 2911 2520 defenderit.

2693 2556 3019 2611 EPISTOLA
3060 2557 3222 2612 XVII.

2651 2661 2907 2701 essemus
2948 2663 3247 2711 nonnum.

2227 2739 2340 2794 Non
2369 2735 2553 2792 clauda
2588 2735 2718 2791 fides
2746 2737 3012 2806 opinionis
3033 2739 3284 2807 antiquae.
3339 2754 3457 2804 qua:
3491 2740 3743 2807 perhibet

2155 2830 2295 2899 quod
2321 2826 3036 2898 propinquitasggenerisnou
3058 2831 3403 2886 defraudem:
3434 2833 3737 2902 longinqui-

2160 2929 2264 2972 tate
2296 2919 2551 2987 regionis.
2596 2916 2811 2971 Manent
2857 2917 3179 2972 familiarum
3220 2923 3332 2973 suis
3353 2920 3472 2988 jura
3504 2923 3739 2977 cardini-

2156 3010 2285 3073 bus;
2333 3025 2433 3064 nec
2473 3024 2590 3077 quae.
2623 3018 2751 3062 sunt
2786 3010 2958 3064 divisa
3004 3011 3342 3074 habitaculis,
3376 3015 3737 3070 dissociantur

2157 3102 2437 3156 animabus
2466 3118 2480 3154 :
2513 3101 2777 3169 percurrit
2800 3103 3055 3158 mtherius
3082 3104 3251 3173 vigor,
3284 3106 3590 3175 ubicunque
3616 3123 3738 3160 car-

481 3196 620 3251 Dens
651 3198 909 3264 propitius
942 3200 1033 3251 tibi
1062 3200 1137 3252 sic
1166 3203 1388 3268 gratiam
1429 3203 1606 3259 invicti
1638 3210 1888 3279 principis
1918 3228 2047 3267 con-

2158 3193 2238 3246 nis
2278 3193 2592 3259 cognatione
2634 3191 2976 3259 producitur;
3024 3202 3080 3248 et
3133 3196 3217 3247 illa
3271 3196 3508 3250 ccclesiis
3557 3199 3753 3265 portio-

481 3285 619 3349 tulit,
662 3297 719 3339 ut
770 3287 1039 3343 humilitas
1080 3290 1440 3346 ecclesiastica
1480 3310 1583 3349 non
1633 3299 1851 3366 periret.
1887 3303 2044 3371 Vere,

477 3374 673 3428 domne
697 3377 891 3443 Elpidi,
920 3379 961 3431 si
994 3379 1241 3446 dignatur
1267 3382 1383 3449 pius
1408 3399 1497 3437 rex
1530 3386 1597 3440 de
1622 3403 1776 3443 servo
1805 3406 1901 3446 suo
1931 3408 2048 3449 esse
2078 3436 2087 3439 -

476 3465 760 3529 sollicitus,
803 3476 855 3519 tu
895 3466 1106 3535 fecisti,
1141 3470 1292 3535 cujus
1331 3473 1510 3526 animo
1548 3476 1720 3531 nullus
1754 3481 2044 3536 amicorum

475 3552 641 3605 vicem
691 3555 878 3621 poterit
931 3572 1236 3624 repensare.
1279 3559 1425 3614 Scias
1468 3579 1551 3617 me
1598 3575 1769 3620 tamen
1810 3572 2047 3639 quotidie

474 3645 683 3699 diversa
715 3647 871 3717 affligi
904 3650 1156 3717 qualitate
1188 3652 1490 3707 morborum
1512 3697 1527 3718 ,
1554 3656 1621 3709 ita
1656 3667 1709 3711 ιιι
1735 3659 1803 3713 de
1826 3662 1927 3715 vita
1951 3663 2047 3717 de-

474 3753 704 3802 sperem.
738 3740 883 3809 Rogo
913 3750 1111 3803 tamen,
1144 3742 1343 3798 honore
1371 3748 1704 3802 salutationis
1726 3764 1965 3822 accepto,
1992 3766 2047 3809 nt

472 3829 721 3881 domuum
750 3831 998 3885 Faustum
1027 3843 1080 3885 et
1108 3833 1244 3886 filios
1273 3835 1460 3902 ipsius,
1484 3853 1688 3892 memor
1707 3844 1898 3897 animae
1921 3854 2042 3910 tuae,

472 3919 752 3974 sittceiiter
783 3922 998 3990 diligas;
1032 3934 1082 3975 ct
1115 3939 1208 3992 pro
1238 3926 1413 3978 anima
1448 3943 1584 3992 mea,
1625 3941 1879 3997 quantum
1912 3951 2047 4002 pra:-

469 4009 635 4074 vales,
674 4027 829 4064 orare
862 4029 965 4065 non
1006 4028 1183 4066 ροεγες
1218 4032 1230 4067 :
1264 4016 1385 4082 quia
1417 4033 1517 4069 non
1555 4023 1808 4075 remansit
1842 4025 1892 4076 in
1930 4026 2044 4079 Inee

466 4099 605 4163 quod
640 4115 870 4163 sperem.
918 4102 1066 4168 Rogo
1102 4103 1259 4155 etiam
1284 4172 1285 4175 η
1314 4114 1367 4156 ιιι
1399 4121 1483 4157 me
1519 4107 1778 4175 frequenti
1809 4113 2043 4180 digneris

466 4185 722 4252 alloquio,
749 4196 802 4239 et
830 4189 871 4239 si
903 4188 1129 4241 domnus
1168 4200 1347 4243 noster
1382 4193 1446 4245 ad
1486 4194 1750 4263 Liguriam
1787 4212 2042 4257 ventuins

467 4284 566 4340 rst,
597 4274 844 4330 intimare
877 4294 1153 4346 procures.

1010 4369 1337 4424 EPISTULA
1384 4374 1497 4428 XV.

936 4474 1190 4512 Ei‘NODIUS
1231 4477 1560 4521 STEPIIAMJ-I.

2155 3283 2306 3336 unius
2330 3283 2511 3350 patria:
2543 3298 2647 3335 non
2674 3282 2988 3347 continetur
3012 3285 3291 3352 angustiis.
3315 3285 3405 3338 Sic
3433 3295 3508 3351 tn,
3532 3286 3738 3339 dornna

2154 3391 2289 3439 mea,
2317 3374 2474 3443 longe
2503 3390 2532 3426 a
2563 3389 2787 3441 corpore
2815 3374 3096 3443 degentem
3129 3376 3427 3429 Ennodium
3460 3381 3735 3447 perquisi-

2151 3468 2238 3530 sti,
2275 3465 2546 3520 efferendo
2588 3465 2904 3520 desideratis
2951 3468 3131 3522 nobile
3162 3485 3355 3522 munus
3398 3473 3733 3538 aSpeetihus.

2152 3558 2344 3623 Accepi
2385 3558 2649 3611 cucullam
2676 3558 2886 3625 qualem
2918 3558 3096 3612 debuit
3140 3560 3369 3629 dirigere
3413 3564 3736 3632 religionem

2155 3649 2445 3714 profitenti.
2472 3649 2840 3715 Sanctissitna,
2866 3664 2979 3717 ora,
3013 3660 3069 3703 ut
3091 3651 3305 3719 dignum
3334 3668 3419 3707 tne
3444 3655 3744 3708 humilium

2151 3739 2496 3802 indumentis,
2526 3748 2578 3793 et
2600 3739 2644 3791 si
2669 3753 2774 3791 non
2799 3737 3115 3794 invenerunt
3142 3742 3278 3796 dona
3314 3754 3512 3808 vestra,
3541 3755 3739 3800 tamen-

2154 3829 2330 3881 uteriti
2362 3830 2441 3880 sui
2471 3829 2744 3883 nobilitate
2772 3831 3067 3899 perficiant.
3101 3834 3319 3887 Domina
3366 3838 3458 3898 mi,
3500 3840 3745 3893 salutem

2149 3922 2499 3989 largissimum
2543 3921 2752 3985 dicens,
2795 3938 2944 3992 rogo,
2975 3936 3034 3980 ut
3061 3929 3251 3981 crebro
3284 3932 3607 3986 venerandis
3648 3950 3734 3985 re-

2147 4010 2334 4063 Irvelis
2363 4010 2626 4078 alloquiis.
2660 4012 2674 4041 ¹
2713 4012 2922 4066 Lteuant
2955 4026 3007 4069 et
3049 4032 3293 4083 raeauas,
3323 4022 3476 4089 enjus
3506 4039 3604 4077 vos
3636 4042 3735 4077 vo-

2149 4099 2349 4152 lueritis
2377 4100 2574 4153 coloris
2620 4102 2771 4155 rubei
2802 4113 2893 4156 aut
2930 4106 3081 4169 fusci,
3130 4110 3256 4162 mihi
3302 4112 3401 4165 Sull
3443 4114 3734 4169 celeritate

2142 4191 2375 4261 dirigite.

2646 4285 2979 4341 EI'ISTOLA
3022 4289 3208 4345 XVIII.

2614 4392 2869 4430 ENNODIUS
2908 4393 3233 4435 δτειηιιικιιε.

2212 4462 2494 4517 Snfficeret
2523 4467 2769 4533 equidem
2798 4484 2901 4535 pro
2934 4470 3204 4537 epistulari
3245 4479 3580 4529 commercio
3613 4496 3735 4532 me-

534 4546 672 4597 ιςοηο
696 4554 771 4597 ρει
804 4547 981 4598 anim"
1015 4566 1152 4611 mm,
1183 4554 1321 4619 quod
1348 4571 1623 4620 gravatum
1659 4563 1859 4625 peccat;
1892 4562 2033 4620 (περ
2068 4564 2114 4625 ι)
2144 4551 2303 4604 ritum
2352 4556 2644 4618 portitoris,
2693 4557 2774 4608 cui
2818 4568 2871 4611 et
2909 4576 3040 4612 vena
3082 4578 3173 4614 sua
3218 4566 3357 4632 quod
3393 4568 3732 4633 loquendum

462 4634 807 4695 meministis;
838 4648 891 4688 et
920 4636 1055 4690 inter
1088 4640 1202 4693 illas
1234 4646 1367 4696 sacri
1402 4650 1631 4711 pectoris
1662 4665 1836 4713 curas,
1861 4670 2029 4722 quan-

461 4731 571 4775 tum
615 4723 855 4790 epistol-.e
888 4726 951 4778 ad
981 4726 1233 4781 domuum
1274 4732 1528 4788 Avienum
1561 4738 1835 4795 destinatae
1865 4745 2031 4796 mani-

461 4813 693 4873 fesmnt,
745 4824 986 4881 persomt:
1034 4833 1165 4870 mea:
1217 4836 1321 4874 non
1375 4830 1598 4895 emergit
1645 4832 1859 4887 oblivio.
1922 4835 2031 4889 Deo

456 4903 652 4969 gratias
695 4918 817 4972 ago,
850 4904 938 4972 qui
988 4921 1083 4975 per
1131 4909 1414 4966 indebitam
1457 4917 1883 4987 delinquentibus
1923 4924 2026 4977 cle-

455 4997 705 5049 mentiam
736 4999 892 5052 solita
933 5002 1274 5060 miseratione
1308 5010 1587 5071 succurrit,
1619 5012 1740 5063 dum
1777 5028 1869 5064 eos
1905 5028 2029 5065 san-

453 5094 656 5141 ctarum
680 5090 974 5145 animarum
1002 5095 1380 5150 intercessione
1403 5110 1683 5154 sustentat.
1708 5103 1819 5155 Non
1868 5105 2029 5157 credo

450 5178 592 5242 quod
653 5179 792 5234 inter
846 5180 1116 5237 orationes
1168 5186 1477 5253 deseratur,
1530 5206 1686 5257 quem
1741 5194 2027 5247 nobilitatis

449 5268 703 5338 alloquio.
745 5270 929 5325 Saluto
959 5289 1088 5342 ergo
1130 5274 1427 5331 humilitate
1456 5295 1554 5344 qua
1597 5281 1812 5349 dignum
1844 5294 1942 5345 est,
1974 5295 2026 5337 et

448 5372 577 5425 rogo
634 5365 690 5413 ut
740 5360 813 5413 illi
864 5364 1076 5417 assidua
1147 5367 1448 5419 orationum
1496 5369 1706 5423 donetis
1747 5371 2021 5441 suffragia,

446 5461 600 5514 quem
634 5454 1158 5508 commemorationis
1190 5456 1405 5521 pascitis
1436 5457 1697 5511 ubertate.

519 5560 534 5637 ξ
563 5560 766 5637 [Αςηηιη
806 5574 851 5618 el
878 5567 1111 5637 racanas]
1150 5568 1223 5619 Ita
1251 5565 1500 5620 distincte
1527 5569 1812 5625 Vaticanus
1848 5592 1858 5625 :
1894 5578 2018 5631 reli-

444 5628 533 5694 qui
562 5637 580 5653 '
607 5631 761 5685 Lwna
786 5647 943 5689 metra
975 5628 1127 5689 caua}
1153 5653 1171 5689 .'
1196 5637 1336 5703 quod
1370 5638 1553 5689 eodem
1605 5643 1813 5694 recidit.
1848 5628 2018 5697 una}

446 5712 527 5779 me
557 5712 730 5779 autem
758 5707 896 5772 quod
928 5722 1095 5779 genus
1139 5707 1438 5779 vestimenti
1475 5707 1651 5772 fuerit,
1691 5726 1794 5762 non
1830 5713 2013 5779 liquet,

442 5768 507 5819 ad
550 5768 907 5829 calceam‘ettta
931 5768 1234 5831 referendae
1281 5776 1544 5837 videntur,
1596 5768 1646 5831 ut
1705 5790 1757 5833 et
1789 5768 1924 5847 r-ga'
1965 5768 2018 5840 et

2138 4651 2219 4693 est
2272 4653 2323 4693 et
2350 4658 2475 4709 pura
2507 4647 2646 4697 circa
2676 4663 2761 4699 me
2792 4649 3058 4703 ministrat
3088 4654 3320 4709 affectio.
3356 4658 3406 4711 Si
3429 4658 3461 4711 d
3507 4662 3735 4716 animus

2142 4749 2290 4786 meus
2331 4735 2395 4785 ad
2438 4736 2763 4801 duplicatum
2806 4740 3023 4794 festinat
3057 4746 3401 4813 obsequium;
3451 4766 3549 4804 nrc
3590 4754 3733 4806 sim-

2139 4822 2259 4890 plici
2290 4840 2448 4890 quam
2489 4830 2785 4881 reverentia
2818 4840 2990 4885 vestra
3034 4835 3198 4903 exigit
3236 4838 3533 4893 humilitate
3589 4859 3735 4897 con-

2146 4921 2344 4975 tentus,
2389 4914 2587 4969 domno
2618 4919 2820 4971 Avieno
2865 4924 3057 4991 scripta
3091 4928 3367 4999 conjungit
3395 4974 3409 4995 ,
3439 4932 3514 4985 illi
3556 4950 3731 5009 quem

2137 5004 2203 5057 de
2227 5005 2389 5073 stirpe
2422 5017 2596 5061 vestra
2632 5023 2968 5077 procreatum
3002 5028 3049 5069 et
3079 5018 3185 5070 vita
3233 5023 3407 5088 prodit
3432 5034 3484 5075 ct
3514 5004 3726 5082 oratio.

2134 5095 2379 5151 Graviter
2411 5110 2583 5154 tamen
2617 5103 2731 5157 fero
2782 5106 2923 5171 quod
2965 5109 3191 5163 rusticas
3230 5129 3389 5167 voces
3433 5118 3592 5171 nimis
3628 5136 3730 5172 ιιι·-

2133 5186 2264 5238 bana
2295 5189 2550 5243 etsnhtili
2583 5193 2883 5249 elocutione
2923 5202 3170 5254 narratis.
3206 5204 3317 5258 Non
3354 5208 3421 5258 ita
3452 5208 3594 5262 circa
3632 5212 3725 5262 fa-

2135 5276 2333 5329 miliam
2370 5287 2596 5332 restrain
2628 5285 2794 5349 gratia
2824 5287 3063 5340 caelestis
3096 5292 3345 5355 innotuit,
3382 5307 3441 5349 ut
3472 5300 3725 5368 aliquem

2132 5365 2183 5417 itt
2243 5382 2302 5419 ea
2354 5368 2509 5421 liceat
2558 5372 2845 5439 majoribus
2889 5379 2999 5431 suis
3050 5391 3141 5432 aut
3192 5385 3369 5453 lingua
3427 5365 3580 5444 esse-
3624 5410 3728 5450 aut

2125 5458 2335 5512 actione
2363 5460 2671 5515 dissimilem
2694 5504 2707 5526 ,
2766 5466 2863 5518 nisi
2896 5468 3029 5522 forte
3061 5474 3201 5539 quod
3237 5492 3329 5528 vos
3364 5492 3523 5545 supra
3553 5484 3727 5537 clari-

2358 5576 2528 5666 lege?
2565 5578 2695 5666 cod;
2717 5579 2918 5666 'I'beodz
2965 5584 3265 5666 de__IIabitu
3299 5610 3404 5657 quo
3437 5598 3509 5648 uti
3543 5614 3725 5666 opor-

2129 5652 2233 5737 miu
2264 5645 2394 5723 im"!
2422 5649 2628 5698 ""hcm-
2671 5648 2814 5702 ll'lt'a
2840 5653 3007 5707 urbem
3038 5657 3251 5710 Romam
3281 5645 3426 5715 nemo
3447 5645 3521 5719 rel
3547 5645 3721 5737 frons.

2126 5713 2199 5763 τέ(
2230 5716 2420 5763 Izauris
2455 5726 2643 5769 utatur.
3321 5713 3328 5714 ί
3402 5713 3414 5715 -
3549 5713 3558 5720 -
3612 5713 3623 5739 ε

2191 5801 2205 5817 ⁸
2236 5801 2423 5848 Vidi-sis
2450 5803 2493 5852 le
2523 5806 2591 5853 St.
2621 5805 2777 5858 Monte
2809 5810 2910 5859 l'at.
2935 5818 3070 5864 Sacr.
3099 5825 3212 5866 tom.
3244 5822 3305 5877 Il,
3337 5837 3381 5881 ρ.
3415 5827 3529 5875 287..
