3998 6362
228 373 306 429 I37
1424 363 1908 421 EPISTOLARUM
1950 362 2075 416 LIB.
2109 362 2199 416 IX.

3332 365 3427 420 I58

228 498 360 540 tatem
386 483 649 537 seniorum
687 490 886 534 sancta:
914 480 1185 533 viduitatis
1222 478 1272 531 itt
1303 478 1452 530 vobis
1482 478 1653 547 fulgor
1686 494 1756 531 tr-
1796 488 1833 545 Α
1864 478 2100 543 precatio
2163 474 2393 526 fructum
2454 473 2554 526 sibi
2613 474 2857 527 videnlur
2909 472 3178 526 ascribere
3239 474 3432 527 laboris

226 579 388 633 radiat.
432 575 627 642 Nempe
670 573 811 626 illius
849 572 1030 625 domiti
1076 571 1253 624 Fausti
1286 586 1532 639 germana
1576 585 1669 633 es,
1704 571 1756 623 in

227 672 349 737 cujus
392 667 698 735 praefectura
738 663 879 732 quod
926 662 1216 717 monachos
1266 663 1522 727 instituat,
1556 661 1759 715 inveni-

225 775 293 815 tur
312 804 327 825 ,
352 773 498 828 quem
531 758 650 826 plus
676 765 760 810 est
785 756 996 809 actione
1024 755 1386 809 venerabilem
1416 769 1559 817 esse,
1602 768 1757 822 quam

226 853 371 906 titulo.
415 850 561 917 Rogo
590 862 707 911 vos,
756 848 978 901 servitio
1024 846 1361 898 salutationis
1406 844 1660 903 exhibito,
1707 854 1767 895 ut»

224 958 455 1013 nunquam
515 939 959 994 scholasticorum
1022 938 1284 991 indociles
1340 936 1762 1005 compositiones

225 1036 392 1091 sanctis
433 1032 812 1087 dictatiouibus
855 1030 1166 1085 misceatis:
1198 1028 1397 1084 sufﬁcit
1445 1027 1572 1080 mihi
1619 1027 1759 1094 quod

225 1126 445 1189 admirer,
491 1123 636 1192 quod
677 1122 720 1175 si
769 1135 981 1175 mereor
1009 1119 1160 1189 sequi
1204 1118 1450 1183 debeam,
1489 1120 1541 1172 in
1571 1118 1763 1172 vestris

225 1215 436 1271 sensibus
456 1211 718 1269 invenire.

719 1279 1049 1337 EPISTULA
1087 1279 1233 1335 XIX.

706 1388 957 1427 ENNODIUS
998 1386 1260 1426 AGNELLO.

281 1467 443 1535 Longo
477 1466 691 1518 animus
740 1456 890 1517 meus
918 1463 1170 1532 pependit
1199 1462 1428 1523 incerto,
1459 1470 1635 1513 utrum
1670 1474 1766 1527 pro

222 1562 461 1630 diligentia
490 1558 699 1612 notitia
739 1568 932 1612 vestrm
957 1557 1177 1624 jauuam
1216 1554 1521 1623 scriptionis
1551 1552 1766 1605 amabili

225 1650 612 1721 praesumptione
656 1648 944 1716 pulsarem,
975 1655 1029 1701 et
1070 1644 1515 1700 excellentissimi
1540 1643 1767 1697 hominis

224 1758 303 1810 per
328 1741 457 1795 hunc
484 1740 682 1794 callem
713 1748 899 1808 pectus
927 1739 1258 1807 ingrederer,
1289 1751 1357 1789 an
1388 1749 1481 1804 per
1522 1733 1767 1787 homines

1861 565 2037 619 alieni.
2072 564 2259 619 Saluto
2287 578 2416 632 ergo
2442 562 2739 617 humilitate
2781 580 2881 633 qua
2912 564 3129 631 dignum
3160 576 3263 627 est,
3296 576 3350 617 et
3378 578 3433 619 ttt

1861 655 2107 725 praefatos
2134 670 2254 708 cum
2285 652 2481 722 gaudio
2502 652 2568 704 ad
2593 668 2679 706 me
2714 652 3014 717 remittatis,
3043 653 3287 721 imploro.

2394 742 2721 796 EPISTULA
2765 742 2904 795 XXI.

2390 852 2648 890 ENNODIUS
2682 852 2795 890 ειμι
2805 852 2910 892 01οο

1934 928 2046 983 Etsi
2085 936 2137 982 te
2166 928 2538 982 immemorem
2585 926 2687 979 mei
2720 925 2938 978 Pontica
2970 924 3096 978 facit
3138 924 3440 979 inhumani—

1864 1031 1967 1082 tas,
1997 1035 2083 1073 me
2109 1028 2285 1072 tamen
2316 1018 2513 1071 imitari
2545 1032 2650 1070 nou
2704 1016 2859 1070 decet
2912 1016 3053 1084 quod
3094 1031 3307 1070 accuso.
3350 1018 3440 1071 Sic

1865 1112 1932 1164 de
1957 1109 2172 1165 civitate
2197 1107 2585 1164 Mediolaueusi
2610 1107 2759 1174 quasi
2788 1106 2965 1159 Icarus
2990 1105 3236 1169 avolasti,
3262 1114 3317 1159 et
3343 1122 3440 1157 nec

1868 1200 2100 1255 mandati
2132 1213 2217 1253 me
2238 1198 2559 1253 salutatione
2580 1196 2828 1266 dignatus
2854 1212 2933 1249 es.
2962 1198 3051 1248 Sic
3084 1195 3283 1248 faciunt
3308 1211 3441 1260 quos

1869 1291 2162 1361 potentium
2207 1289 2465 1343 lateribus
2490 1288 2669 1357 jungit
2711 1288 2980 1355 inopinata
3026 1285 3302 1339 sodalitas.
3333 1284 3442 1337 Mu-

1867 1396 1956 1435 sca
1988 1382 2247 1434 moritura
2274 1380 2480 1449 justum
2504 1388 2607 1442 est,
2638 1388 2696 1431 ttt
2724 1378 2767 1431 si
2798 1394 2893 1448 per
2933 1386 3175 1431 natumut
3218 1390 3322 1429 nou
3353 1392 3443 1443 po-

1870 1482 1970 1535 tes,
2020 1471 2088 1526 ad
2134 1472 2381 1525 effectum
2433 1486 2555 1525 meo
2603 1472 2849 1524 imiteris
2899 1470 3147 1535 exemplo
3177 1487 3189 1519 :
3225 1478 3449 1536 possunt

1868 1564 1960 1616 tibi
1993 1563 2082 1615 alii
2107 1577 2204 1631 pro
2224 1562 2549 1616 abundantia
2576 1562 2880 1615 facultatum
2910 1562 3153 1615 utiliores
3175 1561 3408 1614 existere
3429 1602 3451 1623 ν

1867 1670 1988 1709 esse
2016 1664 2191 1709 tamen
2224 1671 2337 1707 non
2362 1655 2545 1708 valent
2583 1654 2871 1708 dulciores.
2902 1655 3005 1708 Sed
3038 1655 3198 1708 redeo
3223 1655 3288 1707 ad
3315 1670 3443 1707 con.

1868 1749 2245 1803 siderationem
2281 1750 2468 1817 patriae
2491 1790 2507 1811 ,
2542 1748 2623 1801 cui
2652 1748 2817 1801 debes
2840 1748 3100 1800 bonorum
3122 1747 3448 1801 oblivionem

221 1842 429 1896 vestros,
460 1845 595 1899 vaga
625 1830 943 1885 salutatione
979 1839 1285 1892 contentus,
1330 1840 1536 1881 secreta
1572 1826 1763 1895 quibus

1879 1850 1923 1894 ct
1949 1839 2231 1893 miseriam
2250 1854 2351 1906 qua
2384 1839 2617 1892 laboras.
2653 1838 2803 1890 Nunc
2835 1852 2985 1905 ergo,
3021 1836 3223 1890 honore
3251 1838 3444 1889 saluta-

219 1921 471 1976 obsidebar
492 1922 877 1989 irrumperem,
900 1921 1024 1989 quia
1055 1919 1223 1972 visum
1258 1918 1385 1971 tnihi
1414 1929 1495 1971 est
1521 1931 1627 1970 non
1647 1931 1767 1971 esse

220 2018 262 2064 tn
290 2012 550 2065 hominum
596 2026 820 2065 numero
845 2010 1263 2078 computandas,
1288 2022 1445 2076 quem
1481 2006 1767 2061 ‘ltomitttttu

218 2104 499 2169 potissimus
532 2102 828 2170 ignoraret.
861 2102 926 2154 Et
956 2102 1114 2168 plane
1140 2099 1216 2152 illi
1249 2114 1346 2152 nec
1373 2113 1550 2152 mores
1580 2113 1770 2166 sugge-

219 2201 321 2244 runt
348 2192 614 2254 ﬁduciam,
660 2206 759 2247 uec
802 2199 1012 2251 natura,
1055 2191 1144 2258 qui
1172 2190 1224 2242 in
1246 2204 1369 2243 arce
1405 2190 1599 2243 locatis
1639 2190 1767 2241 abs-

217 2284 467 2337 conditur:
517 2283 676 2336 vobis
704 2281 997 2351 prtceipue,
1021 2296 1157 2350 quos
1186 2282 1574 2349 uterqueorbis
1601 2280 1767 2332 amica

217 2383 261 2426 et
292 2375 425 2427 socia
474 2373 793 2427 diversitate
835 2372 1208 2440 complectitur
1238 2414 1252 2437 ,
1280 2372 1421 2439 quod
1472 2370 1564 2424 Dei
1612 2371 1771 2423 titttor

215 2465 376 2530 gratia:
420 2480 534 2518 suae
583 2467 836 2519 comitate
886 2462 1127 2517 ﬁrmatos
1177 2462 1302 2518 fecit
1341 2463 1450 2531 jam
1505 2462 1766 2515 honorum

214 2572 391 2610 summa
444 2555 661 2627 largiri,
686 2566 743 2610 et
763 2557 827 2609 ad
848 2555 987 2624 quod
1015 2558 1101 2609 vix
1132 2556 1379 2625 prmeipui
1408 2557 1768 2624 perducuntur

214 2649 267 2700 ad
296 2649 561 2717 opinionis
591 2648 816 2717 gloriam
854 2648 989 2700 dare
1020 2647 1295 2714 subjectis.
1340 2646 1609 2700 Laudaudi
1649 2656 1772 2700 sunt

210 2742 366 2807 apices
410 2782 423 2803 ,
470 2740 575 2794 sed
631 2741 696 2792 ad
735 2754 828 2794 eos
876 2740 1074 2793 sudore
1122 2739 1357 2792 maximo
1403 2739 1489 2791 vix
1539 2740 1767 2791 venitur.

214 2831 341 2894 Quod
369 2841 549 2885 tamen
580 2830 809 2885 feliciter
837 2830 1037 2884 dictum
1064 2832 1153 2893 sit,
1186 2840 1240 2883 et
1266 2832 1404 2883 inter
1434 2843 1659 2882 munera
1683 2844 1772 2879 ve-

216 2934 305 2974 stra
330 2934 450 2976 sunt
476 2922 741 2976 culmina.
776 2922 912 2990 Ergo
940 2922 1176 2976 salutans
1205 2931 1533 2984 reverenter,
1566 2922 1770 2988 episto-

214 3014 298 3067 lam
347 3015 613 3069 brevitate
664 3014 957 3076 concludo,
995 3030 1062 3067 ne
1104 3024 1228 3068 ante
1273 3012 1635 3081 dignationem
1684 3026 1773 3065 ve-

214 3118 352 3158 stram
396 3107 652 3161 vidcatur
683 3106 982 3175 importuna
1016 3106 1269 3158 laudatio.
1315 3105 1498 3159 Latius
1529 3114 1647 3171 post
1687 3119 1769 3156 re-

1872 1930 2037 1984 tionis
2068 1930 2331 1999 impenso.
2361 1944 2577 1983 servum
2606 1938 2754 1981 tuum
2782 1928 2846 1979 ad
2878 1926 2980 1980 hoc
3005 1928 3199 1987 direxi.
3247 1939 3298 1978 ut
3340 1927 3455 1978 tilio

1871 2030 1961 2073 tuo
1983 2021 2183 2074 domno
2213 2019 2464 2088 praefecto
2504 2028 2560 2072 et
2594 2019 2686 2071 tibi
2728 2019 2994 2070 nuntiaret
3037 2019 3088 2070 itt
3119 2016 3315 2069 Christi
3349 2033 3447 2068 utt-

1872 2113 2034 2177 miue,
2062 2126 2148 2163 me
2178 2111 2245 2163 de
2285 2110 2594 2162 suburbano
2624 2108 2714 2161 illo
2742 2108 3059 2161 documenta
3085 2108 3317 2177 legitima
3333 2121 3447 2160 sus-

1870 2198 2116 2267 cepisse,
2164 2207 2224 2251 ut
2266 2214 2360 2249 vos
2404 2212 2525 2251 cum
2569 2197 2679 2250 ﬁlio
2726 2211 2906 2252 ves'ro
2950 2198 3147 2252 domno
3196 2197 3448 2263 Triggua,

1870 2289 2009 2357 quod
2038 2289 2392 2344 necessarium
2425 2288 2645 2351 videris,
2676 2303 2834 2357 agere
2868 2305 2971 2343 non
3000 2289 3214 2342 omittas
3241 2286 3375 2359 [sic].

2396 2379 2723 2433 EPISTULA
2769 2380 2931 2433 XXII.

2400 2483 2655 2523 ENNODIUB
2696 2484 2919 2522 FAOS'I'O.

1945 2562 2115 2631 Spero
2142 2562 2194 2615 iu
2217 2561 2475 2615 Triuitate
2508 2562 2619 2615 Deo
2650 2572 2857 2626 nostro,
2884 2576 2979 2629 per
3010 2560 3258 2631 suﬂ'ragia
3288 2577 3448 2613 vene.

1874 2656 2039 2708 nuda
2062 2662 2389 2717 sanctorum,
2414 2656 2554 2721 quod
2578 2668 2764 2707 servos
2786 2654 2837 2706 iu
2866 2668 3182 2722 quocunque
3208 2657 3325 2706 loco
3353 2668 3449 2720 po.

1872 2746 2025 2807 sitos,
2052 2742 2502 2810 quemadmodum
2539 2743 2774 2796 munitur
2820 2742 2962 2796 oculi
3004 2741 3227 2810 pupilla,
3272 2752 3448 2795 (ιιι-ιιι-

1873 2833 2015 2897 diat,
2057 2841 2112 2886 et
2155 2831 2222 2884 ad
2281 2832 2475 2885 bonam
2518 2831 2878 2885 valetudinem
2928 2832 3147 2887 reducat
3198 2833 3453 2902 quidquid

1875 2921 2086 2977 inimica
2116 2921 2271 2990 fregit
2308 2921 2659 2990 inaequalitas.
2693 2920 2805 2990 Ego
2835 2930 3033 2986 tamen,
3060 2933 3115 2975 et
3136 2923 3181 2974 si
3224 2936 3451 2989 corporo

1876 3026 2104 3080 nequeo,
2138 3026 2335 3079 sequor
2376 3011 2592 3065 ofﬁciis.
2620 3009 2749 3065 Nam
2798 3011 3026 3079 imperio
3076 3010 3452 3065 sollicitudinis
3490 2998 3493 2999 ⁷

1852 3104 2040 3157 ~verba
2088 3102 2357 3171 congessi,
2384 3102 2679 3169 deprecans
2736 3111 2795 3155 ut
2831 3117 2992 3171 quam
3036 3102 3154 3156 sani
3184 3102 3301 3157 sitis
3326 3102 3452 3155 edo-

214 3208 436 3260 spoustttu
490 3195 768 3264 pagiua'e,
816 3195 957 3263 quod
1006 3196 1276 3259 moribus,
1319 3195 1459 3263 quod
1508 3195 1759 3263 polentia!
1788 3201 1831 3259 (ζ
1867 3210 2011 3249 cear.
2045 3193 2185 3248 Ecce
2210 3192 2295 3245 vix
2326 3190 2441 3246 fero
2476 3190 2720 3254 brevem,
2747 3192 2987 3255 absentia
3018 3193 3174 3261 longa
3206 3191 3439 3259 fatigan-

212 3296 374 3338 vestraz
399 3286 684 3349 convenit,
716 3285 865 3338 eritis
897 3285 1096 3339 mundo
1135 3300 1342 3341 mecum
1367 3295 1656 3340 attestattte
1690 3288 1765 3339 le—

212 3385 299 3426 ctu:
314 3376 345 3427 ἰ.

730 3465 1060 3520 EPISTULA
1097 3466 1211 3521 XX.

673 3571 926 3611 ENNODIUS
966 3573 1281 3611 IASCATOM.

265 3647 324 3700 Et
364 3664 451 3704 me
499 3663 730 3719 sperare
759 3649 900 3718 quod
934 3651 1079 3719 pium
1130 3661 1234 3715 est,
1283 3660 1337 3704 et
1364 3665 1459 3705 vos
1489 3650 1641 3705 decet
1679 3666 1774 3703 au-

210 3751 365 3789 tutere.
402 3738 538 3792 Nam
575 3739 884 3806 disparibus
907 3741 1007 3793 viis
1043 3740 1106 3792 ad
1140 3756 1301 3793 unum
1335 3743 1492 3795 ﬁnem
1524 3757 1774 3795 remune-

210 3828 347 3881 randa
379 3830 556 3883 tendit
593 3830 843 3884 intentio.
876 3829 983 3883 Vos
1015 3831 1203 3884 solatia
1235 3832 1396 3885 rebus
1440 3832 1771 3899 impenditis,

208 3939 230 3967 at
257 3936 331 3974 me
374 3923 523 3976 tenui
578 3922 847 3977 sermonis
906 3924 1244 3990 prmstolatur
1287 3924 1566 3976 auxilium.
1602 3925 1690 3977 Sic
1718 3927 1775 3977 lit

209 4020 253 4062 ut
274 4012 351 4065 cui
383 4014 662 4067 incumbit
686 4028 779 4079 per
804 4013 963 4066 ofﬁcii
995 4014 1484 4068 considerationem
1517 4023 1774 4083 pratstare

209 4116 266 4165 po
288 4104 424 4167 iora,
480 4108 576 4157 vix
628 4107 798 4174 possit
861 4106 1071 4174 exigua.
1130 4108 1335 4159 Itedtlat
1393 4109 1772 4175 ingenuitatem

205 4191 341 4245 homo
386 4195 606 4263 palatii,
654 4196 781 4263 quia
829 4196 1083 4250 Ecclesia:
1126 4199 1256 4251 uibil
1297 4199 1529 4266 amplius
1572 4202 1770 4255 sufficit

205 4300 340 4341 quam
372 4289 615 4353 precari.
672 4289 831 4342 Scitis
864 4289 880 4320 ⁸
918 4304 1011 4356 pro
1035 4292 1233 4344 ascinis
1273 4308 1300 4343 τι
1332 4310 1439 4362 quo
1481 4297 1655 4348 veniat
1687 4313 1771 4349 re-

213 4375 409 4430 tributio
438 4418 456 4443 ,
497 4379 546 4431 si
580 4378 852 4445 iuventur.
899 4380 1207 4436 Succurrite
1247 4383 1329 4437 Itis
1361 4400 1493 4452 quos
1523 4398 1574 4440 et
1608 4389 1772 4454 patria

207 4473 325 4518 terra
350 4470 602 4536 captivas
632 4510 647 4533 ,
681 4469 874 4537 quibus
896 4482 948 4523 et
975 4470 1170 4526 invidia
1199 4484 1281 4528 est
1301 4490 1419 4528 cum
1448 4477 1748 4542 origittariis

1872 3289 1973 3349 dus
2006 3303 2019 3339 :
2048 3286 2141 3340 sed
2183 3294 2429 3352 potentes
2470 3293 2596 3340 sunt
2621 3300 2675 3339 et
2700 3286 2858 3341 amici
2888 3285 3095 3350 domui,
3125 3285 3324 3354 quibus
3358 3298 3451 3337 vos

1873 3378 2047 3433 anima
2076 3388 2259 3431 sancta
2292 3376 2583 3431 commisit.
2615 3374 2729 3443 Ego
2750 3391 3043 3439 memores,
3073 3386 3129 3429 ιιι
3149 3375 3451 3443 depositum

1874 3480 2115 3533 servent,
2148 3470 2265 3524 sine
2292 3470 2593 3523 cessatione
2623 3472 2887 3524 convenio
2917 3487 2931 3524 :
2958 3470 3184 3524 aderunt
3212 3470 3454 3539 partibus

1874 3561 2006 3627 suis,
2037 3570 2092 3616 et
2110 3560 2249 3628 quod
2276 3560 2344 3614 ab
2371 3562 2451 3613 eis
2477 3570 2783 3629 susceptum
2812 3572 2915 3626 est,
2937 3564 3052 3616 sine
3081 3562 3453 3617 imminutione

1876 3653 2186 3705 servabunt.
2220 3650 2311 3704 llis
2337 3650 2495 3713 addo,
2516 3661 2804 3720 prmstante
2830 3655 3215 3722 omnipotentis
3244 3654 3335 3709 Dei
3359 3655 3454 3707 rui-

1875 3740 2190 3806 sericordia,
2219 3756 2404 3795 servos
2432 3751 2643 3795 vestros
2666 3743 2734 3796 de
2758 3742 2995 3797 Venetiis
3038 3745 3146 3811 jam
3183 3758 3455 3811 regressus

1878 3833 1897 3860 ‘
1922 3831 2231 3885 exhibuisse
2252 3831 2574 3884 documenta
2606 3832 2917 3886 conﬁrmata
2974 3832 3042 3888 de
3082 3834 3286 3901 legibus
3318 3874 3332 3897 ,
3368 3836 3453 3888 Itic

1878 3920 2325 3974 iutroductiouem
2372 3920 2672 3974 solemnem
2731 3921 2875 3975 illico
2918 3922 3083 3975 fuisse
3134 3923 3453 3977 confectam.

1877 4012 2033 4066 Nune
2064 4022 2241 4065 utrum
2286 4012 2461 4066 amico
2494 4028 2522 4064 a
2566 4013 2717 4067 vobis
2750 4015 2854 4069 dici
2898 4015 3097 4083 aliquid
3128 4015 3339 4074 debeat,
3370 4015 3457 4067 illa

1877 4121 1982 4175 qua
2011 4105 2196 4161 soletis
2225 4107 2535 4161 maturitate
2565 4107 2851 4161 consulite.
3264 4120 3267 4123 '

2393 4200 2727 4256 EPISTULA
2764 4201 2950 4254 XXIII.

2400 4306 2655 4343 tznsontus
2686 4292 2706 4321 ³
2738 4307 2961 4344 Ltutzttto.

1952 4378 2141 4431 Datum
2194 4388 2277 4432 cst
2324 4380 2475 4443 mihi,
2521 4380 2759 4433 ccclesiis
2804 4379 3067 4434 iufusioue
3107 4382 3366 4450 mysterii,
3402 4384 3462 4435 Ii-

1887 4471 2011 4523 In-ra
2049 4471 2247 4525 habere
2277 4472 2499 4539 judicia,
2530 4474 2691 4525 etiam
2748 4486 2867 4524 cum
2898 4472 2996 4524 sim
3030 4473 3300 4527 beneﬁciis
3328 4476 3460 4527 obti-

202 4566 244 4608 et
267 4562 501 4615 conditio
533 4562 772 4615 dolenda
803 4578 922 4617 cum
949 4564 1206 4633 profugis.
1241 4567 1485 4621 Pluribus
1516 4569 1774 4622 Clh'islla-
1813 4564 1857 4621 D
1882 4574 2056 4630 gntus.
2089 4563 2182 4617 Est
2207 4568 2349 4617 enim
2382 4565 2598 4632 superni
2634 4563 2884 4617 muneris
2912 4574 2972 4617 ut
3026 4568 3304 4635 ingenuam
3340 4582 3461 4620 sett-

203 4662 307 4700 num
335 4660 389 4703 et
415 4653 726 4720 sapientem
757 4669 861 4706 uoti
889 4654 1044 4708 decet
1073 4656 1379 4740 admoneri,
1418 4673 1482 4711 ue
1505 4660 1655 4727 longa
1681 4660 1772 4713 tit--

259 4766 271 4793 '
303 4764 403 4818 Pro
434 4764 659 4834 oscinis]
688 4766 787 4832 Qui
820 4768 1016 4822 laribus
1056 4779 1110 4823 et
1145 4780 1284 4826 tecto
1328 4782 1529 4826 carent.
1560 4782 1772 4830 Ασκηννιι

203 4835 322 4888 enim
356 4839 542 4890 asceui
579 4837 734 4901 dicti,
772 4840 858 4904 qui
906 4840 1023 4893 siue
1057 4842 1412 4895 tabernaculis
1452 4842 1670 4894 subdiu
1701 4844 1772 4895 vi-

204 4917 326 4980 vunt.
362 4907 469 4980 llus
506 4923 647 4974 ergo
689 4907 913 4961 clientes
942 4910 1102 4962 domo
1142 4928 1235 4963 sua
1268 4913 1316 4963 vi
1362 4913 1537 4963 forsan
1565 4913 1765 4980 ejectos

202 4972 457 5096 :Iascittori
491 4972 864 5043 commendat,
896 4992 952 5033 ut
986 4982 1100 5048 ejus
1126 4998 1227 5048 ope
1252 4972 1765 5051 postliutiuio'rest‘t-

223 5058 308 5095 lla“
334 5063 415 5096 llr.

280 5060 415 5099 ﬂllll’.

258 5116 276 5143 ³
303 5114 624 5189 thibuisse
664 5117 989 5189 documenta]
1031 5120 1105 5173 De
1161 5121 1467 5174 suburbano
1521 5122 1771 5176 Mediola-

201 5187 531 5308 ttensi,dquod
569 5188 801 5242 Faustus
833 5187 1078 5242 Eunttdio
1113 5205 1477 5245 coucesserat.
1538 5194 1771 5263 Epistula

202 5269 349 5308 praeco
394 5296 410 5308 .

202 5269 410 5316 praeco.

228 5324 273 5401 .'
300 5324 527 5401 Liberio]
552 5326 746 5401 Cenat
769 5326 884 5401 bace
905 5331 1125 5395 cpistola
1161 5330 1354 5385 Liberii
1385 5334 1629 5387 laudibus
1651 5350 1770 5387 ctttn

199 5399 296 5473 ejus
321 5399 809 5473 epita_pltio,_quod
836 5401 968 5467 patri
995 5401 1119 5453 oliui
1157 5418 1185 5453 ει
1219 5402 1347 5455 fil-.is
1375 5404 1599 5457 Arimini
1634 5407 1772 5473 posi-

200 5470 290 5516 tttm
314 5480 395 5523 est
422 5470 513 5523 Itis
544 5468 727 5520 verbis
759 5485 771 5520 :

246 5555 461 5619 Humano
480 5560 669 5616 generi
695 5558 860 5619 legem
885 5568 1050 5607 natura
1069 5563 1277 5610 creatrix

305 5618 435 5687 lianc
459 5621 632 5687 dedit,
662 5628 717 5667 ttt
741 5618 905 5687 titutttlt
932 5624 1146 5687 membra
1166 5628 1357 5685 sepulta
1384 5633 1568 5687 tegant.

246 5672 419 5747 Liberii
442 5672 656 5747 soboles
672 5682 913 5747 matrique
942 5685 1160 5747 patrique
1198 5672 1448 5747 sltperstes

302 5741 468 5807 'l'riste
494 5742 831 5789 ministerium
860 5750 1025 5807 tuente
1046 5745 1233 5807 dedere
1260 5741 1353 5807 pia.

247 5795 358 5851 lieic
380 5812 495 5852 sunt
525 5808 751 5851 membra
778 5804 991 5857 quidem.
1021 5805 1105 5852 sed
1132 5795 1299 5855 famam
1321 5821 1413 5857 non
1441 5817 1577 5858 tenet
1604 5822 1735 5858 otua.

1890 4656 2109 4707 tentiam
2153 4655 2286 4707 ferat
2316 4656 2611 4720 obnoxius,
2664 4669 2766 4708 ncc
2793 4655 3097 4711 delectetur
3138 4659 3462 4712 immanitate

2058 4789 2181 4838 Nam
2209 4789 2349 4840 durat
2372 4790 2524 4839 titulis
2548 4794 2709 4840 nescia
2727 4794 2851 4840 fama
2878 4807 3014 4842 mort.

1942 4851 2043 4899 Rex
2060 4855 2097 4899 it
2124 4851 2385 4899 llontttleos
2412 4855 2571 4899 last-es
2593 4857 2904 4903 currentibus
2925 4858 3079 4913 anuis,

1996 4915 2236 4962 SucceSsu
2262 4914 2396 4974 parili
2425 4912 2601 4961 Gallica
2623 4916 2729 4975 jura
2757 4926 2947 4965 tenens.

1934 4974 2035 5041 llos
2059 4988 2152 5041 non
2181 4975 2365 5041 imbelli
2392 4978 2551 5041 pretio
2570 4986 2813 5041 mercatus
2838 4980 3063 5041 honores,

2000 5038 2099 5083 Sed
2128 5040 2289 5088 pretio
2312 5039 2464 5098 majus
2494 5038 2671 5085 detulit
2693 5038 2811 5086 aluta
2839 5041 2975 5087 li'les.

1942 5099 2177 5145 Ausoniis
2196 5099 2385 5159 populis
2398 5100 2612 5159 gentiles
2636 5102 2728 5147 rite
2746 5103 2973 5151 cohortes

2012 5160 2294 5220 Disposuit,
2321 5162 2486 5208 sanxit
2508 5161 2716 5217 fo'dera,
2739 5166 2845 5221 jura
2875 5166 3028 5212 dedit.

1940 5220 2332 5283 Cunctismeute
2352 5231 2511 5283 pater,
2536 5230 2638 5271 toto
2660 5220 2957 5274 venerabilis
2980 5240 3085 5275 aevo

2009 5281 2109 5329 'l‘er
2131 5281 2273 5329 dt-nis
2295 5281 2457 5330 lustris
2481 5288 2730 5344 proximus
2755 5292 2995 5343 occubuit,

1941 5342 1981 5390 Ο
2012 5351 2242 5403 quantum
2265 5344 2396 5391 bene
2420 5342 2559 5403 gesta
2586 5346 2777 5395 valent!
2806 5362 2911 5395 cuttt
2937 5342 3152 5397 membra
3186 5348 3421 5396 recedunt
3444 5382 3460 5401 ς

2004 5402 2179 5453 Nescit
2205 5406 2325 5453 fama
2351 5402 2489 5464 mori,
2515 5406 2671 5455 lucida
2699 5411 2790 5456 vita
2817 5418 2999 5457 maut-t.

1879 5485 1989 5539 lluc
2020 5488 2353 5557 epitaphium
2388 5488 2617 5559 primttm
2671 5493 2720 5544 iu
2762 5495 2934 5547 lucem
2974 5491 3140 5545 edidit
3172 5490 3405 5545 l’itltmtts
3444 5511 3457 5542 ι

1882 5569 1997 5623 post
2034 5559 2181 5611 illum
2224 5560 2507 5623 Barottius,
2540 5562 2813 5626 exemplar
2856 5574 3096 5614 llttSll‘lIm
3133 5573 3364 5623 secutus,
3406 5564 3456 5615 itt

1877 5643 1982 5691 quo
2010 5638 2262 5691 superstes
2290 5646 2452 5683 versu
2488 5634 2644 5684 tertio
2668 5630 2895 5697 legitur:
2925 5631 3062 5697 qttud
3094 5633 3288 5685 tectius
3313 5638 3459 5686 vttle-

1880 5705 1982 5757 tttr,
2031 5698 2175 5763 quod
2216 5701 2527 5766 sepulcrum,
2569 5705 2705 5767 quod
2740 5710 2849 5750 erat
2904 5700 2954 5752 itt
2996 5700 3308 5757 l’lllttBﬂllf):
3337 5720 3458 5759 cum

1879 5766 2034 5818 unius
2070 5776 2275 5821 tantum
2309 5767 2506 5823 Liberii
2541 5772 2610 5823 sit
2639 5768 2987 5836 epitaphium.
