3998 6362
232 282 320 333 ιοι

1471 292 1951 347 ιπιιειειιιιιιιωι
1995 293 2119 346 LIB.
2163 295 2249 346 ιχ.

3389 302 3488 355 162

231 393 554 458 valcdixetit,
589 406 643 448 et
674 399 762 465 qui
804 399 958 452 vobis
991 400 1195 453 itineris
1225 403 1358 454 ordo
1391 405 1566 468 fuerit,
1617 406 1660 456 si
1697 408 1796 457 tnei
1829 411 1874 463 Α
1905 403 2035 457 Nam
2062 420 2273 471 semper
2299 406 2588 461 remedium
2617 408 2811 462 oblivio
2839 409 3042 463 doloris
3064 421 3172 472 est;
3199 413 3317 480 quia
3345 417 3488 482 quod

230 497 423 535 memor
449 498 624 548 esses,
658 501 999 554 agnoverant.
1026 489 1129 543 Sed
1160 491 1282 557 quid
1316 490 1472 556 facio,
1509 492 1596 560 qui
1629 495 1800 561 negli-

229 573 446 638 gentiam
470 588 728 640 vestram,
762 593 861 631 nec
880 580 1214 646 suggerendo
1246 579 1469 633 formam
1504 582 1801 636 affectionis

227 664 503 730 expugno?
539 665 682 734 Ergo
707 667 750 719 si
780 678 852 731 te,
881 668 1095 722 Christo
1141 670 1251 723 Deo
1299 683 1481 724 nostro
1510 674 1794 734 tribuente.

228 767 341 817 spes
373 755 622 822 nuptialis
665 757 944 825 amaverit,
981 760 1206 814 Ennodii
1241 764 1554 817 memoriam
1588 781 1690 817 non
1721 767 1798 818 fn-

227 844 366 909 gabis
397 862 409 895 :
439 845 654 913 quando
695 849 833 900 niilla
867 851 943 903 sic
986 852 1148 904 cessit
1199 856 1367 919 major
1417 857 1486 908 dil
1512 857 1713 923 gentia,
1746 867 1798 909 et

229 933 340 996 pius
361 947 510 989 amor
537 936 788 991 exclusus
815 951 918 1003 est,
951 949 1154 995 tantum
1182 957 1211 994 a
1245 955 1459 1010 pet-tore
1486 955 1596 1008 tuo,
1631 963 1797 1014 quan-

227 1034 327 1074 tum
355 1026 420 1075 ab
446 1027 620 1078 oculis
642 1029 1017 1082 submovebor.
1047 1032 1223 1086 Sanus
1239 1043 1374 1096 esto,
1407 1035 1548 1088 salva
1577 1037 1682 1088 vita
1701 1052 1794 1104 pa-

226 1116 313 1164 tris
336 1123 390 1167 et
416 1113 596 1169 fratris
627 1118 731 1182 tui,
765 1119 905 1172 Deus
942 1123 1090 1174 vobis
1133 1124 1430 1180 bent-faciat
1463 1145 1472 1178 :
1506 1143 1797 1194 :guoscant

223 1206 353 1270 quod
385 1219 564 1275 pascat
601 1211 1050 1281 andituquuale
1081 1217 1238 1270 vultis
1267 1219 1404 1270 circa
1433 1236 1515 1270 me
1547 1221 1797 1273 exhibete

225 1299 568 1364 propositum.
599 1300 770 1354 Unum
796 1315 845 1356 te
873 1320 1022 1372 rogo,
1053 1307 1254 1360 honore
1281 1312 1616 1363 salutatioiis
1645 1312 1747 1365 exh
1771 1343 1794 1352 -

223 1389 342 1446 bitu,
375 1400 428 1441 nt
456 1391 596 1455 apud
623 1392 852 1446 domuos
880 1398 1153 1464 apostolos
1176 1413 1271 1466 po
1301 1417 1384 1453 me
1414 1402 1646 1468 digneris
1676 1419 1795 1471 pre-

220 1491 303 1528 ces
331 1477 557 1542 offerre;
601 1491 659 1534 ut
701 1483 796 1549 ipsi
844 1486 1088 1539 miserias
1117 1503 1262 1540 meas
1295 1489 1679 1545 medicinaliter
1704 1509 1785 1546 cu-

221 1579 354 1629 rent,
385 1586 486 1623 nec
534 1573 803 1638 patiantur
845 1590 930 1628 me
982 1577 1266 1645 quidquam
1312 1581 1446 1633 velle
1497 1584 1636 1650 quod
1687 1601 1788 1636 non

216 1663 363 1714 decet
391 1681 403 1713 :
448 1668 706 1732 castigent
741 1683 967 1734 praesum
996 1672 1182 1725 tiones
1211 1676 1416 1726 .meutis
1442 1689 1489 1725 et
1524 1679 1789 1744 car-poris.

1907 495 2113 548 ratione
2143 511 2248 547 non
2297 509 2598 562 possumus.
2632 507 2930 566 temporum
2962 501 3265 569 prnlixitate
3293 505 3482 570 sepelio

1905 600 2039 636 mus.
2073 585 2112 637 Β
2132 601 2211 638 -ne
2249 599 2352 648 est,
2383 589 2505 656 quia
2535 589 2883 645 diuturnitate
2909 594 3142 646 senescit
3172 593 3410 657 afﬂictio,
3435 607 3488 649 ct

1903 677 2073 742 magni
2112 677 2312 728 doloris
2354 679 2654 732 consolatio
2685 695 2783 748 per
2827 686 3101 738 silentium
3149 695 3484 752 procuratur.

1900 764 2029 817 Nam
2073 769 2122 818 in
2172 766 2474 833 huiusmodi
2515 771 2737 838 negotiis
2796 774 2914 839 plus
2950 777 3122 842 agitur
3153 777 3224 830 nil
3256 777 3484 845 agendo.

1900 852 2002 906 Sed
2031 855 2154 922 quid
2203 857 2358 922 facio,
2390 862 2513 926 quia
2550 861 2790 928 epistolae
2820 863 2980 916 lectio
3011 865 3122 932 jam
3153 869 3380 920 obducta
3410 870 3486 921 ci-

1899 947 2117 999 catricis
2168 950 2457 1015 penetralia
2507 954 2778 1019 rescindit,
2823 967 2876 1008 et
2924 959 3184 1025 sepultam
3216 961 3484 1014 immaturi

1901 1033 2100 1087 funeris
2147 1039 2571 1093 recordationem
2619 1059 2796 1096 amara
2829 1057 2974 1100 sorte
3025 1049 3292 1103 vivificat?
3341 1051 3485 1118 Ergo

1899 1139 1997 1192 ego
2047 1131 2316 1181 communi
2365 1129 2512 1183 fratri
2570 1133 2990 1189 consolationem
3043 1137 3171 1191 dare
3221 1151 3480 1206 poteram,

1898 1230 2017 1268 cum
2048 1218 2091 1269 si
2123 1218 2247 1286 quid
2282 1221 2626 1278 humanitatis
2657 1224 2709 1277 iu
2741 1242 2825 1278 me
2854 1243 2974 1280 esse
2995 1229 3252 1294 creditur,
3283 1232 3359 1284 sic
3389 1233 3482 1285 do-

1900 1306 2111 1360 lerem?
2155 1319 2246 1362 aut
2292 1327 2522 1380 unquam
2572 1314 2706 1368 ﬂens
2732 1317 2930 1384 placuit
2976 1322 3316 1375 consolator?
3355 1338 3482 1392 ergo

1897 1407 2234 1464 exspectatur
2291 1403 2550 1456 medicina
2630 1405 2697 1459 de
2747 1408 3041 1461 morbidis?
3090 1409 3204 1464 Non
3252 1413 3318 1465 de
3373 1429 3478 1474 me.

1896 1486 2091 1540 domne
2124 1491 2310 1557 Agapi,
2343 1491 2477 1544 bene
2501 1493 2734 1562 judicas,
2766 1499 2808 1549 si
2832 1510 2883 1551 et
2913 1498 3214 1568 ingermani
3243 1502 3323 1555 tui
3349 1518 3480 1557 mae-

1900 1575 2131 1643 roribus,
2156 1581 2292 1631 etin
2341 1581 2487 1635 obitu
2535 1586 2828 1651 spiritualis
2879 1588 2992 1652 lilii,
3034 1604 3134 1657 ego
3169 1595 3318 1660 quasi
3367 1593 3481 1659 opi-

1900 1667 2041 1719 nioni
2076 1678 2186 1721 tua:
2225 1671 2524 1738 disputator
2545 1690 2790 1729 occurro.
2827 1677 2968 1730 Sana
2998 1693 3222 1746 .peetora
3255 1684 3352 1736 iter
3383 1697 3476 1736 cu-

213 1752 361 1814 Quod
390 1755 431 1806 ,ι
475 1754 654 1816 facias.
689 1758 850 1812 οηδο
889 1775 985 1827 pro
1014 1763 1312 1816 inuocem;ﬂ
1343 1775 1400 1818 ει
1433 1771 1665 1832 "mnam
1696 1782 1780 1821 ma
1819 1772 1864 1829 η
1896 1756 2113 1811 rationis
2147 1759 2462 1828 inveniunt,
2500 1768 2905 1820 nemoalterum
2940 1772 3078 1823 unde
3097 1772 3220 1840 ipse
3251 1773 3455 1826 laborat

213 1852 263 1891 te.
295 1845 480 1895 melius
511 1861 604 1912 pro
628 1862 732 1913 me,
763 1864 919 1915 quam
950 1852 992 1904 si
1020 1867 1194 1907 essem
1225 1869 1404 1908 coram
1441 1857 1661 1925 positus.
1698 1875 1789 1913 au-

213 1937 480 1989 diendum.

699 2031 1031 2089 EPISTULA
1091 2037 1128 2089 Χ
1140 2037 1178 2090 Χ
1191 2037 1298 2091 νη.

508 2136 773 2175 'Esxootos
814 2126 826 2154 ¹
875 2142 1168 2180 Attat-timo
1208 2145 1449 2184 εριςοιιιιο

281 2206 455 2260 Debeo
483 2212 728 2277 equidem
761 2214 928 2267 dolori
962 2232 1080 2268 meo
1110 2234 1316 2282 vocem,
1349 2221 1439 2275 sed
1474 2226 1787 2278 reverentiae

209 2297 640 2353 taciturnitatem.
681 2305 741 2354 iit
796 2302 928 2357 forte
978 2308 1164 2359 inelin~
1199 2325 1427 2363 mcerore
1454 2331 1481 2362 n
1524 2314 1589 2365 de
1615 2315 1784 2367 absti-

209 2386 382 2438 nentia
412 2392 676 2443 sermonis
695 2395 853 2446 ve-tri
881 2407 1190 2464 sequeretur
1222 2413 1360 2452 muta
1386 2402 1744 2458 dissimulatio
1770 2424 1781 2459 :

209 2476 464 2530 urbanum
489 2482 632 2533 enim
671 2493 723 2534 et
760 2485 952 2538 subtile
1005 2497 1120 2540 erat
1159 2498 1214 2541 ιιι
1242 2492 1443 2545 eis-dem
1482 2495 1635 2547 lineis“
1665 2498 1784 2566 qui-

211 2569 304 2620 bus
332 2569 505 2624 in-me
534 2573 862 2642 delinquitur
911 2578 1174 2645 potiorum
1217 2583 1408 2636 doliola
1462 2585 1782 2654 ferirentnr,

209 2670 262 2710 ιιι
284 2672 466 2714 secum
497 2662 722 2718 haberet
755 2667 906 2734 culpa
939 2669 1244 2725 vindictam.
1282 2673 1384 2728 Sed
1419 2692 1524 2743 quo
1555 2694 1639 2731 me
1669 2695 1757 2730 ver

208 2761 309 2802 tam
354 2752 446 2819 qui
480 2752 850 2811 immemorem
883 2763 1009 2824 mei,
1036 2773 1090 2814 et
1125 2765 1395 2818 humilium
1436 2768 1673 2820 notitiam
1704 2785 1788 2821 re-

207 2854 504 2905 spuentem,
542 2847 830 2911 pertinacia
881 2864 1077 2905 amoris
1128 2853 1334 2922 insequi
1395 2871 1497 2908 non
1546 2858 1786 2912 des'stol

210 2932 456 3000 Nunquid
502 2951 605 2988 non
646 2940 902 3002 repudiati
952 2945 1322 3011 importunitas
1356 2958 1526 3000 mater
1554 2951 1787 3006 horroris

208 3030 304 3083 est,
332 3037 452 3074 cum
488 3025 727 3091 placa-nili
760 3044 852 3095 per
878 3031 1238 3088 assiduitatem
1267 3037 1586 3091 desiderium
1621 3051 1786 3094 male.

1895 1848 2141 1904 absolvit.
2173 1851 2276 1906 Sed
2311 1855 2432 1908 hinc
2474 1857 2606 1910 alias
2636 1876 2646 1908 :
2689 1869 2876 1927 potens
2919 1873 3001 1914 est
3029 1864 3186 1928 fletis,
3216 1867 3304 1932 qui
3333 1870 3477 1920 solus

1892 1941 1956 1992 ad
1982 1942 2079 1994 ista
2113 1948 2252 1999 va'ct
2277 1961 2581 2012 occurrere,
2626 1959 2679 2002 et
2708 1953 3006 2006 communis
3039 1958 3162 2008 mali
3191 1958 3472 2010 suulenre

1893 2047 2215 2099 pressuram.
2254 2037 2358 2091 Vos
2391 2050 2564 2094 tamen
2615 2043 2920 2100 honorifica:
2946 2051 3090 2102 cultu
3142 2051 3477 2104 salutationis

1890 2123 2216 2192 impertiens.
2248 2143 2398 2198 rogo,
2425 2143 2479 2184 ut
2508 2135 2698 2186 c-rcbro
2729 2135 2856 2188 mihi
2884 2140 3181 2206 epistolaris
3204 2155 3470 2195 commer-

1891 2215 1956 2267 cii
1989 2233 2148 2269 mune
2179 2234 2205 2270 a
2235 2221 2516 2274 oonleratis
2550 2266 2564 2289 ,
2621 2224 2686 2276 ad
2735 2240 2854 2293 qtne
2895 2228 3067 2282 Studia
3113 2231 3314 2299 pigrum
3351 2247 3473 2284 esse

1891 2322 1986 2360 nec
2015 2321 2280 2364 amantem
2314 2314 2585 2378 convenit,
2616 2330 2712 2369 nec
2745 2315 3058 2372 facundum.

2393 2446 2726 2503 EPISTULA
2770 2451 2964 2506 XXIX.

2420 2553 2674 2593 ειικοιιιυε
2715 2557 2939 2595 ΙιΙΒῑΙΠΟ.

1961 2645 2014 2695 Si
2040 2657 2309 2711 poetarum
2338 2650 2557 2716 spiritus
2592 2652 2875 2720 disciplina
2921 2656 3178 2723 paginalis
3219 2658 3470 2712 admitte-

1893 2744 2002 2795 ret,
2059 2747 2282 2790 centeua
2328 2755 2442 2802 ora,
2485 2750 2539 2794 et
2586 2759 2684 2795 vox
2717 2743 2886 2798 ferrea
2928 2748 3014 2799 vix
3067 2748 3207 2812 quod
3253 2752 3469 2804 celsitu-

1889 2822 1994 2874 dini
2031 2835 2220 2878 vestra:
2264 2842 2292 2879 a
2327 2844 2410 2881 me
2453 2830 2678 2884 debetur
2707 2836 2987 2888 verborum
3027 2838 3267 2892 ubertate
3321 2857 3468 2894 resc-

1890 2927 2053 2968 raret.
2117 2917 2218 2969 Sed
2254 2921 2376 2986 quia
2411 2925 2613 2990 magnis
2638 2925 2897 2979 obnoxius
2929 2929 3012 2979 vix
3042 2929 3105 2980 ad
3138 2945 3297 2996 pauca
3325 2935 3468 2984 sulti-

1887 3010 1991 3069 cio,
2033 3011 2233 3077 providi
2294 3022 2415 3080 post
2465 3014 2555 3068 llei
2605 3016 3021 3070 misericordiam
3050 3030 3240 3072 vestra:
3287 3025 3469 3090 gratim

210 3112 333 3163 riam
355 3115 523 3182 exig't
564 3116 916 3184 displicenli?
947 3122 1076 3177 Nam
1121 3128 1374 3195 quidquid
1425 3143 1602 3185 mente
1650 3135 1778 3199 fugi-
1810 3126 1857 3185 (Σ
1891 3114 2254 3199 'f"’°"?°.’e'"'
2321 3102 2450 3199 Ni."
2504 3105 2668 3199 fini"
2696 3117 2875 3160 γρεατ
2925 3110 3154 3162 domnus
3215 3113 3470 3174 “usms'

210 3219 342 3267 tuus,
376 3205 640 3273 ingestum
677 3211 847 3264 Oculis
880 3214 962 3266 vix
998 3215 1258 3270 videmus.
1291 3218 1334 3271 Ο
1369 3221 1411 3272 si
1445 3221 1571 3274 mihi
1602 3224 1787 3277 liceret

209 3296 373 3349 adhuc
404 3301 593 3365 :equali
617 3315 735 3353 cum
769 3303 1094 3359 beatitudine
1123 3317 1209 3360 tua
1251 3324 1393 3362 sorte
1422 3316 1780 3370 tentendere!

210 3387 296 3437 sed
325 3387 598 3441 dormiunt
619 3392 759 3458 apud
791 3408 1041 3446 coronam
1068 3407 1211 3450 tuam
1247 3403 1654 3470 propinquitatis
1681 3406 1787 3472 pri-

212 3477 414 3544 viiegia,
437 3490 724 3548 postquam
756 3494 906 3550 pater
929 3501 1051 3540 esse
1081 3491 1344 3542 mer-nisti.
1387 3493 1599 3546 Retinet
1639 3499 1781 3563 quis-

211 3582 355 3631 quam
388 3568 660 3621 hominum
690 3575 864 3639 perire
887 3575 1127 3642 suisjnra
1171 3580 1582 3634 necessitudinis
1611 3583 1784 3636 incre-

213 3658 396 3709 mentis
431 3698 447 3721 ,
499 3671 551 3712 et
595 3665 904 3716 accessione
947 3669 1044 3726 pia:
1076 3667 1370 3734 dignitatis,
1415 3683 1468 3724 et
1493 3675 1703 3739 generis
1734 3688 1787 3729 et.

211 3747 491 3814 diligentiae
543 3751 710 3804 vincla
746 3754 1001 3808 dissolvi?
1036 3758 1185 3826 Ergo
1220 3761 1408 3813 dcent
1456 3766 1782 3820 evecnoncm

213 3839 378 3890 meriti
409 3842 570 3893 vestri
615 3843 844 3897 instabili
888 3847 1012 3899 mihi
1045 3864 1163 3902 esse
1191 3866 1405 3905 rumore
1426 3868 1776 3921 compertam,

213 3937 259 3978 ct
305 3928 368 3981 de
396 3934 768 3988 comnmnibus
797 3937 1005 4003 gaudiis
1050 3940 1222 3994 adlntc
1264 3944 1496 4010 pendere
1533 3949 1784 4014 opinione

219 4028 560 4080 cantantum?
590 4029 804 4085 Electus
834 4046 951 4086 sum
1007 4034 1090 4087 cui
1116 4037 1317 4091 bonum
1348 4043 1597 4107 generale
1644 4053 1782 4096 tarc-

213 4126 370 4177 retur,
416 4126 474 4168 ut
526 4134 637 4171 rem
681 4123 826 4174 aurei
884 4127 1064 4178 SarCnli
1116 4128 1262 4180 solus
1307 4146 1401 4198 pro
1442 4135 1781 4188 con-cientiae

214 4218 340 4257 mea:
381 4208 708 4263 obscuritate
752 4215 1045 4267 nescirem.
1098 4217 1303 4272 Nobilis
1340 4224 1440 4272 vita
1493 4232 1547 4274 ct
1587 4239 1781 4290 genere

213 4296 403 4358 apicem
449 4298 796 4358 ecclesiastici
847 4303 1064 4357 honoris
1106 4310 1375 4372 ascendit,
1434 4320 1485 4364 et
1526 4329 1608 4365 me
1634 4313 1781 4367 dedi-

214 4397 392 4448 gnatur
420 4388 674 4458 alloquio.
705 4391 838 4446 Vere
870 4396 971 4448 tale
1001 4396 1216 4460 factum,
1253 4410 1339 4452 aut
1363 4402 1540 4454 studio
1566 4415 1654 4456 aut
1687 4422 1776 4458 ne-

1891 3190 2014 3241 dum
2044 3192 2240 3244 debere
2271 3207 2328 3246 se
2371 3195 2686 3249 beneficium
2728 3199 2866 3264 quod
2898 3200 3022 3253 mihi
3055 3202 3242 3255 tribuis
3271 3204 3313 3257 is
3365 3206 3470 3258 elo.

1889 3287 2085 3350 qui.nr.
2138 3285 2204 3337 ab
2245 3285 2522 3338 imbecillis
2553 3289 2846 3343 cervicibus
2885 3295 3061 3358 gravis
3103 3295 3280 3348 oneris
3310 3299 3471 3350 sarri-

1892 3387 1986 3425 nas
2011 3375 2280 3427 atnolitur.
2320 3375 2454 3429 Sunt
2487 3379 2623 3431 inter
2643 3380 2775 3432 duos
2801 3384 3086 3447 praecelstis
3112 3385 3209 3438 ista
3237 3401 3472 3440 commu~

1890 3464 1972 3516 nia
2002 3484 2012 3516 :
2049 3481 2141 3518 vos
2164 3469 2310 3522 vobis
2339 3477 2391 3521 et
2413 3470 2539 3522 dare
2570 3471 2725 3538 digna
2762 3475 2949 3535 nostis.
2986 3485 3038 3528 et
3090 3475 3312 3531 reddere
3342 3497 3356 3542 ;
3389 3496 3472 3531 me

1887 3556 1985 3608 sub
2030 3554 2169 3610 fasce
2197 3561 2356 3611 vestri
2395 3563 2632 3613 moneris
2665 3565 3011 3616 constitutum
3045 3566 3158 3618 sola
3207 3579 3384 3621 manet
3407 3573 3472 3622 de

1886 3646 2224 3700 obnoxietate
2272 3650 2538 3703 confessio
2566 3691 2580 3713 ,
2632 3653 2756 3704 dum
2809 3667 3134 3721 prmvcutum
3167 3661 3351 3726 gratizc
3384 3678 3473 3714 ve-

1886 3747 2010 3789 strm
2037 3740 2173 3791 mole
2205 3742 2343 3807 qttod
2376 3744 2479 3794 voti
2503 3754 2802 3807 comp-item
2859 3748 2998 3806 l‘i-cit,
3046 3749 3145 3802 hoc
3185 3755 3463 3820 imparem.

1887 3827 2085 3880 Adsum
2111 3838 2288 3882 tanien
2316 3835 2551 3898 partibus
2569 3833 2720 3896 meis,
2746 3849 2798 3887 et
2822 3836 2958 3888 inter
2976 3839 3257 3902 orandum,
3284 3859 3467 3909 quam-

1889 3919 1967 3971 vis
1999 3931 2262 3986 peccator,
2288 3922 2472 3986 Deum,
2501 3932 2556 3975 ιιι
2584 3930 2679 3990 pt‘o
2708 3940 2790 3977 tne
2817 3941 3026 3994 quoque
3058 3929 3204 3980 vobis
3255 3933 3467 3995 reddat,

1889 4009 2132 4079 imploro.
2170 4013 2304 4066 Ecce
2329 4014 2433 4066 duo
2459 4016 2553 4068 ista
2572 4016 2841 4069 snflicinnt
2868 4037 2877 4069 :
2914 4034 3030 4071 nam
3053 4031 3103 4072 ct
3125 4022 3189 4074 de
3212 4025 3347 4076 caelo
3377 4041 3472 4092 pro

1887 4116 1969 4152 me
2007 4104 2326 4169 exspectatis
2370 4107 2508 4172 quod
2547 4121 2639 4156 vns
2677 4107 2981 4161 exhibuisse
3031 4115 3382 4167 meministis:
3418 4127 3472 4169 et.

1887 4200 1971 4242 est
2000 4193 2243 4258 qualis,
2268 4196 2355 4258 qui
2397 4209 2455 4247 se
2481 4196 2678 4249 debere
2707 4199 2931 4251 fateatur
2958 4199 3006 4251 in
3048 4204 3223 4255 terris.
3256 4205 3460 4272 Exspe-

1884 4291 1972 4334 cto
2000 4291 2174 4335 tamen
2224 4285 2463 4337 beneficii
2498 4288 2658 4339 vestri
2714 4289 2966 4342 celeriter
3015 4294 3466 4359 supplementum,

1885 4383 1936 4423 nt
1959 4372 2180 4434 litteras,
2213 4375 2397 4440 quales
2431 4378 2824 4441 pet-sublimem
2841 4381 3009 4432 virum
3039 4381 3466 4451 'l'ranquillinnm

214 4476 450 4546 ﬁgentia
479 4485 720 4536 evenerit
789 4501 891 4538 n0"
925 4489 1176 4555 probatur
1246 4493 1356 4560 Ego
1389 4503 1566 4546 “Imm
1615 4497 1782 4548 senm
1811 4483 1856 4540 υ
1884 4475 1997 4513 sum
2024 4473 2288 4530 precatus,
2313 4468 2591 4532 accipiam.
2621 4469 2710 4520 "is
2735 4479 2918 4524 tamen
2935 4474 3090 4526 aliam
3123 4479 3272 4529 vobis
3303 4481 3460 4533 misc-

727 4525 740 4548 ι
1184 4533 1194 4543 ο
2001 4553 2033 4560 ,,
2095 4555 2104 4560 ,
2226 4556 2234 4560 ,
2480 4555 2484 4559 .

727 4525 740 4548 ’
789 4525 891 4538 II\III
926 4525 974 4548 μι
989 4525 1164 4542 υυαιηι
1184 4533 1194 4543 ο

217 4565 278 4616 tia
330 4570 658 4624 salutationis
717 4575 988 4642 impendo,
1045 4589 1100 4631 et.
1156 4581 1328 4634 Italica
1397 4585 1777 4651 simplicitate.

215 4657 343 4710 unde
369 4663 632 4716 tr‘stitiam
665 4665 962 4732 habuerim,
1000 4670 1116 4723 sine
1156 4673 1583 4730 dissimulatione
1613 4681 1781 4731 maui-

214 4745 361 4801 ft‘Slf).

694 4826 1018 4881 EPISTULA
1066 4829 1295 4886 XXVIII.

734 4923 983 4960 l-LSNODIUS
1021 4926 1224 4963 AGAI'IO.

281 4986 483 5044 Duritcr
539 4995 769 5046 officium
823 5000 1098 5063 gestientis
1146 5003 1307 5052 anitni
1357 5003 1421 5053 ad
1472 5021 1674 5058 tncmor
1697 5022 1780 5060 aut

213 5085 254 5125 lr
281 5081 436 5131 Sllb'lll
499 5100 649 5136 mens
700 5088 1068 5143 recordatone
1125 5094 1442 5145 stmulanda
1499 5099 1781 5151 revocavit.

276 5213 287 5239 '
336 5214 604 5264 .«Iurcf'mm
646 5216 927 5288 episcopo.]
963 5219 1127 5282 Cujus
1173 5222 1464 5285 cathedrze,
1508 5225 1626 5278 libri
1679 5245 1782 5282 non

207 5279 452 5333 ittiiit'utll.
491 5285 632 5336 Cave
662 5279 825 5348 putes
851 5279 1240 5360 Arelatensem.
1277 5293 1403 5344 Nam
1437 5279 1524 5360 qui
1558 5297 1656 5348 hoc
1689 5314 1782 5350 tto-

205 5352 342 5432 tniue
363 5353 642 5432 episcopus
669 5355 764 5407 fttit
805 5359 1032 5432 Arelati.
1079 5359 1145 5411 51)
1174 5373 1230 5432 ιιι
1263 5352 1628 5418 minus-annis
1660 5382 1776 5432 post

204 5419 421 5473 Eunndu
464 5419 666 5475 ohtnm
700 5441 815 5476 eam
865 5429 1044 5481 sedem
1085 5431 1305 5483 sortitus
1353 5444 1451 5486 est.
1511 5435 1620 5489 lloc
1652 5419 1776 5491 iero

201 5501 434 5552 tempore
465 5494 795 5546 Arelatensis
834 5499 993 5548 antist
1029 5514 1053 5549 s
1084 5510 1197 5552 erat
1224 5501 1504 5554 CiBSilrlU“.
1537 5507 1652 5557 Non
1685 5511 1774 5557 ah-

201 5564 398 5612 nuvrim
454 5574 651 5620 tamen.
709 5579 899 5617 novum
956 5570 1091 5639 hnuc
1137 5571 1497 5639 cujuscunque
1543 5576 1772 5630 civitatis

197 5633 500 5695 episcopum
563 5635 906 5687 Aurelianum
981 5638 1122 5689 illum
1184 5642 1228 5690 vi
1253 5645 1344 5693 Icri
1401 5633 1766 5711 presbyterum

198 5706 288 5757 Ατε
309 5705 407 5756 late
432 5720 580 5767 iscm,
617 5709 680 5754 all
710 5720 866 5771 quem
902 5710 1166 5774 resrrqtsit
1195 5711 1348 5775 epist.
1379 5705 1695 5768 551ἱ¹ιξνιιμ

1885 4553 2034 4606 rendi
2059 4555 2192 4606 viam
2225 4556 2358 4610 bene
2373 4555 2579 4611 morum
2595 4570 2890 4614 vestrorum
2909 4567 3154 4619 conscius
3177 4570 3448 4623 exhibebo

1885 4643 2103 4696 Camilla
2138 4660 2335 4714 parens
2376 4665 2488 4701 mea
2518 4651 2652 4703 intra
2691 4652 2910 4719 Gallias,
2942 4664 2995 4708 et
3024 4657 3470 4716 viduitatismise-

1886 4734 1966 4788 ria
2016 4747 2072 4789 et
2118 4739 2341 4804 geminae
2386 4739 2495 4806 jam
2539 4743 2860 4808 captivitatis
2912 4749 3257 4803 succubuisse
3305 4754 3470 4806 fertur

1892 4827 2264 4903 incommodis.
2301 4829 2466 4883 Nemo
2505 4823 2596 4886 est
2655 4836 2741 4902 qui
2795 4846 2898 4890 tam
2933 4839 3250 4908 multiplices
3283 4859 3467 4898 ncces-

1878 4903 2075 4971 isitates
2102 4929 2294 4986 praeter
2325 4921 2698 4977 celsitudinem
2745 4937 2972 4980 vestram
3008 4931 3172 4995 possit
3199 4949 3466 5000 avertere,

1886 5013 2097 5078 generis
2129 5013 2228 5066 mei
2269 5025 2522 5082 patronus
2568 5018 2704 5085 quod
2736 5019 2784 5071 in
2836 5020 2980 5072 Italia
3043 5026 3230 5089 posilis
3267 5033 3465 5093 prarsti-

1891 5110 1983 5166 ttt,
2022 5118 2125 5154 non
2157 5117 2309 5172 neget
2335 5106 2382 5157 in
2416 5105 2510 5159 Gal
2538 5106 2583 5158 ia
2618 5148 2632 5172 ,
2667 5111 2752 5160 ut'
2776 5109 2842 5164 de
2868 5114 3134 5167 easelluiis
3167 5118 3354 5184 ipsius,
3379 5137 3465 5172 or-

1962 5235 1997 5309 Ἀ
2024 5233 2096 5286 De
2160 5235 2434 5307 casellulis]
2488 5237 2836 5294 Cassiodorus
2886 5245 2979 5298 lib.
3035 5263 3136 5309 vn,
3165 5248 3234 5302 45
3271 5266 3283 5302 :
3325 5250 3462 5302 For-

1893 5303 2030 5371 mufa
2054 5322 2155 5371 qua
2177 5323 2354 5360 census
2382 5303 2622 5385 releuetur
2651 5313 2694 5361 ci
2723 5315 2808 5372 qui
2850 5330 3004 5366 uuam
3041 5303 3208 5370 casam
3242 5323 3414 5385 possia'
3449 5332 3463 5370 t

1885 5386 2267 5442 pragruvatum.
2300 5378 2393 5430 Cui
2425 5379 2562 5430 enim
2591 5383 2800 5446 gravior
2828 5399 2980 5451 :eqno
3025 5401 3194 5439 canon
3242 5378 3462 5452 impOsi-

1884 5454 1966 5495 tus
1989 5455 2180 5509 crat,-a
2209 5457 2568 5512 perzequatore
2602 5453 2957 5504 minuebatur.
3025 5456 3075 5505 ld
3122 5459 3462 5513 retevationis

1881 5529 1972 5565 seu
2000 5518 2411 5580 peraequatiouis
2455 5519 2774 5573 beneficium
2808 5523 3101 5573 dieebatnr.
3136 5523 3338 5580 Glo-szc
3371 5547 3462 5580 tm-

1881 5591 2039 5642 sine,
2103 5584 2384 5640 ncit'Vﬂltls
2435 5605 2577 5656 ager,
2632 5592 3116 5656 ἀννκιπονφισμὲνῡς,
3171 5597 3460 5669 ἑῖαςρωέίἰς

1946 5661 1960 5669 .
2002 5653 2022 5669 .
2172 5660 2177 5667 .
2287 5659 2336 5669 λ.

1880 5661 1968 5705 τοῦ
1997 5653 2239 5723 anuceria)
2278 5653 2491 5727 βάρωςῖ
