3998 6362
572 321 672 375 165

1682 312 1949 365 ENNUDII
1991 311 2290 366 EPISCOPI
2333 308 2709 363 TICINENSIS
3709 308 3790 361 lti-l

567 438 843 490 dinatione
869 442 1063 493 vestra,
1095 429 1218 482 dum
1249 427 1315 478 ab
1336 425 1413 478 eis
1445 424 1557 477 fisci
1607 438 1770 477 onera
1804 425 2131 487 derivantur,
2170 432 2215 483 Α
2243 432 2509 475 exercuus
2535 421 2600 471 ad
2632 418 2974 486 triumphum.
3024 416 3156 483 Quis
3198 414 3382 467 credat
3438 412 3655 466 militent
3691 421 3791 484 ejus

565 528 630 581 ad
660 524 891 595 praefata:
915 521 1165 572 alimenta
1203 514 1488 568 Sufficiam.
1522 514 1744 567 Domine
1785 514 1853 565 tui
1875 555 1889 576 ,
1936 514 2136 567 saluta-

566 619 725 671 tionis
752 611 966 668 servitia
1010 606 1341 676 dependens,
1376 620 1507 674 rogo
1560 614 1618 657 ut
1646 604 1960 672 portitorem
2004 618 2137 669 pra:-

564 708 810 769 sentium,
848 701 1116 755 hominem
1157 713 1332 753 meum
1364 712 1520 765 quem
1552 696 1618 750 ad
1656 696 1769 749 haec
1798 694 2135 762 exsequenda

563 797 848 857 destinavi,
898 792 1006 845 Βιεο
1059 790 1212 843 vobis
1293 789 1606 854 inspirante,
1664 802 1840 841 meum
1888 785 2135 839 effectum

562 886 842 941 eminentia
883 893 1059 937 vestra
1104 881 1288 950 jubeat
1328 894 1657 933 commeare.
1694 876 1945 945 Nunquid
1977 874 2135 928 dubi-

564 991 676 1033 tare
696 979 762 1031 de
789 974 1230 1045 postulationibus
1255 972 1364 1025 suis
1392 986 1512 1024 eum
1542 970 1811 1030 convenit,
1834 968 1925 1034 qui
1957 981 2017 1021 se
2046 981 2139 1019 no-

559 1076 635 1128 vit
666 1083 719 1126 et
757 1071 842 1125 illi
874 1084 993 1135 quae
1018 1082 1123 1121 non
1144 1071 1481 1134 poposcerat,
1513 1059 1866 1129 impetrasse?

1084 1196 1408 1254 EPISTULA
1453 1193 1622 1250 xxx.
1658 1174 1665 1179 ’

1052 1316 1091 1381 (ί
1134 1324 1413 1366 svumcuo
1453 1306 1654 1377 rare.)

636 1454 830 1507 Natura
861 1464 1038 1503 rerum
1072 1454 1230 1500 estut
1267 1444 1425 1497 etiam
1455 1440 1677 1494 idoneus
1708 1453 1800 1491 ore
1822 1439 1903 1491 vel
1925 1446 2143 1505 peitore’

564 1546 730 1615 possit
758 1538 825 1597 de
858 1524 1270 1610 pra-sumptione
1304 1532 1508 1602 culpari
1532 1572 1549 1598 ,
1590 1533 1709 1598 quia
1736 1530 1912 1583 omnis
1951 1529 2138 1582 verbo-

562 1654 680 1690 rum
709 1632 1062 1687 commoditas
1095 1626 1407 1681 humilitatis
1440 1625 1699 1678 terminos
1726 1635 1939 1689 egressa
1969 1619 2137 1672 calca-

563 1741 647 1782 tur
676 1745 688 1779 :
716 1736 769 1780 et
794 1726 931 1779 sicut
962 1720 1200 1774 habenda
1247 1725 1370 1769 sunt
1408 1728 1527 1784 qua:
1554 1713 1836 1781 exiguntur
1865 1712 1915 1763 in
1942 1710 2135 1779 pretio,

562 1824 630 1876 ita
664 1823 864 1889 ingesta
889 1817 1169 1869 vilescunt.
1201 1807 1577 1877 [inportunitas
1594 1819 1713 1858 cum
1748 1802 1974 1856 facundo

561 1913 732 1966 nlonis
774 1907 1048 1962 nobilitate
1089 1900 1357 1970 dispoliet,
1398 1898 1663 1953 dedecore
1689 1897 1845 1949 vestit
1874 1894 2136 1949 indoctos.

562 2006 666 2059 Sed
693 2004 790 2055 hac
819 2014 903 2053 me
927 1995 1330 2052 ratiocinatione
1352 2000 1593 2045 suStento
1618 2031 1632 2052 ,
1669 1988 1791 2057 quia
1822 1996 1903 2041 est
1922 1985 2137 2054 quidem

561 2095 753 2155 audax,
787 2090 877 2144 sed
907 2088 1135 2141 amabile
1160 2084 1414 2153 praevium
1448 2080 1757 2149 pra-stitisse
1790 2089 2092 2130 sermonem
2122 2093 2134 2126 ι

563 2196 613 2238 et
641 2184 777 2236 sicut
819 2180 1052 2232 vicinum
1086 2174 1421 2236 temeritatis,
1454 2172 1526 2224 ita
1567 2174 1864 2237 proximum
1910 2166 2138 2233 diligen-

562 2276 648 2328 tia-
676 2274 740 2325 ad
763 2271 1039 2325 caritatem
1071 2265 1343 2336 pertinens
1369 2264 1487 2316 iter-
1509 2262 1737 2330 aperire.
1774 2259 1916 2312 Inter
1954 2257 2138 2310 Eccle—

563 2367 757 2420 siarmn
798 2360 1039 2415 homines
1079 2356 1313 2426 nunquid
1362 2365 1541 2409 reatus
1586 2360 1687 2415 est,
1718 2350 1763 2402 si
1816 2348 1926 2415 pari
1968 2349 2135 2400 amori

564 2452 934 2509 contenderim
976 2448 1219 2515 dispares
1256 2440 1547 2512 dignitate?
1582 2448 1674 2493 aut
1717 2436 1982 2491 excedunt
2026 2450 2140 2487 mo-

564 2547 666 2601 dici
694 2542 909 2596 honoris
936 2540 1253 2609 angustiam,
1279 2535 1366 2604 qui
1388 2532 1693 2587 desiderant
1728 2528 1984 2596 sull‘ragio
2012 2541 2137 2596 gra-

565 2642 649 2689 tia:
672 2632 1023 2688 summatibus
1048 2626 1385 2697 comparari?
1414 2624 1528 2678 Non
1570 2621 1730 2675 habet
1758 2617 1971 2688 superbi
2012 2630 2140 2671 con-

566 2724 864 2789 scientiam,
894 2721 984 2791 qui
1020 2735 1081 2774 se
1120 2729 1323 2772 tantum
1371 2716 1424 2768 in
1472 2711 1770 2767 aﬂ‘ertionis
1799 2708 1993 2764 muniis
2032 2724 2136 2761 non

566 2819 799 2873 metitur.
834 2817 1104 2869 l‘raasunto
1131 2810 1331 2873 dicere,
1364 2800 1700 2861 Subditorum
1731 2817 1883 2856 error
1908 2810 2008 2864 est,
2046 2798 2135 2867 qui

566 2912 615 2964 in
658 2912 754 2963 hac
801 2924 859 2962 re
889 2902 1278 2976 praecedentem
1327 2897 1618 2953 antevenit.
1669 2895 1808 2949 Ecce
1851 2892 1929 2947 sic
1960 2902 2138 2962 partes

566 3017 709 3055 meas
765 2997 913 3068 quasi
980 2995 1293 3048 voluntaria:
1341 2988 1675 3044 allocutionis
1723 2984 1953 3040 fuscatas
1998 2982 2137 3036 nube

567 3093 803 3161 purgavi.
876 3088 979 3142 Sed
1037 3086 1157 3140 dico
1196 3081 1338 3149 quod
1394 3081 1458 3132 ad
1516 3078 1878 3132 defensionem
1935 3083 2139 3143 spectat

570 3186 913 3240 uberrimam.
958 3179 1125 3233 Filius
1150 3189 1327 3229 veSIer
1352 3173 1576 3226 domnus

571 3295 597 3328 a
627 3291 710 3328 me
750 3275 801 3327 in
829 3285 982 3326 usum
1028 3268 1152 3337 styli
1197 3263 1477 3335 pnesentis
1519 3274 1833 3327 erumpere.
1852 3257 2044 3310 Fateor
2072 3268 2147 3309 ta-

573 3382 714 3428 men,
758 3363 811 3416 in
837 3361 1031 3414 studio.
1065 3371 1183 3410 meo
1210 3354 1372 3407 fuisse
1400 3350 1538 3419 quod
1565 3348 1724 3418 jussit
1755 3365 1768 3401 :
1793 3349 1913 3416 quia
1941 3346 2029 3415 qui
2054 3361 2149 3398 vo-

573 3460 765 3518 lentem
807 3448 1059 3518 coegerit,
1108 3460 1214 3498 non
1248 3442 1470 3495 laborat.
1507 3441 1615 3491 Dsn
1659 3452 1881 3493 οιιΑτιΑς
1913 3435 2149 3502 principe

575 3550 713 3610 loco,
754 3551 809 3597 et
832 3552 941 3595 tota
966 3537 1207 3608 epistolae
1240 3531 1542 3588 concinnati
1567 3546 1650 3583 ine
1681 3528 1998 3591 referamus,
2027 3527 2147 3594 quia

575 3638 626 3690 in
655 3637 961 3688 societatem
984 3628 1176 3697 capitis
1200 3625 1280 3680 sui
1322 3620 1606 3691 aliquando
1634 3620 1868 3673 Romana
1910 3616 2148 3670 membra

577 3729 850 3782 coierunta
896 3721 1097 3778 iustum
1136 3724 1248 3772 erat
1283 3723 1419 3769 utet
1454 3713 1638 3766 beatus
1666 3710 1855 3763 Petrus
1878 3706 2150 3775 apostolus

574 3819 685 3872 sedi
740 3831 848 3868 sua:
891 3810 1152 3866 Ecclesias
1197 3817 1250 3861 et
1306 3803 1513 3859 senatui
1553 3801 1787 3855 liberiori
1839 3815 1934 3870 per
1967 3798 2149 3851 Domi-

572 3928 698 3963 num
729 3918 905 3976 partes
937 3904 1141 3958 debitas
1171 3898 1505 3954 reformaret.
1540 3895 1740 3964 Dignus
1779 3902 2048 3975 regnator,
2078 3890 2153 3943 di-

574 4018 709 4067 gnus
740 4000 791 4052 in
825 4013 929 4065 quo
962 4011 1082 4048 cum
1126 4000 1283 4045 aetate
1308 4000 1551 4042 votorum
1596 4000 1804 4040 summa
1847 3964 2149 4052 conligi-rit.

576 4090 705 4143 Nam
736 4087 837 4140 etsi
872 4088 1007 4138 itura
1034 4082 1097 4135 ad
1124 4092 1363 4150 posteros
1386 4078 1613 4131 felicitas
1640 4089 1968 4144 perseveret,
1996 4076 2151 4126 litan-

576 4182 703 4230 dunt
761 4176 834 4227 illi
867 4181 949 4227 est
990 4170 1289 4225 laudatione
1329 4169 1594 4235 praecipua
1624 4180 1654 4218 a
1697 4166 1887 4233 quibus
1930 4165 2153 4231 sumpsit

577 4265 873 4321 exordium.
908 4263 1016 4315 Deo
1045 4252 1333 4315 efficaciter
1374 4258 1732 4326 supplicastis,
1776 4264 1835 4308 ut
1886 4254 2027 4307 illius
2060 4270 2153 4306 vos

582 4370 747 4411 virtus
780 4366 1015 4417 erui-ret,
1046 4349 1199 4419 cujus
1226 4357 1405 4420 potest
1435 4360 1648 4401 servare
1677 4344 1978 4401 clementia.
2012 4343 2153 4396 Didi-

583 4450 735 4501 cistis
790 4448 907 4515 ejus
960 4454 1184 4519 eventus
1231 4453 1536 4511 prosperos,
1590 4452 1745 4508 quem
1792 4436 1981 4490 videtis
2025 4435 2150 4486 dum

2241 512 2291 563 in
2325 511 2508 562 labore
2542 519 2593 561 ct
2646 506 2973 575 perfectione
3019 505 3219 559 habere
3258 503 3469 571 quidem
3518 509 3792 570 superantis

2238 600 2486 668 gloriam,
2516 598 2609 651 sed
2649 596 3032 651 continentiam
3076 593 3380 661 subjugati?
3424 592 3794 649 Constnntnatis

2239 687 2706 757 congressionibus
2733 686 2802 739 de
2823 688 2916 737 ira:
2939 683 3251 737 haereditate
3276 681 3351 734 nil
3384 690 3624 735 remanet
3652 699 3664 736 :
3704 698 3794 736 uno

2241 792 2501 848 tempore.
2527 791 2663 846 quos
2692 776 3022 846 perniciosos
3055 773 3347 826 adversarii
3379 772 3623 836 viderint,
3660 774 3793 827 blan-

2240 870 2332 925 dos
2367 870 2601 924 sentiunt
2632 868 2828 921 tributa
2878 865 3187 933 pendentes.
3220 863 3287 915 Et
3328 862 3442 916 ιιωο
3470 862 3678 930 quidem
3701 879 3795 917 cu:-

2243 961 2365 1015 lesti
2416 968 2787 1029 prmparantur
2831 972 2930 1027 pro
2988 956 3088 1009 hac
3155 954 3471 1025 repensione
3520 954 3793 1022 suﬂ‘ragio:

2240 1053 2361 1121 quia
2394 1052 2522 1105 fides
2551 1060 2731 1105 nostra
2778 1048 2918 1117 apud
2966 1064 3110 1112 eum,
3147 1047 3314 1116 (cum)
3346 1046 3487 1100 aliud
3516 1046 3627 1114 ipse
3653 1057 3796 1101 secte-

2243 1157 2348 1211 tur,
2383 1147 2433 1198 in
2478 1156 2631 1214 portu
2675 1154 2776 1199 est.
2821 1142 3076 1197 Mirabilis
3113 1142 3391 1212 patientia,
3419 1140 3630 1209 quando
3659 1149 3797 1192 tenax

2243 1237 2497 1304 μνονοείιί
2523 1236 2624 1299 sui,
2675 1234 2970 1290 claritatem
3004 1247 3107 1287 ιιοιι
3146 1231 3427 1285 obumbrat
3452 1229 3607 1283 alieni
3638 1246 3651 1282 ι
3681 1245 3788 1281 nam

2241 1336 2295 1378 et
2336 1324 2688 1379 Ecclesiarum
2745 1332 3045 1377 nostrarum
3092 1320 3409 1391 patrimonia
3458 1319 3647 1382 relabi,
3704 1319 3798 1370 ιιιθὶ

2240 1428 2394 1471 aucta
2440 1415 2654 1479 fuerint,
2688 1414 3003 1482 ingemiscit.
3034 1413 3122 1466 Sic
3152 1411 3346 1464 factum
3387 1420 3491 1472 εει,
3526 1416 3584 1460 ιιι
3623 1417 3675 1460 et
3700 1418 3799 1459 sta-

2240 1518 2353 1560 tum
2383 1521 2537 1560 suum
2582 1505 2875 1571 locupletes
2906 1516 3194 1571 pauperum
3225 1500 3535 1553 substantia:
3576 1507 3803 1555 teneant,

2242 1610 2296 1653 et
2326 1598 2621 1652 mediocres
2642 1596 2706 1649 ad
2737 1608 3041 1663 supremam
3070 1586 3404 1660 opuleutiam
3419 1589 3798 1643 convalescant.

2244 1691 2297 1743 In
2324 1688 2691 1743 sacerdotibus
2731 1688 2953 1741 virtutes
2994 1696 3051 1738 et
3082 1686 3289 1737 innatas
3314 1681 3464 1745 colit,
3495 1689 3550 1734 et
3592 1695 3691 1732 non
3721 1696 3799 1732 re-

1979 1817 2003 1856 s
2024 1800 2138 1868 ορί,
2169 1788 2216 1845 Β
2244 1791 2420 1849 pertas
2460 1779 2702 1847 inspirat.
2741 1777 2847 1831 Sed
2886 1792 2981 1829 cur
3009 1774 3391 1829 beatitudinem
3425 1782 3657 1825 vestram
3685 1785 3807 1838 ρης

2239 1872 2440 1939 judicio
2478 1870 2655 1924 dill'usi
2683 1868 2949 1922 sermonis
2996 1864 3326 1933 anticipem?
3353 1861 3619 1939 Continuo
3662 1875 3803 1927 espe-

2240 1963 2434 2016 rientia
2467 1970 2641 2014 vestra
2668 1969 2725 2012 et
2766 1957 3022 2028 spiritalis
3055 1956 3141 2009 illa
3174 1954 3433 2023 perfectio
3457 1936 3697 2019 jejunum
3731 1966 3807 2001 ine

2243 2056 2404 2107 fuisse
2434 2054 2485 2106 in
2532 2053 2625 2104 lilii
2665 2052 2826 2105 \estri
2869 2049 3117 2103 laudibus
3163 2046 3471 2101 accusabit:
3501 2052 3557 2097 et
3585 2058 3700 2096 cum
3724 2056 3800 2092 sn.

2250 2148 2396 2199 leant
2442 2143 2760 2212 ainplilicari
2806 2140 2941 2194 facta
2980 2139 3284 2206 colloquiis,
3321 2134 3553 2189 sterilem
3583 2148 3666 2187 me
3693 2132 3804 2185 rela-

2243 2249 2409 2291 torem
2436 2236 2503 2289 de
2529 2234 2778 2287 virtutum
2806 2232 2922 2300 ejus
2950 2246 3125 2285 messe
3166 2227 3487 2282 causabitur.
3511 2224 3628 2278 Jam
3656 2238 3806 2275 sa-cu-

2242 2335 2376 2382 lares
2397 2330 2599 2396 apices,
2643 2326 2859 2379 curules
2901 2332 2957 2377 et
2986 2326 3195 2375 trabeas
3221 2361 3234 2380 ,
3280 2318 3528 2386 patricias
3557 2337 3573 2367 ι
3592 2316 3713 2368 ti..m
3740 2314 3789 2365 di

2239 2423 2469 2490 gnitates
2511 2419 2734 2487 qualiter
2780 2426 2870 2468 aut
2919 2428 3125 2468 natura:
3183 2412 3370 2466 reddat
3405 2421 3498 2463 aut
3547 2407 3801 2467 moribus,

2240 2510 2514 2565 domestici
2551 2508 2829 2577 perlatoris
2869 2505 3247 2574 astipulatione
3289 2499 3550 2570 vulgetur.
3600 2497 3726 2551 Nam
3755 2504 3805 2548 et

2242 2610 2449 2655 veteres
2471 2600 2522 2652 in
2563 2599 2781 2666 antiqua
2807 2599 3021 2666 generis
3052 2596 3169 2648 luce
3215 2594 3407 2647 durare
3437 2590 3587 2656 facit,
3619 2597 3674 2642 et
3718 2600 3806 2639 no-

2246 2709 2337 2745 vos
2375 2691 2661 2759 Splendore
2716 2689 2974 2757 inopinati
3026 2686 3247 2755 fulgoris
3297 2684 3533 2737 irradiat.
3601 2679 3810 2735 Facilius

2241 2779 2539 2846 respublica
2566 2778 2685 2846 ejus
2725 2778 2862 2831 bono
2888 2772 3305 2844 dispensationis
3343 2774 3395 2825 in
3425 2771 3687 2839 privatam
3714 2768 3809 2819 nti-

2241 2881 2359 2942 grat
2382 2870 2728 2939 opulentiam,
2762 2882 2920 2937 quam
2963 2865 3309 2920 famulantum
3347 2877 3540 2918 census
3584 2864 3636 2915 in
3682 2860 3811 2928 ναιε-

2244 2966 2350 3019 tina
2377 2964 2521 3017 lucra
2566 2967 2941 3015 connuutetur.
2991 2956 3145 3012 Nunc
3186 2957 3327 3025 quod
3370 2962 3638 3023 superest,
3692 2965 3811 3004 mea:

2242 3055 2474 3110 servitiis
2500 3052 2835 3107 salutationis
2877 3051 3136 3119 acceptis,
3174 3049 3461 3115 proqiicite
3493 3053 3552 3098 ut
3582 3045 3817 3097 Christus

1619 3168 1934 3221 mwdanius
1966 3138 2144 3233 ξορείι
2166 3144 2214 3204 C
2247 3148 2567 3215 Redemptor
2590 3156 2772 3198 noster
2795 3159 2913 3212 qua:
2936 3143 2988 3196 itt
3011 3141 3232 3210 pra'fato
3252 3138 3677 3194 clementissimo
3699 3149 3815 3203 rege

2247 3237 2600 3292 servientibus
2628 3235 2728 3288 sibi
2760 3233 3004 3297 contulit,
3035 3234 3189 3300 longa
3225 3241 3379 3283 :etate
3398 3237 3701 3284 conservet.
3726 3224 3817 3278 Det

2248 3331 2406 3382 etiam
2445 3327 2591 3394 regni
2619 3324 2687 3379 de
2720 3324 2838 3391 ejus
2863 3337 3101 3392 gernnne
3142 3334 3540 3374 successorem:
3577 3334 3645 3372 ne
3674 3317 3802 3370 bona

2250 3420 2378 3474 tanti
2408 3420 2637 3470 Ιιυιιιιιι.8
2660 3416 2711 3469 in
2737 3430 2837 3468 una
2867 3422 3020 3466 aetate
3053 3419 3415 3478 veterescant,
3444 3418 3499 3462 et
3540 3408 3811 3475 antiquata

2248 3510 2577 3577 temporibus
2613 3523 2708 3576 pro
2751 3507 2865 3560 sola
2895 3504 3041 3559 aurei
3084 3502 3263 3559 stt-culi
3304 3499 3814 3556 commemoratione

2253 3600 2617 3653 nominentur.

2763 3685 3085 3741 EPISTULA
3131 3683 3323 3739 XXXI;

2796 3792 3052 3831 ENNUDIUS
3092 3788 3303 3828 AVIENO-

2327 3895 2457 3948 Dum
2484 3890 2730 3960 jucundis
2759 3889 2965 3950 adhuc.
3000 3890 3108 3942 Deo
3134 3887 3507 3954 dispensante,
3541 3885 3746 3936 fruezer
3765 3878 3825 3931 do

2257 3987 2556 4055 pra:senti:e
2581 3992 2773 4036 vestra:
2796 3981 3064 4033 vicinitate
3084 3980 3482 4046 conspectibus,
3511 3986 3567 4028 et
3588 3969 3824 4027 amabilia

2260 4074 2649 4141 tolloquiornm
2698 4072 2854 4126 mella
2906 4068 3197 4123 venerabili
3255 4065 3535 4120 mendacio
3577 4065 3828 4118 retineret

2256 4167 2503 4229 auditus,
2538 4164 2749 4216 occasio
2780 4160 2905 4213 mihi
2937 4160 3244 4227 scriptionis
3273 4158 3449 4210 oblata
3475 4166 3583 4209 est.
3618 4154 3829 4209 Fateor.

2258 4256 2347 4307 diu
2368 4254 2510 4306 nolui
2532 4252 2850 4305 medicinam
2869 4249 3147 4313 desiderii,
3163 4248 3289 4301 dum
3310 4248 3481 4299 altera
3497 4253 3830 4313 procuratur,

2260 4348 2580 4413 irrumpere.
2606 4342 2917 4396 llelectabat
2942 4341 3111 4395 series
3132 4340 3317 4391 animo
3339 4353 3461 4391 meo
3487 4338 3571 4405 pia
3599 4336 3831 4389 ludifica-

2261 4437 2408 4488 tioue
2433 4434 2665 4487 blandita
2688 4472 2705 4497 ,
2729 4432 2973 4485 nolebam
2997 4429 3242 4483 conscius
3263 4427 3676 4496 deprehendere
3724 4441 3835 4492 qua:

583 4540 1057 4594 mandatsecntam
1086 4510 1221 4587 bella
1258 4530 1556 4585 victoriam.
1586 4529 1778 4583 Parum
1802 4535 2071 4595 superest,
2104 4539 2159 4578 ut
2190 4499 2236 4556 D
2265 4527 2518 4594 pascebat
2548 4525 2600 4576 in
2633 4537 2815 4575 amore
2839 4522 3121 4574 fallaciam.
3150 4520 3297 4572 Bene
3316 4518 3459 4572 enim
3483 4520 3628 4584 sapit
3652 4513 3835 4570 studiis

584 4628 1046 4683 mansuetudinem
1079 4623 1270 4677 tuentis
1298 4624 1441 4675 illius
1471 4620 1542 4673 ita
1568 4619 1883 4688 profundam
1910 4627 2156 4683 teneats,

581 4720 731 4788 quasi
781 4727 849 4770 stt
905 4717 1083 4783 ignara
1136 4712 1526 4780 procinctuum.
1576 4710 1686 4763 Deo
1735 4707 2023 4772 tribuente,
2064 4722 2160 4759 nec

585 4824 682 4876 pax
711 4808 826 4874 ejus
852 4807 1053 4858 turbari
1082 4802 1258 4856 dubiis
1285 4811 1482 4871 potest,
1517 4815 1617 4853 nec
1648 4798 1903 4853 fortitudo
1924 4790 2160 4867 qualibet

582 4899 939 4967 objectatione
962 4894 1248 4963 confringi.
1290 4894 1429 4948 Nihil
1457 4886 1595 4961 apud
1638 4892 1785 4944 illum
1831 4890 1995 4943 tutius
2040 4904 2157 4957 snp-

587 4992 813 5057 plicantc
846 5008 857 5038 :
887 4988 1031 5040 solus
1062 4988 1228 5040 evasit
1262 4987 1535 5053 praeliates
1572 4998 1635 5035 ac
1657 4997 1739 5048 es,
1770 4980 1859 5050 qui
1905 4980 2109 5050 rogavit
2147 4996 2159 5031 :

587 5080 712 5131 \‘icit
762 5092 1028 5130 armorutn
1079 5077 1306 5142 impetus
1364 5074 1452 5143 qui
1494 5073 1687 5126 obtulit
1731 5071 1953 5125 devotus
2008 5069 2076 5123 ob
2108 5083 2164 5122 e-

586 5172 792 5237 quiunt.
820 5168 970 5233 Quod
1014 5167 1100 5218 vix
1141 5174 1348 5218 veteres
1398 5164 1662 5233 principes
1703 5162 2003 5235 prmsentia:
2048 5177 2159 5213 sua:

586 5262 782 5315 sudore
821 5270 913 5330 pot
937 5262 972 5311 ti
1001 5267 1144 5322 sunt,
1175 5261 1274 5310 hoc
1312 5270 1525 5325 semper
1568 5257 1711 5326 regis
1759 5254 1931 5309 nostri
1984 5254 2158 5306 brevis

590 5353 892 5422 procuravit
954 5349 1194 5417 epistola.
1258 5347 1357 5400 Per
1415 5360 1673 5400 excursus
1726 5344 1971 5415 dirigitur
2027 5344 2157 5396 felix

665 5517 679 5544 ι
723 5508 1024 5576 Symmacho
1053 5502 1216 5576 polite]
1257 5503 1488 5576 fl‘itulum
1524 5501 1837 5568 adjecimus,
1859 5498 2158 5576 .cujusvice

594 5578 647 5629 in
677 5567 901 5643 antiquis
956 5567 1351 5638 exemplaribus
1403 5567 1654 5637 scriptum
1704 5580 1819 5622 erat
1851 5567 1914 5619 In
1962 5568 2158 5643 μὴ’-ιδιά

593 5648 757 5712 signa.
805 5637 908 5700 Sed
952 5637 1286 5715 persp.cuum
1318 5656 1399 5695 est
1434 5644 1707 5705 epistolam
1752 5653 1871 5689 esse
1910 5637 1973 5693 ad
2007 5641 2161 5703 Synt-

597 5708 839 5767 ιιιῖιυιιιιιιι
874 5708 1088 5774 ninam,
1113 5724 1165 5766 et
1205 5714 1415 5774 quidem
1441 5729 1496 5765 sc
1524 5716 1685 5775 i‘ptatn
1732 5719 1850 5774 post
1876 5708 2164 5759 etstincta‘s

2264 4626 2465 4671 nostr.s
2493 4616 2749 4670 obsecuta
2791 4613 3064 4677 seductio,
3109 4620 3163 4665 et
3204 4626 3301 4681 pro
3332 4622 3460 4665 vero
3497 4610 3730 4664 libenter
3754 4605 3838 4659 ad-

2264 4706 2783 4774 mittimus‘dulcium
2810 4706 3062 4775 imagines
3081 4705 3385 4757 nuntiorum
3420 4719 3432 4752 :
3458 4711 3611 4770 grata
3638 4699 3839 4753 aermna

2264 4801 2470 4869 quoties
2523 4797 2770 4867 fugantur
2816 4797 3048 4865 vigiliis,
3103 4794 3501 4863 ingemiscimus
3547 4832 3563 4855 ,
3614 4802 3671 4844 et
3718 4789 3841 4842 illtnl

2273 4893 2461 4945 tnortis
2502 4891 2843 4944 simulacrum
2902 4888 2968 4941 de
3019 4887 3236 4955 placidis
3280 4883 3690 4953 deceptiombus
3732 4884 3843 4949 plus

2274 4992 2503 5036 amatur.
2551 4981 2692 5048 Ergo
2721 4992 2863 5032 nunc
2906 4977 3066 5038 mihi.
3100 4978 3218 5045 quia
3252 4977 3375 5027 illud
3405 4975 3543 5042 quod
3593 4973 3845 5041 pra-fatus

2271 5091 2386 5127 sum
2405 5084 2547 5129 stare
2572 5088 2675 5124 non
2700 5071 2865 5134 licuit,
2890 5068 3283 5137 exsequendum
3306 5078 3386 5120 est
3402 5068 3542 5135 quod
3562 5065 3841 5118 renuuisit.

2276 5166 2481 5230 Aliquis
2509 5162 2780 5214 ιιωιιίιιιιιιι
2817 5176 2911 5228 pro
2944 5160 3145 5227 peccati
3182 5159 3263 5211 sui
3304 5172 3467 5210 onere
3496 5156 3573 5209 sic
3607 5155 3847 5207 laborat?

2267 5254 2533 5325 al'lligercr
2580 5251 2679 5301 nisi
2726 5264 2820 5302 vos
2865 5249 3103 5301 viderem
3161 5263 3174 5298 :
3223 5247 3287 5299 ad
3333 5246 3508 5313 cupita
3555 5245 3849 5312 perductus

2268 5356 2534 5405 maceror,
2559 5342 2679 5408 quia
2711 5355 2829 5407 qua:
2856 5340 3226 5406 poscebamus,
3260 5338 3366 5391 Deo
3390 5336 3697 5398 tribUente,
3716 5348 3846 5387 con-

2266 5504 2568 5559 schismatis
2601 5502 2871 5570 reliquias,
2904 5501 3154 5555 membris
3181 5499 3447 5560 omnibus,
3476 5508 3529 5550 ut
3560 5496 3850 5549 Ennmlius

2268 5576 2381 5639 ipse
2424 5577 2674 5642 loquitur,
2713 5591 2761 5625 tn
2812 5572 3001 5641 Capitis
3045 5576 3123 5624 sui
3172 5573 3477 5623 societatem
3522 5572 3851 5633 'llieodertet

2268 5661 2404 5713 regis
2433 5641 2585 5713 quem
2617 5657 2799 5712 prople
2831 5660 2889 5696 ea
2916 5642 3113 5704 laudat,
3148 5656 3305 5709 Opera
3342 5641 3627 5691 revocatis.
