3998 6362
249 307 344 362 169

1167 303 1640 362 PANEGYRICUS
1667 303 2106 362 TllEODERlCU
2135 303 2294 360 REGI
2338 305 2601 363 DICTUS.

3429 307 3527 362 I70

258 422 321 475 ab
351 415 614 473 immanis
670 417 841 488 poscit
863 416 1089 488 ingeniis
1114 459 1128 484 ,
1169 421 1269 474 nisi
1304 431 1359 476 ut
1390 423 1705 494 intelligant,
1739 438 1847 494 quo
1875 427 1926 484 A
1957 438 2114 479 nemo
2140 424 2486 495 indignationi
2511 434 2615 479 tute
2637 425 2733 479 nisi
2751 403 3056 478 humilitate
3085 423 3388 480 subtractus
3413 435 3527 493 est;
3554 399 3557 406 Ι

261 513 434 569 veniat
487 521 716 566 auctore
762 511 901 580 quod
950 512 1184 583 sapiunt.
1236 513 1378 569 Inter
1426 515 1532 571 Deo
1572 518 1848 586 proximos

259 604 540 676 agnovisse
571 604 661 673 qui
704 604 990 674 praestitit,
1041 605 1338 662 reddidisse
1365 619 1447 663 est
1477 607 1792 665 beneﬁcium
1832 627 1847 663 :

257 696 392 769 quod
422 695 713 752 descendit
741 711 772 750 a
800 695 1031 765 superis,
1060 697 1173 751 sola
1203 697 1521 770 hymnorum
1547 700 1672 756 licet
1709 715 1850 757 mer-

255 793 381 850 cede
437 790 662 845 taxari:
711 789 1001 846 fabricator
1045 792 1230 847 mundi
1263 793 1330 848 ad
1381 795 1589 864 potiora
1625 811 1851 852 munera

254 883 542 940 modulatis
587 882 846 937 invitatur
874 882 1124 953 eloquiis.
1171 883 1374 951 Dicite,
1422 887 1466 941 si
1499 902 1602 942 non
1635 889 1842 958 praemii

255 976 370 1032 loco
415 975 602 1045 opifici
627 990 727 1030 suo
758 974 937 1045 lingua
970 973 1260 1030 blanditur.
1287 976 1554 1048 Jungitur,
1584 981 1724 1048 quod
1778 981 1847 1036 de

256 1067 494 1124 sacrario
544 1067 733 1122 mundi
777 1068 1009 1137 pectoris
1054 1067 1288 1122 laudatio
1333 1070 1496 1126 debet
1542 1071 1853 1140 principalis

256 1159 474 1216 effluere
510 1176 524 1213 :
559 1175 662 1214 nec
703 1159 876 1214 solum
909 1159 1102 1229 lingua:
1155 1162 1382 1216 nitorem
1430 1165 1666 1233 postulat
1705 1178 1854 1218 com-

255 1252 576 1309 memoratio
599 1253 834 1307 numinis
859 1253 954 1320 tui,
983 1252 1123 1309 bono
1144 1255 1439 1311 asserenda
1482 1258 1852 1314 conscientim.

253 1347 308 1404 In
336 1347 538 1403 divinis
570 1346 846 1418 obsequiis
878 1346 1067 1403 feriato
1109 1365 1203 1404 ore
1238 1351 1444 1420 peragit
1475 1366 1629 1407 mens
1657 1366 1854 1408 serena

253 1442 584 1498 sacrificium
632 1460 645 1495 :
681 1450 899 1495 actuum
941 1442 1180 1496 munitus
1211 1443 1456 1500 claritate
1480 1490 1494 1513 ,
1527 1445 1579 1499 in
1630 1446 1857 1500 aetherio

254 1537 398 1591 cultu
429 1536 596 1590 etiam
642 1543 824 1589 mutus
861 1532 1195 1603 obsequitur.
1257 1536 1401 1606 Ergo
1445 1547 1615 1594 etme
1671 1539 1856 1593 titulus

255 1629 346 1700 qui
372 1630 599 1683 obstare
625 1628 931 1697 putabatur,
966 1627 1155 1682 invitat
1180 1644 1194 1693 ;
1229 1630 1436 1683 utinam
1461 1630 1710 1685 mundior
1737 1645 1857 1699 pro-

257 1721 432 1777 fessio
461 1720 660 1775 habeat
687 1719 1031 1775 concordiam
1060 1735 1182 1776 cum
1206 1722 1451 1788 secretis,
1483 1737 1553 1778 ne
1577 1722 1858 1778 dissentiat

275 1817 550 1888 Splendor
569 1818 739 1873 cordis
765 1832 795 1872 a
819 1832 1066 1888 corpore.

339 1909 506 1964 Salve
548 1923 723 1976 nunc,
777 1925 963 1980 regum
1021 1911 1289 1980 maxime,
1338 1912 1389 1966 in
1422 1911 1575 1982 cujus
1621 1912 1858 1968 dominio

260 2013 512 2070 saporem
535 2017 690 2055 suum
723 2002 1065 2072 ingenuitatis
1094 2006 1244 2075 vigor
1269 2007 1501 2077 agnovit.
1531 2007 1717 2076 Salve,
1749 2017 1861 2062 sta-

268 2100 349 2146 tus
379 2090 700 2161 reipublicae
732 2111 745 2145 :
787 2109 909 2148 nam
937 2093 1089 2149 nefas
1112 2105 1217 2162 est,
1242 2097 1532 2165 separatim
1562 2113 1591 2152 a
1623 2109 1671 2152 te
1701 2099 1860 2154 simul

264 2183 459 2238 collata
493 2199 751 2252 narrare,
800 2196 852 2240 et
883 2187 1041 2241 unius
1091 2187 1228 2242 bona
1272 2191 1530 2259 temporis
1571 2194 1860 2246 verborum

263 2277 529 2332 divisione
577 2278 912 2334 discernere.
943 2279 1004 2334 Si
1040 2279 1178 2335 bella
1216 2282 1359 2351 regis
1401 2285 1506 2338 mei
1544 2300 1822 2339 numerem
1845 2327 1861 2352 ,

268 2375 345 2422 tot
383 2368 639 2438 invenio,
676 2381 805 2440 quot
838 2371 1135 2440 triumphos
1167 2376 1515 2443 :congressui
1548 2384 1638 2430 tuo
1687 2376 1865 2431 nullus

273 2457 534 2527 hostium,
577 2462 679 2516 nisi
708 2463 796 2532 qui
827 2463 1072 2520 laudibus
1103 2466 1412 2535 adderetur,
1433 2471 1703 2525 occurrit:
1729 2470 1865 2525 mili-

273 2553 402 2606 tavit
426 2555 672 2623 tropazis,
707 2555 798 2623 qui
829 2556 1027 2611 restitit
1049 2558 1313 2613 voluntati
1347 2577 1362 2614 :
1388 2575 1510 2614 nam
1533 2576 1746 2630 semper
1775 2571 1868 2617 aut

273 2643 456 2712 pietati
491 2654 602 2700 tuae
633 2647 842 2716 peperit
870 2649 1142 2719 subjectus
1183 2652 1409 2720 gloriam
1437 2693 1452 2718 ,
1483 2662 1575 2706 aut
1615 2654 1706 2724 qui
1731 2669 1866 2724 prae-

270 2738 504 2806 sumpsit
526 2739 654 2804 tela,
678 2739 888 2795 virtuti.
906 2741 1007 2808 Qui
1031 2752 1082 2796 te
1107 2743 1159 2797 in
1177 2747 1292 2800 acie
1313 2747 1613 2815 conspexit,
1648 2761 1868 2815 supera-

270 2834 358 2883 tus
385 2839 496 2895 est;
522 2831 612 2900 qui
640 2833 692 2886 in
721 2846 871 2903 pace,
903 2833 978 2887 nil
1006 2835 1184 2889 timuit
1217 2853 1230 2888 ε
1265 2853 1364 2892 nec
1406 2839 1693 2907 promissio
1714 2854 1870 2895 vene-

272 2921 460 2978 rabilis
518 2924 841 2980 claudicavit
887 2925 1029 2982 inter
1064 2943 1351 2999 prospera;
1402 2946 1501 2986 nec
1551 2947 1740 3000 passus
1786 2939 1871 2987 est

272 3029 482 3071 moram
518 3020 669 3088 vigor
713 3018 1030 3088 in'prteliis.
1082 3021 1244 3078 Callis
1278 3032 1402 3094 tuus
1437 3025 1608 3079 multo
1642 3025 1871 3081 vallatus

271 3107 584 3171 obstaculo,
613 3117 665 3164 et
688 3110 1026 3180 quotidianas
1051 3113 1306 3168 victorias
1329 3113 1483 3180 vidit,
1505 3125 1556 3170 et
1578 3115 1868 3181 profectio-

273 3201 361 3256 nis
400 3199 726 3257 detrimenta
754 3218 859 3258 non
887 3205 1072 3259 attulit
1103 3222 1118 3258 :
1145 3208 1222 3261 sic
1244 3206 1582 3262 inimicorum
1612 3209 1869 3264 interclu-

270 3303 373 3345 sus
421 3296 753 3362 agminibus,
790 3307 850 3351 ut
879 3306 1102 3368 negaret
1127 3314 1403 3354 accessum
1439 3318 1450 3352 :
1484 3300 1562 3355 sic
1594 3311 1684 3355 tuo
1727 3312 1875 3371 pate-

275 3377 460 3432 factus
489 3385 714 3449 impulsu
735 3429 750 3453 ,
781 3389 935 3458 quasi
974 3390 1206 3445 hostium
1241 3390 1575 3459 providentia
1609 3394 1682 3449 nil
1712 3409 1875 3449 noce-

271 3479 386 3524 ret.
419 3469 544 3526 Hzec
568 3473 614 3526 si
641 3474 883 3532 fellcitati
917 3490 1020 3536 tuae
1051 3483 1370 3538 ascribenda
1396 3495 1560 3553 sunt,
1588 3495 1671 3540 est
1715 3487 1875 3556 plena

268 3559 378 3616 dos
421 3562 679 3634 principis
728 3582 741 3617 :
790 3567 940 3621 omni
986 3568 1191 3625 honore
1237 3575 1536 3642 angustior,
1587 3577 1632 3630 si
1679 3576 1872 3631 labori.

267 3651 464 3710 Prima
515 3656 720 3713 dextris
759 3660 1032 3716 ominibus
1070 3673 1256 3718 contra
1295 3675 1541 3722 naturam
1580 3670 1873 3725 certamina

268 3749 606 3818 suscipiens,
636 3767 703 3807 ne
725 3754 1017 3811 resistendi
1047 3771 1172 3826 spes
1193 3758 1591 3830 relinqueretur
1620 3763 1872 3831 inimicis,

266 3842 457 3896 varias
498 3841 593 3896 tibi
621 3843 739 3898 loco
767 3846 1011 3918 principe
1035 3851 1159 3906 cmli
1190 3852 1352 3923 leges,
1393 3865 1653 3909 terrarum
1700 3856 1878 3911 muni-

267 3934 461 4002 mina,
513 3935 796 3992 ﬂuminum
831 3940 848 3968 ¹
877 3944 1130 4009 superbia
1174 3947 1477 4002 subdidisti.
1536 3949 1788 4014 Mentior,
1829 3949 1875 4004 si

265 4039 524 4095 unquam
555 4028 830 4099 dispositis
856 4035 932 4086 tui
953 4033 1395 4104 impedimentum
1424 4037 1668 4092 exhibuit
1690 4038 1872 4107 ardor,

266 4126 368 4170 aut
399 4116 576 4189 frigus
605 4139 619 4175 :
650 4123 696 4176 si
727 4131 938 4180 tumore
977 4125 1268 4197 gurgitum,
1313 4128 1358 4182 si
1389 4129 1605 4186 bibendi
1639 4131 1877 4186 necessi-

265 4219 388 4265 tate
417 4214 747 4270 constrictus
776 4233 835 4272 es
881 4231 895 4274 :
928 4220 975 4274 si
1005 4219 1218 4290 Alpium
1242 4220 1390 4290 juga,
1418 4222 1439 4252 ¹
1471 4225 1737 4277 connexis
1766 4221 1876 4291 poli

269 4305 615 4363 sublimitate
641 4309 863 4378 sociata,
891 4312 1138 4369 cursibus
1161 4314 1267 4368 tuis
1290 4314 1519 4369 attulere
1549 4313 1874 4369 tarditatem.

261 4396 604 4454 Ne‘scierunt
631 4403 912 4470 resistere,
944 4420 1079 4473 quos
1103 4405 1329 4460 devictis
1359 4405 1599 4461 locorum
1623 4405 1877 4461 munitio-

259 4491 445 4544 nibus
487 4491 744 4548 invenisti
795 4497 963 4565 :quia
1007 4513 1228 4554 securos
1279 4498 1480 4554 faciunt
1536 4499 1831 4570 interrupta
1857 4541 1871 4565 ,

1954 531 2072 571 cum
2128 516 2180 570 in
2212 516 2478 570 sociorum
2515 515 2828 586 profecisset
2857 531 3111 586 numero,
3165 517 3254 586 qui
3304 520 3534 587 rogavit.

1951 608 2067 664 Non
2100 608 2194 663 tibi
2235 610 2442 678 ignotus
2483 620 2564 664 est
2602 609 2748 677 algor
2795 609 3030 680 Scythiae
3073 626 3085 663 :
3134 625 3239 664 non
3273 609 3489 665 Meroen
3515 654 3530 675 ,

1953 711 2047 758 aut
2075 701 2325 756 anhelum
2353 701 2574 756 testibus
2602 701 2892 769 Cancrum,
2925 711 2982 756 ut
3008 702 3229 758 alterius
3259 717 3540 772 possessor

1955 793 2136 858 orbis,
2166 793 2427 862 ignoras:
2475 792 2709 848 didicisti
2757 797 3007 848 universa
3055 794 3370 865 subigendo,
3420 808 3544 866 quae

1961 886 2116 940 nobis
2143 885 2227 938 vix
2252 884 2434 940 auditu
2464 894 2766 955 patuerunt.
2800 884 2925 939 Hac
2951 885 3166 954 quidem
3192 886 3394 956 majora
3421 895 3546 939 sunt

1959 978 2221 1033 homine:
2256 979 2349 1033 sed
2403 978 2492 1048 qui
2541 978 2607 1033 ad
2653 977 2840 1032 mundi
2886 987 3100 1047 paratur
3147 979 3546 1048 gubernacula,

1964 1085 2187 1126 necesse
2214 1081 2298 1126 est
2326 1080 2385 1125 ut
2413 1073 2677 1126 universis
2708 1073 2889 1126 veniat
2921 1071 3228 1125 cardinibus
3252 1072 3547 1127 institutus.

1968 1157 2138 1214 Nimis
2165 1161 2424 1216 velociter
2456 1171 2664 1229 tempus
2714 1171 2934 1215 matura:
2985 1159 3156 1215 laudis
3197 1161 3396 1230 arripui
3430 1179 3444 1216 :
3494 1171 3551 1216 et

1959 1255 2111 1324 quasi
2141 1269 2246 1308 non
2280 1255 2334 1308 in
2361 1255 2669 1325 primordiis
2693 1254 2888 1310 fluvius
2927 1255 3089 1310 etiam
3119 1254 3372 1309 torrentis
3402 1253 3552 1308 fatis-

1958 1357 2045 1404 cat
2074 1349 2287 1419 ingenii,
2305 1349 2380 1404 sic
2405 1365 2500 1420 per
2527 1349 2852 1404 narrationis
2877 1348 3071 1405 famem
3098 1348 3274 1418 fruges
3299 1347 3553 1416 perfecta:

1958 1441 2132 1495 aetatis
2162 1441 2351 1496 invasi.
2404 1442 2729 1496 Laurearum
2757 1441 2974 1496 ordines
3004 1441 3220 1508 quaerit,
3253 1439 3344 1510 qui
3372 1448 3424 1495 et
3463 1454 3553 1493 ce-

1961 1533 2174 1590 leritate
2223 1549 2405 1590 carum
2443 1544 2729 1605 superatur
2778 1545 2832 1591 et
2886 1551 3132 1590 numero.
3175 1533 3343 1589 Citius
3381 1549 3409 1586 a
3467 1542 3555 1593 te.

1960 1628 2308 1683 invictissime
2335 1673 2349 1695 ,
2396 1629 2620 1698 insignia
2657 1645 2776 1700 qua:
2809 1632 3104 1686 reteximus
3135 1629 3351 1698 impleta
3397 1636 3551 1690 sunt,

1963 1733 2120 1788 quam
2154 1721 2418 1775 dicantur.
2459 1721 2591 1789 Quis
2624 1721 2764 1776 ferat
2804 1722 2858 1776 in
2888 1731 3160 1790 gestorum
3193 1733 3410 1774 suorum
3439 1720 3554 1772 elo-

1899 1815 1949 1878 B
1974 1815 2189 1870 cutione
2218 1823 2486 1885 torporem
2507 1859 2521 1882 ,
2553 1830 2708 1885 quem
2738 1816 2788 1867 in
2821 1814 3031 1869 actione
3056 1827 3161 1866 non
3190 1810 3450 1880 pertulit?

2048 1913 2066 1944 ³
2100 1909 2359 1964 Educavit
2381 1916 2434 1963 te
2459 1909 2512 1962 in
2535 1907 2740 1978 gremio
2766 1905 3039 1961 civilitatis
3062 1904 3291 1968 Graecia,
3318 1915 3556 1972 praesaga

1964 2003 2179 2062 venturi
2211 2017 2226 2055 :
2258 2015 2416 2070 quem
2449 1999 2519 2053 ita
2550 1999 2852 2068 ingressum
2883 1998 3005 2051 vitae
3031 1997 3191 2050 limen
3218 1994 3474 2056 erudivit,
3503 2001 3556 2044 ttt

1965 2102 2092 2158 dum
2131 2099 2304 2153 adhuc
2332 2095 2399 2151 de
2427 2109 2592 2164 puero
2623 2095 2844 2148 haberet
2870 2092 3195 2147 hilaritatem
3218 2133 3230 2154 ,
3269 2105 3393 2146 mox
3439 2103 3561 2143 eam

1966 2201 2286 2263 sequeretur
2321 2188 2583 2245 securitas
2627 2187 2695 2243 de
2727 2197 2924 2241 tutore.
2960 2185 3147 2240 Adhuc
3172 2184 3224 2238 in
3255 2197 3388 2237 cano
3429 2181 3562 2236 flore

1966 2287 2197 2358 degehas
2227 2283 2635 2346 adolescentiae,
2669 2295 2766 2334 nec
2799 2280 3052 2333 virtutum
3098 2290 3327 2330 messem
3358 2273 3564 2328 lacteus

1968 2392 2095 2439 ante
2125 2381 2554 2451 experimentum
2585 2376 2798 2430 culmus
2827 2375 3084 2429 attulerat
3119 2389 3130 2422 :
3162 2371 3340 2425 adhuc
3369 2367 3586 2421 blanda'

1970 2486 2088 2533 erat
2129 2477 2305 2546 imago
2337 2471 2708 2543 pubescentis,
2744 2485 2841 2524 nec
2863 2469 3087 2536 cingens
3134 2465 3324 2518 faciem
3369 2462 3566 2532 lanugo

1972 2571 2206 2627 vestibat
2240 2588 2250 2621 :
2288 2565 2504 2635 quando
2533 2565 2630 2620 aevi
2658 2578 2893 2634 purpura
2938 2570 2990 2616 et
3023 2557 3276 2614 ﬂosculus
3305 2568 3568 2625 superve-

1971 2662 2173 2719 nientis
2218 2659 2426 2730 imperii
2459 2657 2811 2727 promittebat
2842 2652 3089 2708 sollicitis
3119 2651 3187 2706 de
3209 2650 3392 2721 gratia:
3419 2661 3568 2703 conr-

1976 2753 2273 2809 mutatione
2305 2761 2594 2816 terrorem,
2625 2763 2745 2802 cum
2779 2747 2830 2799 in
2864 2745 3233 2814 probationem
3275 2742 3485 2797 roboris
3515 2746 3572 2797 et

1975 2846 2274 2902 clementia:
2307 2856 2409 2898 tuae
2433 2843 2606 2912 ruptis
2634 2840 2856 2894 vinculis
2888 2839 3036 2891 furor
3063 2836 3282 2891 emicuit
3311 2854 3322 2888 :
3358 2844 3414 2890 et
3433 2834 3570 2889 evis-

1975 2948 2183 2995 ceratas
2237 2938 2485 2991 diuturna
2541 2933 2720 3003 quiete
2770 2941 2976 2985 mentes
3025 2929 3324 2985 occasionis
3373 2927 3572 2996 pabulo

1974 3031 2298 3102 subjttgavit.
2327 3031 2349 3061 ‘
2375 3029 2534 3084 Pulsa
2557 3037 2638 3082 est
2668 3026 2939 3094 extemplo
2973 3023 3282 3093 principalis
3307 3023 3439 3077 urbe
3481 3035 3572 3076 re-

1918 3168 1920 3170 τ
1977 3125 2252 3188 verentia,
2301 3131 2356 3177 et
2402 3123 2455 3175 in
2487 3135 2708 3176 vacuam
2755 3117 3155 3190 possessionem
3189 3116 3337 3170 nullo
3373 3116 3573 3170 ascitus

1900 3196 1948 3262 (ἶ
1979 3215 2239 3287 sanguine
2268 3223 2530 3284 tyrannus
2559 3213 2787 3268 accessit
2819 3230 2829 3264 :
2859 3210 2947 3280 qui
2978 3208 3098 3262 aula
3131 3210 3352 3276 potitus,
3384 3199 3574 3260 d'efini~

1982 3310 2080 3375 vit,
2110 3321 2389 3377 postquam
2423 3315 2569 3360 metu
2603 3305 2788 3359 hostes
2819 3317 2946 3358 suos
2997 3300 3389 3363 debellaverat,
3444 3298 3576 3355 nihil

1983 3415 2267 3471 superesse
2297 3398 2440 3468 quod
2471 3405 2684 3468 gereret
2735 3413 2749 3450 :
2783 3409 2905 3449 cum
2933 3393 3142 3446 animos
3177 3400 3295 3446 tuos
3322 3393 3438 3444 sine
3474 3403 3574 3443 an-

1982 3509 2172 3548 norum
2223 3490 2476 3558 sull'ragio
2519 3487 2732 3556 impulit
2775 3486 2860 3539 lux
2903 3493 3143 3548 naturae,
3186 3497 3253 3536 ne
3294 3489 3384 3534 aut
3413 3493 3575 3534 causa

1985 3583 2178 3638 melior
2209 3592 2261 3636 te
2290 3594 2472 3636 coram
2507 3578 2679 3646 posito
2707 3576 3008 3644 subjaceret
3041 3593 3052 3626 :
3096 3583 3188 3628 aut
3219 3588 3324 3626 non
3374 3571 3574 3626 beneﬁ-

1981 3677 2121 3732 cium
2171 3673 2509 3730 necessitatis
2539 3682 2782 3736 tempore
2819 3667 3107 3732 redderes,
3140 3665 3281 3734 quod
3313 3665 3457 3732 pacis
3486 3678 3576 3718 ac-

1981 3785 2222 3840 ceperas.
2253 3769 2308 3824 In
2357 3768 2484 3838 ipsis
2507 3765 2904 3836 congressionis
2928 3773 3031 3817 ture
3064 3761 3266 3816 foribus
3293 3761 3456 3814 cessit
3494 3761 3574 3812 in-

1981 3880 2168 3932 vasor,
2217 3878 2335 3917 cum
2371 3860 2594 3930 profugo
2649 3872 2743 3928 per
2782 3866 2830 3910 te
2856 3864 3065 3923 sceptra
3111 3852 3466 3908 redderentur
3498 3851 3567 3904 de

1981 3957 2153 4012 salute
2174 3955 2462 4009 dubitanti.
2483 3951 2818 4006 Ventiletnus
2849 3947 3100 4002 historias
3118 3987 3131 4011 ,
3172 3945 3574 4011 interrogentur

1983 4043 2201 4099 annales
2230 4060 2241 4094 :
2289 4043 2429 4112 apud
2458 4055 2590 4111 quos
2620 4038 2894 4103 constitit,
2929 4035 3168 4092 refusum
3200 4032 3374 4088 exsuli
3406 4047 3568 4101 quem

1981 4150 2175 4192 cruore
2197 4149 2294 4190 suo
2318 4149 2409 4189 rex
2433 4132 2643 4201 genitus
2664 4136 2891 4194 emerat,
2910 4126 3301 4196 principatum?
3318 4125 3573 4178 Castren—

1982 4228 2058 4283 sis
2093 4227 2261 4296 gloria
2291 4236 2586 4279 turmarum
2616 4221 3025 4292 participatione
3056 4216 3378 4286 dispergitur
3409 4233 3420 4267 :
3472 4231 3573 4270 nec

1982 4319 2049 4373 ad
2077 4331 2240 4370 unum
2282 4314 2470 4369 referri
2498 4321 2673 4382 potest
2703 4309 2844 4380 quod
2877 4308 3084 4363 venerit
3109 4307 3394 4360 collatione
3435 4305 3574 4358 ntul-

1985 4417 2182 4463 torum.
2215 4404 2512 4474 Singularis
2551 4402 2677 4456 boni
2708 4402 2910 4454 fructus
2936 4407 3018 4453 est
3046 4395 3352 4452 ambitionis
3397 4396 3571 4451 refre—

1983 4501 2129 4554 natio
2187 4517 2200 4552 :
2253 4498 2343 4552 illo
2393 4496 2626 4550 maxime
2679 4503 2953 4561 tempore,
3013 4503 3118 4558 quo
3148 4489 3264 4544 sine
3300 4489 3573 4558 opinionis

255 4597 411 4651 Quos
451 4594 766 4654 protegunt;
797 4599 851 4644 et
877 4591 1067 4645 laxatis
1107 4592 1161 4646 in
1192 4591 1304 4646 otio
1334 4591 1526 4646 animis
1551 4593 1754 4654 vivunt,
1784 4592 1873 4661 qui
1899 4574 1956 4637 Β
1979 4592 2178 4648 damno
2211 4590 2383 4659 possis
2413 4587 2670 4658 acquisita
2703 4583 2955 4639 retinere.
2994 4581 3097 4635 Par
3127 4588 3211 4647 te,
3243 4581 3439 4651 inclyte
3471 4579 3571 4633 do—

257 4673 484 4726 tutiora
517 4678 880 4742 posScderint.
905 4681 1179 4737 Adversus
1217 4692 1268 4738 te
1307 4698 1406 4738 nec
1433 4683 1752 4752 campeStris
1780 4681 1874 4738 ha-

251 4762 475 4819 bitatio
503 4779 661 4834 pares
697 4766 946 4834 protulit;
977 4786 1076 4824 nec
1107 4790 1240 4841 quos
1270 4776 1516 4844 amplexa
1547 4783 1670 4830 sunt
1699 4776 1874 4842 ittvia,

252 4860 371 4913 nisi
405 4859 749 4914 exstiterunt
778 4861 1048 4931 supplices
1067 4903 1081 4927 ,
1112 4880 1143 4919 a
1169 4864 1570 4936 depraedatione
1597 4868 1873 4923 subduxit.

246 4951 316 5007 In
375 4953 739 5021 possessione
784 4960 870 5007 tua
924 4956 1132 5024 positus
1157 4959 1275 5013 sine
1323 4959 1611 5014 formidine
1663 4958 1878 5014 divitias

244 5044 543 5100 indicavit
582 5063 596 5098 :
647 5059 748 5100 nec
776 5045 1034 5102 rebellem
1059 5047 1233 5119 juvit,
1265 5051 1311 5107 si
1355 5067 1556 5122 pauper
1597 5052 1826 5108 innotuit
1858 5069 1871 5104 :

323 5162 345 5191 ⁸
393 5158 688 5214 Editiones
714 5159 928 5230 aliqua),
956 5165 1196 5230 superba.

321 5232 348 5262 ³
394 5229 689 5284 Editiones
711 5229 924 5298 aliquae,
959 5229 1189 5290 convexi.

324 5300 350 5330 ³
387 5299 736 5376 Εάιιςαυὶιᾼιβ
760 5301 982 5375 Graecia]
1005 5306 1510 5376 Constantinopolis.
1538 5307 1707 5364 Obses
1735 5308 1877 5364 enim

239 5384 280 5452 ί
305 5376 496 5452 patrie
521 5371 687 5446 Leoni
710 5371 1147 5452 Augusto:datus,
1176 5394 1298 5452 cum
1329 5371 1525 5452 annum
1557 5381 1730 5435 aetatis
1755 5395 1878 5448 sep-

239 5444 402 5520 tim_u
413 5451 479 5489 ιη
508 5444 597 5490 vix
619 5444 929 5520 excederet,
957 5446 1012 5501 in
1033 5449 1150 5520 ejus
1171 5451 1289 5503 aula
1320 5450 1576 5506 educatus
1599 5460 1702 5515 est,
1731 5444 1880 5520 prin-

237 5510 564 5591 cipisque,
600 5516 658 5561 ut
684 5509 988 5591 Jornandes
1019 5509 1206 5574 eodem
1240 5521 1379 5576 libro
1409 5521 1614 5587 scribit,
1653 5509 1880 5591 gratiam

235 5584 488 5664 meruit
517 5594 541 5664 :7
561 5594 590 5631 a
621 5594 728 5664 quo
757 5590 876 5651 post
911 5584 1097 5639 decem
1128 5591 1342 5639 tandem
1381 5606 1552 5641 annos
1572 5584 1639 5645 ad
1656 5584 1878 5654 'patretn

233 5660 551 5709 remissus
572 5660 675 5703 CSI.

319 5724 349 5754 ⁸
393 5719 585 5797 Pulsa
611 5731 685 5797 est
708 5723 1007 5797 principalis
1037 5725 1178 5797 urbe]
1207 5726 1357 5782 Zeno
1377 5729 1651 5796 Augustus
1674 5726 1883 5782 Verintn

232 5807 481 5856 socrus
514 5791 698 5848 fraude
732 5791 1178 5862 circumventus,’
1213 5791 1679 5868 Constantinopoli
1701 5799 1886 5855 relicta

746 5893 1017 5956 Pnaon.
1049 5891 1271 5956 LXIII.

1980 4686 2158 4747 mine,
2207 4683 2322 4737 laus
2349 4680 2568 4749 respicit
2596 4677 2780 4732 donati
2805 4673 3124 4730 diadematis
3165 4683 3218 4727 et
3245 4671 3472 4725 defensi.
3509 4669 3571 4724 Si

1981 4788 2032 4834 te
2058 4777 2274 4832 illarum
2299 4782 2478 4828 rector
2503 4770 2734 4842 partium
2759 4783 2864 4824 non
2887 4765 3107 4832 amavit,
3134 4763 3413 4834 perculsus
3436 4775 3575 4831 pra:-

1981 4872 2081 4926 fuit
2118 4868 2432 4939 reipublicae
2467 4883 2481 4919 :
2531 4864 2575 4918 si
2602 4862 2820 4926 dilexit,
2871 4857 3141 4914 obnoxius
3186 4872 3201 4909 :
3235 4868 3364 4910 usus
3401 4867 3462 4910 es
3519 4853 3576 4909 in

1990 4976 2201 5020 tuorum
2236 4961 2342 5016 fide
2374 4959 2688 5013 meritorum
2720 4963 2854 5010 teste
2888 4957 3200 5020 purpurato.

2049 5055 2166 5108 Jam
2192 5063 2318 5106 tunc
2347 5054 2398 5104 in
2427 5050 2515 5117 jus
2557 5057 2704 5101 tuum
2733 5059 2792 5100 se
2819 5043 3012 5114 palatia
3036 5043 3149 5111 ipsa
3174 5040 3520 5096 contulerant
3555 5080 3565 5091 .

1981 5170 2035 5223 in
2057 5167 2312 5221 lsauriam
2341 5159 2592 5230 profugit.
2619 5157 2795 5230 vacua
2817 5156 2936 5230 aula
2965 5153 3164 5210 biennii
3193 5152 3364 5230 ferme
3392 5150 3573 5218 spatio

1985 5222 2184 5306 potitus
2207 5243 2291 5306 est
2304 5222 2623 5306 Basiliscus,
2658 5227 2874 5282 Zenone
2918 5228 3036 5294 ipso
3067 5241 3102 5306 ll
3129 5222 3573 5306 consule,_gann‘o

1984 5296 2181 5365 Chrisﬁ
2209 5305 2332 5358 475.
2381 5303 2481 5357 Hic
2537 5301 2697 5368 igitur
2741 5307 2826 5352 est
2864 5313 3020 5366 quem
3070 5303 3350 5368 tyrannum
3392 5296 3569 5368 vocat.

1985 5358 2257 5436 ﬁost-litec
2288 5373 2434 5430 Zeno
2462 5358 2690 5427 collécto
2718 5358 3007 5439 exercitu,
3031 5358 3254 5439 cedente
3285 5358 3567 5439 Basilisco,

1988 5430 2270 5518 imperium
2298 5445 2516 5518 recepit.
2554 5441 2612 5518 In
2633 5456 2802 5518 eaque
2825 5430 3166 5518 expeditione
3188 5430 3567 5518 Zeno‘ni‘annxi-

2185 5495 2416 5586 oportet
2425 5495 2837 5586 'rl‘ilteodericum,
2862 5495 3073 5586 quando
3096 5495 3569 5586 i’nttjﬁl‘aflf_§i_l_?'l}j

1988 5566 2405 5646 deni—restituti
2437 5566 2686 5653 Zenonis
2726 5566 2905 5634 trib'ui't
2934 5569 3205 5653 Ennodius
3241 5566 3401 5653 :ﬂetts‘i
3427 5566 3569 5653 nulla
3621 5595 3628 5604 ι

1993 5637 2110 5727 Eii};
2137 5637 2247 5727 hac
2260 5637 2508 5727 ii—riwpartie‘
2523 5637 2766 5727 mentio,_
2781 5662 2952 5727 neque
2980 5646 3036 5724 in_
3053 5639 3317 5727 excerpas
3344 5637 3569 5727 Candid

1990 5709 2127 5796 apud
2149 5709 2420 5789 Photittm,
2438 5736 2612 5793 neque
2631 5709 2770 5788 apud
2790 5709 2925 5770 alios
2949 5714 3041 5783 qui
3062 5711 3131 5768 de
3153 5709 3390 5768 Zenonis
3405 5709 3568 5766 rebus

1992 5799 2342 5867 scripserunt.
