3998 6362
451 384 549 441 171

1613 373 1888 432 ENNODII
1926 372 2225 434 EPISCOPI
2264 371 2638 434 TICINENSIS

3629 381 3730 443 I71

356 474 363 479 H
448 514 612 558 nemo
639 501 889 571 credidit,
924 513 1031 557 non
1057 506 1107 555 te
1127 509 1285 569 posse
1306 495 1373 551 ad
1398 508 1555 567 quem
1582 495 1844 551 voluisses
1868 504 2039 551 lrans—
2068 499 2126 561 Α
2149 496 2430 567 agnovisse
2450 496 2789 553 resistentem
2818 507 2835 552 :
2862 507 2982 568 quae
3004 494 3231 569 prolixis
3256 497 3591 571 temporibus
3614 504 3729 559 solo

449 593 615 663 ferre,
654 596 795 665 quod
819 592 1149 651 reddideras.
1187 589 1296 649 Sed
1317 603 1509 661 parcus
1535 590 1585 643 in
1610 587 1883 658 exigendis
1902 603 2041 658 prac-

451 685 611 752 miis,
660 685 812 756 quasi
868 682 1178 739 sufficerent
1229 680 1295 737 ad
1339 679 1761 737 vicissitudinem
1804 693 2036 750 ,operum

450 786 667 831 tuorum
691 818 707 843 ,
758 778 777 808 ¹
811 775 988 832 fasces
1012 775 1265 847 accepisti
1304 794 1316 827 :
1351 790 1459 831 non
1485 790 1591 844 quo
1622 774 1717 828 tibi
1758 772 2043 831 accederet

448 872 637 941 genius
667 869 733 925 de
764 869 966 938 curuli,
998 869 1092 926 sed
1124 877 1182 925 ut
1206 869 1273 925 de
1297 878 1347 924 te
1378 867 1609 936 pretium
1640 867 1875 938 palmata
1925 880 2041 923 me-

446 974 679 1023 reretur.
708 966 839 1035 Quis
868 965 1009 1023 hanc
1028 965 1340 1023 civilitatem
1367 964 1553 1023 credat
1573 964 1713 1020 inter
1744 962 2039 1019 familiares

446 1061 545 1118 tibi
574 1062 755 1120 vivere
776 1063 937 1134 plena
968 1061 1314 1119 exsecutione
1344 1059 1588 1117 virtutis?
1617 1060 1712 1115 llle
1741 1074 1910 1114 annus
1944 1055 2039 1112 ha-

445 1155 563 1211 buit
584 1157 885 1222 consulem,
901 1155 992 1229 qui
1008 1155 1389 1228 rempublicam
1409 1170 1513 1212 non
1534 1162 1638 1211 tam
1655 1149 2039 1215 sollicitudine,

446 1263 609 1319 quam
638 1250 890 1321 Opinione
917 1258 1154 1308 tueretur
1190 1268 1203 1304 :
1233 1252 1253 1281 ²
1282 1264 1392 1323 quo
1424 1249 1478 1305 in
1499 1247 1795 1321 segmentis
1829 1242 2034 1316 posito,

444 1357 569 1413 quae
591 1342 658 1400 ab
687 1342 929 1405 hostibus
964 1352 1174 1415 sumpta
1205 1342 1423 1401 fuerunt
1450 1358 1633 1410 arma,
1678 1346 2034 1397 tremuerunt.

2144 589 2282 646 bella
2300 592 2691 649 consummavit
2707 607 2957 649 excursu.
2989 592 3095 649 Hos
3109 608 3218 650 non
3237 603 3507 654 montanae
3524 606 3720 669 strues,

2146 696 2253 739 non
2301 682 2585 741 ﬂuminum
2626 686 2877 757 obiectio,
2908 703 3014 744 non
3041 688 3221 771 negati
3249 701 3458 761 egestas
3490 694 3727 750 alimenti

2142 775 2198 831 in
2249 787 2422 834 artum
2466 780 2801 837 necessitatis
2832 781 2948 853 lege
2984 783 3286 850 continuit;
3327 784 3455 841 dum
3500 787 3729 855 credunt

2141 870 2274 929 satis
2304 886 2423 929 esse
2455 872 2522 929 ad
2549 873 2766 930 delicias
2794 874 2977 946 equini
3006 876 3222 947 pecoris
3257 877 3340 934 lac
3362 888 3569 949 potare.
3600 882 3729 950 Quis

2139 959 2277 1018 ferat
2328 963 2734 1034 adversarium,
2784 967 2874 1037 qui
2904 969 3139 1038 pernicis
3186 970 3416 1045 iumenti
3466 973 3729 1035 beneficio

2139 1055 2307 1110 currit
2332 1065 2386 1112 et
2429 1057 2695 1128 pascitur?
2721 1058 2861 1128 Quid
2890 1060 3035 1131 quod
3062 1072 3117 1121 et
3147 1062 3255 1121 illis
3291 1065 3611 1135 animalibus
3648 1071 3728 1131 in-

2140 1145 2328 1204 dicunt
2357 1151 2613 1207 studiosae
2658 1150 2815 1209 famis
2836 1152 3179 1225 patientiam,
3220 1171 3317 1228 per
3339 1174 3459 1228 qua
3499 1161 3732 1231 esuriem

2138 1238 2312 1296 vitare
2337 1239 2678 1300 didicerunt?
2706 1245 3162 1314 quemadmodum
3192 1249 3275 1318 lit,
3302 1257 3363 1306 ut
3384 1249 3584 1321 jejuna:
3611 1268 3730 1313 cor-

2138 1328 2350 1403 nipedis
2377 1348 2555 1391 sessor
2585 1335 2881 1394 visceribus
2908 1338 3057 1396 cibos
3084 1322 3357 1409 extrahat,
3389 1358 3525 1415 quos
3548 1345 3641 1403 illa
3666 1361 3735 1415 ne.

446 1434 674 1503 Quando
715 1436 837 1493 talis
872 1436 1098 1507 contigit
1137 1446 1283 1497 sorte
1307 1435 1532 1505 lictoris,
1567 1433 1776 1505 qualem
1802 1430 1949 1487 dedit
1969 1430 2037 1488 ab
2074 1448 2117 1477 ει
2139 1426 2425 1497 conderet,
2475 1429 2751 1502 diligentia
2781 1432 3085 1489 instruente
3116 1436 3424 1506 prospexit?
3469 1436 3563 1499 His
3604 1447 3731 1503 ante

443 1525 564 1597 ipsa
586 1527 773 1584 mundi
798 1528 1018 1586 infantia
1042 1544 1227 1601 regum
1248 1528 1551 1587 examinata
1575 1524 1873 1588 claritudo?
1899 1522 2037 1582 Nolo

441 1632 543 1690 per
571 1635 728 1678 casus
756 1636 940 1679 errare
959 1622 1326 1681 dominatuum
1358 1641 1369 1677 :
1397 1622 1453 1679 in
1478 1631 1568 1678 tuo
1602 1627 1884 1677 stemmate
1908 1632 2034 1689 pro-

441 1713 556 1771 bati
572 1723 717 1785 sunt,
737 1718 827 1788 qui
852 1717 1069 1795 reperti.
1085 1716 1373 1779 Serranum
1395 1714 1722 1788 scipionibus
1741 1721 1915 1769 aratra
1937 1727 2030 1781 pe-

438 1816 703 1878 pererunt
733 1827 745 1863 :
775 1810 867 1881 qui
907 1809 1034 1865 dum
1061 1809 1281 1889 grandia
1313 1807 1475 1866 sulcis
1516 1806 1718 1863 semina
1756 1819 2033 1863 commen-

2138 1518 2371 1577 mundus
2402 1522 2619 1591 pervius
2666 1537 2790 1580 esse
2833 1523 3201 1582 credebatur:
3247 1542 3390 1599 nunc
3438 1527 3583 1591 illam
3628 1528 3730 1589 sibi

2139 1622 2345 1671 tantum
2384 1614 2532 1689 orbis
2579 1627 2791 1688 partem
2843 1620 3190 1677 interclusam
3218 1623 3526 1687 aestimant,
3568 1638 3729 1693 quam

2137 1709 2326 1767 tueris.
2350 1708 2562 1767 Cursim
2584 1712 2750 1768 multa
2768 1711 3119 1780 transcendo;
3151 1729 3220 1777 ne
3241 1715 3492 1787 pigrioris
3514 1716 3535 1748 ⁵
3556 1717 3727 1774 stellae

2136 1802 2268 1857 vitio
2298 1818 2454 1860 serus
2477 1802 2738 1861 advenias
2772 1822 2784 1858 :
2839 1819 2908 1861 ne
2934 1804 3193 1862 Romanae
3224 1806 3313 1861 fax
3338 1807 3509 1873 curia:
3539 1810 3631 1865 diu
3675 1810 3727 1867 in

441 1899 618 1968 daret,
669 1900 937 1960 honorum
986 1903 1035 1959 ei
1076 1888 1283 1959 messis
1312 1902 1497 1957 oborta
1550 1908 1653 1958 est.
1699 1898 1806 1956 Sed
1854 1898 2034 1956 minus
2062 1888 2114 1959 B
2142 1894 2389 1953 umbram
2427 1904 2612 1952 coacta
2647 1897 2854 1953 tardius
2880 1896 3170 1954 elucescat.
3199 1897 3344 1954 Inter
3384 1900 3508 1957 vita:
3548 1901 3725 1958 tiroci-

440 1992 608 2064 diligo
634 2010 892 2065 prospera
913 2036 929 2063 ,
957 2010 1076 2068 quae
1114 2004 1333 2051 sumunt
1358 2010 1387 2050 a
1424 1993 1800 2065 desperatione
1832 1990 2032 2063 princi-

437 2086 586 2154 pium
615 2104 626 2137 :
658 2087 743 2142 vix
765 2102 966 2158 paucos
995 2088 1219 2160 contigit
1242 2087 1570 2158 degenerare
1598 2085 1873 2153 nobiliter,
1906 2099 2030 2141 cum

436 2176 663 2235 familiae
694 2187 797 2235 tua:
816 2180 1019 2236 debeas
1046 2189 1199 2237 actus
1222 2179 1433 2251 generis
1457 2178 1713 2235 nobiliter
1733 2175 2026 2233 custodire.

437 2270 581 2340 Quid
602 2272 755 2339 mihi,
786 2282 1025 2330 vetustas
1046 2273 1271 2344 objicias
1294 2274 1524 2345 agrestia
1547 2272 1789 2328 membra
1816 2270 2033 2341 paluda-

434 2364 635 2420 mentis
664 2365 948 2423 decorata?
978 2367 1091 2438 Ego
1121 2367 1237 2431 tibi,
1271 2364 1414 2437 quod
1459 2366 1871 2420 admirationem
1913 2360 2029 2417 vin-

433 2466 547 2527 cat,
577 2473 793 2530 oppono
822 2460 1117 2530 principem
1149 2476 1351 2525 meum,
1381 2461 1454 2516 ita
1506 2468 1752 2515 ornatum
1772 2498 1787 2525 ,
1820 2466 1879 2512 ut
1903 2471 2024 2513 eum

432 2566 547 2607 tuon
574 2544 735 2609 liceat
765 2553 1096 2624 improbari:
1128 2553 1199 2608 ita
1225 2568 1384 2622 agere
1404 2597 1417 2621 ,
1450 2552 1600 2627 quasi
1630 2551 1770 2607 inter
1797 2551 2027 2622 impera-

444 2652 591 2703 tores
613 2645 789 2701 adhuc
815 2654 1067 2712 precetur
1087 2644 1327 2715 adjungi.

414 2740 417 2741 ⁷
508 2738 616 2797 Sed
644 2739 770 2809 quid
799 2738 1010 2805 faciam,
1036 2738 1121 2794 cui
1146 2736 1373 2793 fecunda
1398 2746 1611 2792 actuum
1637 2744 1849 2790 tuorum
1872 2749 2026 2806 seges

431 2830 704 2896 occurrit,
734 2830 821 2885 ubi
878 2829 1127 2885 universa
1171 2828 1457 2900 eligentem
1499 2826 1792 2897 superant?
1838 2827 2023 2881 nescio

431 2936 566 2995 quas
606 2921 802 2977 aristas
847 2921 1055 2977 horreis
1086 2922 1308 2977 inferam
1329 2961 1344 2987 ,
1388 2935 1520 2990 quas
1551 2919 1873 2991 relinquam.
1906 2919 2024 2975 Stat

427 3026 555 3075 ante
581 3016 767 3073 oculos
790 3029 939 3072 meos
969 3015 989 3045 ³
1015 3014 1298 3086 Bulgarum
1327 3012 1517 3069 ductor
1545 3010 1567 3044 δ
1597 3011 1867 3069 Libertem
1892 3011 2022 3068 dex-

428 3118 547 3168 tera
575 3119 665 3166 tua
689 3118 966 3166 asserente
989 3117 1288 3178 prostratus
1314 3128 1327 3164 ζ
1357 3123 1459 3163 nec
1487 3109 1804 3175 exstinctus,
1836 3122 1901 3162 ne
1926 3120 2020 3177 pc-

431 3206 569 3261 riret
596 3201 991 3269 monumentis;
1027 3216 1124 3256 nec
1147 3201 1407 3268 intactus,
1440 3215 1508 3256 ne
1537 3200 1740 3255 viveret
1765 3214 2020 3270 arrogan-

2138 1985 2226 2043 nia
2251 1994 2305 2043 et
2326 1986 2715 2060 triumphorum
2740 1989 3124 2059 maturitatem,
3170 1992 3374 2060 pectori
3407 2006 3556 2048 sacro
3594 1992 3723 2049 affe<

2133 2088 2278 2137 ctum
2323 2082 2495 2137 nostri
2550 2082 2784 2139 caelestis
2833 2085 2986 2139 favor
3042 2066 3255 2139 infudit.
3306 2083 3425 2140 Jam
3457 2084 3725 2143 diuturnae

2132 2174 2325 2246 quietis
2353 2174 2656 2243 dispendio,
2686 2191 2780 2248 per
2802 2178 3190 2249 gubernantum
3222 2177 3481 2236 vilitatem
3527 2192 3726 2251 potens

2134 2276 2276 2324 terra
2330 2280 2689 2326 consenuerat
2730 2289 2743 2324 :
2800 2271 2912 2342 jam
2951 2273 3206 2329 attulerat
3250 2274 3480 2343 publicis
3533 2275 3728 2345 opibus
3771 2270 3784 2285 ⁸

2132 2375 2237 2431 pax
2266 2362 2586 2417 intemerata
2616 2361 2880 2418 defectum
2909 2382 2920 2416 :
2945 2378 3067 2421 cum
3096 2365 3238 2437 apud
3267 2380 3365 2422 nos
3394 2365 3728 2439 quotidiana:

2130 2450 2544 2522 depraedationis
2570 2462 2759 2510 auctus
2787 2455 3124 2535 successibus
3155 2458 3175 2488 ⁵
3214 2457 3501 2514 intestinus
3538 2470 3731 2530 egeret

2130 2546 2416 2615 populator
2450 2563 2463 2601 :
2498 2547 2588 2616 qui
2618 2561 2838 2603 suorum
2870 2547 3152 2620 prodigus,
3184 2550 3511 2608 incrementa
3541 2553 3731 2613 aerarii

2129 2653 2234 2693 non
2252 2646 2357 2694 tam
2373 2641 2629 2710 poscebat
2646 2657 2869 2712 surgere
2882 2644 3259 2716 vectigalibus,
3294 2661 3450 2715 quam
3477 2644 3724 2714 rapinis:

2131 2732 2151 2762 "
2176 2734 2489 2789 saevientem
2528 2734 2730 2790 ambitu
2760 2751 2961 2806 pauper
3004 2737 3279 2794 dominum
3302 2738 3424 2793 odia
3454 2718 3729 2797 effusione

2128 2833 2471 2881 contraxerat
2503 2843 2517 2881 :
2566 2827 2663 2883 sed
2691 2843 2789 2884 nec
2819 2827 3113 2884 defrudatis
3145 2828 3376 2897 viribus,
3418 2829 3562 2901 quod
3613 2830 3723 2885 mi—

2126 2918 2327 2974 nuebat
2369 2919 2696 2989 opulentiae,
2745 2921 3069 2994 iungebatur
3117 2919 3330 2978 affectu.
3374 2920 3525 2977 Tunc
3572 2921 3728 2979 enim

2125 3014 2264 3069 aulae
2308 3014 2549 3081 angustia
2590 3014 2647 3070 in
2670 3026 2847 3070 artum
2869 3029 2958 3071 res
3005 3016 3242 3086 privatas
3286 3014 3565 3085 agitabat:
3618 3028 3726 3070 nec

2125 3112 2325 3168 micare
2349 3126 2573 3184 usquam
2613 3111 2872 3177 scintillas
2906 3108 3258 3166 famulantum
3296 3110 3595 3175 exstinctus
3629 3118 3722 3180 ty-

2123 3206 2280 3271 ranni
2310 3206 2481 3263 fomes
2510 3205 2822 3263 indulserat.
2853 3205 3123 3269 Metuebat
3152 3212 3400 3275 parentes
3422 3206 3723 3272 exercitus,

428 3296 526 3352 tite
554 3315 567 3353 :
594 3296 652 3351 in
672 3305 830 3368 gente
855 3294 1113 3351 indomita
1132 3284 1456 3350 domesticus
1486 3292 1803 3364 astipulator
1833 3307 2022 3362 super-
2045 3280 2093 3353 C
2129 3316 2286 3369 quem
2311 3298 2623 3357 meminisse
2652 3299 2871 3371 originis
2896 3314 3011 3359 sua:
3038 3297 3361 3355 admonebat
3387 3298 3559 3375 honor
3575 3298 3725 3355 alie-

426 3388 638 3446 futurus
674 3389 886 3447 roboris
936 3389 1014 3445 tui
1048 3403 1063 3442 :
1112 3387 1204 3459 qui
1234 3388 1281 3442 si
1312 3386 1584 3443 sufﬁciens
1625 3385 1772 3441 letho
1822 3385 2019 3442 vulnus

427 3482 751 3553 excepisset,
784 3496 1069 3553 personam
1097 3482 1303 3537 viceras
1327 3497 1343 3540 :
1366 3480 1510 3552 quod
1534 3479 1589 3536 in
1611 3479 1731 3535 luce
1756 3479 2013 3550 substitit,

424 3575 678 3633 submisit
699 3576 981 3646 originem.
1013 3576 1138 3631 Haec
1183 3582 1267 3632 est
1290 3576 1470 3643 natio,
1500 3575 1653 3643 cujus
1684 3582 1809 3631 ante
1840 3581 1893 3629 te
1916 3572 2019 3639 fuit

424 3683 589 3726 omne
616 3668 760 3743 quod
789 3669 960 3725 voluit
995 3686 1010 3725 :
1038 3668 1093 3725 in
1117 3684 1222 3740 qua
1245 3668 1429 3724 titulos
1459 3668 1721 3737 obtinuit,
1756 3667 1845 3738 qui
1888 3666 2019 3722 emit

425 3764 860 3827 adversariorum
876 3761 1135 3833 sanguine
1155 3761 1464 3833 dignitatem
1486 3780 1497 3815 :
1523 3762 1663 3832 apud
1692 3776 1849 3830 quam
1871 3775 2017 3816 cam-

422 3870 529 3927 pus
554 3868 638 3913 est
666 3856 911 3928 vulgator
932 3856 1208 3914 natalium.
1235 3854 1365 3910 Nam
1389 3854 1541 3926 cujus
1566 3856 1685 3926 plus
1716 3856 2015 3910 rubuerunt

425 3952 534 4008 tela
576 3952 901 4017 luctamine,
940 3951 1037 4007 ille
1076 3958 1289 4021 putatus
1335 3959 1417 4005 est
1444 3951 1561 4005 sine
1587 3949 1813 4021 ambage
1847 3949 2015 4004 subli-

420 4045 607 4103 mior:
647 4058 810 4114 quam
840 4050 965 4098 ante
1012 4042 1412 4099 dimicationem
1444 4048 1590 4096 tuam
1629 4055 1738 4093 non
1789 4038 2015 4108 contigit

498 4211 515 4239 ί
549 4208 739 4263 Fasces
763 4202 1023 4277 accepisti]
1049 4204 1247 4261 Consul
1282 4220 1310 4259 a
1340 4204 1567 4277 Ze_none
1596 4198 2010 4277 designatusnin

422 4295 623 4336 annum
650 4277 758 4335 484
788 4271 1130 4333 Marcellinus
1157 4292 1355 4332 comes.
1390 4271 1739 4330 Theodericus
1767 4290 1858 4329 rex
1897 4271 2008 4329 Go-

422 4353 628 4407 thorum
658 4350 878 4405 Zenonis
921 4350 1053 4419 Aug.
1088 4348 1449 4417 muniﬁcentiis
1476 4363 1602 4419 pene
1630 4356 1864 4416 pacatus,
1900 4364 2011 4400 ma-

422 4424 675 4495 gisterque
701 4421 971 4495 pressantis
986 4418 1187 4495 militiae
1210 4422 1375 4495 factus
1393 4462 1412 4495 ,
1438 4418 1618 4474 censui
1647 4418 2008 4495 quoqueaesi-

422 4489 629 4565 gnatus.
652 4489 896 4548 creditam
908 4493 1003 4548 sibi
1026 4492 1263 4565 Ripensis
1287 4490 1460 4547 Dacia:
1474 4500 1691 4561 partem,
1714 4489 2009 4565 illoesique

421 4563 683 4634 inferioris
730 4580 847 4635 cum
886 4565 991 4618 suis
1034 4563 1369 4635 satellitibus~
1388 4579 1483 4635 pro
1536 4570 1786 4635 tempore
1825 4563 2004 4635 ten_uit.

423 4631 623 4692 Consul
648 4636 743 4689 fuit
772 4634 1083 4701 Orientalis,
1110 4635 1313 4703 collega
1343 4631 1531 4687 Romae
1562 4631 1847 4703 Venantio.
1876 4631 2007 4687 Cas-

2122 3408 2225 3459 n_us
2258 3412 2271 3447 :
2306 3409 2431 3451 nam
2462 3396 2541 3452 ire
2560 3395 2627 3451 ad
2652 3404 2838 3452 nutum
2869 3409 3025 3451 suum
3048 3394 3285 3466 legiones
3306 3439 3322 3465 ,
3365 3403 3420 3452 et
3466 3404 3726 3455 remeare

2120 3503 2323 3560 pavore
2339 3491 2546 3563 algidus
2576 3490 2895 3563 imperabat.
2920 3490 3181 3561 Suspecta
3200 3490 3343 3547 enim
3361 3492 3445 3542 est
3458 3484 3725 3543 obedienc

2119 3584 2231 3651 tia,
2276 3598 2395 3653 quae
2448 3582 2736 3645 famulatur
2763 3582 2997 3649 indignis
3037 3596 3051 3633 :
3092 3587 3145 3635 et
3172 3578 3423 3648 quotiens
3456 3578 3726 3647 praelatos

2119 3678 2375 3735 convenit
2395 3677 2725 3737 conscientia
2754 3672 2940 3743 stirpis
2962 3672 3183 3739 ultimae,
3203 3679 3263 3727 et
3287 3670 3417 3731 illud
3438 3680 3724 3741 metuunt,

2119 3769 2260 3839 quod
2286 3770 2561 3826 timentur.
2590 3768 2612 3800 ⁸
2644 3768 2773 3823 Nata
2796 3775 2880 3823 est
2906 3765 3079 3823 felicis
3110 3768 3249 3822 inter
3285 3779 3385 3825 vos
3407 3778 3567 3820 causa
3602 3763 3731 3820 dis-

2117 3863 2353 3929 cordiae,
2413 3862 2540 3919 dum
2590 3861 2890 3934 perduelles
2936 3859 3144 3916 animos
3185 3861 3239 3917 in
3285 3856 3731 3929 propinquorum

2117 3965 2331 4013 tuorum
2359 3972 2546 4013 necem
2578 3955 2821 4013 Romana
2847 3954 3181 4023 prosperltas
3228 3951 3491 4011 invitavit.
3531 3953 3753 4009 ϐεδε-⁸

2115 4053 2235 4102 rata
2258 4052 2341 4101 est
2368 4047 2434 4103 ab
2464 4044 2717 4103 invalidis
2757 4058 2920 4103 causa
2947 4042 3225 4111 certandi,
3251 4052 3307 4100 et
3333 4057 3405 4100 ne
3430 4043 3515 4099 vel
3543 4057 3574 4098 a
3619 4059 3727 4100 ne-

2115 4206 2327 4261 ctoriam
2342 4202 2629 4260 Gothorum
2645 4219 2745 4271 non
2766 4211 2869 4259 tam
2892 4218 3126 4268 numero,
3142 4217 3295 4272 quam
3312 4199 3481 4272 labore
3501 4196 3728 4272 favisti.

2114 4277 2263 4363 idem
2306 4278 2465 4348 epist.
2510 4276 2575 4332 to
2616 4270 2873 4348 Bulgares
2903 4283 3014 4333 toto
3057 4265 3190 4331 orbe
3225 4270 3492 4329 terribiles
3514 4265 3726 4324 Tuisse

2113 4350 2267 4408 dicit.
2512 4404 2515 4407 λ

2185 4423 2208 4454 ⁸
2238 4422 2402 4479 Forte
2427 4420 2733 4478 libertatem.

2186 4494 2206 4524 ti
2234 4495 2399 4524 ρηιιηι
2480 4493 2598 4524 ιιι..Ιέ

2186 4494 2206 4524 υ
2588 4493 2598 4502 .

2185 4565 2206 4597 ⁶
2220 4490 3120 4633 ﬂgitiiiusstyplbpulator]_Odoacer,
3150 4558 3237 4629 qui
3265 4573 3398 4633 ιηονιΔ
3416 4566 3723 4633 tyrannus=

2116 4636 2169 4693 Is
2213 4637 2465 4708 Momyllo
2494 4626 2733 4708 Augusto
2763 4626 2949 4687 ultimo
2977 4626 3737 4708 Bomanorumjmperatori

423 4672 628 4761 Silium
654 4705 801 4761 Fasti
825 4672 897 4762 et:
930 4672 1103 4775 anno,
1132 4705 1204 4760 Β.
1236 4672 1310 4760 ἃ.
1350 4704 1693 4761 Theodericus
1717 4714 1766 4759 et
1808 4702 2011 4759 Venan-
2038 4672 2096 4738 Β
2490 4672 2889 4775 StiiEZYé'gﬁtIm
2916 4672 3738 4778 Eripe-itanno__df26,1amque

424 4779 581 4849 τίνειν
1020 4848 1027 4849 ,
1091 4764 1103 4775 1
1182 4848 1187 4849 ί
1244 4846 1262 4849 _
1308 4848 1317 4849 ί
1464 4847 1474 4849 ,
1752 4846 1764 4849 _
1821 4846 1836 4849 _
1872 4846 1885 4849 Α
1958 4846 1968 4849 Α
2120 4764 2291 4836 annos
2321 4794 2456 4849 pene
2488 4764 2553 4833 i4
2583 4764 2852 4849 regnarat,
2885 4764 3016 4830 cum'
3036 4775 3243 4849 Italiam.
3266 4767 3366 4822 sibi
3414 4782 3442 4849 a
3486 4764 3743 4824 Zenone

2118 4854 2257 4923 Aug.
2289 4838 2620 4923 coticessam,
2645 4838 2718 4923 int
2747 4838 3043 4923 Oddacruni
3073 4839 3392 4923 debellaret,
3424 4838 3742 4923 ingressus

2119 4910 2621 4979 esthheodericus.
2651 4917 2786 4971 Hinc
2816 4914 2997 4969 omnia
3028 4912 3080 4967 in
3114 4911 3338 4966 Ennodii
3368 4910 3551 4965 verbis
3584 4926 3742 4979 per-

2118 4998 2323 5066 spicua.
2357 4994 2553 5049 Potens
2591 4990 2735 5066 enim
2778 4983 3442 5066 terra_,“gubernantituh,_
3464 4980 3749 5066 Ιξφονεει

2116 5052 2515 5137 ρὸεητθῐηθτυιη
2544 5062 2867 5137 principum,
2898 5058 3100 5119 vilitate
3143 5056 3323 5137 attrita
3365 5063 3449 5137 est
3489 5052 3672 5137 Italia
3726 5071 3746 5110 :

2116 5125 2269 5208 cujus
2300 5125 2999 5208 alienum-desideriumque
3025 5128 3164 5199 apud
3192 5125 3461 5208 Zenonem
3498 5125 3747 5208 profes-

2112 5197 2206 5265 sus
2248 5218 2332 5264 est
2361 5204 2746 5261 Theodericus.
2791 5197 2946 5268 Quod
2980 5197 3174 5269 praeter
3219 5207 3449 5255 emteros
3482 5197 3752 5266 capiose

2113 5279 2373 5336 describit
2397 5276 2697 5339 Jornandes
2727 5275 2780 5328 in
2812 5273 3032 5328 Geticis.

2182 5352 2204 5383 "
2235 5350 2381 5405 Edit.
2415 5350 2625 5418 aliquae,
2657 5347 2940 5399 sa'vientem
2958 5342 3207 5397 ambitum
3236 5354 3433 5411 pauper
3457 5339 3750 5393 dominata

2112 5423 2294 5477 odiosa
2322 5421 2569 5489 effusione
2592 5425 2934 5489 contraxerat.

2184 5474 2379 5548 {Nata
2407 5474 2479 5546 est
2505 5504 2661 5544 causa
2689 5483 3111 5559 discordirelNe
3136 5483 3329 5559 injpria
3361 5474 3502 5559 bello
3521 5486 3748 5559 ἐρυθ-

2115 5544 2254 5621 titus
2275 5544 2518 5620 videatur
2543 5561 2805 5624 Odoacer,
2835 5544 3139 5624 lacessitum
3177 5544 3246 5624 ab
3274 5564 3341 5604 eo
3367 5546 3495 5601 dicit
3521 5544 3757 5624 ’Πίελο-

2116 5618 2389 5695 ἑὶὲίῖἷριὶὴῖξ
2408 5618 2862 5699 ίίῑηιυιειυπιιιὶω
2899 5622 3047 5679 caede
3064 5622 3531 5699 propinquorumm
3548 5634 3565 5667 :
3613 5618 3755 5675 hoc

2116 5713 2220 5768 est,
2242 5710 2302 5757 ut
2328 5688 2581 5769 conjicio,
2613 5688 2907 5766 Rugorum,
2938 5710 3043 5769 quo
3064 5688 3203 5769 bello
3234 5688 3401 5769 exesos
3428 5688 3757 5769 afflixerant

2116 5759 2379 5845 Odoacer,
2428 5759 2630 5845 eatena
2653 5759 2779 5845 rege
2816 5759 2973 5845 capto
3005 5764 3275 5845 Friderico
3305 5762 3420 5845 eius
3448 5759 3569 5845 atto
3638 5765 3756 5845 cui

2116 5852 2302 5915 aperte
2328 5842 2543 5915 favebat
2570 5837 2955 5915 theodoricus,
2984 5837 3148 5893 semel
3178 5837 3564 5915 atquejterum
3604 5837 3759 5892 acia

2116 5902 2321 5989 fugato,
2350 5924 2408 5973 ut
2435 5915 2491 5972 in
2519 5914 2575 5971 S.
2594 5911 2836 5973 Severini
2869 5902 2981 5973 Vita
3015 5916 3196 5975 narrat
3224 5902 3543 5976 Eugippius.

496 4852 516 4880 ²
553 4848 666 4917 Quo
704 4849 757 4903 in
785 4848 1056 4921 segmentis
1080 4846 1265 4919 posito]
1291 4847 1536 4921 Quandiu
1578 4846 1767 4902 consul
1815 4846 1914 4900 fuit
1955 4846 2011 4921 in

421 4928 543 4990 toga
568 4922 703 4989 picta
724 4935 817 4974 seu
838 4918 1065 4991 palmata
1090 4928 1239 4991 veste
1252 4918 1547 4991 consulari,
1571 4933 1690 4989 qum
1719 4918 2012 4988 segmentis

422 4991 602 5046 aureis
634 4991 817 5046 ornari
856 4991 1083 5046 solebat.
1117 4990 1371 5046 Sidonius
1399 4990 1467 5045 de
1494 4990 1689 5045 Asterii
1726 4990 2011 5047 consulatu

421 5062 519 5117 lib.
552 5078 644 5118 vm
679 5061 839 5131 epist.
868 5061 900 5114 6
928 5080 940 5114 :
969 5061 1034 5115 Et
1060 5063 1205 5115 illam
1224 5060 1468 5115 Sarranis
1489 5062 1679 5116 ebriam
1696 5063 1857 5115 succis
1879 5061 2009 5117 inter

421 5133 726 5201 crepitantia
744 5142 999 5205 segmenta
1017 5134 1293 5205 palmatam
1307 5136 1421 5202 plus
1435 5134 1570 5203 picta
1590 5133 1705 5205 plus
1722 5150 1877 5187 aurea
1894 5150 2007 5187 ora-

421 5206 561 5258 tione
591 5203 990 5259 convenustavit.
1017 5203 1156 5274 Haec
1180 5203 1341 5274 igitur
1381 5212 1532 5259 certa
1562 5204 1771 5274 videtur
1815 5218 2005 5258 emen-

418 5274 586 5347 datio,
607 5292 706 5347 pro
725 5276 998 5347 ﬁgmentis,
1021 5273 1165 5347 quod
1184 5273 1236 5327 in
1260 5275 1509 5347 omnibus
1530 5275 1683 5347 libris
1705 5273 2002 5347 legebatur.

332 5352 355 5387 Γ
432 5413 446 5418 _
489 5344 512 5418 ξ
538 5343 828 5418 Bulgaru'm
852 5343 1324 5418 ductorLibertem]
1348 5345 1423 5418 De
1440 5348 1543 5401 hoc
1558 5345 1718 5418 bello,
1748 5343 1803 5401 ni
1826 5346 2003 5416 fallor,

418 5413 883 5495 athalari'cuslib.
917 5433 1011 5472 vm
1038 5413 1337 5495 Variarum',
1370 5416 1435 5470 2‘1
1462 5416 1885 5495 ad_(_lyprianum
1915 5413 2009 5487 pa-

354 5506 377 5518 η
422 5488 635 5539 tricium
656 5491 787 5556 ,Αριιί
838 5491 891 5545 in
924 5505 987 5544 ea
1013 5488 1356 5556 expeditione
1398 5488 1499 5543 sub
1526 5489 1863 5544 Theoderico
1890 5505 2007 5546 me-

420 5562 643 5635 ruerat:
670 5561 908 5611 Habuisti
936 5562 1025 5635 sub
1057 5561 1188 5635 clima
1217 5562 1475 5614 memoria:
1500 5561 1688 5635 domno
1711 5572 2006 5635 avonostro

422 5630 479 5677 in
507 5632 727 5695 Antraque
770 5639 909 5695 parte
949 5630 1185 5683 laudatus
1227 5646 1424 5695 semper
1471 5632 1725 5684 excubias.
1775 5632 1917 5685 Vidit
1958 5644 2006 5689 te

423 5693 596 5765 adhuc
647 5693 842 5765 gentilis
886 5700 1149 5754 Danubius
1190 5693 1481 5755 bellatorem
1524 5715 1543 5753 :
1578 5714 1681 5751 non
1732 5709 1779 5753 te
1827 5702 2005 5755 terruit

425 5764 706 5840 Bulgarttm
727 5768 925 5840 globus,
950 5774 1037 5837 qui
1061 5773 1213 5824 etiam
1242 5772 1428 5826 nostris
1464 5778 1570 5824 erat
1606 5773 2003 5840 prwsumptione

426 5839 714 5911 certaminis
753 5839 1059 5895 obstaturus.
1098 5841 1364 5896 Peculiare
1397 5843 1485 5896 tibi
1516 5841 1611 5911 fuit
1648 5852 1702 5895 et
1731 5844 2005 5897 renitentes

427 5910 667 5965 barbaros
700 5912 906 5978 aggredi
947 5918 992 5965 et
1022 5928 1281 5967 conversos
1323 5910 1522 5967 terrore
1555 5915 1756 5969 sectari.
1803 5914 1891 5970 Sic
1931 5915 2003 5969 υἱ-
