3998 6362
270 412 361 479 175

1184 404 1664 473 PANEGYRICUS
1699 410 2137 471 THEODERICO
2163 411 2327 473 REGI
2363 414 2623 476 ηιατυς.

3440 416 3540 473 176

266 534 397 606 gotio
424 530 687 599 perituris
731 527 940 587 veniret
966 527 1180 597 ﬁducia,
1209 544 1336 600 pars
1361 528 1627 600 fugacium
1669 528 1850 598 praelia
1878 532 1931 593 Α
1954 527 2163 596 jejunas
2212 538 2489 600 pectorum
2537 537 2713 586 crates
2752 534 2869 585 acta
2924 526 3274 585 validioribus
3320 525 3538 587 lacertis

271 627 576 686 concitavit.
615 626 767 681 Tunc
792 639 823 680 a
855 631 909 680 te
946 623 1288 681 commonitis
1318 624 1475 693 longe
1518 623 1731 692 lateque
1775 624 1854 677 vi-

1953 618 2139 674 lancea
2171 620 2531 676 transmeabat
2556 638 2569 675 :
2592 636 2713 675 cum
2745 620 2885 676 inter
2915 620 3189 693 naufragia
3221 628 3457 686 terrena,
3484 628 3539 679 et

264 723 417 785 ribus,
438 720 775 782 innumeros
799 717 991 775 diffusa
1028 732 1125 785 per
1151 717 1376 786 populos
1412 731 1545 787 gens
1572 730 1675 772 una
1720 732 1853 773 con-
1951 712 2160 767 cruoris
2202 712 2391 779 undas,
2444 712 2836 770 invictissimus
2885 714 3076 771 ductor
3118 714 3388 785 apparuit,
3444 712 3538 771 tali

265 816 485 874 inbitur
514 816 787 887 migrante
808 823 985 871 tecum
1007 814 1075 868 ad
1100 814 1395 869 Ausoniam
1417 814 1637 880 mundo,
1672 814 1850 869 nullus

266 918 451 980 praeter
478 916 769 977 parentem
801 908 901 964 iter
928 907 1178 977 arripuit.
1210 908 1431 977 Sumpta
1460 916 1586 963 sunt
1610 908 1849 977 plaustra

262 1002 363 1056 vice
409 1008 711 1065 tectorum,
740 1007 799 1056 et
828 1000 883 1055 in
924 998 1117 1055 domos
1152 998 1432 1055 instabiles
1471 998 1849 1057 conﬂuxerunt

259 1093 426 1150 omnia
472 1094 753 1150 servitura
794 1092 1123 1149 necessitati.
1159 1092 1310 1148 Tunc
1336 1108 1484 1148 arma
1528 1090 1745 1148 Cereris
1792 1102 1848 1150 et

258 1186 515 1243 solventia
541 1186 875 1242 frumentum
897 1186 1067 1243 bobus
1092 1201 1221 1243 saxa
1243 1187 1590 1243 trahebantur
1616 1203 1630 1239 :
1653 1200 1847 1242 onera-

256 1288 316 1337 tae
347 1280 555 1337 fetibus
581 1290 788 1337 matres
816 1281 958 1337 inter
982 1280 1214 1337 familias
1248 1290 1365 1337 tuas
1392 1281 1573 1337 oblitas
1603 1296 1763 1338 sexus
1791 1289 1846 1337 et

252 1375 501 1447 ponderis
524 1416 545 1443 ,
572 1376 798 1447 parandi
846 1376 1022 1432 victus
1055 1391 1184 1432 cura
1216 1378 1232 1409 ⁸
1282 1375 1549 1432 laborant.
1595 1376 1745 1440 Tune
1786 1376 1843 1433 in

255 1481 437 1537 eampo
463 1467 645 1524 hiems
687 1478 744 1524 et
764 1468 878 1538 jugi
919 1469 1233 1539 pruinarum
1254 1469 1489 1525 candore
1518 1469 1691 1525 velata
1738 1484 1842 1525 em-

250 1562 430 1627 saries,
462 1560 689 1616 barbam
721 1560 887 1617 stiriis
916 1560 1183 1632 implicuit
1212 1562 1361 1617 crine
1387 1576 1660 1632 possesso.
1703 1560 1839 1617 Nam

250 1656 381 1725 quod
416 1655 730 1726 diligentius
771 1655 1143 1712 indumentum
1174 1664 1421 1713 matrona
1451 1666 1713 1725 neverat,
1741 1657 1844 1712 du-

249 1757 398 1804 rante
411 1750 630 1820 gelu,ut
650 1749 1204 1822 adhureretcorpori,
1224 1752 1591 1823 frangebatur.
1620 1752 1837 1808 Pastum

258 1842 564 1912 agminibus
612 1844 716 1898 tuis
743 1852 836 1900 aut
865 1845 1132 1902 indevota
1163 1845 1440 1913 nationes,
1472 1855 1568 1901 aut
1609 1845 1834 1903 educata

252 1935 439 1991 lustris
466 1935 580 1992 fera
604 1937 884 2007 suggessit.

305 2026 450 2083 later
476 2029 616 2097 hac,
646 2043 769 2099 qua:
798 2030 895 2085 tibi
941 2044 1063 2086 cum
1092 2030 1265 2101 glacie
1290 2039 1383 2088 aut
1405 2031 1602 2088 ardore
1640 2046 1829 2089 cesse-

244 2128 373 2187 runt,
405 2136 573 2177 uuam
599 2122 917 2178 certaminis
950 2123 1026 2178 tui
1055 2123 1253 2179 lineam
1279 2133 1651 2181 summotenus
1696 2124 1829 2181 libet

241 2215 512 2285 attingere.
549 2216 570 2247 ³
612 2214 743 2272 Ulca
770 2214 967 2272 ﬂuvius
995 2226 1082 2272 est
1107 2218 1274 2272 tutela
1312 2216 1659 2287 Gepidarum,
1708 2233 1831 2289 qua

239 2306 347 2363 vice
372 2320 635 2379 merum
666 2309 840 2366 munit
864 2310 1117 2377 audaces,
1158 2318 1211 2366 et
1238 2310 1293 2365 in
1324 2311 1574 2382 iugorum
1617 2326 1825 2367 morem

239 2401 367 2459 latus
392 2406 703 2475 provincia:
727 2407 1054 2478 quibusdam
1080 2410 1252 2465 muris
1280 2412 1642 2481 amplectitur,
1678 2411 1828 2471 nullo

237 2499 393 2555 ariete
420 2500 779 2556 frustrandis.
819 2502 903 2557 Ad
935 2502 1076 2558 hunc
1108 2512 1163 2559 te
1190 2503 1343 2558 callis
1372 2505 1447 2559 tui
1480 2505 1627 2574 rigor
1652 2504 1825 2560 addu-

238 2592 338 2647 xit:
364 2592 459 2649 ubi
489 2608 593 2664 pro
614 2594 807 2665 legatis
831 2603 885 2651 et
908 2597 1095 2665 gratiae
1124 2598 1500 2666 postulatione,
1528 2599 1825 2655 obsistendl

237 2688 402 2746 animo
429 2704 575 2761 gens
604 2689 698 2745 diu
726 2691 923 2746 invicta
952 2692 1262 2762 properavit
1286 2710 1299 2745 :
1319 2708 1441 2749 cum
1475 2707 1610 2763 pene
1632 2693 1827 2749 cohor-

234 2787 307 2837 tes
335 2792 459 2841 tuas
478 2794 612 2839 ante
631 2782 882 2841 inimicos
905 2785 1061 2843 famis
1084 2787 1380 2842 necessitas
1406 2788 1697 2843 obsideret.
1730 2788 1826 2843 Dic

230 2888 426 2944 quaso,
480 2877 911 2934 clesaentissime
949 2877 1186 2945 domine,
1222 2879 1350 2950 quid
1382 2888 1578 2949 praeter
1620 2884 1673 2935 te
1704 2881 1824 2951 spei

232 2974 337 3022 erat
358 2969 646 3024 residuum
676 2970 729 3024 in
758 2972 957 3041 populo
985 2985 1166 3027 arente
1191 2982 1284 3027 aut
1309 2972 1577 3028 sideribus
1605 2987 1826 3045 compa-

232 3063 430 3118 rando?
462 3063 797 3121 instantibus
830 3067 1073 3138 Gepidis,
1107 3081 1289 3131 amne,
1343 3068 1665 3136 pestilentia,
1721 3068 1826 3126 iter

231 3155 360 3224 quod
385 3156 724 3216 dedicasset
756 3158 986 3230 fugiens,
1011 3170 1201 3217 contra
1240 3161 1469 3217 nudatos
1498 3161 1685 3233 vagina
1713 3164 1825 3233 gla-

229 3242 342 3303 dios
372 3251 725 3307 transvolain
752 3269 766 3306 :
800 3254 998 3309 nullius
1034 3254 1187 3311 inscii
1227 3269 1400 3309 mersa
1429 3268 1586 3310 cceno
1616 3256 1823 3312 haesere

1949 808 2197 863 muniens
2216 817 2458 865 astantes
2485 810 2720 879 alloquio
2744 827 2758 866 :
2790 829 2810 862 ι
2838 811 2938 877 Qui
2972 811 3025 867 in
3050 811 3231 866 hostili
3252 811 3369 866 acie
3395 809 3536 865 viam

1948 900 2239 969 desiderat,
2292 919 2377 959 me
2420 914 2712 973 sequatur:
2743 920 2851 960 non
2877 906 3128 975 respiciat
3154 906 3404 973 alterum,
3444 906 3535 975 qui

1949 996 2238 1053 dimicandi
2263 998 2435 1068 poscit
2456 1000 2760 1069 exemplum
2774 1040 2788 1055 .
2807 999 2987 1057 Virtus
3012 1000 3405 1057 multitudinem
3426 1015 3539 1059 non

1948 1093 2208 1162 requirit:
2243 1095 2310 1150 ad
2355 1110 2553 1165 paucos
2578 1096 2782 1151 vadunt
2812 1096 2982 1163 bella;
3024 1095 3287 1151 bellorum
3328 1094 3536 1152 fructus

1946 1186 2012 1240 ad
2042 1186 2320 1255 plurimos.
2343 1190 2427 1245 ‘De
2455 1204 2543 1245 me
2572 1189 2927 1245 aestimabitur
2947 1189 3255 1245 exercitus:
3288 1197 3343 1245 et
3372 1189 3426 1244 in
3450 1188 3536 1244 bis

1945 1294 2065 1349 quae
2089 1296 2327 1351 gessero,
2349 1298 2481 1352 gens
2504 1282 2823 1354 triumphat.
2847 1283 3094 1340 Attollite
3123 1283 3273 1354 signa
3296 1297 3392 1353 per
3412 1297 3533 1353 qum

1946 1388 2014 1429 ne
2063 1375 2279 1444 lateam,
2323 1376 2637 1447 providetur
2678 1393 2693 1433 :
2731 1377 2983 1435 noverint
3015 1392 3176 1448 quem
3221 1384 3405 1446 petant
3440 1383 3533 1432 aut

1943 1465 2097 1535 cujus
2118 1467 2315 1538 jugulis
2345 1470 2709 1539 acquiescant.
2744 1470 2845 1538 Qui
2874 1483 3167 1541 congressu
3194 1483 3315 1524 meo
3338 1481 3532 1524 occur-

1943 1559 2143 1628 rerint,
2193 1561 2545 1619 nobilitentur
2585 1564 2769 1620 exitio.
2818 1582 2839 1617 s
2874 1564 2970 1620 His
3013 1564 3212 1629 dictis,
3281 1562 3530 1631 poculum

1942 1665 2103 1708 causa
2121 1655 2367 1723 poposcit
2384 1656 2633 1726 auspicii,
2659 1665 2713 1712 et
2732 1656 2923 1712 laxatis
2943 1656 2999 1712 iri
3016 1656 3260 1727 praelium
3278 1653 3529 1723 habenis,

1942 1743 2144 1801 eﬂusus
2172 1755 2275 1802 est.
2305 1747 2373 1803 Ut
2403 1756 2615 1805 torrens
2638 1758 2773 1819 sata,
2799 1759 2857 1806 ut
2884 1750 2972 1806 leo
2991 1758 3253 1815 armenta,
3276 1750 3527 1804 vastasti:

1942 1854 2044 1895 nec
2057 1854 2390 1898 concurrens
2408 1842 2689 1913 quisquam
2707 1844 2968 1910 substitit,
2986 1858 3085 1901 nec
3105 1842 3333 1900 evadere
3356 1840 3531 1912 potuit

1866 1924 1916 1990 Β
1942 1930 2338 2003 insequentem.
2372 1935 2681 1992 Portabaris
2709 1952 2804 2007 per
2830 1937 3104 2003 universa,
3132 1936 3243 2005 jam
3274 1934 3531 1990 deficien-

1937 2027 2081 2083 tibus
2111 2028 2255 2097 telis,
2298 2028 2475 2086 adhuc
2501 2030 2581 2085 ira
2620 2040 2930 2105 crescente.
2980 2028 3269 2099 Extemplo
3299 2014 3530 2097 Gepida~

1933 2136 2051 2178 rum
2096 2137 2253 2179 versa
2294 2125 2533 2181 conditio
2572 2136 2658 2182 est
2692 2144 2704 2179 :
2743 2127 2987 2197 palantes
3029 2125 3130 2179 visi
3159 2132 3286 2179 sunt
3324 2130 3533 2185 mutata

1931 2225 2081 2273 sorte
2117 2218 2373 2275 victores.
2410 2218 2543 2274 Nam
2572 2228 2652 2286 tu,
2683 2219 3027 2285 venerabilis,
3062 2216 3152 2288 qui
3183 2215 3530 2271 incomitatus

1930 2318 2145 2381 gustum
2177 2311 2486 2367 luctaminis
2514 2313 2839 2383 arripueras,
2866 2312 3095 2365 vallatus
3125 2308 3362 2365 millibus
3384 2309 3531 2364 ince-

1930 2402 2114 2459 debas.
2149 2403 2301 2461 Caesa
2332 2414 2416 2461 est
2443 2406 2732 2461 multitudo
2762 2404 3094 2469 adversaria,
3125 2402 3296 2458 donec
3327 2412 3531 2471 paucos

1930 2496 2166 2564 eriperet
2194 2512 2300 2552 nox
2326 2497 2502 2552 vicina
2534 2513 2549 2553 :
2594 2496 2724 2552 dum
2753 2497 2819 2554 ad
2851 2512 2980 2568 vaga
3010 2496 3205 2551 horrea
3237 2493 3408 2564 copiis
3433 2508 3530 2549 ur-

1929 2588 2079 2644 bium
2106 2589 2306 2647 referta
2337 2591 2614 2671 veniretur
2640 2612 2653 2647 :
2678 2606 2797 2663 qua
2824 2606 2933 2647 non
2956 2590 3130 2646 solum
3152 2586 3531 2644 satisfacerent

1931 2683 2266 2751 necessitati,
2291 2684 2386 2740 sed
2416 2685 2761 2740 sublevarent
2787 2686 2927 2740 inter
2947 2684 3262 2739 deliciarum
3283 2680 3529 2737 secunda

1929 2776 2222 2833 fastidium.
2252 2778 2327 2833 ita
2368 2779 2640 2849 prosperis
2680 2778 2786 2834 tuis
2816 2777 3065 2833 militavit
3101 2776 3442 2833 adversitas:
3468 2782 3533 2831 et

1929 2879 2115 2926 contra
2144 2869 2337 2925 famem
2367 2882 2580 2927 tuorum
2611 2871 2822 2927 esuries
2845 2870 3102 2941 pugnavit
3126 2869 3376 2926 hostilis:
3398 2866 3532 2923 vicit

1928 2963 2162 3019 inediam
2192 2963 2407 3019 inimica
2452 2964 2765 3036 congressio
2792 2982 2803 3016 :
2838 2978 2941 3020 nec
2966 2963 3205 3019 redisses
3229 2962 3297 3017 ad
3322 2961 3530 3016 valetu-

1929 3058 2131 3125 dinem,
2180 3058 2226 3112 si
2258 3057 2553 3114 certamina
2587 3056 2904 3113 defuissent.
2948 3056 3075 3113 llaec
3116 3055 3184 3112 de
3229 3053 3533 3111 innumeris

1930 3152 2135 3207 actibus
2162 3152 2217 3207 in
2240 3151 2488 3207 ordinem
2507 3151 2717 3222 digesta
2734 3151 3024 3207 sufficiant.
3045 3149 3286 3206 Transeo
3310 3149 3531 3206 Sarma-

1928 3254 2010 3299 tas
2038 3258 2160 3299 cum
2190 3246 2418 3301 statione
2466 3245 2781 3316 migrantes,
2832 3253 2887 3301 et
2932 3245 3143 3317 plebem
3180 3242 3529 3302 conﬂictuum

226 3341 461 3409 vestigia
485 3360 499 3396 :
520 3344 699 3399 nullus
725 3345 848 3400 vitae
879 3346 1135 3418 prodigus
1166 3347 1461 3418 periculum
1493 3349 1709 3419 ignarus
1738 3350 1822 3405 in-
1846 3335 1893 3401 C
1926 3347 2260 3394 numeratam
2292 3339 2430 3395 εἱίθο
2462 3338 2532 3395 de
2561 3340 2800 3410 tropaeis.

228 3431 421 3486 currit.
474 3434 713 3494 Vincitur
763 3439 1012 3497 humanae
1049 3442 1248 3497 mentis
1293 3444 1585 3498 auctoritas
1628 3445 1826 3515 praevi-

224 3520 381 3577 sione
402 3522 734 3581 discriminis
759 3544 772 3578 :
797 3530 1025 3585 labascit
1052 3529 1271 3586 fortium
1301 3533 1655 3600 conscientia,
1685 3549 1824 3606 quo-

228 3612 365 3669 tiens
388 3616 732 3672 formidanda
760 3619 931 3676 oculis
958 3622 1295 3692 ingeruntur.
1328 3623 1487 3680 Stetit
1514 3634 1639 3681 ante
1670 3626 1824 3681 inde.

224 3706 415 3762 mitam
430 3708 776 3778 juventutem
798 3722 945 3768 certa
969 3714 1035 3769 de
1059 3715 1319 3771 mortibus
1341 3718 1512 3787 optio,
1536 3734 1655 3773 eum
1678 3720 1824 3775 nulla

220 3798 508 3858 videretur
532 3803 799 3859 securitas
826 3803 895 3861 de
926 3806 1117 3864 salute.
1151 3808 1289 3877 Quid
1319 3809 1581 3865 Catonem
1628 3811 1823 3866 extuli-

218 3894 315 3948 stis
332 3896 520 3964 prisca
536 3908 909 3967 monumenta,
928 3903 1071 3970 quod
1096 3916 1191 3972 per
1212 3903 1439 3974 Libycas
1460 3903 1649 3976 Syrtes
1670 3906 1823 3962 duxit

218 3988 701 4056 esercitum,dum
729 3991 991 4048 humanas
1022 4008 1184 4050 neces
1216 3996 1445 4051 ludibria
1479 3996 1683 4052 faceret
1699 4012 1822 4054 esse

217 4088 577 4149 Inventum:
616 4083 700 4139 vel
740 4098 863 4139 eum
889 4086 1010 4141 sine
1052 4088 1267 4143 virtutis
1315 4091 1494 4161 pretio
1535 4092 1820 4147 educatum

218 4170 337 4225 celi
368 4176 672 4244 vaporibus
698 4180 893 4235 veneni
914 4178 1080 4250 frigus
1106 4190 1361 4253 expertus
1389 4184 1510 4238 est?
1540 4184 1820 4240 Neminem

216 4266 447 4336 contigit
471 4268 769 4340 chelydros
795 4280 922 4328 ante
951 4272 1156 4341 videre,
1198 4291 1357 4344 quam
1385 4277 1609 4331 exitium
1633 4293 1648 4332 :
1691 4277 1819 4332 dum

218 4366 308 4421 ΡΘ*
332 4356 543 4415 ﬂamen
577 4362 942 4432 prodigiosum
971 4375 1028 4420 et
1056 4368 1301 4437 corporis
1337 4368 1559 4436 fabrica,
1593 4378 1650 4423 ut
1671 4383 1822 4423 asso-

217 4445 329 4503 lunt
352 4452 583 4520 auirnze,
631 4455 687 4510 in
727 4470 885 4513 auras
914 4458 1175 4515 evolaret.
1207 4460 1325 4516 Non
1356 4476 1477 4517 cum
1524 4461 1624 4516 viri
1665 4461 1821 4517 fortis

216 4538 375 4600 laude
407 4548 723 4617 perimitur,
770 4553 857 4621 qui
881 4552 1023 4608 unde
1055 4555 1201 4609 venit
1234 4557 1409 4611 nescit
1435 4570 1681 4611 occasus.
1708 4556 1820 4614 Nec

214 4632 367 4692 illius
402 4643 597 4697 militis
634 4643 823 4700 cuneis
852 4648 956 4703 tuis
998 4648 1257 4704 fortitudo
1298 4652 1657 4720 comparanda
1700 4660 1814 4718 est;

2000 3450 2023 3483 ³
2048 3451 2169 3508 Tibi
2212 3464 2331 3508 cum
2373 3461 2586 3509 rectore
2624 3468 2768 3519 meo,
2819 3453 3119 3521 Odovacar,
3170 3467 3398 3512 occurro
3424 3455 3520 3525 qui

1930 3546 2209 3601 universas
2238 3553 2425 3603 contra
2456 3561 2579 3603 eum
2610 3546 2878 3615 nationes,
2911 3550 3065 3619 quasi
3108 3549 3254 3605 Orbis
3298 3564 3524 3607 concus-

1928 3656 2039 3710 sor,
2060 3642 2356 3700 exciveras.
2379 3641 2479 3697 Tot
2500 3657 2658 3711 reges
2686 3651 2861 3698 tecum
2886 3644 2951 3698 ad
2976 3644 3114 3698 bella
3134 3656 3521 3713 convenerant,

1928 3743 2059 3803 quot
2085 3735 2353 3791 sustinere
2379 3736 2705 3806 generalitas
2728 3735 2928 3791 milites
2955 3736 3041 3790 vix
3070 3739 3271 3792 valeret
3295 3756 3307 3791 :
3332 3739 3523 3808 depre-

1930 3827 2154 3882 hensum
2185 3836 2268 3883 est
2296 3829 2475 3883 varias
2520 3842 2643 3884 esse
2671 3837 2883 3884 mentes
2914 3838 3245 3884 coacervatae
3278 3831 3520 3885 multitu-

1926 3920 2091 3990 dinis,
2139 3937 2239 3978 nec
2267 3937 2419 3992 spem
2447 3924 2685 3979 victoriae
2715 3922 2900 3979 venire
2930 3923 2997 3978 de
3033 3938 3279 3978 numero.
3332 3922 3523 3979 Adhuc

1928 4022 2140 4069 tuorum
2165 4015 2369 4070 dextrae
2394 4015 2463 4071 de
2482 4010 2809 4086 praecedenti
2836 4015 2958 4071 tabe
2978 4015 3249 4071 titubant:
3281 4028 3379 4070 nec
3401 4029 3522 4085 per~

1928 4109 2123 4177 agebat
2168 4110 2377 4166 vctivos
2442 4111 2677 4181 impetus
2731 4112 3099 4167 membrorum
3145 4109 3520 4166 imbecillitas:

1927 4200 2124 4255 sufficit
2156 4210 2335 4257 tamen
2360 4217 2525 4258 unum
2551 4203 2689 4259 vellc
2718 4217 2814 4274 pro
2848 4203 3075 4267 viribus,
3098 4203 3521 4257 etindiscretum

1925 4294 2209 4349 consilium
2239 4294 2307 4349 de
2338 4295 2568 4350 inimicis
2600 4295 2720 4351 loco
2763 4295 2974 4350 roboris
3020 4295 3201 4350 attulit
3230 4295 3516 4351 ultionem.

1925 4393 2039 4450 Non
2075 4403 2125 4451 te
2154 4404 2328 4451 castra
2363 4396 2520 4466 longo
2550 4395 2755 4451 munita
2804 4405 3075 4468 tempore;
3127 4413 3232 4452 non
3281 4398 3518 4454 ﬂuminis

1926 4497 2190 4569 profunda
2216 4507 2501 4555 tenuerunt
2538 4516 2551 4553 :
2583 4497 2764 4555 datum
2797 4509 2879 4557 est
2912 4500 3155 4557 hostibus
3187 4502 3290 4558 tuis
3322 4503 3515 4558 vallum

1926 4613 2259 4669 construere,
2282 4618 2389 4660 non
2421 4602 2581 4659 tueri.
2610 4599 2852 4674 Repente
2876 4618 3090 4674 aequora
3120 4602 3383 4674 fugacium
3405 4604 3517 4661 dis-

1846 4720 2111 4805 Dcursus
2158 4706 2399 4773 obnubit,
2444 4721 2539 4777 per
2594 4721 2713 4778 quae
2759 4705 3117 4777 superandam
3156 4706 3511 4762 domesticam

1929 4818 2297 4880 tempestatem
2322 4809 2640 4865 abeuntibus
2668 4809 2907 4865 indixisti
2934 4826 2945 4863 :
2994 4808 3198 4866 interea
3227 4810 3373 4867 acies
3408 4818 3518 4867 tua

1927 4922 2146 4983 aspectu
2178 4919 2554 4970 consummant
2595 4910 2803 4983 praelia,
2840 4925 2964 4967 non
3008 4910 3212 4973 labore.
3261 4911 3374 4968 Illic
3420 4912 3519 4968 tibi

1924 5016 2071 5075 fores
2116 5016 2379 5074 reseravit
2424 5016 2664 5085 felicitas,
2712 5014 2998 5073 manifesto
3044 5015 3323 5087 detegens,
3371 5016 3514 5087 quod

1923 5123 2013 5193 qui
2039 5123 2273 5194 primore
2316 5123 2437 5178 loco
2464 5127 2759 5189 cesserant,
2817 5119 3053 5178 secunda
3082 5134 3177 5178 eos
3220 5120 3511 5177 luctamina

206 4739 309 4783 nec
338 4744 448 4800 par
479 4739 568 4786 est
592 4735 644 4787 in
669 4737 808 4793 duce
830 4740 1113 4810 sapientis.
1144 4742 1297 4798 illum
1320 4744 1491 4799 civilis
1517 4745 1641 4801 belli
1672 4744 1822 4803 furor

201 4822 491 4894 agitabat;
525 4835 580 4883 te
600 4828 751 4884 orbis
777 4829 995 4887 domina
1025 4835 1095 4889 ad
1116 4844 1288 4893 status
1316 4837 1400 4893 sui
1425 4840 1821 4909 reparationem

204 4913 390 4973 Roma
429 4921 713 4989 poscebat.
744 4922 851 4979 Sed
886 4925 1013 4995 quid
1040 4928 1255 4996 differo,
1300 4930 1445 5002 quod
1474 4932 1570 4988 tibi
1597 4942 1821 4990 eventus

194 5007 413 5067 dexter
452 5011 744 5071 exhibuit?
798 5017 1088 5077 Cesserunt
1129 5024 1540 5082 confertissimis
1588 5027 1819 5084 hostium

196 5109 440 5161 tuorum
470 5108 686 5178 turmis,
718 5122 855 5182 quos
878 5114 1105 5172 ulterior
1134 5118 1256 5188 ripa
1279 5128 1614 5190 susceperat.
1653 5120 1821 5193 Urge-

187 5194 416 5255 bantur
449 5199 593 5270 telis,
625 5216 762 5273 quos
786 5218 986 5278 vorago
1013 5220 1105 5267 aut
1148 5211 1378 5284 irruptio
1405 5227 1512 5271 non
1561 5215 1814 5273 tenebat:

262 5338 281 5366 ¹
321 5336 561 5461 ἓιὶιοιη
590 5340 916 5398 laborabant.

254 5406 281 5437 ⁸
392 5410 483 5460 lca
511 5413 696 5461 ﬂuvius
720 5422 794 5461 est
814 5414 916 5461 Ger

392 5410 483 5495 (fc
510 5413 696 5495 {iuvius
720 5422 794 5495 est
814 5414 1160 5495 Cepidtmtm]
1193 5418 1507 5495 Theoderici
1537 5422 1686 5495 regia
1712 5423 1813 5482 hoc

182 5486 485 5558 tempore,
516 5489 578 5532 ut
608 5483 901 5558 gugippius
942 5488 1085 5543 idem
1112 5483 1169 5544 et
1192 5492 1529 5548 Marcellinus
1556 5483 1808 5550 inVChro-

174 5548 317 5625 nico
336 5548 580 5625 docent,
598 5548 872 5609 Novam
892 5560 1214 5617 eratcivitas
1242 5564 1294 5620 in
1311 5565 1496 5621 Moesia
1522 5548 1809 5625 inferiore.

174 5622 401 5703 ξῖυύας,
461 5620 633 5703 Novas
660 5624 894 5703 appellat
924 5627 1263 5703 Ptolemaeus.
1315 5620 1443 5686 Inde
1479 5620 1807 5690 assignat}:

173 5693 785 5773 camgexpedi'tionem,
820 5696 1073 5773 Sirmium
1116 5708 1262 5773 recta
1296 5705 1591 5759 contendit.
1638 5704 1716 5759 Eo
1749 5707 1804 5760 in

170 5769 379 5843 tractu
420 5764 871 5843 qui_in_terj_ectus
912 5778 1015 5833 est,
1044 5770 1100 5843 in
1135 5770 1293 5825 Dacia
1333 5774 1549 5843 Gepidae
1586 5774 1806 5831 Gunda-

170 5834 336 5915 r_ith_o
363 5833 845 5915 rege_h_abitaba_nt
863 5856 1029 5915 :_quos
1051 5833 1429 5915 iterimpediré
1447 5862 1608 5903 ausos
1630 5846 1804 5903 Theo-

168 5904 437 5985 dericus
458 5904 743 5985 'adAlllcam
766 5904 982 5968 ﬂuvium
1014 5904 1329 5985 profligavit.

250 5975 277 6007 ³
318 5974 468 6029 Tibi
511 5974 774 6033 Odovacar
820 5974 1060 6053 occurrd]
1108 5974 1282 6041 Prima
1313 5984 1628 6045 Theoderici
1679 6008 1799 6047 cum

1920 5357 2162 5414 Odoacre
2205 5356 2513 5428 congressio
2542 5355 2608 5412 ad
2641 5355 2887 5428 Sontium
2932 5355 3156 5415 Venetae
3209 5353 3505 5428 provinciae

1919 5429 2139 5485 ﬂuvium
2168 5423 2336 5493 facta,
2360 5426 2593 5483 Probino
2623 5437 2676 5483 et
2704 5426 2937 5485 Eusebio
2966 5443 3107 5483 coss.
3137 5440 3278 5480 anno
3309 5423 3505 5478 Christi
3594 5458 3597 5459 ν

1919 5500 2047 5570 489,
2065 5502 2117 5556 in
2139 5514 2243 5571 qua
2264 5500 2524 5565 Odoacer,
2552 5509 2611 5555 ut
2637 5500 2989 5571 Cassiodorus
3024 5502 3075 5552 in
3105 5495 3376 5551 Chronico
3406 5510 3503 5571 no-

1919 5634 2161 5696 meminit
2185 5644 2480 5706 Ennodins,
2514 5652 2596 5695 est
2621 5634 2856 5703 Sentius,
2886 5641 2997 5692 sive
3025 5643 3084 5689 ut
3115 5636 3165 5689 in
3187 5634 3499 5690 Cassiodori

1911 5710 2180 5767 Chronico
2219 5714 2475 5781 scriptum
2523 5720 2628 5778 est,
2680 5711 2944 5781 lsontiusr
2974 5707 3085 5781 Sed
3115 5706 3338 5781 Sentius
3373 5710 3503 5781 item

1908 5792 1991 5836 est
2019 5782 2295 5849 Jornandi,
2331 5778 2397 5837 et
2424 5782 2742 5837 Cassiodoro
2778 5780 2881 5845 ipsi
2931 5779 3025 5834 lib.
3072 5796 3088 5833 ι
3122 5778 3353 5843 Variar.,
3399 5780 3497 5842 18,

1908 5853 2085 5930 verbis
2114 5854 2462 5930 Theoderici,
2505 5851 2742 5930 Ecqua,
2768 5850 2878 5930 _ait,
2910 5851 3020 5930 Deo
3041 5852 3289 5930 _propitio
3328 5850 3504 5930 Samii

1908 5924 2101 5991 ﬂuenta
2138 5924 2534 5991 transmisimus,
2562 5923 2650 5979 ubi
2700 5924 2921 5995 primam
2944 5923 3117 5981 Italico
3155 5939 3247 5979 nos
3276 5923 3502 5991 suscepit

1910 6011 2201 6061 imperium.

1923 5237 2031 5280 non
2077 5230 2375 5281 manerent.
2428 5221 2535 5279 Sed
2573 5222 2828 5279 instruxit
2872 5236 3060 5279 rursus
3104 5222 3159 5279 in
3188 5220 3509 5291 deceptione
3596 5240 3603 5261 ς

1921 5578 2017 5640 tat,
2032 5562 2291 5628 cum'suis
2308 5562 2556 5627 omnibus
2582 5571 2918 5639 fugatusest.
2952 5570 3173 5640 Flumen
3196 5564 3507 5640 ergocnjus
3602 5562 3611 5585 ‘
