3998 6362
453 436 557 495 I75

452 552 531 607 sui
556 560 709 604 mens
732 558 860 617 vaga
883 542 1184 599 conﬂictum
1209 555 1223 595 :
1244 539 1260 571 ¹
1288 537 1415 594 dum
1439 536 1575 610 apud
1598 538 1860 593 Veronam
1885 544 2028 592 tuam
2056 531 2108 594 A

452 621 766 715 apparatum
798 639 972 696 nubeli
1012 637 1147 692 laxis
1191 635 1435 690 manibus
1465 648 1639 705 pugna
1672 631 2033 688 instruebatur

459 734 768 805 impendiis.
798 731 939 787 Nihil
978 729 1168 785 fortius
1193 727 1511 784 adversariis
1543 727 1646 782 tuis
1676 736 1800 782 ante
1822 726 1990 780 aciem
2019 740 2033 776 :

455 828 548 883 sed
578 841 698 881 cum
729 823 855 879 belli
904 822 1212 877 cecinerunt
1262 821 1504 883 classica,
1554 818 1680 873 nihil
1733 817 2037 871 inﬁrmius:

453 920 682 975 maxima
710 916 763 971 in
793 915 1098 972 luctaminis
1126 912 1479 983 promissione
1508 911 1701 976 virtus,
1731 918 1787 965 et
1814 908 1860 963 si
1888 906 2040 963 sufﬂ-

454 1022 599 1068 ceret
646 1012 824 1081 lingua
865 1025 963 1080 pro
993 1007 1247 1075 dexteris,
1299 1007 1449 1077 copia
1491 1019 1699 1061 summa
1729 1004 2039 1060 verborum.

453 1104 673 1159 Electus
701 1110 786 1158 est
811 1102 1053 1157 locorum
1086 1101 1243 1164 situs,
1274 1113 1379 1153 non
1405 1106 1512 1151 tam
1542 1093 1851 1166 congressui
1874 1092 2039 1157 utilis,

456 1210 614 1265 quam
646 1192 829 1263 pavori
857 1210 868 1244 :
898 1191 1236 1261 providentes
1270 1207 1336 1245 ne
1368 1189 1727 1245 ascriberetur
1752 1186 1896 1242 casui
1931 1184 2044 1255 pri-

457 1305 545 1344 ma
574 1290 734 1345 etiam
768 1287 1032 1345 discessio
1054 1286 1420 1357 perfugarum,
1451 1293 1506 1339 et
1534 1292 1710 1339 tamen
1738 1279 2045 1351 reipublica:

455 1383 686 1439 candida
734 1382 945 1437 fortuna
996 1380 1339 1452 perurgebat,
1393 1395 1460 1435 ne
1506 1388 1683 1449 coepto
1729 1376 2043 1432 desisteres.

458 1475 669 1530 Itineris
700 1475 774 1530 tui
822 1489 1136 1544 permensus
1181 1472 1485 1541 intervalla,
1528 1470 1853 1540 conspexisti
1899 1470 2046 1538 ignes

459 1566 691 1622 hostium
724 1576 987 1622 astrorum
1020 1580 1171 1620 more
1197 1564 1480 1620 rutilantes
1518 1582 1530 1617 :
1574 1572 1634 1618 ut
1674 1562 1718 1617 si
1762 1558 2047 1630 aliquando

458 1659 554 1715 tibi
589 1660 776 1714 fuisset
822 1668 947 1714 nota
986 1650 1239 1725 formido,
1292 1658 1343 1712 in
1390 1660 1673 1727 abruptum
1715 1664 1767 1710 te
1811 1653 2047 1723 pendere

460 1752 763 1807 didicisses.
782 1751 1063 1820 Nunquam
1081 1750 1242 1804 animi
1262 1749 1337 1804 tui
1357 1759 1547 1815 status,
1574 1756 1664 1801 aut
1689 1746 2044 1801 secundarum

457 1858 640 1899 rerum
672 1853 884 1897 tumore
912 1824 1085 1897 elatus
1114 1850 1217 1909 est,
1244 1852 1334 1895 aut
1361 1841 1537 1895 dubiis
1562 1838 1846 1909 acquievit.
1877 1838 2048 1891 Insta-

456 1936 552 1993 bat
574 1935 816 1992 certandi
847 1936 960 1991 dies
991 1934 1174 1989 multis
1206 1933 1453 1989 tenebras
1500 1932 1744 1986 allatura.
1776 1930 1908 1985 Cum
1941 1930 2050 2000 pri-
2078 1911 2126 1973 Β

456 2045 608 2085 mum
636 2044 827 2084 aurora
860 2027 999 2097 bigis
1020 2027 1077 2081 in
1099 2027 1303 2081 croceis
1324 2034 1505 2080 ortum
1534 2024 1742 2094 jubaris
1763 2021 2046 2087 indicavit;

458 2136 579 2177 cum
615 2121 683 2176 de
712 2121 899 2177 oceani
948 2120 1181 2191 lymphis
1226 2119 1355 2173 solis
1384 2118 1596 2173 ﬂamma
1645 2116 1915 2172 surrexit:
1941 2114 2049 2185 iam

459 2230 682 2271 raucum
710 2215 952 2270 buccina
975 2214 1353 2277 concinebant,
1375 2213 1482 2282 jam
1509 2222 1560 2267 te
1582 2212 1662 2267 sui
1684 2212 1881 2266 oblitus
1905 2225 2053 2280 qua-

459 2308 928 2364 rebatexercitus.
954 2307 1051 2373 Qui
1071 2307 1195 2361 dum
1225 2304 1573 2360 munimentis
1598 2303 1841 2374 chalybis
1862 2311 2051 2374 pectus

458 2397 789 2465 iucludercs,
822 2398 949 2453 dum
972 2398 1147 2453 ocreis
1168 2411 1461 2464 armarere,
1486 2396 1612 2451 dum
1638 2396 1796 2451 lateri
1821 2404 1911 2450 tuo
1935 2394 2052 2448 vin—

459 2492 566 2548 dex
598 2491 862 2547 libertatis
889 2491 1099 2561 gladius
1142 2499 1438 2560 optaretur,
1481 2495 1723 2543 sanctam
1754 2496 1976 2542 matrem
1998 2494 2053 2541 et

460 2584 827 2640 venerabilem
874 2598 1138 2647 sororem,
1191 2597 1311 2652 quae
1356 2581 1423 2636 ad
1468 2591 1519 2636 te
1568 2580 1863 2649 diligentia
1892 2592 2054 2634 causa

462 2686 854 2740 convenerant;
896 2675 1022 2729 dum
1071 2676 1213 2730 inter
1263 2689 1413 2745 spem
1465 2682 1520 2729 et
1578 2681 1779 2727 metum
1823 2670 2054 2725 feminea

462 2768 770 2825 sollicitudo
798 2769 1081 2839 penderet,
1125 2767 1252 2822 dum
1285 2766 1352 2822 de
1381 2775 1578 2822 eventu
1604 2764 1845 2820 attonita:
1875 2763 2053 2817 VUIIlIS

458 2863 538 2918 tui
567 2863 745 2919 sidere
776 2872 1142 2932 pascerentur,
1177 2860 1372 2916 talibus
1400 2858 1650 2929 alloquiis
1679 2855 2048 2914 conﬁrmasti:

467 2973 488 3008 ι
519 2954 656 3019 Scis,
711 2955 963 3025 genitrix,
1011 2964 1194 3024 partus
1240 2955 1314 3008 tui
1361 2954 1566 3007 honore
1615 2952 1880 3007 universis
1925 2958 2053 3004 nota

458 3046 790 3116 nationibus,
819 3048 964 3117 quod
995 3047 1185 3101 natalis
1212 3046 1318 3101 mei
1348 3054 1592 3115 tempore
1618 3045 1793 3099 virum
1824 3041 2053 3097 fecunda

457 3142 731 3212 genuisti:
773 3141 891 3195 dies
920 3148 1024 3205 est,
1076 3154 1183 3208 quo
1215 3140 1310 3192 ﬁlii
1345 3141 1418 3192 tui
1465 3152 1661 3192 sexum
1687 3150 1909 3206 campus
1951 3150 2051 3189 au-

456 3232 707 3287 nuntiet:
735 3232 854 3287 telis
884 3230 1147 3301 agendum
1177 3239 1279 3298 est,
1301 3238 1359 3285 ut
1381 3244 1603 3284 avorum
1630 3244 1723 3299 per
1742 3244 1828 3284 me
1854 3228 2049 3284 decora

458 3344 567 3384 non
598 3339 860 3398 pereant:
905 3329 1022 3384 sine
1051 3342 1212 3384 causa
1260 3337 1542 3398 parentum
1587 3329 1756 3384 titulis
1805 3328 2049 3395 nitimur,
2079 3299 2127 3365 ο

458 3424 565 3480 nisi
588 3424 818 3494 propriis
846 3423 1180 3494 adjuvemur.
1210 3423 1329 3478 Stat
1352 3432 1478 3479 ante
1504 3424 1690 3479 oculos
1718 3437 1868 3478 meos
1896 3422 2048 3493 geni-

456 3524 572 3583 tor,
602 3516 673 3571 de
697 3532 804 3586 quo
830 3532 1103 3586 nunquam
1133 3516 1258 3571 fecit
1283 3516 1333 3570 in
1357 3517 1653 3571 certamine
1676 3516 1888 3572 fortuna
1914 3515 2052 3571 ludi-

456 3606 637 3665 brium
664 3626 675 3660 :
708 3607 798 3676 qui
828 3608 1045 3664 dextros
1075 3608 1178 3663 sibi
1208 3608 1321 3677 ipse
1350 3608 1561 3679 peperit
1588 3607 1897 3663 valetudine
1928 3606 2049 3661 exi-

457 3711 621 3773 gente
652 3717 933 3758 successus
957 3719 969 3757 :
1001 3702 1104 3757 hoc
1130 3710 1344 3772 oportet
1368 3704 1504 3759 duce
1524 3704 1796 3771 contendi,
1821 3704 1913 3773 qui
1934 3719 2049 3759 om-

456 3793 548 3847 nia
576 3794 779 3849 incerta
799 3809 905 3849 non
920 3794 1117 3860 timuit,
1138 3794 1233 3851 sed
1252 3796 1367 3864 ipse
1382 3796 1485 3851 sibi
1508 3796 1740 3851 secunda
1762 3797 2045 3852 conscivit.

458 3884 570 3940 Vos
601 3896 778 3940 tamen
819 3886 1120 3942 elaboratas
1169 3895 1369 3952 vestes,
1413 3896 1467 3943 et
1508 3888 1754 3943 liciorum
1785 3897 2050 3945 tormenta

456 3974 705 4032 devehite
731 3994 743 4028 :
773 3977 1055 4032 cultiorem
1087 3992 1175 4033 me
1200 3980 1343 4034 acies
1386 3981 1660 4049 suscipiat,
1708 3996 1866 4050 quam
1913 3982 2048 4036 festa

455 4076 822 4123 consuerunt:
848 4069 940 4135 qui
968 4084 1054 4123 me
1084 4070 1151 4123 de
1176 4070 1379 4139 impetu
1406 4086 1510 4124 non
1545 4071 1875 4140 cognoverit,
1908 4072 2050 4125 asti-

457 4169 573 4216 met
599 4159 668 4216 de
699 4162 897 4215 nitore.
927 4161 1123 4216 Invitct
1150 4162 1468 4232 cupidorum
1490 4166 1672 4219 oculos
1696 4163 1870 4219 honor
1897 4165 2050 4219 indu-

457 4254 624 4311 menti
648 4271 662 4309 :
688 4255 977 4325 pretiosior
1005 4257 1216 4325 species
1245 4256 1516 4314 feriendus
1544 4257 1795 4313 exhibeat
1822 4258 2052 4337 ;babeat

459 4348 659 4405 laboris
688 4350 962 4416 solatium,
999 4350 1087 4405 cui
1110 4350 1357 4422 jugulum
1390 4367 1568 4408 meum
1598 4351 1810 4408 fortuna
1843 4352 2051 4422 prasti-

457 4439 592 4496 terit
619 4458 632 4493 :
658 4440 863 4496 inhient
888 4442 1085 4511 jacenti
1114 4443 1411 4514 Splendori,
1461 4461 1597 4515 quos
1629 4461 1737 4501 non
1763 4446 2051 4517 contigerit

457 4531 641 4588 videre
662 4543 1007 4603 pugnantem.
1040 4553 1060 4587 ι
1098 4536 1190 4592 His
1216 4537 1395 4606 dictis,
1424 4540 1639 4609 excepit
1659 4548 1711 4595 te
1735 4548 1885 4610 tergo
1906 4539 2050 4595 soni-

456 4639 578 4695 pes,
609 4622 862 4681 lituorum
891 4626 1174 4684 desideriis
1212 4630 1502 4701 inquietus.
1540 4631 1647 4686 Sed
1690 4631 1816 4686 dum
1868 4633 2045 4688 indul-

456 4718 575 4774 sisti
601 4717 874 4787 aﬂ‘atibus,
908 4719 1124 4776 inimica
1154 4722 1394 4793 legiones
1424 4730 1531 4778 tua
1560 4725 1944 4796 premebantur
1968 4727 2051 4782 in-

455 4811 676 4867 stantia.
711 4810 915 4866 Dedisti
940 4812 1202 4870 inertibus
1229 4814 1500 4885 ﬂducia’m,
1547 4817 1674 4873 dum
1702 4820 1968 4875 moraris:
2000 4828 2055 4877 et

455 4902 562 4959 hoc
590 4902 753 4959 credo
783 4903 1089 4974 provisione
1109 4907 1433 4976 caliculum,
1461 4924 1527 4965 ne
1552 4909 1845 4969 deberetur
1870 4914 2054 4970 multi-

456 4996 654 5061 tudini,
686 4996 829 5067 quod
855 4996 1054 5053 vicisti.
1084 4999 1336 5056 Protinus
1362 5001 1651 5060 adventum
1675 5014 1822 5061 tuum
1848 5005 2054 5063 indica-

454 5092 535 5147 vit
562 5091 807 5148 hostibus
854 5093 1084 5162 populus
1121 5096 1420 5153 occisorum
1466 5117 1482 5154 :
1522 5110 1897 5158 exsecutorem
1928 5117 2054 5173 pro-

453 5183 594 5241 didit
622 5184 786 5240 cadis
813 5185 1127 5243 enormitas.
1162 5187 1268 5243 Sed
1300 5204 1399 5246 nec
1429 5190 1534 5246 illis
1563 5194 1802 5249 remedia
1829 5193 2049 5251 defuere

455 5286 734 5334 consueta.
762 5276 1029 5333 Continuo
1055 5280 1167 5335 alas
1194 5297 1328 5352 quas
1365 5284 1552 5340 tribuit
1597 5285 1849 5351 formido,
1896 5302 2045 5341 sum-

456 5382 677 5440 pserunt
714 5389 728 5426 :
768 5388 928 5429 cursu
956 5375 1177 5444 prapeti
1228 5375 1504 5432 interitum
1538 5380 1724 5434 mortis
1768 5380 2047 5449 eligentes.

458 5466 557 5530 Qui
584 5483 670 5523 me
699 5467 912 5524 veritati
946 5470 1119 5524 nescit
1148 5470 1489 5541 obsecutum,
1523 5474 1741 5530 Athesis
1768 5473 1942 5529 undas
1972 5473 2050 5529 vi-

460 5557 584 5613 deat
623 5565 710 5611 tua
754 5561 869 5613 vice
913 5562 1199 5628 opulentas
1238 5566 1511 5621 exstitisse
1552 5566 1901 5623 cadaveribus
1939 5583 1955 5620 :
1990 5574 2047 5622 et

531 5706 550 5735 ‘
584 5704 718 5758 Dum
746 5708 884 5786 apud
912 5708 1166 5786 Veronam
1181 5711 1212 5786 ]A
1234 5712 1433 5786 Eodem,
1454 5730 1610 5781 anno,
1639 5716 1810 5786 inquit
1830 5718 2042 5776 Cassio-

460 5777 646 5850 dorus,
668 5779 881 5850 repetito
909 5784 1147 5850 conﬂictu
1167 5777 1387 5839 uincitur
1411 5777 1692 5842 Odovacer.
1711 5777 2041 5847 iornandes:

462 5849 627 5914 Quem
663 5847 746 5900 ille
777 5847 1075 5907 Odoacrem
1113 5855 1491 5933 Theodericus,
1512 5859 1597 5933 ad
1634 5876 1841 5933 campos
1886 5861 2040 5917 νενοη-

460 5933 641 5975 "enses
660 5934 929 5976 occurrens
960 5938 1144 5993 magna
1162 5933 1330 5997 strage
1360 5929 1561 5987 delevit.

1591 418 1867 478 ENNUDII
1906 408 2214 474 EPISCOPI
2254 404 2629 472 TICINENSIS

3611 420 3705 484 I75

2138 534 2264 589 dum
2313 534 2668 590 tumefaceres
2710 531 2947 603 gurgites
2984 531 3053 589 de
3098 546 3312 602 cruore,
3342 533 3393 589 in
3438 542 3585 605 parte
3612 539 3707 596 alia

2136 626 2424 705 sistebatur
2447 628 2675 696 impetus
2699 624 3042 681 ﬂuentorum.
3069 624 3253 698 Itaque
3281 642 3349 683 ne
3373 629 3589 684 ensibus
3611 647 3708 687 non

2138 721 2432 786 sufficeres,
2465 735 2565 791 pro
2593 729 2645 776 te
2673 729 2725 775 et
2775 720 2991 790 lympha
3019 719 3285 776 militavit.
3340 721 3500 778 Salve
3529 722 3710 779 ﬂuvio-

2140 830 2259 870 rum
2277 813 2731 885 splendidissime,
2752 817 2841 884 qui
2859 830 2924 869 ex
2946 815 3151 886 majore
3173 824 3324 885 parte
3350 817 3537 872 sordes
3558 817 3713 875 Italia

2142 906 2379 976 deluisti,
2405 905 2591 961 mundi
2614 904 2800 961 facem
2822 907 3119 976 suscipiens
3140 907 3255 962 sine
3276 908 3561 978 dispendio
3583 912 3714 977 puri-

2143 1000 2289 1055 tatis.
2322 999 2462 1054 Ecce
2491 999 2580 1055 ille
2608 1007 2780 1055 tectus
2823 1000 3042 1055 armatis
3071 1014 3290 1070 campus
3316 1002 3509 1057 enituit
3537 1002 3714 1058 huma-

2145 1107 2335 1147 norum
2364 1091 2566 1147 ossium
2590 1092 2826 1148 candore
2856 1092 3219 1149 nobilissimus
3246 1111 3259 1147 :
3286 1094 3564 1160 habemus,
3592 1111 3719 1164 quo-
3773 1140 3776 1146 λ

2147 1186 2285 1241 tiens
2314 1188 2508 1242 vetusti
2536 1187 2739 1243 doloris
2772 1202 3023 1257 urgemur
3052 1187 3334 1255 memoria,
3385 1188 3525 1257 quod
3570 1190 3719 1245 tueri.

2145 1277 2372 1333 Scenam
2397 1278 2812 1347 pulcherrimam
2843 1287 3026 1335 servet
3055 1286 3220 1335 terra.
3251 1278 3518 1335 Sublimes
3543 1282 3721 1338 tandiu

2148 1379 2363 1424 maneat
2390 1369 2530 1440 quod
2565 1371 2703 1440 passi
2728 1380 2869 1438 sunt,
2897 1371 3135 1440 quandiu
3162 1372 3341 1427 deleat
3367 1372 3568 1427 oblivio
3590 1373 3723 1443 quod

2149 1460 2413 1516 fecerunt.
2446 1462 2493 1515 0
2520 1463 2720 1518 utinam
2745 1464 3026 1518 voracibus
3053 1464 3299 1533 abripere
3326 1465 3523 1535 aliquid
3549 1465 3726 1521 bestiis

2150 1566 2257 1607 non
2288 1552 2506 1608 liceret!
2561 1553 2708 1609 Perit
2735 1555 3077 1612 desiderabili
3108 1559 3437 1627 Spectaculo,
3471 1559 3612 1629 quod
3639 1575 3727 1615 ac-

2152 1648 2467 1716 quisiverint
2489 1650 2623 1702 furta
2651 1648 2964 1703 belluarum.
3608 1640 3617 1648 ’

2223 1740 2337 1795 Illic
2360 1742 2552 1797 vellem
2578 1751 2633 1795 ut
2655 1744 2826 1797 atatis
2851 1745 3151 1810 immemor,
3175 1745 3360 1804 Roma.
3379 1760 3727 1802 commeares.

2155 1830 2211 1887 Si
2241 1833 2454 1888 venires
2486 1832 2817 1903 lapsantibus
2865 1838 3213 1893 tremebunda
3256 1838 3514 1908 vesngiis,
3564 1853 3730 1895 avum

2153 1925 2343 1993 gaudia
2374 1936 2787 1981 commutarent.
2810 1927 2946 1993 Quid
2970 1943 3182 1997 semper
3209 1929 3447 1984 delubris
3479 1930 3731 1985 immersa

2157 2018 2531 2073 concluderis?
2581 2020 2676 2076 llic
2726 2032 2901 2077 actum
2945 2031 3047 2087 est,
3089 2029 3145 2076 ut
3180 2023 3361 2091 plures
3388 2021 3585 2077 habeas
3607 2036 3730 2079 com

2155 2112 2323 2177 sules,
2372 2128 2531 2182 quam
2570 2122 2696 2169 ante
2733 2116 2929 2169 videris
2964 2114 3295 2171 candidatos.
3351 2117 3595 2186 Agnosce
3621 2115 3733 2171 clev

2155 2206 2411 2261 mentium
2431 2206 2631 2261 domini
2669 2209 2743 2263 tui
2763 2226 2776 2262 :
2796 2223 3041 2278 saporem
3062 2219 3112 2264 te
3128 2210 3305 2263 voluit
3324 2210 3537 2265 haurire
3554 2212 3734 2265 trium~

2156 2300 2407 2368 phorum,
2435 2314 2592 2366 quam
2623 2300 2780 2356 dubia
2813 2302 2973 2373 elegit
3004 2304 3213 2358 nescire
3235 2304 3616 2359 certaminum.

2225 2392 2364 2449 Ecce
2392 2393 2584 2447 iterum
2616 2393 2682 2447 ad
2718 2393 3045 2450 deditionem
3076 2395 3175 2450 sibi
3207 2397 3471 2467 cognitam
3506 2395 3739 2453 hostium

2155 2485 2297 2540 letho
2326 2486 2502 2542 debita
2542 2501 2667 2555 pars
2707 2490 2943 2543 cucurrit
2972 2508 2984 2542 :
3027 2499 3223 2545 etcum
3255 2492 3624 2546 excessissent
3650 2505 3742 2546 oc-

2155 2580 2468 2636 cumbentes
2496 2598 2797 2649 numerum,
2839 2583 2904 2637 ad
2936 2585 3220 2639 servitium
3255 2596 3429 2640 tamen
3461 2587 3633 2641 armis
3667 2586 3745 2640 in-

2156 2683 2358 2728 structa
2391 2676 2725 2730 radiantibus
2754 2676 2965 2745 agmina
2996 2686 3384 2732 convenerunt.
3437 2676 3640 2731 Flexus
3666 2685 3745 2732 est

2155 2767 2367 2823 animus
2410 2777 2527 2823 tuus
2570 2784 2768 2839 pronus
2814 2786 3028 2840 semper
3073 2772 3137 2825 ad
3178 2771 3411 2827 veniam.
3455 2768 3746 2825 Credidisti

2155 2861 2299 2931 quod
2358 2860 2514 2915 fidem
2584 2848 2959 2918 assuescerent
3016 2864 3317 2933 magisteria
3380 2864 3746 2931 necessitatis,

2155 2968 2317 3023 quam
2348 2969 2619 3024 nunquam
2650 2956 3006 3011 exhibuerant
3034 2956 3214 3011 studio
3240 2956 3568 3011 conciliante
3598 2956 3749 3025 prin-

2155 3046 2380 3115 cipibus.
2407 3045 2655 3103 Servavit
2686 3057 2758 3115 te,
2790 3063 2975 3118 regum
3007 3049 3297 3119 pracipue,
3331 3049 3471 3118 quod
3500 3045 3750 3119 abjeciSti

2156 3142 2475 3196 sacramenti
2507 3142 2833 3196 conﬁdentia
2862 3143 3187 3199 cautionem.
3215 3143 3580 3213 Pependimus
3604 3141 3753 3197 anxii

2158 3248 2225 3287 ne
2258 3243 2616 3300 mererentur,
2646 3249 2781 3304 quos
2808 3235 2875 3289 de
2907 3235 3148 3290 hostibus
3175 3235 3278 3290 tuis
3301 3250 3615 3305 receperas,
3642 3246 3751 3289 non

2154 3328 2352 3398 perire.
2405 3329 2613 3383 Gratias
2646 3330 2761 3398 tibi,
2817 3330 3002 3385 mundi
3032 3330 3234 3386 arbiter
3280 3331 3441 3399 Deus,
3490 3330 3586 3399 qui
3620 3342 3759 3382 con-

2155 3422 2408 3478 scientias
2440 3430 2662 3478 veterno
2693 3438 2877 3479 errore
2906 3437 3180 3493 possessas
3211 3424 3278 3478 ad
3310 3424 3508 3478 ultores
3541 3417 3755 3488 gladios

2155 3516 2430 3585 impuliSti.
2471 3516 2704 3572 Puderet
2744 3532 2830 3572 me
2874 3530 3162 3571 recensere
3208 3514 3476 3568 levitatem
3512 3512 3759 3581 origina-

2154 3609 2308 3675 riam,
2359 3611 2462 3665 nisi
2492 3625 2607 3666 eam
2637 3609 2877 3666 viderem
2910 3611 3013 3665 tuis
3052 3608 3301 3664 laudibus
3331 3608 3756 3676 obsequentem.

2154 3702 2293 3772 Quid
2333 3703 2614 3759 dissimqu
2655 3712 2804 3774 gesta
2850 3702 3143 3773 persequi?
3186 3701 3364 3756 Libuit
3411 3714 3509 3754 eos
3561 3710 3762 3754 rursus

2152 3796 2393 3852 tendenti
2425 3797 2686 3850 iueruiem
2732 3795 3009 3851 dexteram
3041 3796 3061 3825 ²
3094 3792 3355 3848 Odovacri
3387 3804 3557 3859 regna
3594 3788 3763 3859 polli-

2154 3889 2285 3945 ceri.
2322 3888 2555 3943 lnnotuit
2585 3888 2729 3943 illico
2761 3888 2926 3943 rebus
2960 3887 3013 3940 in
3046 3886 3165 3938 luce
3192 3882 3549 3951 deprehensis
3584 3881 3766 3935 hosti-

2152 3980 2280 4035 lium
2297 3994 2450 4035 error
2464 3980 2783 4034 animorum.
2803 3978 3086 4033 Advocasti
3110 3975 3495 4046 providentiam
3517 3982 3755 4031 actuum

2157 4084 2370 4130 tuorum
2403 4074 2655 4129 comitem
2684 4092 2695 4125 :
2722 4082 2774 4127 et
2795 4088 2863 4127 ne
2884 4072 3140 4141 impunita
3171 4079 3311 4126 esset
3342 4066 3510 4123 libido
3540 4066 3768 4122 discur-

2153 4170 2410 4231 rentium,
2445 4167 2660 4222 ultionis
2690 4165 2883 4221 vexilla
2914 4165 3249 4230 concutiens,
3285 4159 3454 4216 fecisti
3481 4156 3768 4215 consilio-

2154 4279 2272 4319 rum
2304 4263 2621 4333 participem
2648 4261 2705 4316 in
2743 4260 2970 4316 secretis
3001 4258 3252 4329 populum
3281 4256 3392 4322 jam
3435 4251 3771 4323 probatum.

2154 4357 2434 4412 Neminem
2464 4354 2832 4410 adversarium
2870 4354 3154 4422 agnovisse
3190 4348 3433 4418 contigit,
3475 4344 3642 4415 quod
3682 4351 3773 4399 te-

2153 4464 2274 4505 cum
2306 4463 2430 4519 pars
2455 4448 2640 4503 mundi
2671 4447 2846 4517 potior
2882 4443 3219 4515 disponebat.
3253 4440 3503 4496 Mandata
3534 4448 3637 4494 est
3670 4449 3775 4506 per

2155 4542 2406 4612 regiones
2432 4538 2881 4609 disiunctissimas
2907 4551 3011 4591 nex
3032 4534 3228 4591 votiva.
3254 4532 3385 4600 Quis
3406 4529 3527 4585 hac
3559 4536 3777 4599 prater

2156 4648 2443 4704 supernam
2473 4632 2807 4687 voluntatem
2837 4628 3107 4699 prastitit,
3133 4626 3188 4681 et
3208 4626 3364 4679 unius
3393 4622 3503 4677 ictu
3540 4630 3779 4688 tempo-

2157 4732 2230 4787 ris
2255 4729 2618 4786 eﬂ‘underetur
2639 4726 2864 4783 Romani
2894 4723 3127 4779 nominis
3152 4722 3333 4776 clades
3362 4719 3522 4785 longa
3553 4725 3782 4783 tempo-

2156 4840 2275 4881 rum
2299 4822 2640 4894 improbitate
2660 4819 2917 4877 collecta?
2947 4818 3046 4871 llic
3065 4829 3171 4883 quo
3193 4828 3280 4869 me
3306 4819 3514 4866 vertam
3543 4808 3782 4865 nescio.

2157 4918 2393 4977 Gradum
2425 4914 2785 4984 referam,qui
2819 4908 3031 4979 suscepi
3054 4907 3289 4963 officium
3317 4903 3670 4969 Iaudatoris;
3706 4917 3789 4957 an

2156 5020 2427 5079 arreptum
2460 5007 2852 5079 praconiorum
2883 5013 3095 5058 tuorum
3123 5000 3227 5055 iter
3250 4994 3572 5068 ingrediar?
3621 4993 3791 5049 Con-

2126 5104 2127 5107 “
2155 5114 2367 5175 sumpta
2396 5118 2483 5159 res
2514 5110 2595 5157 est
2621 5111 2880 5170 prospero
2910 5094 3165 5164 fatalique
3194 5090 3333 5147 bello
3358 5108 3372 5143 :
3420 5089 3663 5144 succisa
3696 5095 3793 5144 est

2153 5196 2446 5253 Odovacris
2494 5191 2865 5265 prasumptio,
2915 5196 3199 5259 postquam
3245 5198 3366 5239 eum
3413 5181 3675 5251 contigit
3715 5179 3797 5235 de

2156 5290 2363 5345 fallacia
2414 5302 2519 5343 non
2564 5286 2761 5356 juvari.
2811 5282 2947 5352 Quid
2997 5280 3315 5336 Herulorum
3362 5275 3595 5344 agmina
3659 5275 3796 5330 fusa

2152 5380 2609 5437 commemorem?
2633 5379 2734 5446 Qui
2758 5377 2877 5433 ideo
2898 5374 3158 5432 adversus
3186 5382 3238 5428 te
3267 5366 3477 5427 deducti
3514 5376 3696 5429 sunt,
3728 5370 3798 5419 ut

2154 5474 2244 5529 hic
2268 5480 2644 5545 agnoscerent,
2682 5470 2843 5526 etiam
2869 5470 2923 5524 in
2968 5466 3202 5537 propriis
3240 5460 3453 5518 sedibus
3474 5469 3673 5524 quem
3715 5455 3799 5510 ti-

2152 5575 2368 5623 merent
2393 5584 2404 5618 :
2431 5566 2541 5635 egit
2567 5577 2758 5619 causas
2784 5562 2955 5626 longa
2977 5555 3172 5626 quietis
3202 5564 3307 5607 tua
3334 5549 3478 5604 furor
3512 5545 3797 5602 alienus.

2223 5723 2243 5752 ²
2289 5718 2542 5773 Odovocri
2585 5732 2741 5785 regna
2786 5713 3053 5786 polliceri]
3097 5713 3235 5786 'I‘usa
3274 5710 3409 5786 duce
3444 5716 3641 5786 atque
3689 5726 3802 5765 au-

2151 5802 2299 5848 ctore
2326 5810 2335 5842 :
2362 5790 2601 5861 quicum
2631 5780 2876 5861 dedititio
2903 5780 3143 5841 exercitu
3174 5784 3238 5861 ad
3269 5780 3538 5861 9doa£ris
3584 5793 3809 5861 partes

2152 5865 2345 5919 iterum
2373 5850 2603 5915 defecit:
2647 5859 2788 5913 unde
2815 5866 2998 5912 secuta
3046 5866 3129 5911 est
3171 5854 3381 5910 obsidio
3408 5850 3803 5921 'chinensis,

2153 5918 2259 6004 ouo
2277 5949 2334 5991 se
2345 5932 2704 5990 Theodericus
2727 5937 3003 6001 receperat
3020 5935 3108 5987 :ut
3122 5934 3203 5986 est
3223 5926 3279 5982 in
3295 5923 3410 5981 Vita
3422 5918 3807 5993 Epiphanii;
