3998 6362
296 427 397 486 I77

1223 418 1691 481 PANEGYRICUS
1730 416 2167 475 THEODERICO
2208 415 2365 473 REGI
2409 417 2670 477 DICTUS.

3484 420 3584 473 178

292 542 470 601 Taceo
498 539 592 595 ubi
618 542 637 573 ³
663 538 758 595 tibi
808 537 1042 608 injuncta
1068 545 1152 593 est
1180 551 1281 607 pax
1325 536 1603 602 diuturna,
1646 536 1887 604 Burgun-
1918 534 2213 594 Adesistis
2262 533 2485 589 castella
2538 548 2855 604 propagare,
2905 549 3063 589 curas
3112 544 3229 590 tuas
3271 535 3322 590 in
3369 536 3584 603 longum

294 637 379 693 dio
402 655 415 692 :
440 635 668 707 quando
682 636 761 689 sic
781 628 1072 689 foederibus
1099 632 1385 688 obsecutus
1406 647 1487 696 es,
1510 642 1565 685 ut
1584 630 1889 715 deputetur,

294 729 436 802 quod
468 728 617 783 vivis
666 728 910 794 feriatus,
962 727 1297 792 constantiae,
1351 739 1454 780 non
1506 722 1709 794 pavori.
1758 721 1894 777 lllud

292 836 505 894 quoque
538 822 662 891 quis
690 821 922 890 patiatur
953 819 1154 873 notiti:e
1189 819 1385 887 perire,
1432 818 1571 887 quod
1604 816 1746 873 bono
1777 814 1895 869 feli-

294 918 467 972 citatis
516 924 625 970 tua;
652 914 1025 969 concurrentia
1059 913 1199 969 inter
1229 927 1286 966 se
1318 911 1547 966 vidimus
1594 911 1694 964 tela
1727 907 1890 978 perti-

292 1007 507 1069 dorum,
555 1014 613 1060 et
646 1005 891 1060 inimicas
922 1005 1065 1083 acies
1111 1015 1161 1059 te
1191 1012 1508 1073 occupatum
1544 1003 1595 1058 in
1641 1002 1761 1057 aliis
1807 1004 1891 1071 pia

291 1100 680 1169 congressione
702 1099 1002 1155 cecidisse?
1034 1097 1290 1164 Quotiens
1319 1094 1413 1149 tibi
1441 1096 1568 1149 vicit
1592 1094 1680 1166 qui
1706 1104 1891 1148 contra

291 1202 345 1249 te
367 1200 683 1260 sumpserat
710 1202 832 1245 vota
865 1189 1222 1261 pugnandi?_'
1266 1188 1416 1244 Dicat
1445 1187 1773 1253 Fridericus,
1801 1186 1890 1255 qui

289 1295 580 1357 postquam
613 1283 775 1339 ﬁdem
812 1282 969 1348 laesit,
999 1282 1179 1336 hostes
1214 1291 1334 1338 tuos
1358 1280 1574 1336 interitu
1606 1280 1891 1334 comitatus

289 1387 401 1443 est;
430 1386 622 1433 contra
654 1378 777 1431 illos
805 1390 953 1429 arma
982 1375 1319 1437 concutiens,
1369 1373 1565 1439 quibus
1597 1372 1775 1426 fuerat
1804 1385 1891 1425 er-

292 1486 416 1526 rore
444 1472 716 1534 sociatus;
768 1468 982 1536 quando
1033 1476 1156 1521 nata
1203 1475 1284 1520 est
1328 1466 1467 1519 inter
1498 1464 1791 1518 sceleratos
1821 1462 1889 1518 de

294 1562 394 1617 hoc
423 1562 569 1631 quod
597 1560 969 1629 intelligebant
996 1573 1057 1614 se
1084 1573 1246 1613 unum
1269 1558 1409 1613 velle
1426 1556 1715 1610 discordia.
1737 1554 1892 1609 Adsit

293 1655 580 1720 Divinttas,
612 1666 665 1708 et
694 1653 960 1708 beneficia
998 1667 1095 1707 sua
1137 1652 1188 1706 in
1225 1666 1399 1706 :evum
1432 1650 1691 1719 producat
1726 1667 1739 1703 :
1784 1664 1887 1717 qua

295 1746 617 1815 disponente
655 1745 828 1798 votiva
879 1744 1018 1798 inter
1062 1758 1186 1797 reos
1240 1756 1469 1797 evenere
1516 1742 1700 1810 litigia.
1754 1739 1886 1794 Nam

298 1840 628 1905 Fridericus,
661 1846 943 1907 postquam
976 1836 1067 1891 tibi
1092 1837 1160 1928 de
1192 1833 1517 1890 adversariis
1552 1834 1653 1887 tuis
1681 1833 1886 1903 peregit

306 1931 655 2001 triumphum,
684 1929 747 1984 de
778 1944 837 1984 se
872 1928 1117 1997 praebuit.

366 2025 556 2081 Trahit
585 2040 670 2080 me
694 2025 760 2079 ad
792 2025 951 2080 aliam
981 2035 1187 2094 partem
1219 2026 1605 2081 venerabilium
1630 2040 1753 2097 pars
1776 2041 1887 2080 ma-

292 2132 392 2190 gna
426 2118 771 2172 meritorum.
807 2117 979 2173 Video
1027 2119 1342 2187 inspiratum
1383 2118 1632 2174 decorem
1675 2120 1885 2174 urbium

188 2264 201 2273 ε
291 2209 565 2263 cineribus
590 2210 877 2272 evenisse,»
894 2218 947 2263 et
969 2209 1069 2263 sub
1092 2208 1365 2263 civilitatis
1393 2210 1722 2279 plenitudine
1749 2210 1769 2241 ³
1795 2226 1887 2281 pa-

290 2300 452 2354 latina
480 2300 684 2369 ubique
715 2309 853 2355 tecta
885 2300 1122 2355 rutilare.
1152 2300 1322 2357 Video
1344 2310 1467 2357 ante
1496 2302 1728 2371 perfecta
1756 2304 1886 2358 aedi-

289 2390 429 2462 ﬁcia,
453 2408 621 2462 quam
653 2409 740 2449 me
767 2394 1102 2463 contigisset,
1130 2392 1409 2463 disposita.
1444 2394 1539 2448 Illa
1570 2394 1683 2463 ipsa
1716 2404 1887 2450 mater

290 2485 567 2539 civitatum
600 2485 772 2541 Roma
789 2486 1117 2556 juvenescit,
1143 2486 1381 2541 marcida
1405 2491 1695 2544 senectutis
1718 2505 1885 2545 mem-

291 2576 383 2631 bra
416 2578 746 2632 resecando.
781 2578 911 2633 Date
941 2578 1179 2648 veniam,
1221 2578 1533 2649 Lupercalia
1563 2581 1702 2651 genii
1732 2596 1884 2636 sacra

289 2669 594 2725 rudimenta
626 2686 641 2723 :
673 2670 795 2740 plus
838 2679 920 2725 est
970 2686 1220 2727 occasum
1272 2673 1552 2742 repellere,
1594 2689 1751 2741 quam
1790 2672 1886 2729 dc-

287 2760 425 2817 disse
457 2764 749 2832 principia.
796 2764 907 2818 lluc
957 2766 1184 2829 accedit,
1229 2766 1372 2836 quod
1423 2782 1675 2822 coronam
1721 2771 1885 2824 curia

286 2852 574 2909 innumero
604 2854 742 2910 flore
773 2856 980 2909 velasti.
1025 2856 1239 2911 Nullum
1281 2858 1348 2912 de
1388 2856 1681 2912 honoribus
1712 2860 1885 2929 tetigit

286 2945 613 3017 desperatio,
650 2962 808 3017 quem
848 2948 1103 3017 juverunt
1145 2948 1522 3018 deprecantem
1573 2950 1711 3005 bona
1756 2966 1883 3007 con-

286 3041 526 3095 scicntia:
558 3056 573 3093 :
608 3043 781 3095 nescit
822 3040 890 3095 de
931 3040 1121 3095 effectu
1174 3042 1447 3108 petitionis
1486 3041 1751 3108 dubitare,
1791 3042 1884 3114 qui

285 3132 588 3203 splendidis
621 3132 776 3202 inaps
804 3132 1012 3187 meritis
1039 3148 1143 3187 non
1173 3135 1397 3204 rogavit.
1425 3135 1527 3188 Aut
1553 3135 1676 3188 boni
1699 3150 1883 3191 sumus

287 3226 569 3294 pr0posito
598 3234 807 3289 nostro,
835 3234 929 3279 aut
956 3233 1049 3279 tuo
1076 3226 1427 3281 informamur
1457 3228 1723 3296 exemplo.
1748 3227 1882 3283 Cre-

1999 628 2299 698 producens
2326 644 2339 678 :
2369 640 2468 681 nec
2500 626 2595 679 viri
2630 625 2783 680 fortis
2822 626 2874 680 in
2916 636 2967 681 te
2994 628 3144 683 deest
3175 627 3451 693 securitas,
3490 642 3587 683 nec

1997 719 2205 774 cautela
2254 719 2561 773 metuentis.
2592 719 2636 773 0
2666 720 2930 788 geminam
2973 720 3025 773 in
3070 735 3175 775 uno
3214 720 3450 789 principe
3479 720 3586 772 vir-

2000 822 2173 869 tutum
2210 812 2627 884 plenitudinem!
2659 828 2775 882 qua:
2808 813 3090 868 Dominum
3139 814 3370 884 resignat
3404 823 3587 867 aucto-

1999 923 2112 965 rem
2142 928 2153 961 :
2182 909 2305 980 quia
2337 924 2441 964 non
2482 908 2646 963 habet
2678 908 2817 962 inter
2852 907 3117 975 homines,
3149 925 3177 964 ι
3209 925 3314 981 quo
3341 910 3587 965 videatur

1998 1002 2298 1071 sumpsisse
2318 1001 2459 1072 quod
2488 1000 2725 1055 exhibet.

2068 1096 2175 1150 Sed
2220 1110 2348 1151 ecce
2390 1111 2575 1150 rursus
2620 1105 2739 1166 post
2779 1096 3012 1166 quietem
3060 1096 3282 1151 solidam
3331 1096 3396 1150 ad
3442 1097 3585 1151 acies

1996 1189 2157 1244 verba
2189 1202 2510 1245 revocamus
2538 1210 2551 1246 :
2578 1189 2772 1244 iterum
2801 1189 2865 1243 ad
2893 1204 2951 1245 se
2974 1189 3095 1243 tuba
3120 1199 3271 1243 vocat
3292 1190 3583 1261 eloquium.

1994 1282 2014 1313 ⁴
2048 1280 2421 1337 Sirmiensium
2455 1281 2645 1337 civitas
2676 1274 2804 1336 Olim
2838 1282 2991 1336 limes
3018 1282 3184 1337 Italia:
3223 1282 3317 1336 fuit
3352 1301 3361 1335 :
3399 1284 3449 1337 in
3479 1298 3585 1353 qua

1994 1378 2236 1432 seniores
2279 1377 2481 1432 domini
2528 1376 2905 1441 excubabant,
2956 1391 3025 1431 ne
3078 1387 3389 1432 coacervata
3439 1377 3587 1432 illinc

1996 1469 2337 1523 finitimarum
2365 1469 2582 1523 vulnera
2620 1470 2854 1540 gentium
2879 1468 2931 1522 in
2958 1469 3257 1523 Romanum
3282 1485 3472 1537 corpus
3494 1484 3587 1522 ex-

1994 1569 2291 1617 currerent.
2335 1560 2456 1616 Hmc
2497 1572 2684 1632 postea
2734 1577 2829 1631 per
2872 1563 3171 1631 regentium
3205 1564 3502 1632 neglectum
3534 1563 3586 1618 in

1996 1656 2320 1726 Gepidarum
2352 1657 2469 1725 jura
2504 1656 2815 1711 concessit:
2847 1655 2971 1711 hinc
3011 1656 3318 1727 quotidiana
3366 1656 3586 1710 insulta-

1995 1749 2092 1813 tio,
2127 1758 2180 1805 et
2216 1748 2569 1818 inctimposita
2616 1749 2950 1818 legationum
2998 1748 3297 1819 frequentia
3340 1749 3586 1803 mitteba-

1995 1849 2100 1896 tur.
2135 1840 2371 1896 Urebant
2414 1842 2649 1895 animum
2704 1841 2963 1911 principis
3008 1841 3181 1897 dolosi
3224 1840 3586 1897 blandimenta

1916 1925 1968 1987 B
1994 1936 2314 2002 commenti;
2345 1943 2398 1990 et
2422 1937 2562 1990 circa
2604 1934 2738 1992 alios
2767 1934 2999 2006 Gepidas
3034 1950 3264 2007 quorum
3294 1934 3480 1989 ductor
3504 1939 3589 1988 est

1992 2026 2311 2091 Gunderith,
2349 2028 2719 2097 intempestiva
2754 2027 3022 2083 Traserici
3068 2027 3419 2082 familiaritas.
3448 2026 3588 2081 Crea

1990 2119 2157 2175 debas
2202 2119 2252 2173 in
2298 2128 2384 2172 tua
2433 2117 2627 2187 injuria
2674 2119 2871 2189 perire,
2912 2119 3036 2189 quia
3066 2118 3157 2173 diu
3198 2118 3393 2172 licebat
3424 2116 3589 2171 Italia)

1991 2212 2382 2281 possessionem
2412 2220 2466 2267 te
2496 2211 2803 2267 dominante
2846 2213 3086 2267 retineri.
3127 2212 3235 2266 Nec
3279 2210 3589 2266 sufﬁciebat

1988 2307 2306 2371 consolatio,
2352 2306 2494 2377 quod
2544 2321 2661 2361 eam
2708 2316 2763 2361 tu
2802 2320 2907 2361 non
2949 2305 3303 2376 perdideras:
3336 2321 3454 2359 cum
3489 2305 3587 2357 im-

1988 2413 2208 2454 mensus
2235 2408 2380 2453 esset
2419 2398 2599 2466 dolor,
2631 2412 2729 2453 cur
2768 2398 2912 2453 illam
2962 2407 3260 2453 retentator
3300 2414 3403 2452 non
3449 2398 3589 2451 inter

1988 2491 2370 2546 dominationis
2392 2499 2498 2546 tua:
2520 2490 2740 2545 exordia
2765 2490 3089 2546 reddidisset
3113 2509 3124 2544 :
3153 2490 3320 2545 minui
3348 2491 3586 2544 aestimas

1986 2584 2130 2655 quod
2160 2600 2267 2638 non
2300 2584 2496 2638 crescit
2526 2583 2829 2652 imperium.
2862 2582 3152 2653 Postquam
3180 2592 3357 2637 tamen
3386 2581 3587 2651 liquido

1987 2674 2254 2730 Traserici
2286 2684 2509 2744 patuere
2534 2683 2863 2739 commenta,
2887 2673 3044 2728 Gothi
3070 2689 3186 2727 rum
3220 2673 3588 2727 nobilissimos

1987 2766 2177 2832 Pitzia,
2218 2767 2473 2832 Herduic,
2522 2774 2573 2821 et
2620 2767 2813 2835 pubem
2855 2766 3017 2820 nullis
3064 2766 3240 2820 adhuc
3287 2765 3587 2819 dedicatam

1990 2858 2193 2929 prwliis
2224 2856 2503 2912 destinasti
2536 2873 2551 2909 :
2583 2867 2638 2910 ut
2679 2858 2723 2911 si
2765 2856 2962 2911 oblatis
2999 2858 3335 2925 paction‘bus
3366 2855 3587 2925 acquie-

1988 2960 2187 3016 sceret,
2221 2949 2388 3004 semel
2420 2949 2609 3003 invaso
2638 2949 2880 3003 locorum
2913 2950 3172 3016 potiretur
3202 2950 3447 3002 arbitrio.
3479 2947 3586 3003 Sed

1989 3055 2119 3097 usus
2150 3041 2507 3095 incouStantis
2547 3040 2788 3096 felicitati
2834 3051 2935 3095 tua:
2979 3040 3266 3095 obsecutus
3294 3049 3377 3093 est
3408 3056 3422 3091 :
3450 3037 3587 3108 fugit

1988 3142 2182 3203 sponte
2219 3133 2415 3199 aliena,
2452 3142 2503 3188 et
2535 3132 2652 3188 sine
2685 3130 2917 3201 impulsu
2944 3130 3214 3186 exercitus
3239 3130 3313 3185 tui
3346 3128 3589 3184 deseruit

1988 3228 2133 3297 quod
2164 3227 2414 3283 debebat.
2445 3226 2718 3281 Continuo
2756 3224 2941 3287 Pitzia,
2971 3224 3060 3293 qui
3098 3229 3153 3275 et
3181 3221 3250 3277 de
3279 3230 3332 3277 te
3359 3228 3590 3277 eventus

287 3326 479 3371 verunt
506 3318 821 3387 reipublicae
844 3332 975 3387 opes
998 3332 1119 3371 cum
1154 3319 1481 3388 privatorum
1511 3319 1841 3387 profectibus
1867 3337 1881 3374 :
1913 3308 1961 3375 C
1992 3319 2150 3375 utiles
2179 3325 2501 3386 sumpserat,
2540 3326 2597 3373 et
2632 3316 2980 3371 consiliorum
3025 3323 3296 3369 momenta
3336 3312 3586 3377 librabat,

296 3422 548 3478 nusquam
580 3412 633 3462 in
664 3410 785 3463 aula
810 3418 893 3463 tut
924 3410 1158 3465 ambitus
1186 3421 1238 3465 et
1260 3426 1421 3479 opum
1448 3411 1647 3481 ubique
1669 3412 1886 3468 diffusio

291 3509 372 3556 est
402 3520 413 3553 :
447 3517 608 3557 nemo
638 3501 928 3557 indonatus
960 3503 1220 3570 abscedit,
1254 3513 1309 3558 et
1338 3503 1517 3559 nullus
1546 3505 1884 3563 incommoda

282 3594 696 3663 proscriptionis
726 3595 1053 3663 ingemiscit.
1089 3595 1468 3665 Legationibus
1499 3598 1603 3650 tuis
1636 3598 1771 3651 inest
1805 3596 1886 3650 vi-

282 3702 379 3757 gor
407 3688 766 3753 immortalis;
796 3687 1170 3743 mandatorum
1198 3688 1442 3744 ordinent
1467 3689 1689 3759 digeris,
1718 3688 1887 3759 prius-

281 3795 439 3851 quam
488 3782 698 3852 legatos
738 3783 969 3851 aspicias
1001 3802 1014 3836 :
1048 3798 1146 3838 nec
1177 3783 1618 3852 replicationibus
1654 3784 1759 3837 tuis
1799 3797 1885 3839 re-

280 3875 568 3943 periuntur
586 3877 884 3942 contraria;
911 3892 1010 3931 nec
1030 3877 1426 3947 objectionibus
1452 3877 1629 3932 facilis
1650 3877 1887 3933 occurrit

280 3967 565 4023 molutio.
599 3968 841 4024 Excubat
867 3984 963 4038 pro
992 3970 1155 4023 armis
1182 3970 1363 4039 Opinio
1392 3969 1702 4039 principalis
1727 3986 1741 4023 :
1776 3968 1885 4025 otia

282 4069 470 4115 nostra
518 4062 700 4132 magni
731 4062 873 4132 regis
917 4062 1224 4117 sollicitudo
1265 4064 1498 4119 custodit
1530 4082 1542 4116 :
1574 4078 1673 4119 nec
1701 4072 1886 4120 tamen

352 4220 369 4249 ‘
405 4216 525 4289 Tibi
569 4234 673 4285 pax
708 4216 961 4289 diuturna
1000 4216 1337 4289 Burgundio]
1388 4217 1580 4274 Pacem
1635 4218 1886 4289 intelligit

278 4302 404 4360 cum
464 4288 918 4360 Burgundionum
955 4304 1080 4360 rege
1112 4288 1442 4344 Gundobado
1493 4290 1676 4355 ictam,
1725 4288 1885 4360 atque

279 4358 627 4429 Ostrogotha:
654 4358 973 4414 Theoderici
998 4359 1125 4414 filiae
1151 4376 1273 4413 cum
1300 4360 1643 4429 Sigismundo
1670 4358 1886 4415 Gundo-

278 4428 404 4501 badi
437 4430 548 4501 tilio
578 4430 779 4498 nuptiis
810 4432 1130 4498 copulatam,
1163 4430 1229 4484 de
1254 4445 1356 4495 qua
1374 4428 1475 4484 rex
1506 4431 1620 4499 ipse
1644 4430 1889 4501 Burgun-

226 4533 233 4547 ι
276 4500 373 4571 dio
396 4502 463 4553 ad
496 4500 856 4568 Epiphanium
898 4502 1212 4570 episc0pum
1242 4501 1558 4555 Theoderici
1610 4500 1838 4571 legatum
1869 4522 1880 4557 :

276 4570 547 4625 Concedat
571 4579 737 4624 tamen
763 4571 1039 4625 divinitatis
1066 4587 1325 4639 assensus,
1357 4580 1411 4624 ut
1441 4570 1719 4627 solidatam
1754 4575 1886 4627 inter

273 4657 381 4694 nos
414 4643 580 4710 foedus
610 4644 763 4710 longa
788 4651 936 4695 artata
966 4653 1206 4696 servetur.

1991 3426 2098 3467 non
2130 3410 2443 3478 acquisitam
2473 3423 2594 3463 e~se
2640 3418 2837 3463 terram
2878 3406 3128 3471 credidit,
3171 3404 3262 3459 sed
3301 3402 3535 3458 refusam
3568 3417 3585 3453 :

1991 3520 2093 3561 nec
2122 3502 2325 3573 rapinis
2355 3510 2413 3556 ut
2443 3502 2701 3556 lucrativa
2734 3502 3013 3571 populatus
3043 3506 3159 3565 est;
3188 3498 3282 3553 sed
3308 3496 3588 3565 diSpensa-

1997 3597 2239 3652 tionibus
2260 3595 2491 3651 servavit
2511 3604 2569 3649 ut
2598 3594 2835 3663 propria.
2865 3593 3069 3660 Quibus
3100 3592 3171 3646 ibi
3192 3589 3585 3645 ordinationem

1988 3688 2415 3757 moderantibus,
2450 3689 2471 3719 ⁵
2500 3702 2594 3757 per
2632 3686 2875 3741 ftederati
2928 3683 3211 3739 Mundonis
3253 3680 3587 3737 attrectatio-

1990 3797 2113 3838 nem
2140 3780 2347 3837 Graecia
2375 3790 2457 3837 est
2480 3779 2723 3850 professa
2747 3778 3091 3842 discordiam,
3115 3792 3294 3831 secum
3326 3775 3584 3845 Bulgares

1988 3888 2117 3929 suos
2154 3874 2208 3928 in
2240 3874 2401 3927 tutela
2436 3870 2791 3936 deducendo;
2819 3870 3012 3938 quibus
3042 3868 3182 3922 inter
3210 3868 3428 3921 Martios
3456 3880 3589 3919 con-

1988 3965 2166 4021 ﬂictus
2204 3964 2413 4020 castelli
2448 3964 2563 4018 vice
2599 3977 2693 4017 usa
2727 3962 3021 4016 minitatur.
3056 3959 3207 4014 Tunc
3233 3957 3429 4013 Mundo
3465 3970 3588 4011 cre-

1988 4062 2123 4119 dens
2166 4061 2235 4117 ad
2280 4059 2589 4131 praesidium
2636 4058 2907 4123 suflicere,
2938 4056 2982 4111 si
3013 4054 3265 4111 cohortes
3307 4060 3413 4107 tuae
3457 4048 3590 4119 quid

1988 4221 2275 4283 occultam,
2307 4227 2367 4274 ut
2392 4216 2641 4291 Ennodio
2670 4216 2866 4286 placet,
2895 4228 3016 4291 cum
3047 4212 3167 4291 aliis
3193 4209 3434 4280 Gepidis,
3464 4207 3588 4291 qui-

1990 4294 2091 4349 bus
2123 4279 2492 4347 Gundarithus
2515 4279 2783 4362 ⁸ωἐιιεξήδι,
2827 4279 3317 4362 conspirationem,
3344 4295 3439 4348 per
3472 4279 3586 4333 Pit-

1988 4366 2127 4419 ziam
2187 4362 2438 4414 comitem
2496 4352 2733 4423 devicit,
2789 4367 2841 4427 et
2891 4354 3146 4427 Sirmium
3197 4352 3368 4427 Altaliaa
3420 4363 3590 4427 regno

1989 4432 2246 4498 restituit,
2280 4430 2519 4502 Cethego
2550 4419 2878 4502 con_s_tt_'le,_itt
2904 4423 3209 4502 Cassiodori
3234 4428 3391 4502 potat
3413 4419 3590 4502 Chro-

1989 4506 2193 4568 nicum,
2225 4492 2366 4555 anno
2396 4492 2593 4553 Christi
2627 4498 2753 4553 ξέοι.
2784 4492 3094 4552 Ιονηθιιάθε
3128 4495 3193 4548 de
3234 4492 3415 4568 Rebus
3445 4492 3592 4568 Geti-

1993 4578 2071 4631 cis
2094 4593 2107 4628 τ
2136 4562 2303 4627 Situm
2325 4573 2555 4624 comitem
2577 4571 2708 4622 inter
2731 4569 2920 4637 primos
2942 4568 3151 4619 electum
3175 4565 3242 4617 ad
3266 4562 3591 4637 obtinendam

2002 4646 2335 4702 Sirmiensem
2373 4644 2557 4695 direxit
2598 4635 2871 4693 civitatem.
2908 4638 3075 4702 Quam
3111 4637 3199 4690 ille
3236 4635 3446 4702 expulso
3474 4646 3595 4701 rege

353 4714 377 4742 ³
410 4686 561 4790 ὺίὲἔὲ
607 4686 937 4790 Ῑῖίζᾶίῗηαηῖ,
962 4712 1177 4790 Ρωδὲξιὶ
1222 4713 1681 4790 Bugorum__regis
1719 4715 1883 4772 filius.
1908 4686 1965 4749 D
1994 4686 2403 4790 :jiis'frasizrico
2432 4713 2545 4781 ﬁlio
2576 4708 2838 4790 Trqstifw,
2871 4686 3070 4763 re‘tenta
3109 4710 3219 4788 ejus
3259 4686 3420 4790 turture
3460 4686 3593 4784 obii-

273 4781 328 4837 Is
360 4797 463 4855 pro
493 4782 831 4855 Theoderico
861 4781 1088 4855 primum
1122 4784 1224 4839 hoc
1252 4781 1393 4839 bello
1420 4785 1675 4840 militarat
1704 4804 1715 4839 ε
1740 4797 1888 4855 post-

273 4869 339 4908 ea
364 4846 537 4907 'tidem
572 4846 751 4921 fregit,
797 4846 870 4907 et
898 4853 1142 4909 hostibus
1188 4856 1421 4910 sociatus
1461 4866 1561 4910 est.
1594 4846 1887 4912 Tum'orta

272 4926 432 4979 inter
460 4924 642 4995 ho~tes
668 4938 810 4991 ipsos
831 4925 1122 4991 discordia,
1142 4926 1353 4981 collatis
1370 4927 1554 4995 signis,
1583 4927 1886 4982 Fridericus

272 4998 462 5067 victus
493 5003 596 5050 est.
628 4994 704 5047 Ita
731 4998 819 5064 qui
853 4995 1187 5051 Theoderico
1232 4994 1559 5067 triumphum
1591 4998 1656 5052 de
1695 4999 1887 5053 adver-

272 5066 579 5139 sariissuis
604 5075 727 5139 ante
760 5076 1062 5134 pepererat.
1091 5068 1157 5123 de
1187 5083 1245 5123 se
1272 5066 1603 5137 ipso'iisdem
1636 5070 1885 5139 praebuit,

271 5136 599 5207 quandoab
622 5136 701 5189 eis
734 5145 1029 5203 prastratus
1057 5149 1161 5193 est.

355 5206 398 5281 ’_
417 5205 665 5259 Palatina
678 5207 868 5281 ubith
895 5208 1045 5281 tecta]
1068 5208 1420 5281 Cassiodorus
1443 5208 1674 5263 Patricio
1701 5219 1755 5265 et
1780 5211 1887 5281 [ly-

271 5278 437 5361 patio
476 5292 620 5332 coss.
659 5278 726 5331 de
770 5277 1145 5361 Theoderico:
1172 5280 1461 5361 Subcujus
1498 5277 1885 5361 feliciipiperio

274 5350 529 5415 plurimae
567 5358 877 5402 renovantur
923 5350 1091 5415 urbes,
1125 5350 1465 5405 munitissima
1512 5350 1888 5406 castella'con-

274 5419 505 5493 duntur,
530 5421 1171 5493 consurguntndmiranda
1199 5423 1415 5492 palatia,
1448 5424 1747 5493 magnisque
1774 5426 1887 5493 ejus

276 5504 391 5559 ape
422 5490 531 5563 ibus
561 5490 777 5563 antiquo
800 5492 1048 5563 miracula
1077 5490 1403 5563 superantur.
1441 5493 1582 5547 Idem
1615 5490 1755 5547 inter
1783 5490 1889 5549 cte-

279 5557 440 5615 teras
485 5560 605 5626 ejus
644 5557 876 5617 fabricas
912 5557 1146 5618 fortnam
1178 5564 1358 5618 laudat
1402 5563 1765 5619 Ravennatem
1808 5568 1890 5620 in-

275 5638 617 5687 stauratam.

365 5698 395 5776 ξ
440 5699 805 5776 Sirmiensium
847 5702 1062 5776 ιτξυίωι]⁸
1094 5703 1346 5759 Sirmium
1395 5715 1554 5776 caput
1601 5706 1893 5761 Pannonia:

280 5772 597 5835 inferioris,
630 5788 747 5840 quae
776 5774 1001 5843 proinde
1032 5772 1353 5831 'Sirmiensis
1398 5772 1670 5833 Pannonia
1699 5778 1896 5833 dicitur

282 5846 410 5919 lib._
434 5857 488 5897 ut
522 5843 753 5919 Variar_.,
780 5845 870 5919 ἓξ.
904 5844 962 5899 1η
994 5860 1056 5901 ea
1084 5847 1341 5919 regnabat
1367 5849 1473 5903 hoc
1505 5858 1744 5919 tempore
1771 5848 1896 5903 Tra-

283 5915 510 5972 saricus
547 5928 641 5970 rex
680 5913 1025 5986 Gepidarum.
1071 5917 1238 5985 Quem
1271 5913 1632 5978 Theodericus
1677 5928 1894 5991 propter

1991 4774 2123 4843 riuit.
2157 4787 2231 4841 De
2255 4785 2356 4839 hac
2378 4774 2491 4852 ipsa
2514 4774 2856 4852 expeditione
2878 4790 2931 4834 et
2958 4774 3594 4852 sequeitti,_Athalaricus

1990 4861 2091 4914 lib.
2131 4873 2223 4910 vtu
2268 4846 2500 4921 Variam,
2536 4846 2622 4907 10.
2671 4852 2854 4906 Pitzia:
2891 4846 3278 4905 vero'comitis
3307 4846 3594 4921 celebratae

1991 4928 2263 5000 opinionis
2285 4926 2391 5000 viri
2424 4916 2665 5000 meminit
2690 4922 3055 5000 Theodericus
3084 4921 3173 5000 lib.
3200 4934 3252 4981 v,
3278 4919 3433 5000 epist.
3461 4916 3552 5000 9.9.

2064 5002 2083 5031 ⁵
2130 4999 2231 5051 Per
2271 4997 2504 5065 fwderati
2559 4994 2839 5065 Mundouis
2872 4990 3311 5065 pattreetationeml
3346 4989 3591 5065 Hocest,

1994 5058 2318 5127 Mundonem
2348 5080 2619 5136 aggressa,
2653 5065 2743 5134 qui
2778 5064 2981 5136 findere
3012 5063 3229 5136 junctus
3265 5058 3381 5115 erat
3408 5058 3591 5136 Theo-

1993 5126 2195 5197 derico.
2231 5126 2481 5193 Mttndoiti
2513 5126 2692 5206 igitur,
2722 5135 2812 5205 qui
2843 5126 3067 5189 collecta
3100 5133 3443 5206 latronnmet
3467 5126 3595 5179 aba-

1994 5224 2200 5269 ctorum
2234 5224 2416 5274 manu,
2452 5200 3051 5276 Hertaque'munitione
3080 5204 3146 5257 ad
3178 5200 3471 5276 Danubium
3506 5212 3597 5247 nc-

1996 5292 2206 5352 cupata,
2240 5280 2382 5333 illinc
2402 5270 2595 5352 agresti
2623 5270 2729 5331 ritu
2750 5278 3169 5352 circumquaque
3196 5270 3402 5352 praedas
3428 5278 3598 5352 agetis

1996 5335 2354 5423 impetitabat,
2380 5335 2502 5404 cuum
2533 5349 2681 5402 illum
2712 5335 3022 5423 oppugnare
3048 5335 3313 5423 adjunctis
3338 5337 3441 5423 sibi

1994 5405 2213 5496 garibus
2238 5405 2522 5496 aggressus
2551 5428 2694 5474 esset
2721 5405 3066 5496 Sabinianus,
3093 5405 3595 5496 militutnAperlllv-

1997 5479 2165 5551 gicum
2214 5479 2464 5559 magister
2494 5488 2766 5543 Anastasii
2807 5489 2946 5557 Aug.
2984 5486 3259 5561 j‘amﬁpene
3285 5479 3589 5561 desperato,

1997 5549 2068 5621 ac
2087 5549 2414 5619 deditionem
2448 5561 2722 5615 meditanti
2746 5549 2920 5625 opemv
2937 5549 3054 5610 tu'fit
3084 5549 3283 5627 Pitzia,_
3303 5549 3595 5627 Sabiniani-

1998 5616 2114 5707 iis
2132 5616 2302 5707 copiis
2324 5631 2728 5707 iugenti_s_trage
2757 5616 2823 5707 ad
2857 5616 3595 5707 Margum‘deletisnlii‘ttgndg-

1998 5688 2119 5763 nem
2144 5688 2470 5770 feriiiuit,'ac
2511 5688 2845 5770 Theoderico
2887 5688 2994 5761 regi
3036 5690 3301 5770 volentem
3342 5688 3590 5770 subjecit,

2000 5758 2292 5834 éabinian'o
2316 5758 2431 5843 ipso
2451 5786 2513 5843 ac
2537 5768 2824 5823 Theodoro
2849 5758 3002 5843 coss:
3025 5777 3166 5816 anno
3197 5758 3595 5843 $05,.utfusius

1999 5830 2222 5903 narrant
2262 5830 2605 5900 Marcellinus
2644 5848 2850 5903 comes,
2883 5843 2939 5893 et
2976 5833 3278 5891 Jornandes
3320 5832 3371 5887 in
3412 5830 3593 5899 Belius

2001 5918 2219 5975 Geticis.
