3998 6362
269 365 364 423 181

1176 322 1655 419 raNscvmcus
1693 334 2136 415 rneonsrirco
2174 353 2337 413 neut
2363 354 2629 415 merus.

3394 348 3553 414 ’181

268 480 360 538 tibi
384 477 701 535 veneranda
730 474 940 540 studia,
988 472 1133 545 quod
1182 472 1489 545 loquuntur.
1534 472 1865 527 Amaverunt
1888 470 1947 533 Α
1969 478 2023 525 et
2053 469 2277 541 implent
2321 470 2591 526 actionem
2622 469 2863 536 fortium,
2896 471 3022 527 dum
3058 470 3344 541 jocantur:
3377 471 3554 541 agitur

267 580 636 646 praecessores
685 567 765 623 tui
810 562 1101 634 inscitiam,
1128 563 1250 635 quia
1290 578 1561 635 nunquam
1601 561 1865 618 laudanda

267 671 578 739 gesserunt.
630 659 895 718 Sordebat
936 659 1079 713 inter
1124 667 1299 713 aratra
1338 654 1777 721 facundissimus,
1811 663 1867 710 et

270 758 410 829 quod
455 755 648 829 peritia
688 754 927 819 dederat,
964 754 1044 808 vis
1085 752 1313 825 negabat
1344 770 1356 805 :
1386 760 1535 806 muto
1569 748 1869 806 mmrebant

270 857 493 905 auctore
521 847 836 911 tribunalia;
870 859 968 901 nec
1008 844 1114 900 ulla
1156 838 1551 899 concedebatur
1576 834 1749 912 palma
1780 839 1867 896 di-

274 942 435 1001 centi.
464 941 521 997 ln
546 955 733 997 casum
766 940 1103 1011 negotiorum
1136 935 1355 993 nutabat
1381 944 1624 1002 eventus,
1654 933 1869 1005 quando

273 1035 468 1092 litteris
516 1033 709 1106 genius
750 1047 861 1089 non
909 1032 1136 1087 dabatur
1178 1049 1191 1083 :
1231 1046 1368 1084 unus
1413 1028 1605 1098 ubique
1655 1026 1870 1096 ingenia

275 1145 477 1188 mceror
504 1134 877 1200 oppresserat;
906 1126 1028 1197 quia
1056 1123 1359 1179 atterebant
1383 1122 1491 1175 otia
1507 1119 1871 1187 eloquentium

275 1224 558 1280 facultates
587 1238 602 1275 :
628 1234 877 1291 pompam
920 1217 1190 1273 seniorum
1224 1215 1357 1270 edax
1390 1213 1712 1284 negligentia
1744 1226 1871 1283 pos-

277 1316 516 1382 sidebat;
548 1329 646 1369 nec
672 1311 1067 1368 accendebatur
1096 1311 1199 1365 tiro
1227 1307 1566 1365 azmulatione
1596 1306 1869 1361 sectanda.

280 1408 411 1463 Vide
438 1408 658 1463 divitias
689 1404 874 1460 saeculi
907 1404 979 1458 tui
1012 1421 1023 1455 :
1058 1410 1185 1459 tunc
1218 1400 1307 1455 vix
1340 1400 1455 1457 fora
1486 1397 1725 1455 habuere
1752 1414 1875 1470 pcr-

283 1503 448 1559 fectos
478 1519 490 1555 :
524 1516 666 1556 nunc
694 1499 933 1555 Ecclesia
962 1497 1142 1568 dirigit
1168 1496 1525 1551 laudatorem.

354 1597 646 1659 Eat-nunc,
675 1600 731 1648 et
764 1588 1098 1647 cotburnatis
1125 1589 1475 1646 relationibus
1514 1586 1876 1645 Alexandrum

284 1692 447 1763 jactet
492 1687 802 1759 antiquitas,
849 1687 936 1741 cui
986 1686 1141 1740 fama:
1178 1684 1504 1753 opulentiam
1544 1684 1751 1755 peperit
1782 1683 1877 1741 dos

288 1784 651 1856 loquentium;
688 1792 747 1837 ut
789 1796 886 1851 per
926 1779 1246 1850 adjutricem
1288 1777 1594 1835 facundiam
1635 1778 1878 1834 videatur

1972 563 2086 620 vice
2114 563 2423 634 spectaculi,
2453 564 2595 635 quod
2625 567 2870 636 sequenti
2920 574 3161 637 tempore
3199 566 3396 635 poterit
3420 566 3560 623 satis

1972 672 2094 714 esse
2118 657 2323 713 virtuti.
2373 658 2506 714 Dum
2536 660 2770 716 amentis
2818 660 3112 730 puerilibus
3152 661 3360 716 hastilia
3408 661 3555 715 lenta

1971 762 2293 824 torquentur
2317 771 2331 807 :
2354 753 2483 809 dum
2506 768 2666 810 arcus
2690 756 3019 825 quotidianae
3045 756 3275 826 capitum
3302 769 3461 810 neces
3476 754 3555 811 di-

1971 849 2175 919 rigunt,
2200 847 2361 905 Urbis
2390 864 2550 907 omne
2577 850 2880 920 pomerium
2910 852 3201 907 simulacro
3222 849 3558 920 congressio~

1972 942 2057 997 nis
2079 942 2363 999 atteritur:
2395 942 2506 1013 agit
2546 944 2715 1014 figura
2742 945 3130 1010 certaminum,
3160 960 3227 1000 ne
3250 959 3373 999 cum
3416 942 3558 1012 peri-

1974 1035 2096 1089 culo
2138 1051 2267 1092 vero
2294 1046 2604 1095 nascantur.
2635 1036 2718 1093 Ad
2765 1037 2883 1094 haec
2907 1038 3027 1109 quis
3054 1038 3239 1093 credat
3278 1052 3442 1093 unum
3466 1048 3560 1105 pe-

1975 1141 2093 1186 ctus
2142 1145 2299 1201 posse
2344 1131 2635 1198 sufﬁcere,
2684 1141 2743 1188 ut
2790 1147 2887 1203 per
2934 1131 3239 1202 procinctus
3271 1131 3562 1187 indomitos

1975 1225 2157 1280 vincat
2183 1226 2235 1282 in
2262 1226 2481 1296 praeliis,
2501 1237 2697 1297 etaget
2720 1228 2966 1297 consilio,
2997 1243 3063 1282 ne
3082 1227 3371 1282 dimicandi
3401 1238 3564 1281 causa

1976 1319 2296 1389 contingat?
2325 1319 2582 1375 Rutilium
2605 1329 2667 1375 ‘et
2693 1320 2949 1375 Manlium
2976 1300 3336 1388 comperimus
3362 1317 3563 1389 gladia-

1980 1412 2175 1467 torium
2222 1412 2528 1467 conflictum
2576 1416 2922 1483 magistranle
2973 1413 3184 1482 populis
3232 1410 3568 1480 providentia

1979 1505 2296 1571 contulisse,
2328 1514 2385 1559 ut
2410 1506 2552 1561 inter
2582 1505 2872 1561 theatrales
2900 1519 3094 1559 caveas
3125 1504 3274 1573 plebs
3315 1504 3569 1561 diuturna

1981 1612 2113 1667 pace
2137 1611 2402 1666 possessa,
2428 1597 2552 1665 quid
2574 1596 2627 1651 in
2643 1598 2756 1651 acie
2778 1604 3079 1666 gereretur,
3107 1602 3440 1664 agnosceret.
3460 1588 3570 1647 Sed

1982 1702 2110 1746 tunc
2134 1690 2337 1747 feriatis
2358 1690 2607 1746 manibus
2633 1690 2828 1745 frustra
2848 1690 3008 1744 sociae
3026 1696 3227 1743 mortes
3250 1685 3570 1757 ingereban-
3616 1706 3619 1713 ν

1984 1794 2070 1840 tur
2100 1786 2360 1855 aspectui.
2392 1786 2673 1854 Nunquam
2708 1784 2845 1839 bona
2870 1794 3013 1851 sunt,
3046 1797 3166 1852 qum
3191 1798 3218 1836 a
3250 1780 3571 1843 crudelitate
3658 1850 3667 1857 ι

296 1892 545 1933 crescere
567 1877 717 1932 rebus
738 1873 983 1930 mendica
1009 1870 1266 1928 laudatio.
1299 1870 1459 1942 Regis
1484 1872 1658 1928 nostri
1680 1873 1875 1928 merita
1903 1866 1953 1935 Β
1982 1878 2205 1932 veniunt
2254 1876 2499 1931 instituta
2528 1894 2540 1929 :
2588 1886 2643 1931 ut
2694 1883 3032 1931 armarentur
3088 1878 3272 1928 eontra
3327 1872 3572 1927 inimicos

293 1970 547 2027 solatium
577 1983 678 2022 non
710 1968 981 2038 postulant
1009 1966 1303 2021 asserentis
1332 1966 1582 2021 :uinera
1613 1973 1738 2020 sunt
1760 1965 1878 2035 ejus

288 2064 429 2120 veris
448 2062 678 2129 actibus,
704 2060 947 2131 quamvis
976 2069 1135 2117 aucta
1154 2059 1261 2116 sint
1288 2068 1529 2115 veterum
1557 2068 1704 2130 gesta
1728 2074 1881 2117 men-

291 2154 472 2212 daciis.
525 2152 857 2219 Simulastis,
902 2163 1110 2225 poetae,
1153 2152 1409 2223 grandia;
1453 2151 1544 2207 sed
1592 2150 1747 2206 fateri
1786 2167 1880 2208 vos

290 2246 539 2306 convenit
570 2254 896 2316 praesentem
925 2244 1199 2301 dominum
1235 2245 1466 2316 gessisse
1496 2243 1725 2314 potiora.
1756 2244 1879 2300 Pel-

290 2340 416 2396 laeus
442 2340 640 2395 ductor
669 2337 1058 2410 praeconiorum
1096 2351 1320 2399 suorum
1364 2351 1629 2392 summam
1657 2334 1881 2392 Chmrili

290 2433 453 2489 voluit
480 2441 740 2488 constare
766 2430 1029 2488 beneficio
1057 2449 1068 2485 :
1095 2446 1162 2486 ne
1192 2430 1407 2486 fallendi
1440 2440 1619 2485 votum
1645 2431 1885 2487 multitu-

290 2524 356 2581 do
391 2524 864 2596 deprehenderet;
906 2533 958 2580 et
1002 2524 1153 2580 ﬁeret
1195 2524 1345 2579 testis
1386 2524 1751 2594 impudentiae,
1794 2526 1884 2595 qui

292 2620 698 2676 adsciscebatur
720 2620 773 2674 in
802 2619 1179 2689 astipulatione
1201 2619 1463 2675 victorias.
1488 2619 1631 2675 Nihil
1659 2620 1887 2677 detraho

292 2712 622 2777 senioribus,
644 2727 778 2783 quos
806 2712 1103 2781 pra'cipuos
1131 2711 1409 2767 habuisset
1438 2712 1751 2783 antiquitas,
1778 2714 1886 2770 nisi

293 2806 521 2862 Romani
555 2806 793 2861 nominis
818 2808 1018 2863 erectio
1044 2815 1094 2863 te
1123 2807 1376 2864 dedisset.
1409 2808 1561 2863 lllum
1590 2825 1733 2865 vera:
1764 2810 1891 2867 reli-

291 2902 468 2973 gionis
509 2904 760 2974 ignarum
806 2902 1035 2959 obtinuit
1085 2905 1283 2960 erroris
1328 2914 1497 2962 mater
1545 2908 1757 2965 inscitia
1791 2926 1803 2962 :
1836 2917 1890 2965 te

292 2995 487 3049 Summi
519 2994 617 3050 Dei
646 2995 908 3050 cultorem
939 2996 1004 3051 ab
1048 2996 1164 3066 ipso
1203 2997 1336 3053 lucis
1374 2999 1575 3054 lumine
1608 2999 1890 3057 instructio

292 3087 473 3142 vitalis
522 3088 773 3145 instituit.
826 3087 1104 3159 Nunquam
1148 3090 1386 3161 applicas
1435 3091 1707 3149 laboribus
1752 3095 1887 3163 tuis,

1983 1969 2146 2024 animi
2168 2008 2184 2037 ,
2212 1968 2360 2039 prius
2388 1968 2573 2024 videre
2603 1968 2766 2024 exitia
2811 1982 3053 2022 suorum.
3083 1963 3294 2020 interea
3316 1948 3412 2019 illa
3444 1976 3572 2016 con-

1976 2061 2189 2133 gressio
2219 2060 2385 2131 (quod
2428 2059 2609 2115 docuit
2638 2059 2838 2129 exitus)
2872 2073 2977 2113 non
3008 2066 3114 2111 tam
3157 2055 3363 2125 peperit
3397 2056 3572 2109 incre.

1985 2166 2163 2211 menta
2187 2154 2365 2210 robori
2390 2166 2550 2224 quam
2566 2151 2752 2223 pavori
2778 2170 2789 2206 :
2817 2152 2958 2206 inter
2984 2149 3251 2205 secundas
3273 2161 3361 2203 res
3390 2144 3578 2203 didicit

1986 2248 2278 2303 imbellinm
2306 2247 2537 2313 animus,
2562 2245 2687 2316 quid
2718 2246 2950 2301 timeret.
2976 2242 3111 2298 Vide
3132 2241 3578 2298 adinventionum

1985 2342 2325 2398 diversitates
2358 2342 2519 2412 pleno
2561 2340 2697 2396 calle
2737 2340 3025 2395 distantes:
3062 2338 3165 2393 illis
3209 2352 3335 2393 vera
3366 2336 3579 2392 cruoris

1988 2433 2176 2491 effusio
2204 2435 2411 2489 animos
2442 2446 2471 2487 a
2512 2432 2856 2487 dimicatione
2911 2429 3213 2485 submovit:
3256 2429 3343 2483 hic
3386 2426 3571 2483 adole-

1990 2529 2254 2583 scentium
2273 2527 2422 2596 vigor
2441 2524 2508 2581 de
2530 2526 2760 2595 imagine
2785 2524 3024 2581 mentitae
3045 2522 3462 2580 concertationis
3491 2522 3577 2576 in.

1991 2620 2385 2691 canduitzquos
2407 2632 2619 2688 praecox
2659 2628 2788 2674 aatas
2811 2626 2887 2673 tot
2913 2627 3113 2673 mortes
3137 2615 3573 2672 adversariorum

1992 2713 2262 2785 repositas
2301 2712 2481 2767 dueuit
2528 2711 2729 2767 habere
2755 2753 2768 2778 ,
2818 2721 2949 2782 quot
3003 2710 3244 2782 spicula:
3279 2711 3293 2741 ¹
3333 2725 3440 2765 non
3490 2723 3583 2778 per

1995 2806 2241 2862 exoticos
2298 2803 2572 2860 discursus
2626 2804 2827 2860 assueti
2868 2806 3245 2874 pharetrarum
3300 2800 3583 2874 dispendia

1995 2900 2328 2975 negligenter
2355 2898 2674 2965 effundere;
2703 2913 2804 2955 nee
2847 2898 2901 2953 in
2945 2912 3105 2954 auras
3139 2898 3307 2954 exitia
3355 2895 3583 2954 manife-

1997 3007 2077 3053 sta
2129 3006 2414 3067 torquere,
2448 3003 2527 3051 tot
2552 2992 2795 3051 exacturi
2846 2994 3084 3060 animas,
3115 2994 3246 3065 quot
3273 2990 3376 3047 tela
3407 2990 3583 3046 vibra-

1996 3092 2197 3149 verint.

293 3182 436 3252 quod
466 3191 693 3238 eventus
714 3182 903 3239 dexter
924 3183 1199 3241 obtulerit.
1224 3185 1342 3241 Scis
1365 3186 1417 3242 in
1442 3194 1494 3242 te
1516 3201 1698 3243 curam
1728 3204 1891 3259 penes
1916 3223 1965 3288 ρ
2071 3185 2177 3242 Sed
2204 3183 2345 3239 inter
2376 3181 2650 3254 praeliares
2686 3180 2823 3237 forte
2872 3192 3185 3245 successus,
3230 3174 3424 3249 quibus
3461 3189 3577 3229 om-

296 3272 336 3288 ..
618 3274 639 3288 .
705 3276 735 3288 ..
819 3276 831 3288 .
1134 3277 1212 3288 ._
1300 3279 1330 3288 _.
1588 3281 1599 3288 .
2144 3276 2158 3288 .
2213 3283 2244 3288 ._
2320 3278 2331 3288 .
2464 3283 2475 3288 -
2806 3284 2817 3288 Α
3029 3267 3243 3288 ..κημ
3300 3264 3545 3288 __.___-_..,

296 3272 469 3329 Deum
513 3274 862 3347 perfectionis
904 3291 1023 3333 esse
1070 3277 1421 3335 substantiam
1465 3298 1478 3334 :
1519 3281 1630 3350 agis
1670 3290 1724 3335 ut
1767 3298 1893 3353 pro-

1999 3293 2097 3335 nes
2144 3276 2393 3342 inStruis,
2426 3283 2480 3331 et
2508 3272 2765 3331 concilias
2794 3272 2973 3327 omina
3028 3267 3252 3327 fecunda
3300 3264 3583 3337 vincendi,

299 3382 463 3437 spera
487 3370 745 3425 merearis
770 3368 993 3441 adipisci
1023 3387 1035 3424 :
1061 3369 1153 3426 sed
1176 3371 1377 3443 potitus
1398 3372 1647 3428 universa
1671 3374 1911 3431 ascribisv
1997 3372 2272 3429 civilitatis
2298 3370 2569 3427 dulcedini
2615 3368 2687 3424 nil
2716 3381 2984 3424 reservas.
3015 3365 3145 3433 Quis
3175 3362 3359 3419 credat
3385 3358 3583 3417 heroas

299 3458 508 3514 auctori
556 3479 570 3513 :
620 3460 847 3517 exhibes
895 3461 1125 3531 robore,
1174 3462 1483 3534 vigilantia,
1536 3467 1894 3537 prosperitate

297 3552 625 3626 principem,
654 3556 1070 3613 mansuetudine
1117 3556 1474 3613 sacerdotem.
1519 3556 1654 3625 Quid
1697 3559 1894 3616 frustra

293 3647 535 3717 majores
576 3650 743 3704 neSIri
787 3647 938 3704 divos
973 3658 1026 3705 et
1071 3650 1353 3720 pontifices
1392 3659 1672 3721 vocarunt,
1703 3652 1895 3724 quibus

292 3748 513 3811 sceptra
543 3739 739 3796 collata
774 3742 934 3797 sunt?
972 3741 1256 3813 Singulare
1287 3751 1390 3809 est,
1422 3742 1631 3799 actibus
1672 3744 1897 3814 implere

288 3834 726 3904 sanctissimum,
749 3845 799 3890 et
822 3836 1123 3892 veneranda
1156 3837 1372 3891 nomina
1399 3851 1504 3891 non
1535 3837 1753 3894 habere.
1779 3837 1896 3894 Rex

289 3944 451 3986 meus
488 3930 559 3984 sit
583 3930 706 3999 jure
733 3926 1150 3995 Alamannicus;
1176 3929 1383 3986 dicatur
1404 3930 1628 3985 alienus.
1654 3930 1723 3987 Ut
1744 3930 1899 3989 divus

288 4024 463 4075 vitam
499 4028 624 4092 agat
655 4035 721 4076 ex
750 4020 920 4076 fructu
947 4020 1295 4076 conscientia:
1322 4037 1334 4074 :
1360 4035 1460 4077 nec
1487 4021 1724 4093 requirat
1750 4036 1901 4092 pom-

286 4128 443 4183 posaa
488 4113 757 4169 vocabula
793 4113 931 4169 nuda
966 4113 1254 4183 jactantiaa,
1285 4115 1338 4171 in
1368 4114 1522 4184 cujus
1544 4115 1785 4173 moribus
1809 4130 1901 4172 ve-

288 4207 444 4263 ritati
480 4206 723 4263 militant
754 4206 1118 4262 blandimenta
1155 4205 1441 4277 majorum.

356 4298 624 4371 Vellem,
680 4297 877 4369 fateor,
933 4299 999 4354 ad
1046 4298 1303 4356 orationis
1356 4300 1682 4367 terminum,
1732 4300 1905 4359 victus

284 4401 582 4462 gestorum
610 4400 819 4446 tuorum
849 4392 1189 4457 enormitate,
1219 4390 1571 4457 descendere,
1593 4402 1650 4449 et
1670 4394 1905 4453 novellas

284 4484 539 4540 adoreas
583 4483 871 4539 hebetatus
920 4485 1224 4555 priscorum
1262 4484 1381 4541 luce
1425 4485 1674 4542 transire.
1708 4486 1907 4554 Quem-

1997 3478 2121 3526 tuos
2142 3467 2481 3539 peregrinam
2508 3478 2615 3520 non
2648 3476 2925 3534 respuere,
2961 3460 3090 3517 dum
3121 3457 3230 3515 sint
3268 3456 3579 3527 tranquilla,

1994 3558 2539 3621 formidinem?Nam
2586 3559 2847 3615 indomita
2896 3558 3037 3613 inter
3066 3557 3211 3611 acies
3239 3552 3451 3624 ingenia
3495 3550 3587 3606 lex

2000 3666 2252 3714 coercet:
2278 3655 2599 3711 submittunt
2623 3652 2909 3724 prazceptis
2939 3649 3074 3706 colla
3105 3654 3227 3720 post
3252 3646 3498 3708 laureas;
3532 3648 3588 3697 et

2001 3750 2220 3808 calcatis
2248 3750 2483 3805 hostium
2514 3748 2722 3814 cuneis,
2756 3744 2950 3817 quibtls
2998 3757 3149 3798 arma
3176 3740 3465 3806 cesserint,
3495 3736 3591 3791 de-

2002 3851 2149 3901 creta
2172 3842 2535 3901 dominantur.
2562 3840 2722 3899 Solus
2754 3855 2813 3893 es
2835 3838 3041 3894 meritis
3070 3845 3124 3891 ct
3149 3843 3341 3890 natura
3369 3846 3591 3903 compo-

2006 3938 2163 4006 situs,
2187 3935 2340 4006 cujus
2364 3934 2685 4005 magnanimi
2714 3931 2860 4003 jussa
2884 3936 3174 3986 sectentur.
3210 3925 3372 3996 Origo
3401 3933 3453 3979 te
3483 3924 3595 3992 qui-

2004 4030 2125 4087 dem
2158 4029 2307 4086 dedit
2333 4028 2629 4094 dominum,
2658 4024 2751 4080 sed
2777 4024 2946 4079 virtus
2969 4020 3219 4076 asseruit.
3244 4018 3466 4087 Sceptra
3497 4013 3593 4072 tibi

2004 4125 2310 4184 conciliavit
2348 4122 2604 4195 splendor
2630 4120 2843 4192 generis
2884 4136 2897 4173 :
2930 4117 3083 4190 cujus
3114 4115 3157 4171 si
3186 4113 3437 4169 deessent
3465 4108 3594 4165 ipsis

2005 4220 2150 4293 gnia,
2182 4217 2307 4288 eligi
2340 4224 2391 4271 te
2416 4216 2469 4271 in
2494 4211 2790 4285 principem
2824 4224 2976 4266 mens
2998 4208 3234 4264 fecisset.
3604 4278 3609 4287 .

2078 4310 2186 4367 Sed
2230 4322 2329 4365 nec
2358 4305 2547 4362 forma:
2590 4315 2694 4361 tute
2731 4303 2894 4359 decus
2942 4301 3082 4355 inter
3109 4307 3379 4369 postrema
3408 4311 3596 4353 nume-

2009 4402 2236 4460 randum
2274 4406 2377 4464 est,
2414 4398 2629 4469 quando
2658 4396 2792 4467 regii
2822 4392 2998 4448 vultus
3029 4404 3259 4462 purpura
3284 4398 3492 4445 ostrum
3516 4387 3597 4445 di-

2012 4494 2235 4569 gnitatis
2268 4492 2512 4549 irradiat.
2550 4488 2839 4553 Exhibete,
2870 4484 3065 4550 Seres,
3096 4484 3440 4551 indumenta,
3474 4496 3598 4552 pre-

283 4575 601 4630 admOdum
630 4575 676 4630 εί
704 4575 907 4631 imber“
938 4577 1053 4631 “is
1082 4577 1136 4632 ίη
1167 4592 1449 4633 numerum
1477 4578 1719 4650 redigere
1744 4595 1905 4637 orna-
1927 4618 1984 4682 Β
2011 4592 2149 4647 tioso
2179 4588 2383 4644 murice
2412 4599 2530 4657 qua:
2561 4582 2775 4647 fucatis,
2808 4587 2862 4635 et
2886 4592 2991 4634 non
3022 4594 3128 4634 uno
3153 4578 3329 4632 aheno
3358 4574 3601 4631 bibentia

281 4677 487 4725 menta
518 4668 833 4740 voluissem,
867 4676 922 4726 et
959 4669 1214 4727 Trionum
1252 4670 1457 4745 fulgore
1486 4676 1899 4747 comprehenso;

280 4764 418 4820 alii
447 4764 711 4819 decorem
754 4762 1035 4834 impotenti
1063 4766 1243 4839 lingua
1266 4765 1656 4834 describerem,
1687 4769 1903 4827 cederet

277 4854 495 4911 divino
518 4854 790 4924 splendori
814 4855 1055 4911 mortalis
1084 4856 1411 4923 obscuritas;
1440 4858 1643 4928 jubaris
1671 4860 1903 4932 lampadi

280 4963 402 5004 non
434 4948 720 5005 sufficeret
745 4948 1024 5004 humilium
1050 4950 1275 5006 scintilla
1298 4966 1603 5008 sermonum
1632 4970 1645 5006 :
1678 4953 1793 5010 haec
1816 4968 1903 5011 me

276 5039 551 5096 conditio
594 5040 833 5111 resignat
874 5041 1167 5113 imparem,
1212 5056 1334 5114 qua:
1384 5052 1575 5102 testata
1613 5054 1695 5103 est
1738 5047 1900 5105 obse-

277 5142 590 5207 quentem.

234 5248 279 5261 ο-
355 5224 524 5281 Nam
568 5224 699 5280 illud
730 5240 840 5295 quo
863 5242 961 5283 ore
987 5229 1369 5285 celebrandum
1414 5240 1524 5299 est,
1560 5232 1702 5302 quod
1732 5231 1905 5289 Getici

275 5318 676 5374 instrumenta
707 5319 940 5387 roboris,
960 5322 1085 5379 dum
1118 5324 1369 5393 provides
1395 5339 1463 5379 ne
1492 5326 1904 5396 interpellentur

271 5412 400 5466 otia
434 5417 655 5478 nostra,
675 5411 944 5480 custodis;
968 5422 1022 5468 et
1051 5414 1244 5482 pubem
1274 5415 1586 5471 indomitam
1613 5419 1710 5473 sub
1736 5420 1907 5475 oculis

2010 4682 2338 4740 nobilitatem
2372 4677 2607 4749 tegmina
2633 4680 2917 4746 prorogate
2944 4690 2955 4726 :
2986 4670 3346 4726 discoloribus
3368 4668 3600 4741 gemmis

2010 4785 2214 4834 Serlum
2248 4781 2493 4835 taxatur;
2523 4776 2579 4825 et
2605 4782 2763 4840 quem
2797 4764 3168 4821 vehementior
3196 4763 3379 4835 vipera
3411 4768 3600 4817 custo-

2010 4868 2125 4933 dit,
2158 4867 2293 4937 lapis
2339 4865 2610 4921 adveniat.
2668 4861 3012 4929 Qumcunque
3042 4864 3355 4913 ornamenta
3394 4852 3601 4910 mundo

2010 4959 2344 5029 obsequente
2394 4955 2710 5011 transmissa
2744 4953 2969 5019 fuerint,
3005 4951 3256 5005 decorata
3308 4945 3600 5004 venerandi

2010 5055 2172 5126 genio
2197 5052 2443 5122 corporis
2474 5051 2595 5121 plus
2626 5050 2903 5105 lucebunt.
2936 5046 3148 5103 Statnta
3174 5053 3273 5111 est,
3309 5059 3429 5114 quae
3459 5042 3599 5097 resi-

2013 5157 2141 5219 gnet
2166 5146 2475 5215 prolixitate
2504 5151 2849 5213 regnantem:
2879 5138 2968 5194 nix
3000 5152 3259 5208 genarum
3284 5135 3445 5189 habet
3472 5147 3601 5187 con-

2014 5239 2251 5295 cordiam
2303 5250 2424 5292 cum
2480 5235 2729 5289 rubore:
2776 5238 3000 5285 vernant
3057 5229 3255 5285 lumina
3310 5225 3603 5279 serenitate

2014 5330 2268 5385 continua
2310 5324 2530 5397 :dignae
2568 5336 2758 5379 manus
2802 5336 2923 5393 quae
2973 5321 3136 5378 exitia
3183 5316 3471 5375 rebellibus
3506 5313 3604 5368 tri-

2013 5422 2210 5484 buant,
2246 5421 2505 5473 honorum
2535 5424 2655 5471 vota
2705 5414 2975 5483 subjectis.
3009 5413 3193 5467 Nullus
3221 5406 3599 5474 intempestive

277 5506 405 5559 tuis
440 5505 597 5559 inter
624 5506 767 5561 bona
813 5509 1215 5579 tranquillitatis
1243 5509 1373 5565 facis
1404 5509 1541 5565 bella
1573 5512 1910 5581 proludere?

271 5600 515 5657 Adhuc
543 5609 765 5656 manent
795 5599 849 5656 in
880 5601 1152 5657 soliditate
1180 5603 1378 5658 virium
1403 5602 1643 5659 victricia
1672 5604 1909 5674 agmina,

269 5704 334 5751 et
368 5692 509 5749 alia
548 5689 659 5764 jam
703 5703 1027 5751 creverunt:
1058 5695 1316 5752 durantur
1361 5693 1548 5751 lacerti
1595 5696 1911 5765 missilibus,

2014 5513 2241 5584 positum
2264 5512 2457 5582 jactet:
2487 5512 2611 5579 quia
2640 5508 2782 5579 quod
2814 5513 2974 5574 agunt
3007 5505 3061 5557 in
3087 5502 3206 5556 aliis
3232 5498 3465 5553 dominis
3490 5498 3604 5552 dia-

2016 5604 2246 5671 demata,
2278 5601 2377 5657 hee
2404 5602 2455 5656 in
2483 5615 2606 5669 rege
2632 5612 2752 5653 meo
2774 5604 2991 5666 operata
3014 5599 3115 5658 est,
3144 5590 3253 5646 Deo
3282 5588 3597 5656 fabricantc,

2014 5707 2223 5757 natura.
2252 5694 2375 5752 illos
2421 5694 2622 5750 faciunt
2648 5699 2724 5745 tot
2772 5685 3080 5742 divitiarum
3107 5683 3417 5756 adjumenta
3464 5700 3601 5743 con-

350 5861 374 5901 !
422 5852 565 5924 Non
594 5871 681 5927 per
703 5854 953 5928 exoticos]
983 5855 1129 5913 Libri
1157 5870 1386 5925 omnes,
1414 5872 1515 5913 non
1544 5865 1592 5913 te
1630 5856 1903 5926 remoturus,
1930 5870 1997 5916 ex
2028 5869 2132 5927 quo
2158 5866 2490 5929 germanam,
2522 5858 2579 5906 ut
2607 5860 2752 5912 reor,
2784 5842 3073 5906 lectionem
3102 5845 3359 5906 eruimus.
