3998 6362
445 382 549 438 183

1589 380 1864 443 ENNODII
1904 385 2209 446 EPISCOPI
2246 389 2625 452 'l‘lClNENSIS

3614 403 3711 460 liii

441 499 655 569 spicuos
683 518 696 552 :
730 499 823 555 sed
866 500 1006 555 hunc
1031 498 1198 555 edidit
1226 500 1476 569 simplex,
1523 507 1578 555 et
1618 499 2025 556 indemutabilis
2052 508 2108 568 Α
2132 509 2259 565 buta
2295 508 2583 580 perfectos.
2612 508 2719 567 Sed
2750 510 2952 567 utinam
2975 512 3124 569 aurei
3147 512 3288 569 bona
3314 474 3498 571 saeculi
3523 530 3714 587 purpu-

442 591 610 662 ﬁgura
659 591 955 647 meliorem.
986 590 1123 657 Quid
1166 592 1312 646 cultu
1358 592 1630 659 laborent,
1662 592 1755 662 qui
1805 591 2029 662 cupiunt

443 684 785 754 peregrinam
834 685 1074 740 obtinere
1105 684 1551 755 pulchritudinem
1586 684 1806 740 ?ltaliae
1851 693 2029 741 rector

442 774 500 828 in
530 772 817 828 amicitiam
863 774 1063 844 colligit
1089 775 1195 831 duo
1223 776 1621 841 diversissima;
1651 785 1710 830 ut
1754 775 1825 830 sit
1864 775 1918 829 in
1948 776 2028 830 ira

442 864 562 920 sine
589 865 989 935 comparatione
1040 866 1361 935 fulmineus,
1394 868 1447 922 in
1507 867 1689 922 laetitia
1726 865 1843 922 sine
1887 867 2029 922 nube

442 955 732 1013 formosus.
773 958 986 1014 Feriato
1013 975 1109 1016 ore
1152 960 1341 1031 legatis
1394 962 1666 1031 gentium,
1698 969 1791 1016 aut
1836 975 2025 1031 pacem

443 1049 635 1105 blanda
665 1052 931 1121 promittit
976 1054 1200 1126 efﬁgies,
1229 1065 1319 1111 aut
1358 1057 1494 1112 bella
1527 1056 1807 1112 terribilis.
1842 1054 2028 1111 Tantis

441 1152 695 1199 constans
741 1146 1059 1216 insignibus,
1094 1157 1289 1219 quanta
1320 1149 1569 1217 facerent
1615 1149 1819 1205 viritim
1850 1148 2029 1205 distri-

2133 614 2311 660 ratum
2334 620 2399 660 ex
2430 614 2483 661 te
2508 620 2726 676 germen
2758 605 3087 675 ampliﬁcet!
3122 608 3323 665 utinam
3365 609 3541 667 haeres
3574 615 3716 684 regni

2134 696 2188 752 in
2218 698 2323 752 tuis
2349 696 2555 751 sinibus
2584 696 2763 751 ludat!
2796 707 2856 751 ut
2882 692 3000 753 haec
3029 713 3147 767 quae
3178 698 3273 753 tibi
3300 698 3577 758 oll‘erimus
3601 718 3718 759 ver-

2133 787 2323 844 borum
2352 789 2627 856 libamina,
2658 803 2810 844 sacer
2839 790 3094 859 parvulus
3120 805 3149 845 a
3185 791 3340 848 nobis
3363 795 3543 864 exigat
3572 795 3718 853 simi-

2133 880 2263 936 lium
2286 881 2638 949 attestationq
2651 881 2985 951 gaudiorum.
3017 882 3156 940 Ecce
3180 885 3515 942 satisfaciens
3541 888 3718 947 debito

2135 980 2191 1029 et
2231 972 2519 1028 obsecutus
2549 972 2722 1029 ofﬁcio
2746 1013 2763 1039 ,
2793 974 3091 1029 orationem
3121 990 3295 1033 meam
3325 978 3568 1036 oratione
3595 995 3721 1039 con-

2136 1064 2292 1121 clusi.

462 1271 3709 1303 Μ

1372 1378 2107 1466 OPUSCULUM
2147 1378 2840 1464 SECUNDUM.

642 1537 993 1592 ωηειιιυε
1016 1543 1397 1596 Αυνειωυε
1426 1546 1562 1597 EOS
1586 1547 1712 1613 ρυι
1735 1542 1750 1574 ¹
1775 1547 2029 1597 σοιηπι

2140 1547 2451 1597 YNODUM
2472 1547 2838 1600 80313333
2858 1549 3523 1605 PRESUMPBEBUN‘I'.

1034 1763 1424 1822 PREFATIO.

508 1850 662 1910 Solet
708 1854 919 1911 dicendi
972 1856 1219 1913 allectum
1269 1872 1456 1915 rerum
1504 1857 1666 1914 ardor
1692 1856 1949 1928 exigere:
1982 1852 2030 1909 si

437 1957 634 2001 avarus
663 1944 836 2001 laudis
856 1957 938 2003 est
959 1949 1169 2004 animus
1194 1958 1250 2005 et
1276 1950 1513 2007 favorem
1538 1950 1811 2007 desiderat
1832 1947 2033 2005 sudore
2062 1915 2111 1977 Β

437 2038 701 2103 mercari;
733 2049 787 2096 et
820 2056 914 2111 per
944 2041 1309 2098 blandimenta
1341 2045 1527 2114 gloriae
1556 2059 1774 2100 crucem
1806 2057 2033 2098 narran-

438 2131 510 2184 tis
542 2131 749 2201 ignorat
781 2149 793 2183 :
828 2140 921 2186 aut
969 2134 1101 2189 lucri
1152 2136 1539 2205 compedibus,
1594 2135 1790 2206 lingua:
1846 2133 2035 2188 vendit

439 2222 759 2293 obsequium
782 2263 799 2289 ,
822 2232 880 2278 ut
906 2224 1033 2280 dum
1064 2228 1274 2282 animus
1296 2228 1527 2284 habendi
1570 2228 1819 2298 cupidine
1849 2227 2034 2297 subju-

441 2325 597 2385 gatus
624 2325 1005 2388 praesumptum
1030 2319 1259 2376 aestimat
1279 2321 1388 2391 jam
1418 2329 1602 2378 tenere
1630 2320 2030 2392 compendium,

437 2408 517 2463 sic
552 2407 855 2477 ingruentia
886 2425 980 2480 per
1007 2412 1131 2484 styli
1151 2414 1467 2469 exercitium
1499 2415 1668 2469 nescit
1699 2413 1890 2470 timere
1920 2411 2033 2468 dis-

437 2500 664 2554 crimina
705 2520 716 2553 :
770 2510 861 2557 aut
914 2506 1237 2559 necessitate
1287 2505 1607 2573 conclusus,
1656 2504 1865 2575 profert
1920 2504 2035 2560 elo-

438 2594 624 2664 quium
657 2594 774 2650 sine
817 2610 1136 2667 quacunque
1181 2596 1307 2653 lima
1339 2599 1613 2669 captivum
1641 2640 1656 2666 ,
1698 2607 1753 2654 et
1792 2597 2031 2653 nesciam

435 2684 662 2757 pudoris
690 2687 921 2745 frontem
945 2698 1210 2746 monstrat
1240 2690 1296 2747 in
1324 2692 1584 2757 medium,
1610 2702 1669 2747 ut
1696 2691 1823 2747 dum
1851 2692 2031 2747 inten-

436 2779 572 2834 tioni
622 2780 944 2850 famulatur,
996 2784 1328 2856 diligentiam
1371 2785 1585 2841 decoris
1625 2785 1874 2855 abjuret:
1906 2784 2030 2854 quia

436 2870 651 2928 dicendi
694 2885 1012 2932 ornamenta
1064 2892 1168 2932 non
1227 2886 1352 2933 sunt
1402 2876 1635 2947 negotii,
1665 2876 1760 2932 sed
1791 2874 2028 2946 quietis;

435 2980 541 3022 nec
569 2967 773 3023 militiae
803 2978 930 3026 sunt
974 2970 1115 3041 picta
1144 2971 1341 3039 verba,
1374 2970 1469 3026 sed
1497 2970 1591 3025 otii
1618 2988 1631 3025 :
1673 2982 1895 3038 campus
1924 2967 2033 3023 for-

434 3069 546 3116 tem
578 3063 854 3132 postulat,
890 3079 992 3134 pax
1031 3066 1294 3134 profunda
1347 3065 1699 3121 redimitum:
1732 3064 1820 3135 qui
1849 3061 2032 3133 profu—

434 3163 557 3208 tura
584 3157 802 3221 asserit,
839 3156 1109 3226 loquelam
1142 3173 1263 3226 quae
1293 3156 1579 3225 penniculo
1610 3156 1739 3210 artis
1767 3162 1850 3210 est
1879 3155 2029 3209 colo-

433 3256 577 3314 rata,
612 3249 930 3304 contemnit.
960 3249 1053 3305 His
1083 3264 1212 3320 ergo
1251 3249 1323 3304 ita
1352 3264 1409 3303 se
1438 3248 1777 3313 habentibus,
1798 3260 2027 3321 causam

434 3342 762 3399 narrationis
816 3343 1053 3409 insinuo,
1105 3352 1161 3399 et
1209 3350 1450 3398 coactam
1502 3356 1689 3398 vocem
1742 3354 2029 3413 pravorum

436 3435 639 3491 latratu
664 3436 933 3507 religiosis
953 3436 1224 3491 mentibus
1244 3434 1597 3491 commendo:
1628 3434 1882 3504 scriptum
1910 3447 2032 3490 esse

434 3530 816 3593 reminiscens.
839 3529 1062 3600 Tempus
1087 3529 1312 3595 tacendi,
1344 3538 1539 3600 tempus
1571 3528 1816 3599 loquendi
1840 3525 2029 3597 (Eccli.

437 3636 520 3687 ιιι,
554 3621 637 3691 8):
675 3620 760 3675 vel
792 3632 913 3689 post
941 3620 1102 3676 ﬁdem
1132 3621 1433 3692 pr0phetici
1474 3620 1722 3676 oraculi’
1748 3618 2032 3688 cujusdam

434 3717 670 3772 oratoris
701 3716 1049 3786 exemplum,
1086 3717 1176 3788 qui
1224 3717 1409 3782 refert,
1456 3716 1560 3771 nisi
1610 3729 1735 3770 cum
1780 3727 2033 3769 necessa-

436 3808 599 3874 riam,
634 3808 846 3863 dicendi
878 3808 1039 3864 nimis
1072 3808 1307 3879 ineptam
1339 3822 1459 3864 esse
1488 3806 1872 3863 conditionem.
1907 3803 2031 3861 Oris

436 3914 569 3971 ergo
593 3899 955 3957 ministerium
982 3915 1081 3972 pro
1110 3902 1307 3972 ingenii
1337 3900 1631 3957 valitudine
1657 3897 2031 3957 sacerdotibus

435 3990 608 4061 dedo,
634 3993 895 4049 adversus
921 4008 1056 4063 quos
1086 3993 1417 4050 sibilantium
1467 3992 1637 4049 eﬁ‘usa
1666 4000 1793 4047 sunt
1823 4004 2029 4047 venena

434 4083 739 4155 linguarum
768 4102 779 4136 :
814 4084 944 4139 licet
973 4094 1125 4141 scuto
1170 4085 1377 4139 munita
1409 4083 1535 4139 ﬁdei
1570 4084 1897 4154 Spiculorum
1930 4084 2031 4137 im-

435 4175 590 4234 brem
640 4178 897 4248 patientia
921 4178 1169 4250 religiosa
1202 4192 1309 4235 non
1337 4177 1545 4243 timeat,
1578 4186 1634 4233 et
1656 4176 1725 4233 ad
1756 4185 2029 4233 auctorem

435 4273 663 4330 redeant
692 4273 800 4329 tela
829 4289 951 4345 quae
983 4273 1101 4329 sine
1129 4272 1367 4329 bellandi
1398 4282 1514 4328 arte
1543 4270 1868 4342 diriguntur.
1901 4269 2033 4337 Qui-

334 4404 338 4409 ρ
434 4365 538 4423 bus
558 4367 699 4423 enim
733 4382 830 4438 pro
861 4366 1029 4423 lorica
1060 4365 1309 4422 Christus
1335 4372 1439 4433 est,
1477 4365 1586 4419 vim
1617 4378 1724 4418 non
1753 4370 2025 4432 metuunt,

436 4465 493 4514 et
535 4458 781 4515 inimicos
813 4459 972 4531 longa
1009 4457 1413 4529 exspectatione
1444 4464 1817 4527 prosternunt.
1868 4455 2027 4523 Quis-

437 4563 670 4619 quamne
698 4558 876 4604 tamen
909 4551 960 4605 in
997 4552 1098 4607 hac
1126 4552 1241 4606 acie
1282 4550 1524 4621 praelium
1577 4557 1726 4621 putet
1772 4562 1892 4603 esse
1920 4546 2032 4601 lor-

437 4642 651 4710 midini,
684 4641 737 4696 in
763 4657 866 4713 qua
906 4642 1018 4698 Deo
1061 4650 1117 4699 et
1155 4643 1497 4713 pontiﬁcibus
1526 4642 1758 4697 infertur
1800 4641 1917 4694 sine
1948 4636 2028 4693 vis

2137 1784 2499 1840 adversarium
2550 1785 2782 1842 debilem
2834 1790 3440 1857 expavescat?lnvidet
3482 1794 3584 1850 sibi
3616 1796 3725 1867 ipse

2144 1877 2446 1943 victoriam,
2474 1879 2563 1947 qui
2590 1881 2919 1935 conscientia
2953 1882 3289 1938 vulneratum
3313 1886 3527 1956 aggredi
3548 1898 3726 1948 cessat

2136 1969 2438 2026 inimicum.
2465 1970 2546 2026 Ad
2574 1971 2781 2027 lucrum
2813 1972 2986 2028 hostis
3008 1974 3087 2028 sui
3114 1975 3387 2045 procedit,
3409 1978 3493 2048 qui
3518 1981 3568 2033 in
3595 1995 3723 2036 con-

2136 2062 2372 2118 llictibus
2404 2078 2510 2118 non
2539 2065 2687 2135 prius
2715 2080 2926 2134 causas,
2953 2083 3112 2138 quam
3142 2069 3288 2125 aliud
3323 2072 3612 2142 expendit:
3638 2074 3725 2132 dat

2136 2156 2281 2211 vires
2321 2156 2517 2226 jaculis
2563 2158 2869 2214 innocentia
2896 2200 2912 2225 ,
2956 2168 3012 2215 et
3061 2175 3376 2219 mucronem
3431 2176 3629 2221 acuunt
3665 2181 3725 2223 ex

2139 2266 2293 2321 aequo
2321 2250 2591 2306 venientia
2622 2261 2745 2307 vota
2775 2252 3019 2309 bellandi
3048 2271 3061 2313 :
3091 2256 3426 2324 pcreutiendi
3469 2258 3726 2329 impetum

2138 2343 2257 2413 plus
2283 2343 2481 2412 justum
2511 2345 2753 2401 dolorem
2783 2346 2985 2403 scimus
3008 2347 3221 2405 dedisse
3262 2366 3423 2421 quam
3486 2352 3724 2408 brachia.

2139 2432 2266 2489 Inde
2294 2424 2583 2504 paucorum
2616 2437 2737 2492 telis
2767 2438 3056 2495 multitudo
3080 2456 3187 2496 non
3216 2444 3476 2498 substitit.
3504 2442 3729 2503 Dicente

2139 2541 2269 2594 ergo
2300 2542 2509 2582 mecum
2550 2530 2847 2600 propheta:
2882 2530 3071 2588 Plures
3101 2535 3361 2589 uobiscum
3388 2546 3529 2603 sunt,
3572 2556 3731 2609 quant

2136 2636 2253 2673 cum
2282 2618 2389 2675 illis
2411 2618 2517 2689 (IV
2552 2620 2681 2694 Reg.
2716 2638 2792 2688 vt,
2823 2620 2947 2692 16):
2980 2625 3301 2695 placiturum
3332 2627 3522 2696 bonis,
3550 2644 3731 2700 quan-

2137 2721 2249 2768 tum
2279 2714 2509 2782 aestimo,
2548 2729 2684 2784 opus
2714 2716 2990 2787 incipiam.

2209 2824 2489 2881 Sufﬁceret
2504 2827 2717 2898 quidem
2736 2830 3132 2887 scltismaticam
3150 2833 3471 2903 imperitiam
3487 2838 3730 2908 proposi-

2135 2919 2282 2976 tione
2307 2920 2605 2977 cecidissc:
2642 2924 2872 2979 maxime
2894 2940 3015 2981 cum
3043 2942 3228 2983 secum
3254 2928 3489 2985 habeant
3514 2932 3728 3001 objecta

2134 3029 2478 3085 responsum,
2514 3024 2567 3070 et
2595 3026 2867 3073 mereatur
2898 3019 3085 3074 titulus
3112 3021 3231 3077 sine
3257 3022 3501 3077 lectionis
3527 3024 3729 3081 discus-

2134 3106 2289 3162 sione
2318 3122 2441 3162 cum
2472 3118 2695 3165 auctore
2736 3110 2981 3166 damnari
3015 3131 3026 3165 :
3067 3128 3187 3168 cum
3238 3114 3291 3169 in
3340 3118 3729 3186 prmnotalione

2134 3197 2251 3270 ipsa
2279 3200 2640 3272 signiﬁcantia
2670 3206 2851 3275 operis
2882 3206 3185 3263 innotescat
3224 3208 3510 3275 immundi,
3543 3211 3729 3268 dicen-

2057 3302 2103 3368 ρ
2134 3293 2267 3350 tium
2296 3311 2562 3351 anvznsus
2584 3312 2821 3353 svaonuu
2850 3305 3223 3355 adsonurtoms
3251 3316 3584 3357 mconcnuaz.
3614 3305 3729 3375 Ego

2134 3395 2313 3444 tamen
2347 3404 2489 3444 nunc
2533 3390 2579 3443 si
2621 3404 2799 3460 agam,
2830 3392 2984 3461 quasi
3012 3406 3147 3461 opus
3174 3392 3243 3446 sit
3267 3392 3444 3448 alieno
3468 3408 3598 3451 ense
3632 3410 3730 3466 pe-

2134 3480 2244 3535 rire
2272 3481 2413 3534 mala
2458 3490 2872 3550 proponentem.
2928 3481 3077 3537 Istud
3109 3484 3464 3554 praeloquium
3508 3496 3728 3554 potest,

2134 3571 2527 3629 dementissimi
2558 3572 2835 3629 hominum
2856 3616 2871 3641 ,
2905 3584 3112 3630 tantum
3161 3576 3455 3632 inscientiae
3483 3579 3731 3635 ascribi?

2134 3666 2302 3723 Estne
2351 3667 2542 3737 aliquis
2574 3675 2766 3737 praeter
2811 3681 2931 3734 vos,
2979 3669 3059 3724 sic
3108 3669 3247 3725 inter
3277 3684 3404 3724 oves
3450 3670 3733 3728 ulcerosas

2133 3760 2471 3829 deputandus
2494 3768 2550 3816 et
2564 3762 2842 3830 erraticas,
2868 3762 2957 3831 qui
2982 3777 3232 3833 magnum
3257 3776 3437 3833 regem
3456 3764 3732 3830 potuisset

2136 3854 2403 3910 lacessere
2432 3864 2709 3925 pastorum
2734 3856 2756 3909 l
2778 3854 2993 3911 dicente
3023 3858 3286 3925 propheta
3312 3874 3325 3911 :
3352 3856 3517 3912 Filios
3538 3860 3734 3913 nutriet

2135 3960 2182 4005 et
2211 3950 2454 4014 exultavi,
2486 3944 2587 4019 ipsi
2616 3959 2787 4003 autem
2837 3958 3135 4019 spreverunt
3176 3966 3255 4003 me
3284 3948 3439 4021 (lsai.
3482 3965 3520 4016 ι,
3552 3948 3610 4020 2)
3637 3968 3650 4003 :
3682 3960 3734 4006 et

2135 4042 2364 4098 Domino
2406 4042 2474 4098 de
2521 4043 2812 4113 apostolis,
2860 4044 2959 4108 Qui
2985 4060 3073 4097 vos
3118 4045 3349 4111 spernit,
3398 4060 3479 4098 me
3525 4044 3732 4113 spernit

2135 4131 2288 4205 (Luc.
2313 4149 2369 4199 x,
2404 4132 2493 4202 16)
2521 4151 2541 4187 -.
2569 4148 2704 4201 quos
2731 4133 3016 4202 episcopos
3067 4132 3233 4188 fuisse
3264 4134 3525 4205 propheta
3553 4142 3736 4191 testa-

2136 4235 2245 4291 tur,
2280 4227 2347 4281 de
2372 4226 2505 4281 Juda
2553 4224 2821 4282 dicendo:
2865 4222 2933 4279 Et
2972 4227 3327 4297 episcOpatum
3371 4230 3478 4299 ejus
3502 4228 3737 4295 accipiat

2134 4320 2265 4375 alter
2292 4317 2461 4393 (Psal.
2503 4334 2653 4387 cvm,
2698 4319 2775 4389 8).
2804 4318 3066 4387 Apostolo
3109 4332 3261 4388 atque
3308 4318 3473 4373 Paulo
3512 4320 3737 4389 procla.

2136 4421 2338 4479 mante,
2372 4412 2591 4467 Obedite
2618 4412 2905 4482 prtepositis
2926 4412 3123 4479 vestris,
3149 4410 3391 4482 quoniam
3415 4411 3515 4481 ipsi
3543 4428 3734 4468 exora-

2137 4503 2261 4558 bunt
2288 4520 2380 4575 pro
2400 4503 2537 4557 vobis
2564 4503 2753 4575 (Hebr.
2785 4518 2899 4567 xm,
2934 4503 3044 4573 l7).

2210 4614 2316 4672 Sed
2356 4614 2640 4669 redeamus
2674 4614 2739 4669 ad
2766 4628 2987 4684 gravem
3018 4622 3074 4671 et
3098 4614 3461 4675 venerabilem
3494 4628 3601 4671 non
3640 4628 3737 4671 so-

438 4691 651 4710 ﬂ--_-_--,
767 4691 866 4713 Ἰη-
909 4691 1013 4698 _--
1065 4691 1116 4699 ν,
1157 4691 1495 4713 ,,-..-.--,----
1526 4691 1749 4697 __-__-__
1964 4691 1999 4693 ν-

438 4733 580 4789 rium
634 4734 990 4790 aestimatione
1018 4736 1331 4791 certamen?
1376 4734 1733 4805 quisquamne
1759 4731 1959 4785 ﬂuxum
1980 4738 2029 4785 et

2140 4716 2252 4773 lum
2275 4715 2378 4771 ’ex
2398 4716 2482 4770 ala
2504 4714 2841 4786 productam,
2866 4716 2957 4771 sed
2976 4717 3257 4787 mysticam
3283 4718 3738 4786 pr0positionem.

441 4825 806 4884 lacessentem
857 4827 1069 4883 hostem
1123 4829 1339 4897 videat,
1389 4837 1445 4884 et
1496 4827 1802 4899 praeliorum
1857 4824 2034 4880 causis

514 4943 531 4972 ¹
560 4940 755 4997 Contra
774 4942 1030 5013 synodum
1055 4942 1274 5013 scribere
1296 4938 1755 5013 praesumpserant]
1785 4937 2033 5013 Synodus

440 5028 603 5080 quam
643 5013 744 5069 hoc
768 5010 949 5069 libello
971 5013 1211 5068 defendit
1240 5010 1529 5069 Ennodius'
1544 5028 1610 5068 ea
1641 5021 1722 5067 est
1743 5025 1862 5080 quae
1892 5010 2033 5063 inter

438 5082 713 5156 Romanas
759 5084 1067 5156 Symmachi
1116 5098 1265 5154 papae
1297 5095 1485 5156 quarta
1532 5082 1800 5156 numerari
1832 5080 2030 5146 debet,

439 5171 473 5210 χ
501 5158 602 5210 cal.
648 5154 1158 5212 Novembris'Ruﬁo
1202 5156 1391 5212 Magno
1422 5154 1620 5210 Fausto
1658 5155 1864 5210 Avieno
1893 5167 1944 5205 v.
1975 5165 2026 5205 c.

439 5228 665 5303 consule
692 5238 928 5303 peracta,
961 5242 1100 5303 (ιιιιιᾱ⁸
1128 5237 1182 5303 et
1222 5227 1475 5303 palmaris
1500 5227 1873 5303 cognominata
1908 5230 2023 5303 “est.

437 5294 496 5351 In
515 5312 617 5371 qua
636 5293 756 5371 cum
779 5293 1054 5371 absolutus
1077 5293 1267 5371 fuisset
1288 5293 1643 5371 Symmachus
1660 5293 2028 5371 acriminihus

440 5370 633 5447 quibus
662 5369 1020 5447 impetebatur
1042 5370 1109 5424 ab
1138 5366 1484 5447 adversariis,
1503 5366 2028 5447 repertisuntint‘er

440 5437 835 5509 scltismaticos,
866 5441 958 5509 qui
984 5448 1167 5495 contra
1184 5439 1335 5496 illam
1360 5437 1598 5496 scribere
1623 5438 1921 5502 auderent,
1953 5437 2025 5489 ti-

442 5506 716 5578 tulumque
740 5506 896 5579 operi
918 5526 1017 5573 suo
1038 5511 1223 5587 indere
1248 5554 1263 5577 ,
1294 5526 1571 5587 snvsnsutt
1604 5522 1841 5565 SYNODUI
1865 5519 2025 5587 auso:

442 5574 683 5649 LU'I'IQNlS
727 5574 1060 5639 inhonestus.
1107 5574 1309 5649 Quith
1358 5581 1655 5644 Εηηοάίιιεν
1714 5594 1779 5634 εἰ
1831 5574 2025 5645 εγηοάί

444 5648 699 5719 mandato
726 5662 885 5719 atque
920 5648 1259 5716 auctoritate,
1294 5653 1396 5706 hoc
1415 5649 1773 5719 oApongetico
1798 5660 2027 5719 respon-

444 5715 545 5781 dii.
576 5727 631 5793 e_t
662 5715 870 5793 singula
917 5738 1103 5778 eorum
1136 5730 1451 5793 argumenta
1478 5715 1776 5793 refellens,
1810 5717 2027 5770 univer-

444 5801 559 5841 sam
588 5789 895 5860 Symmachi
929 5789 1225 5864 synodiqué
1245 5808 1461 5848 causam
1493 5791 1776 5864 diligenter
1804 5800 2026 5864 accura-

440 5857 822 5933 tequeiutatus
844 5870 945 5918 est.
959 5857 1080 5931 Quo
1096 5857 1314 5920 nomine
1333 5865 1468 5920 adeo
1484 5857 1755 5933 episcopis
1774 5857 2025 5915 omnibus

444 5931 702 6001 probatus
737 5944 818 5989 est
847 5934 1003 6002 liber,
1036 5943 1095 5987 ut
1119 5949 1241 5990 eum
1287 5931 1528 6005 synodus
1552 5934 1719 5991 altera
1758 5944 1877 6003 qua:
1905 5937 2025 5999 post

2144 4838 2164 4871 ι
2211 4817 2328 4874 Non
2358 4830 2567 4884 omnes,
2614 4816 2881 4888 inquiunt,
2925 4815 3232 4872 sacerdotes
3270 4818 3415 4887 regis
3438 4818 3506 4873 ad
3544 4821 3739 4877 conci-

2135 4931 2476 4988 consulatum
2504 4929 2695 4986 Avieni
2736 4929 2917 4983 habita
2947 4930 3058 4991 est,
3089 4926 3342 4997 suffragio
3371 4942 3469 4983 suo
3518 4932 3737 4987 conﬁr-

2139 5005 2319 5069 marit,
2350 5010 2511 5072 atque
2538 5003 2679 5055 inter
2698 5005 2939 5073 quartam
2969 5009 3023 5073 et
3044 4996 3282 5073 quintam
3315 5000 3549 5073 synodos
3575 5000 3738 5073 Sym.
3784 4996 3792 5005 ’

2142 5070 2460 5130 ωεοιιίειιιθέ
2508 5072 2783 5136 collocari,
2816 5070 3123 5138 decretiQue
3153 5072 3258 5123 vim
3290 5070 3531 5126 obtinere
3558 5070 3739 5140 jusse-

2138 5147 2231 5201 rit.
2274 5144 2443 5199 Hodie
2494 5151 2672 5198 tamen
2726 5156 3003 5211 perperam
3042 5149 3163 5211 post
3212 5140 3474 5211 synodum
3516 5144 3738 5199 Avieno

2133 5215 2352 5286 juniore
2376 5223 2616 5269 coactam
2657 5211 3104 5286 poniturlibellus
3131 5210 3384 5286 Ennodii,
3415 5228 3533 5265 cum
3562 5216 3736 5270 alteri

2137 5281 2259 5357 quae
2290 5286 2489 5357 Fausto
2510 5288 2552 5357 γᾼ
2564 5287 2741 5357 vieno,
2772 5293 2829 5337 ut
2850 5282 3238 5357 dixi,__consule
3260 5281 3567 5357 habitaest,
3590 5288 3736 5357 sub-

2132 5352 2224 5427 jici
2258 5356 2467 5411 debeat.
2504 5356 2627 5411 Haec
2655 5356 2820 5419 enim,
2846 5368 2951 5427 non
2981 5353 3091 5427 illa,
3120 5352 3359 5427 synodus
3390 5354 3487 5427 fuit
3508 5353 3736 5409 absolu-

2134 5422 2323 5489 tionis.
2353 5436 2408 5483 et
2435 5436 2654 5508 quarta,
2697 5424 3064 5508 etpalmaris,
3092 5438 3120 5476 a
3153 5422 3459 5493 Symmachi
3510 5426 3734 5481 aemulis
3779 5440 3811 5501 τε

2133 5496 3137 5687 °piiigiiiaibo§2$ﬁj3212237.}.
3185 5562 3399 5634 dialogo
3429 5563 3459 5621 ί
3491 5563 3559 5618 de
3583 5563 3733 5620 οη-
3810 5533 3821 5563 ἴ

2133 5649 2266 5687 tore-
2299 5640 2388 5687 nhi
2418 5638 2670 5687 Crassum
2702 5636 2777 5687 sic
2830 5646 3113 5687 canentem
3148 5634 3386 5687 inducit:
3422 5633 3561 5687 Nam
3590 5638 3732 5687 arrid

2132 5649 2267 5701 tore,
2299 5633 2390 5691 tibi
2418 5638 2670 5692 Crassum
2702 5633 2777 5689 sic
2811 5633 3113 5705 loquentem
3148 5633 3348 5688 inducit
3372 5652 3401 5705 :7
3422 5633 3561 5687 Nam
3590 5638 3732 5702 quid

2131 5719 2203 5765 est
2226 5710 2450 5777 ineptius
2478 5724 2631 5777 quam
2657 5707 2718 5759 de
2738 5707 2953 5759 dicendo
2975 5707 3163 5765 dicere,
3204 5721 3319 5757 cum
3345 5704 3402 5758 id
3422 5706 3589 5771 ipsum
3630 5706 3727 5757 di-

2129 5798 2242 5836 cere
2267 5795 2527 5849 nunquam
2556 5779 2621 5832 sit
2671 5793 2773 5831 non
2804 5779 3059 5849 ineptum,
3089 5777 3184 5829 nisi
3225 5793 3337 5829 cum
3375 5785 3447 5829 est
3478 5790 3727 5829 παιδίας

2128 5852 2304 5908 rium?

2201 5924 2220 5953 ⁸
2254 5922 2336 5977 Ex
2359 5922 2444 5977 ala
2483 5920 2816 5993 productam]
2857 5920 2947 5977 Sic
2977 5918 3099 5977 libri
3128 5932 3337 5988 omnes,
3366 5930 3471 5988 quo
3509 5929 3681 5974 sensu
3701 5959 3718 5983 ,
