3998 6362
454 330 555 393 187

1615 322 1883 381 ENNODII
1925 319 2228 383 ΕΗωοΡί
2258 319 2625 385 TICINENSIS

3623 328 3724 387 188

452 442 727 510 Dominus,
755 442 845 514 qui
873 439 1115 517 promisit
1143 455 1239 512 per
1271 439 1583 511 prophetam
1629 441 1783 511 (lsai.
1820 457 1878 510 il,
1915 440 2028 512 12),
2056 440 2113 505 Α
2138 439 2259 510 quis
2290 440 2468 513 alteri,
2496 439 2639 511 quod
2668 438 2918 511 ipseiam
2938 441 3191 513 perdidit.
3222 442 3375 501 Nunc
3398 453 3546 503 recte
3571 450 3728 515 vobis

452 535 681 592 futurum
710 550 769 591 se
800 550 960 605 super
988 549 1204 590 onmem
1236 535 1523 606 superbum
1566 546 1617 592 et
1648 536 1945 603 excelsum,
1972 543 2028 591 et

449 645 613 700 super
642 645 853 685 omnem
892 640 1252 701 arrogantem,
1284 640 1343 685 ut
1382 630 1720 686 humilietur?
1758 630 1864 686 Sed
1906 629 2021 685 feti«

450 724 576 780 dum
604 738 737 793 opus
760 723 997 793 vestigiis
1028 723 1278 794 insequar
1299 732 1353 779 et
1374 723 1596 792 ferrata,
1618 724 1664 779 si
1684 723 1861 792 valeo,
1880 724 2030 781 calce

450 814 790 872 contundam.
824 815 896 872 Ut
924 831 1053 873 vere
1093 816 1290 885 dicam,
1332 832 1417 872 res
1449 833 1567 873 cum
1600 833 1675 886 re,
1709 832 1872 874 causa
1907 832 2029 874 cum

449 924 628 977 causa,
662 910 800 971 ratio
829 926 949 967 cum
976 927 1037 968 ea
1076 927 1234 983 quam
1268 922 1475 983 putant,
1512 915 1722 975 ratione
1753 915 2027 985 pugnabit.

448 1003 739 1060 Oblocutos
770 1006 1078 1063 sacerdotes
1107 1009 1549 1077 praaceptionibus
1578 1009 1740 1080 regiis
1765 1009 2027 1079 allegatis,

449 1106 500 1151 et
531 1097 799 1166 quoddam
830 1100 1168 1171 sacrilegium
1202 1102 1445 1168 creditis,
1482 1098 1603 1157 mali
1634 1102 1859 1173 aliquid,
1906 1117 2028 1157 cum

449 1176 723 1246 caelestem
748 1191 1017 1257 nesciatis,
1052 1192 1119 1246 de
1146 1194 1340 1247 terreni
1381 1192 1583 1249 domini
1626 1192 1871 1263 jussione
1905 1182 2031 1249 sene

448 1278 581 1333 tiri:
629 1280 969 1349 opponendo,
1019 1284 1138 1354 quis
1182 1285 1293 1354 regi
1325 1284 1503 1340 debuit
1542 1286 1753 1352 dicere;
1792 1288 1805 1315 ¹
1840 1301 2031 1357 papam

450 1372 754 1443 oportuisse
798 1374 1059 1446 synodum
1090 1379 1424 1433 convocare?
1464 1386 1610 1434 certe
1648 1378 1789 1449 quod
1840 1381 1891 1435 in
1932 1380 2034 1436 hac

451 1476 601 1535 parte
627 1476 838 1523 constat
868 1470 1215 1541 exemplum?
1246 1471 1397 1527 illum
1427 1473 1716 1543 praicipue,
1741 1474 1828 1543 qui
1855 1473 2035 1528 crimi-

451 1559 601 1614 nosis
643 1562 932 1619 multorum
974 1565 1425 1634 propositionibus
1456 1566 1565 1635 jam
1607 1566 1841 1635 jacebat,
1873 1582 2034 1634 quem

450 1650 553 1706 hoc
586 1652 757 1709 fuerat
795 1654 1076 1722 damnare,
1103 1658 1246 1726 quod
1285 1658 1466 1727 argui;
1508 1658 1591 1713 cui
1625 1658 2034 1728 praerogativam

450 1746 661 1802 coalitus
690 1748 975 1818 ascriptam
999 1749 1234 1805 hostium
1261 1766 1479 1805 suorum
1510 1750 1782 1806 oblocutio
1811 1750 1917 1819 iam
1948 1760 2034 1806 tu-

451 1840 633 1896 lisset?
663 1840 741 1897 Ad
774 1842 909 1897 hanc
936 1858 1029 1898 vos
1056 1843 1380 1901 dementiam
1407 1844 1669 1899 malorum
1695 1852 1908 1900 actuum
1939 1860 2035 1914 per

450 1931 644 1997 gradus
675 1946 801 1987 suos
842 1933 1168 1994 incrementa
1213 1944 1511 2005 traxerunt,
1554 1945 1612 1990 ut
1660 1936 1763 1993 hoc
1801 1936 2035 1993 credatis

450 2036 570 2078 esse
602 2024 886 2093 lacessere,
920 2028 1061 2097 quod
1089 2027 1445 2089 convincere?
1487 2042 1586 2083 nec
1628 2028 1767 2096 apud
1808 2043 1903 2084 vos
1942 2029 2037 2083 ba-

452 2114 615 2169 beant
654 2130 683 2169 a
722 2119 949 2173 veritate
988 2118 1345 2175 differentiam
1377 2120 1519 2189 odia,
1566 2135 1690 2192 qua:
1724 2120 2039 2191 plerumque

452 2216 637 2263 contra
667 2209 914 2269 meritum
944 2212 1194 2284 iiﬂpetiti,
1238 2213 1453 2282 studiis,
1496 2230 1601 2270 non
1649 2213 1847 2269 rationi
1881 2214 2035 2270 obse-

452 2302 669 2372 quentia
711 2313 833 2359 vota
872 2305 1233 2363 concinnant?
1261 2306 1360 2363 Ubi
1399 2315 1481 2364 est
1532 2307 1690 2373 illud,
1725 2306 2041 2379 Priusquam

452 2410 720 2465 agnoscas,
776 2413 838 2451 ne
900 2398 1168 2471 adjutlices
1218 2415 1522 2470 quamquam
1587 2398 1777 2472 (Eccli.
1836 2417 1911 2458 xi.
1983 2403 2040 2469 7,

453 2503 553 2543 sec.
592 2486 793 2560 LXX)?
818 2488 955 2544 Olim
996 2504 1090 2547 vos
1122 2492 1328 2563 accepit
1352 2506 1478 2561 grex
1511 2492 1717 2562 positus
1741 2494 1795 2548 in
1823 2493 2039 2550 sinistra

453 2579 717 2651 collegas:
748 2580 887 2663 apud
918 2596 1052 2652 quos
1078 2598 1145 2638 ex
1179 2582 1492 2653 praeiudicio
1518 2586 1794 2655 excepisse
1824 2595 2042 2641 senten-

454 2672 582 2729 tiam
606 2672 862 2742 creditur,
894 2674 983 2745 qui
1014 2676 1207 2731 meruit
1244 2676 1308 2729 ad
1351 2691 1575 2733 examen
1614 2676 1828 2745 adduci,
1855 2685 1910 2733 et
1937 2676 2043 2737 hoc

453 2778 537 2833 est
556 2782 705 2822 reum
724 2770 975 2837 existere,
992 2770 1136 2840 quod
1165 2770 1355 2827 libram
1383 2772 1793 2842 disceptationis
1817 2773 2039 2830 intrare.

523 2861 903 2921 Prmlocutioni
962 2871 1138 2920 tamen
1184 2863 1388 2935 optimc
1428 2864 1668 2923 divinum
1723 2864 2042 2924 subdidistis

452 2956 793 3027 exemplum:
823 2959 967 3029 quod
1009 2957 1082 3015 ita
1116 2958 1391 3029 quadratis
1419 2970 1629 3017 constat
1676 2961 1947 3031 alloquiis,
1979 2970 2044 3019 ut

452 3047 627 3120 ipsum
657 3050 712 3104 in
738 3064 805 3105 eo
832 3052 852 3081 ³
875 3050 1253 3121 Archisippum
1278 3060 1461 3107 tenere
1486 3053 1686 3109 lineam
1707 3063 1883 3123 putes.
1908 3053 2043 3112 Pec-

451 3141 621 3197 catori
662 3141 792 3196 dicit
827 3140 1006 3197 Deus:
1050 3142 1223 3209 Quare
1260 3154 1313 3198 tu
1357 3159 1570 3199 enarras
1618 3146 1851 3215 justitias
1896 3162 2037 3201 meas

2133 547 2252 587 cum
2277 532 2536 604 propheta
2563 533 2736 590 dicam
2765 552 2779 589 :
2808 534 2995 591 Omnia
3015 553 3129 605 qua:
3151 537 3371 608 loquitur
3396 541 3619 611 populus
3633 543 3728 602 iste

2131 628 2421 695 conjuratio
2458 636 2556 697 est,
2589 636 2637 684 et
2677 630 2910 685 timorem
2940 633 3050 704 ejus
3082 646 3146 686 ne
3178 631 3396 688 timeatis
3427 650 3515 689 nec
3542 634 3730 705 formi-

2132 718 2263 774 detis
2287 719 2439 791 (lsai.
2462 736 2576 789 vni,
2604 721 2715 793 12).
2743 721 2993 779 Facessat
3013 738 3042 777 a
3065 721 3239 793 nobis,
3264 726 3351 795 qui
3375 726 3426 781 in
3449 726 3601 783 vobis
3621 736 3726 797 est,

2131 811 2371 880 pruritus
2415 810 2517 867 iste
2547 811 2850 882 linguarum
2883 831 2896 869 :
2932 828 3067 886 quos
3105 830 3232 871 vere
3276 814 3417 871 idem
3466 818 3730 888 propheta

2134 903 2310 974 arguit
2347 919 2361 959 :
2411 903 2699 961 Scribeittes
2722 907 3031 978 injustitiam
3071 909 3345 983 scripsistis
3372 910 3529 984 (lsai.
3555 929 3611 979 x,
3648 913 3728 983 1).

2140 1014 2159 1050 s
2189 996 2305 1052 Non
2348 1012 2449 1053 nos
2493 998 2708 1057 beatum
2751 1000 2989 1068 Petrum,
3032 1001 3173 1057 sicut
3209 1001 3408 1069 dicitis,
3442 1021 3470 1060 a
3499 1003 3730 1062 Domino

2134 1102 2256 1143 cum
2293 1088 2438 1151 sedis
2465 1089 2776 1161 privilegiis,
2805 1092 2890 1147 vel
2929 1107 3273 1151 successores
3297 1095 3435 1167 ejus,
3469 1097 3733 1169 peccandi

2132 1180 2437 1251 iudicamus
2482 1183 2754 1240 licentiam
2805 1186 3125 1257 suscepisse.
3172 1208 3190 1240 ι
3242 1186 3265 1219 ⁴
3302 1188 3394 1243 llle
3438 1205 3734 1260 perennem

2137 1275 2452 1330 meritorum
2488 1276 2667 1332 dotem
2706 1293 2827 1333 cum
2869 1278 3183 1335 hrereditate
3228 1280 3551 1339 innocentia:
3592 1286 3736 1353 misit

2138 1367 2202 1421 ad
2231 1375 2508 1437 posteros:
2534 1370 2675 1439 quod
2694 1370 2770 1429 illi
2787 1386 3103 1430 concessum
3126 1384 3210 1430 est
3231 1392 3326 1447 pro
3348 1387 3561 1432 actuum
3588 1379 3737 1451 luce,

2138 1458 2204 1512 ad
2251 1458 2371 1513 illos
2423 1462 2655 1530 pertinet
2693 1477 2828 1533 quos
2875 1478 2973 1534 par
3013 1468 3441 1524 conversationis
3478 1469 3736 1539 splendor

2138 1550 2421 1607 illuminat.
2450 1552 2580 1619 Quis
2601 1550 2743 1610 enim
2766 1568 3009 1613 sanctum
3032 1574 3151 1615 esse
3168 1560 3396 1628 dubitet,
3421 1579 3582 1633 quem
3602 1580 3738 1637 apex

2137 1651 2299 1698 tanta:
2325 1643 2602 1715 dignitatis
2629 1648 2864 1715 attollit;
2894 1648 2944 1705 in
2969 1666 3076 1722 quo
3104 1654 3150 1707 si
3177 1653 3355 1710 desint
3386 1654 3526 1713 bona
3556 1659 3739 1729 acqui-

2139 1736 2239 1791 sita
2282 1752 2378 1807 per
2422 1740 2693 1804 meritum,
2734 1740 3005 1796 sufficiunt
3053 1760 3172 1814 qua:
3221 1760 3251 1799 a
3295 1746 3400 1803 loci
3452 1748 3740 1807 decessore

2061 1829 2111 1893 Β
2141 1829 2505 1898 praestantur?
2534 1840 2626 1884 aut
2650 1832 2792 1887 enim
2832 1832 3007 1891 claros
3045 1835 3112 1890 ad
3156 1836 3273 1893 haec
3311 1836 3524 1910 fastigia
3556 1843 3740 1912 erigit,

2138 1932 2230 1978 aut
2259 1923 2351 1994 qui
2377 1924 2654 1995 eriguntur
2686 1926 2941 1984 illustrat.
2973 1926 3271 1986 Praenoscit
3306 1932 3446 1987 enim
3474 1933 3600 2004 quid
3628 1934 3740 1991 Ec-

2140 2016 2429 2071 clesiarum
2473 2016 2827 2075 fundamento
2870 2022 2942 2076 sit
2989 2021 3186 2089 habile,
3230 2040 3394 2096 super
3424 2042 3578 2098 quem
3620 2028 3741 2097 ipsa

2140 2108 2313 2163 moles
2350 2108 2615 2165 innititur.
2654 2130 2672 2161 t
2703 2112 2811 2167 Sed
2846 2112 2972 2169 hinc
3010 2116 3218 2173 actibus
3241 2119 3435 2174 veStris
3463 2119 3741 2176 etelestem

2140 2200 2433 2269 potentiam
2457 2202 2657 2271 putatis
2684 2217 2805 2258 esse
2834 2204 3113 2277 suffragio,
3147 2210 3291 2278 quod
3325 2211 3390 2265 ad
3424 2213 3742 2282 praesidium

2142 2291 2282 2347 beati
2311 2294 2537 2363 apostoli
2575 2294 2919 2364 adiutricem,
2946 2306 3007 2352 ut
3049 2297 3246 2369 dicitis,
3281 2301 3557 2358 dexteram
3588 2320 3742 2359 com-

2142 2387 2393 2442 modatis.
2419 2404 2440 2440 ι
2470 2387 2722 2459 Nescitis,
2754 2389 2954 2455 stolidi,
2981 2392 3150 2447 solem
3179 2394 3382 2450 facibus
3412 2410 3517 2452 non
3534 2396 3744 2467 juvari,

2143 2493 2243 2535 nec
2258 2478 2324 2535 ad
2352 2480 2657 2550 praesidium
2681 2482 2888 2537 diurna:
2912 2482 3045 2538 lucis
3062 2485 3289 2555 lychnos
3317 2488 3575 2543 accendi?
3597 2490 3745 2546 Scri<

2143 2579 2293 2640 ptum
2325 2572 2472 2627 enim
2501 2580 2618 2628 est:
2652 2574 2925 2629 Scrutatur
2946 2574 3107 2631 corda
3135 2584 3185 2631 et
3206 2593 3347 2633 renes
3385 2576 3526 2634 Deus
3556 2578 3747 2653 (Psal.

2142 2678 2235 2732 vn,
2258 2663 2358 2731 ως
2388 2664 2500 2719 Jer.
2539 2682 2671 2731 xvii,
2704 2667 2816 2738 10).

2211 2754 2320 2813 Sed
2360 2758 2412 2813 in
2454 2758 2543 2813 illa
2590 2767 2741 2828 parte
2771 2760 2893 2830 quis
2942 2760 3135 2817 audeat
3163 2763 3491 2833 argumentis
3535 2766 3743 2822 vestris

2144 2850 2500 2920 respondere,
2545 2852 2649 2906 nisi
2700 2852 2822 2924 quia
2872 2854 2992 2909 sine
3032 2862 3148 2910 arte
3192 2855 3393 2910 dicitur
3434 2870 3647 2926 verum,
3694 2866 3748 2919 et

2143 2943 2281 3001 fides
2303 2945 2582 3002 mendacio
2603 2960 2913 3003 sermonum
2938 2948 3148 3005 technis
3170 2950 3441 3005 assuitur‘.’
3465 2951 3632 3019 «Cur,
3660 2954 3747 3009 in-

2143 3038 2355 3108 quiunt,
2377 3039 2444 3093 ad
2462 3039 2759 3110 principem
2782 3040 3133 3110 convenistis,
3157 3042 3201 3098 si
3225 3043 3396 3099 audiri
3414 3059 3520 3100 non
3539 3045 3745 3103 licebat

2142 3127 2482 3201 impctitum?
2512 3150 2531 3185 ι
2568 3132 2654 3189 Sic
2681 3148 2779 3191 vos
2806 3133 2859 3191 in
2890 3142 3165 3206 stuporem
3204 3138 3486 3207 pecualem
3525 3142 3745 3211 peccati

456 3227 626 3298 (Ptol.
654 3246 797 3299 χιιι,
828 3231 953 3303 16)ΐ
984 3232 1118 3291 iiuic
1151 3234 1297 3291 dicto
1328 3246 1715 3304 'conserentcs,
1762 3239 1917 3310 quasi
1967 3238 2031 3297 ad

2144 3222 2338 3278 nebula
2380 3232 2473 3279 aut
2515 3224 2732 3282 divinus
2774 3228 2968 3284 horror
2998 3229 3241 3297 oblimat,
3285 3238 3342 3286 ut
3378 3234 3747 3290 verecundam

451 3325 761 3385 sacerdotes
786 3327 1174 3399 apostmphen,
1206 3330 1327 3399 quia
1353 3330 1493 3387 beati
1527 3330 1672 3388 Petri
1699 3333 1929 3405 aposmli
1960 3334 2042 3389 vi-

448 3415 629 3471 carius
676 3418 994 3476 rcstimatur.
1054 3440 1072 3472 ι
1119 3420 1139 3450 ³
1187 3420 1493 3481 Prohibetis
1540 3423 1866 3483 arcltiatrum
1918 3426 2040 3496 ejus

448 3508 666 3579 corpori
691 3509 886 3569 afferre
908 3511 1230 3571 medicinam
1255 3532 1268 3568 :
1298 3516 1568 3585 quomodo
1587 3532 1684 3577 vos
1706 3520 1898 3577 animae
1920 3521 2039 3591 ejus

448 3602 783 3661 curationem
822 3604 1077 3663 exhibere
1120 3610 1395 3669 renuetisi
1427 3610 1673 3679 Magnum
1724 3627 1819 3681 per
1857 3612 2038 3671 divina

446 3693 753 3763 ridiculum,
804 3712 875 3753 an
925 3700 1155 3756 maxima
1207 3702 1439 3761 lamenta
1481 3704 1589 3762 sint
1632 3707 1835 3763 nescio.
1866 3724 1886 3760 ι
1930 3707 2039 3765 Vos

446 3787 635 3844 alienae
677 3789 813 3845 febri
844 3805 1027 3848 curam
1071 3796 1335 3864 quaeritis,
1386 3812 1483 3854 vos
1524 3798 1791 3856 fatiscenti
1842 3801 2035 3857 animae

445 3879 707 3937 medelam
735 3882 981 3945 adhiberi
1008 3886 1301 3955 cupitis,et
1326 3889 1380 3945 in
1403 3890 1532 3948 letbi
1556 3892 1902 3961 proximitate
1932 3909 2033 3965 po-

444 3973 553 4040 siti,
592 3981 757 4030 vestri
807 3978 1155 4035 immemores
1187 3980 1255 4038 de
1296 3981 1522 4038 alterius
1556 3986 1729 4041 salute
1768 3988 2029 4044 tractatis.

444 4066 582 4135 Quid
607 4068 653 4122 si
676 4067 810 4121 illud
840 4084 967 4124 vere
987 4070 1141 4127 vobis
1169 4086 1199 4125 a
1229 4072 1487 4141 propheta
1511 4074 1710 4131 dictum
1738 4091 1750 4130 :
1780 4076 2033 4149 Nunquid

443 4175 626 4230 parum
659 4169 733 4214 est
757 4161 894 4229 quod
926 4164 1125 4217 molesti
1151 4167 1269 4221 estis
1291 4166 1597 4235 hominibus,
1625 4166 1824 4225 molesti
1843 4174 1961 4227 estis
1986 4182 2034 4228 et

443 4248 555 4305 Deo
582 4266 692 4306 meo
724 4251 882 4324 (lsai.
908 4270 1002 4321 vn,
1037 4256 1149 4326 15).
1176 4257 1245 4313 Et
1289 4259 1483 4315 iterum
1520 4278 1534 4315 :
1582 4260 1800 4331 Medice,
1831 4280 1959 4321 cura
1986 4276 2035 4322 te

444 4344 610 4412 ipsum
641 4342 793 4417 (Lua.
826 4364 910 4417 av,
942 4347 1088 4419 23)?‘
1111 4349 1220 4406 Sed
1252 4351 1376 4407 hinc
1411 4353 1566 4409 alias.
1600 4350 1875 4423 Novimus,
1908 4360 2032 4429 quia

444 4435 622 4489 sanari
674 4452 779 4491 non
820 4448 995 4508 potest
1044 4445 1431 4513 conclamatus,
1469 4453 1525 4500 et
1562 4445 1744 4519 (Prov.
1778 4464 1930 4516 xviii,
1973 4452 2031 4523 5)

442 4529 717 4599 improbus
766 4532 820 4587 in
862 4533 1182 4603 profundum
1209 4538 1504 4597 deveniens
1548 4542 1683 4597 mira
1729 4546 2032 4601 temeritate

2145 3318 2545 3375 excusationem
2588 3326 2681 3374 aut
2717 3318 2907 3376 fraude
2948 3334 3104 3377 mens
3130 3332 3311 3377 vestra
3342 3331 3603 3396 transeat,
3647 3334 3746 3383 aut

2145 3412 2443 3467 belluarum
2468 3426 2655 3481 pressa
2684 3412 3009 3469 hebetudine
3030 3428 3136 3470 non
3167 3417 3459 3487 agnoscat?
3489 3417 3571 3474 An
3596 3416 3746 3475 forte

2142 3503 2287 3557 aliud
2318 3503 2517 3574 putatis
2542 3503 2726 3571 fuisse,
2752 3504 2896 3576 quod
2921 3504 3121 3563 dictum
3149 3516 3252 3574 est,
3284 3508 3458 3579 ipsum
3488 3509 3747 3572 debuisse

2140 3595 2407 3668 synodum
2440 3610 2757 3663 convocare,
2797 3598 2951 3667 cujus
2980 3613 3117 3668 opus
3147 3608 3265 3655 erat
3291 3599 3509 3656 ofﬁcio?
3548 3610 3606 3656 ut
3645 3617 3747 3660 vos

2140 3691 2394 3748 videlicet
2411 3707 2505 3762 per
2521 3694 2831 3764 pontificale
2854 3708 3082 3750 examen
3105 3698 3370 3752 sententia
3393 3697 3745 3767 percelleret,

2139 3796 2275 3853 quos
2302 3798 2333 3839 a
2353 3786 2545 3855 capitis
2574 3786 2659 3842 sui
2684 3801 2941 3859 compage
2982 3789 3035 3844 in
3067 3788 3254 3847 salutis
3292 3790 3622 3848 detrimento
3652 3780 3745 3849 iit-

2138 3890 2305 3933 sanus
2330 3875 2510 3933 fervor
2539 3876 2869 3947 absciderat.

2214 3970 2361 4036 Post,
2389 3971 2531 4026 Esau
2558 3973 2889 4030 mentionem
2919 3973 3069 4045 operi
3091 3980 3297 4042 vestro,
3318 3973 3504 4030 nescio
3533 3975 3746 4045 verbis,

2136 4077 2205 4119 an
2244 4062 2531 4121 latratibus
2576 4064 2871 4134 indidistis,
2901 4067 2923 4098 '
2948 4074 3319 4138 comparantes
3351 4067 3401 4122 ei
3441 4067 3746 4129 antistitem

2138 4162 2407 4225 nostrum,
2438 4157 2531 4227 qul
2572 4157 2804 4214 senioris
2834 4165 3044 4215 natura:
3082 4158 3401 4215 beneficium
3441 4158 3600 4214 unius
3632 4159 3748 4218 cibi

2136 4249 2563 4306 commutatione
2609 4249 2923 4321 perdiderit,
2957 4260 3013 4307 et
3052 4251 3398 4322 primogenitl
3440 4264 3632 4307 canam
3666 4250 3746 4308 di-

2134 4342 2397 4413 gnitatem
2429 4346 2672 4402 amiserit
2714 4344 2960 4400 faucibus
3006 4345 3353 4416 obsequendo
3385 4343 3539 4416 (Gen.
3576 4347 3745 4419 xxv).

2134 4437 2218 4493 Ad
2247 4439 2346 4501 ista
2372 4440 2500 4509 quid
2533 4440 2785 4507 referam,
2816 4440 2904 4511 qui
2930 4453 2999 4496 ex
3029 4440 3175 4497 omni
3210 4440 3545 4510 obiectorum
3581 4448 3747 4509 parte

2134 4529 2456 4587 concludori
2469 4532 2621 4599 Quis,
2640 4545 2791 4601 rogo,
2806 4539 3046 4586 vestrum
3068 4531 3392 4602 Symmacho
3409 4530 3745 4587 benedictio.

442 4625 761 4679 contemnit.
793 4625 900 4681 Sed
930 4628 1093 4684 credo
1118 4631 1245 4686 vivit
1273 4633 1324 4687 in
1364 4633 1505 4701 istis,
1537 4642 1591 4689 et
1624 4636 1677 4690 in
1710 4636 1865 4692 maiae
1899 4652 2028 4693 con-
2056 4621 2115 4685 Il
2136 4637 2281 4690 nem.
2310 4623 2435 4679 dum
2473 4624 2609 4693 patri
2652 4624 2769 4697 plus
2796 4623 3057 4691 deservit.
3088 4624 3318 4697 eripuit?
3342 4624 3425 4682 cui
3457 4631 3742 4681 tantorum

441 4715 760 4771 versationis
793 4731 906 4772 suae
952 4730 1146 4790 morte,
1178 4723 1491 4790 consilium;
1522 4734 1575 4781 et
1628 4735 1802 4793 potest
1839 4736 2027 4801 optare

514 4849 764 4933 '.Pap‘am
787 4854 1070 4923 oportuisse
1092 4856 1345 4933 synodum
1374 4858 1671 4933 convocare]
1704 4861 1817 4917 Hoc
1844 4863 2031 4919 Theo?

441 4919 625 4976 dorico
659 4919 948 5005 Ravennae,
982 4933 1039 4979 ut
1066 4919 1159 5005 est
1202 4927 1257 4981 in
1299 4931 1433 5005 actis
1469 4919 1689 5005 synodis
1741 4933 2014 5005 palmaris,

441 5002 797 5068 apposueram
844 4996 1101 5068 episcopi,
1140 5010 1262 5052 cum
1311 5001 1475 5068 ipsius
1501 4996 1767 5059 'mandato
1816 4996 2027 5064 evocati

440 5064 663 5117 liomam
693 5064 1047 5147 adsynodum
1078 5064 1581 5147 proficiscerentur.
1594 5075 1702 5147 Sed
1736 5076 1871 5132 hanc
1902 5080 2016 5147 epi-

439 5149 721 5227 scoporum
748 5136 1065 5227 libertatem,
1082 5136 1481 5227 ‘tanquoam‘regi
1511 5146 1713 5227 scilicet
1737 5136 2018 5227 contume-

439 5206 648 5288 flossiti,
674 5217 920 5288 taxarant
949 5206 1406 5288 scitismatici._At
1434 5206 1553 5270 ‘non
1584 5218 1759 5288 iniqua
1795 5220 1906 5275 visa
1935 5231 2016 5276 est

439 5276 792 5361 :fheoderico,
825 5282 913 5348 qui
944 5296 1049 5335 non
1075 5283 1171 5338 abs
1192 5300 1251 5339 re
1278 5285 1327 5361 id
1357 5288 1564 5361 causari
1590 5276 1869 5361 episcopos
1894 5308 2016 5347 sm-

439 5348 600 5432 tiens,
627 5350 800 5418 ipsum
834 5365 1252 5432 quoque-papam
1284 5357 1335 5410 in
1360 5348 1657 5427 colligenda
1686 5348 1894 5432 synodo
1920 5382 2014 5419 vo-

438 5417 692 5475 luntatem
716 5417 867 5475 suam
900 5417 1089 5477 litteris
1117 5417 1767 5486 demonstrassetestatus
1799 5444 1901 5490 est.

506 5490 528 5574 ξ
551 5492 935 5574 ξτεῂἱεὸρριςηι]
962 5496 1295 5553 Coloniensis
1325 5500 1509 5567 editio,
1544 5500 1903 5574 Chrysippum.

509 5557 530 5631 _'
553 5559 592 5631 ij‘
596 5572 711 5615 orte
742 5557 981 5631 probetis.

466 5700 479 5714 .
508 5629 529 5660 ’⁵
557 5628 657 5717 ille
686 5628 1291 5717 pe'renncmurneritorttm
1318 5641 1507 5717 dotem]
1540 5643 1787 5717 Synodus
1819 5645 2020 5713 palma-

436 5700 532 5757 ris.
554 5700 794 5783 .Maaa'me
815 5711 1042 5783 camilla
1062 5729 1173 5779 qua:
1200 5700 1535 5779 premisimtis
1564 5700 1693 5768 inter
1712 5700 1833 5770 alia.
1847 5718 1908 5771 de
1927 5700 2017 5773 ati-

438 5777 670 5859 ctort'tate
688 5777 841 5859 sedis“
842 5777 1113 5849 obstarent,
1138 5777 1421 5859 quiaquod
1444 5802 1705 5856 possessor
1728 5789 1835 5859 ejus
1851 5806 2016 5859 quon-

437 5847 559 5901 dam
587 5846 763 5911 beatus
794 5847 982 5913 Petrus
1010 5846 1209 5923 meruit,
1237 5846 1305 5915 .ἱή
1346 5846 1657 5913 nobilitatem
1684 5846 2015 5934 possessionis

2132 4731 2416 4774 munerum
2463 4717 2631 4775 Jacob
2666 4719 2783 4776 vice
2822 4726 2909 4775 est
2952 4718 3148 4779 collata
3188 4718 3473 4777 nobilitas?
3499 4718 3621 4789 quis
3665 4734 3743 4776 ex

2133 4874 2366 4941 accessit,
2397 4885 2443 4929 et
2471 4876 2758 4931 claritatem
2786 4885 2999 4932 veterem
3028 4878 3172 4932 novis
3198 4878 3287 4932 dat
3307 4879 3370 4931 de
3394 4877 3584 4931 Christi
3608 4877 3743 4934 dote

2136 4947 2437 5002 rectoribus.
2490 4947 2581 5003 Sic
2621 4948 2762 5003 enim
2807 4958 3076 5018 postrema
3122 4948 3240 5005 hinc
3285 4949 3448 5004 verba
3498 4949 3739 5018 legenda

2134 5026 2280 5090 sunt.
2306 5018 2456 5085 Quod
2484 5034 2613 5088 ergo
2638 5020 2705 5075 de
2731 5021 2875 5076 sedis
2898 5021 3218 5075 auctoritate
3237 5020 3436 5075 dictum
3458 5035 3485 5072 a
3516 5020 3740 5090 synodo

2132 5089 2331 5162 fuerat,
2362 5090 2432 5162 ad
2461 5092 2867 5147 sanctimoniam
2892 5107 3105 5162 quoque
3146 5093 3416 5147 transtullt
3444 5089 3738 5162 Ennodius

2129 5161 2281 5229 cujus
2312 5176 2377 5216 ex
2421 5160 2520 5215 hoc
2549 5162 2667 5218 loco
2703 5160 3029 5218 sententiam
3068 5163 3291 5219 laudant
3329 5163 3562 5218 Joannes
3598 5161 3735 5219 Vili

2129 5230 2182 5313 in
2217 5232 2441 5355 iﬁpisltolla
2464 5232 2530 5288 ad
2562 5232 2871 5291 Bercarium
2911 5235 3182 5303 abbatem,
3215 5244 3269 5290 et
3300 5234 3587 5305 Gregorius
3625 5232 3731 5289 VII

2129 5316 2180 5355 1η
2268 5319 2313 5355 lC
2340 5319 2367 5355 3
2400 5320 2450 5355 ιι.

2127 5303 2180 5355 in
2221 5303 2450 5359 Dictatu.

2198 5373 2219 5403 ⁸
2246 5373 2607 5445 Comparantes
2619 5378 2664 5431 ei
2674 5378 2951 5431 antistitem
2972 5376 3223 5445 nostrum]
3242 5375 3489 5447 Plerique
3500 5383 3734 5447 vestrum

2122 5443 2342 5518 legunt;
2367 5443 2462 5518 sed
2482 5462 2579 5518 res
2620 5449 2784 5515 exigit
2818 5457 2875 5502 ut
2903 5459 3131 5503 nostrum
3162 5443 3420 5518 legamus.
3454 5445 3593 5516 quod
3626 5461 3729 5502 se-

2126 5516 2344 5590 quentia
2377 5517 2667 5573 declarant.
2696 5518 3035 5577 Schismatici
3058 5520 3202 5575 enim
3222 5516 3357 5573 cum
3386 5519 3527 5573 Esau
3558 5518 3731 5590 Sym-

2126 5588 2375 5671 machum
2415 5590 2973 5671 comparabanthcum
3011 5591 3176 5646 Jacob
3218 5588 3728 5671 Laurentium.,ﬁper

2125 5673 2286 5727 αυθηι
2316 5660 2641 5734 Symmacho
2670 5662 3059 5731 pontiﬁcatum,
3093 5671 3345 5734 tanquam
3379 5660 3727 5734 benedictio-

2128 5744 2249 5805 i_ietn
2281 5732 2489 5799 eripere
2520 5734 2873 5805 conabantur.
2906 5734 3075 5790 Paulo
3100 5731 3243 5805 post,
3275 5734 3345 5805 in
3372 5733 3481 5789 illis
3503 5731 3721 5805 verbis,

2125 5799 2383 5858 Prmterea
2415 5812 2534 5857 tunc
2562 5803 2742 5869 Jarob,
2776 5806 2923 5862 Isaac
2948 5799 3236 5879 legendum
3263 5804 3491 5867 videtur.
