3998 6362
550 401 652 460 191
1670 367 1941 456 ENNODII
1980 395 2281 455 EPISCOPI
2320 397 2693 460 TlClNENSIS
3714 411 3808 471 £92

550 525 909 575 consumentur
950 514 1108 587 (Isai.
1143 518 1288 582 xxxi,
1321 512 1399 584 '5).
1433 500 1616 570 Redeo
1656 521 1854 581 tamen,
1887 522 2008 584 post
2034 527 2128 568 ve-
2154 514 2210 576 Δ
2234 515 2465 572 muelem
2494 515 2655 571 etiam
2688 514 3002 585 prophetam
3046 514 3331 573 miriﬁcum
3374 517 3443 574 de
3471 521 3808 583 conscientia

550 621 690 669 tusta
716 609 1081 679 exemplorum
1112 607 1358 676 sull'ugia,
1390 607 1455 662 ad
1479 607 1716 662 novellas
1743 621 2006 661 canonum
2036 606 2129 662 de-
2235 623 2345 665 suae
2374 610 2663 666 serenitate
2684 609 2825 679 vulgi
2860 610 3037 665 dicitis
3074 610 3393 681 implorasse
3421 615 3803 675 testimonium.

550 706 842 763 ﬁnitiones.
870 702 1076 757 Clamat
1106 702 1158 757 in
1199 700 1303 755 alio
1331 700 1447 756 loco
1476 698 1921 771 Carthaginiense
1950 700 2132 755 conci-
2232 702 2370 769 Quid
2399 706 2539 757 enim
2572 702 2789 758 Samuel
2818 703 2987 757 dixit?
3017 704 3154 759 scire
3191 687 3496 775 Dominum,
3530 724 3670 779 quos
3697 714 3807 768 nul-

550 799 716 853 lium:
754 796 1106 864 Quascunque
1143 792 1210 847 ad
1237 792 1634 848 accusationem
1676 806 1931 862 personas
1984 792 2130 863 leges
2232 794 2337 849 lius
2365 809 2596 863 unquam
2639 794 3015 859 substantiam,
3069 794 3268 849 nuuius
3318 811 3481 867 pecus
3523 800 3806 870 abegisset,

548 890 772 960 publica:
818 902 923 942 non
950 887 1257 952 admittunt,
1308 887 1389 940 his
1420 886 1761 955 impugnandi
1804 887 2029 941 alterum
2074 895 2132 941 et
2230 887 2568 942 adversatum
2592 904 2651 942 se
2681 887 3013 951 muneribus,
3060 889 3280 957 etquod
3309 899 3392 945 est
3430 907 3592 961 supra
3641 893 3806 951 homi-

552 996 650 1036 nos
696 980 964 1034 licentiam
996 979 1372 1033 submovemus
1400 994 1413 1029 :
1444 986 1520 1039 et,
1565 976 1734 1032 Nulla:
1762 978 2130 1033 accusationes
2230 994 2378 1044 nem,
2412 988 2602 1047 sponte
2628 978 2895 1032 venientia
2923 978 3059 1032 dona
3088 980 3287 1035 vitasse
3320 998 3333 1035 :
3376 984 3664 1051 providens
3704 987 3805 1041 sci-

545 1088 571 1125 a
595 1072 863 1141 judicibus
888 1070 1172 1126 audiantur
1201 1069 1602 1139 ecclesiasticis,
1636 1086 1754 1141 qua
1793 1072 2000 1142 legibus
2028 1086 2129 1128 ειε-
2232 1071 2376 1137 licet,
2396 1086 2460 1126 ne
2482 1086 2577 1142 per
2598 1070 2963 1137 suspicionum
2980 1070 3307 1140 prtejudicia,
3327 1074 3595 1143 opinionis
3616 1076 3806 1134 damna

544 1164 649 1220 euli
683 1165 1051 1233 prohibentur.
1101 1164 1295 1231 Quaero
1325 1152 1363 1217 a7
1384 1164 1555 1231 vobis,
1603 1164 1696 1218 viri
1723 1164 1919 1234 quibus
1961 1165 2129 1222 indita
2230 1172 2522 1236 pateretur.
2553 1164 2889 1219 Postremum
2922 1164 3023 1218 sub
3059 1163 3237 1219 divina
3280 1168 3627 1224 attestatione
3666 1178 3810 1238 pate-

544 1265 630 1311 est
674 1256 739 1309 ad
784 1272 1014 1325 unguem
1059 1256 1219 1325 polita
1270 1254 1557 1326 perfectio,
1608 1257 1759 1327 cujus
1804 1259 2128 1316 conditionis
2229 1258 2353 1314 fecit
2379 1258 2758 1325 innocentiam,
2792 1273 2860 1313 ne
2886 1257 3178 1313 humanum
3202 1259 3405 1315 subiret
3430 1276 3678 1317 examen.
3712 1262 3807 1319 Re-

544 1347 767 1402 fuerunt
795 1348 891 1401 ista
926 1347 1211 1418 mancipia,
1246 1363 1363 1416 quae
1390 1347 1652 1418 postulata
1687 1349 1901 1421 scriptis
1932 1354 2129 1420 princi-
2229 1351 2475 1419 demptor
2518 1358 2701 1404 noster
2726 1349 3012 1418 judicium,
3050 1351 3191 1419 quod
3239 1352 3377 1407 inter
3415 1367 3473 1409 se
3512 1363 3567 1409 et
3600 1356 3806 1415 vineam

545 1440 753 1508 palibus
788 1438 1111 1493 intimasus?
1143 1438 1199 1495 Si
1227 1454 1288 1494 ea
1319 1441 1527 1495 servilis
1558 1440 1731 1496 adhuc
1775 1442 1826 1495 in
1865 1452 2127 1513 potestate
2227 1458 2379 1498 suam
2411 1452 2559 1512 optat
2586 1443 2824 1507 evenire,
2850 1442 2977 1498 dum
2998 1450 3174 1498 vestra
3215 1444 3265 1497 in
3310 1449 3563 1518 praesenti
3596 1432 3828 1521 negotio1

543 1535 765 1589 alterius
794 1546 980 1589 catena
1019 1532 1309 1603 retinebat,
1350 1542 1406 1590 et
1444 1535 1584 1589 nulla
1613 1537 1679 1591 ab
1714 1536 1963 1593 obscenae
1993 1539 2127 1594 obli-
2228 1535 2367 1590 mala
2392 1535 2628 1600 respicit,
2651 1534 2820 1605 magis
2846 1535 3114 1604 implorat.
3140 1535 3197 1590 S.
3227 1536 3549 1595 Athanasius
3570 1541 3805 1599 Alexan-

543 1626 775 1698 gationis
823 1626 1174 1697 compedibus
1224 1627 1444 1697 vestigia
1499 1627 1551 1682 in
1605 1628 1904 1685 libertatem
1960 1632 2125 1686 missa
2227 1624 2396 1679 drinm
2439 1625 2585 1679 urbis
2615 1625 2921 1695 episcopus,
2962 1626 3091 1679 dum
3148 1629 3463 1698 participum
3507 1642 3800 1690 vestrorum

544 1718 815 1785 laxabant,
841 1719 923 1774 vel
950 1719 1098 1774 vobis
1115 1719 1533 1787 disceptantihus
1556 1719 1713 1774 fidem
1735 1721 1966 1789 aliquam
1985 1737 2123 1791 prae-
2226 1726 2538 1787 argueretur
2577 1717 2793 1779 invidia,
2838 1732 3138 1786 agnoscens
3177 1720 3275 1774 sibi
3324 1738 3419 1788 per
3459 1728 3807 1781 contumelia-

542 1812 806 1868 dictorum
837 1813 998 1867 verba
1032 1819 1354 1881 portassent.
1388 1810 1513 1878 Sed,
1542 1811 1726 1877 credo,
1756 1813 2081 1881 replicabitis
2107 1834 2119 1869 :
2224 1823 2342 1863 rum
2374 1809 2766 1863 multitudinem
2793 1809 3107 1865 exercitium
3141 1812 3485 1884 contingere,
3520 1830 3626 1870 non
3658 1820 3806 1873 timo-

539 1904 820 1958 veritatem
843 1918 1002 1972 quam
1024 1912 1215 1971 sponte
1243 1904 1443 1971 prolata
1473 1902 1523 1957 in
1546 1902 1651 1959 illis
1671 1920 1771 1959 vox
1797 1904 1994 1963 habere
2017 1922 2120 1963 non
2150 1902 2199 1962 B
2229 1919 2365 1970 rem,
2398 1918 2523 1958 vere
2553 1902 2618 1956 ad
2648 1917 2863 1958 corona:
2896 1904 3125 1969 pretium
3151 1905 3350 1975 junxit,
3381 1908 3520 1977 quod
3544 1910 3611 1964 de
3633 1910 3806 1981 digni-

536 2005 769 2066 pnterat,
805 1996 943 2049 hanc
986 1995 1216 2051 diversis
1242 1996 1567 2051 cruciatibus
1596 2011 1628 2051 e
1659 1996 1877 2053 latebris
1905 2000 2017 2054 suis
2045 2015 2124 2056 re-
2227 2007 2336 2054 tate
2364 1996 2651 2052 submisit:
2684 2006 2736 2052 et
2763 2004 2887 2051 ante
2923 1996 3199 2053 caelestem
3226 1999 3293 2053 de
3323 2001 3651 2057 absolutione
3681 2020 3810 2059 scn-

537 2088 763 2158 ligiosus
790 2095 961 2143 tortor
991 2096 1249 2157 exegerat
1278 2106 1288 2140 :
1318 2098 1374 2142 ut
1401 2088 1526 2143 dum
1567 2090 1741 2158 poenis
1771 2104 1995 2161 corpora
2022 2091 2124 2147 sol-
2226 2090 2470 2154 tentiam,
2518 2103 2803 2159 personam
2846 2089 2924 2145 rei
2960 2089 3280 2145 innocentiae
3314 2091 3483 2147 bonus
3513 2096 3809 2151 aestimator

536 2191 807 2250 verentur,
830 2196 949 2251 quze
966 2193 1115 2249 gesta
1143 2179 1307 2235 fuisse
1330 2189 1551 2235 noverat
1571 2181 1747 2235 anima
1774 2198 1878 2236 non
1897 2183 2118 2239 celaret.
2224 2182 2485 2251 implevit.
2519 2181 2608 2236 Sic
2638 2181 2782 2234 enim
2812 2180 3013 2235 Christi
3056 2182 3254 2237 milites
3285 2183 3483 2239 sudore
3517 2199 3613 2239 suo
3642 2187 3808 2242 hono-

538 2272 643 2328 Sed
675 2288 879 2341 quaeso,
926 2274 1157 2343 primum
1206 2273 1272 2327 ad
1330 2274 1473 2342 leges
1519 2272 1780 2343 publicas,
1812 2274 2005 2331 deinde
2051 2277 2119 2333 ad
2222 2291 2340 2331 rum
2367 2274 2468 2329 sibi
2501 2274 2827 2328 incrementa
2860 2276 3179 2341 parturiunt.
3205 2276 3330 2328 dum
3362 2291 3613 2332 concessa
3660 2280 3808 2335 {asti-

533 2363 739 2432 judices
766 2379 858 2419 ora
887 2368 1186 2421 convertite
1208 2382 1221 2419 :
1243 2365 1333 2435 qui
1358 2374 1584 2435 possunt
1608 2367 1657 2420 in
1685 2367 1997 2424 defensione
2023 2383 2117 2424 sua
2221 2367 2307 2438 gia
2329 2364 2555 2421 celsiore
2581 2364 2882 2419 humilitate
2903 2366 3163 2435 castigant
3188 2385 3199 2418 :
3227 2366 3352 2423 inde
3378 2369 3595 2424 laudum
3616 2385 3807 2426 cumu-

533 2458 612 2511 sic
640 2458 858 2528 eloqui:
890 2458 1018 2525 Nos,
1044 2474 1178 2529 quos
1208 2458 1300 2513 Dei
1324 2459 1598 2515 servitium
1624 2468 1743 2529 post
1769 2459 1988 2516 istarum
2031 2477 2120 2518 re-
2222 2460 2304 2514 los
2332 2458 2642 2525 mercaturi,
2679 2458 2819 2512 unde
2858 2457 3069 2527 indepta
3102 2459 3337 2516 culmina
3382 2462 3599 2517 sublimi
3633 2466 3806 2532 parci-

532 2566 649 2605 rum
680 2550 1035 2619 ahjectiunem
1074 2552 1197 2607 fecit
1225 2552 1516 2621 ingenuos;
1545 2553 1633 2623 qui
1663 2554 1997 2608 servulorum
2030 2555 2115 2610 in-
2219 2558 2330 2606 tate
2360 2550 2725 2605 moderantur.
2759 2548 2867 2604 Sed
2908 2550 3151 2619 quamvis
3197 2550 3410 2604 beatum
3457 2553 3807 2611 Athanasium

530 2645 840 2701 sultantium
866 2646 1220 2700 contumelias
1241 2655 1337 2701 aut
1362 2646 1704 2715 despicimus,
1736 2632 1827 2701 aut
1848 2648 2111 2716 ridemus;
2220 2640 2465 2695 Romano
2521 2639 2766 2705 ³ηιῖεῑίιῖο
2817 2648 3073 2709 quantum
3118 2655 3279 2695 "0558
3320 2641 3500 2709 dalu".
3546 2643 3808 2714 imparem

530 2738 719 2808 quibus
749 2740 1006 2809 scriptum
1039 2740 1211 2795 estde
1246 2739 1458 2795 ramulis
1491 2755 1584 2808 per
1612 2741 1924 2808 Apostolum
1955 2758 1969 2795 ε
2004 2741 2115 2797 ue.
2218 2732 2369 2787 locus
2398 2731 2676 2796 ostendat;
2707 2730 2846 2785 facto
2870 2739 3048 2785 tamen
3074 2732 3125 2786 in
3157 2733 3383 2799 negotiis
3406 2747 3809 2805 comparantur.

529 2840 751 2886 mentote
787 2832 906 2903 quia
932 2842 1091 2886 vester
1128 2840 1177 2886 et
1218 2830 1429 2885 illorum
1470 2833 1524 2884 in
1566 2832 1703 2886 ca’lis
1747 2841 1824 2885 est
1869 2832 2114 2890 Dominus
2220 2825 2235 2855 ¹
2265 2824 2359 2879 me
2392 2832 2588 2893 Ῥηθείο
2614 2820 2713 2877 fu"-
2748 2822 3055 2891 jUdiCibUS’
3094 2825 3194 2879 ίειθ
3224 2829 3483 2895 quanlum
3515 2838 3568 2882 Cl
3595 2845 3698 2885 νος
3737 2830 3811 2885 di-

531 2922 745 2994 (Ephes,
786 2939 858 2992 γι,
900 2924 979 2994 9),
1012 2923 1079 2978 ad
1124 2924 1241 2979 hanc
1277 2924 1459 2979 smculi
1512 2926 1648 2978 mala
1694 2924 2114 2982 revocabimur?
2217 2917 2359 2982 citis,
2389 2917 2688 2971 advocavit.
2724 2916 2818 2971 llle
2850 2916 3163 2970 intentatam
3193 2917 3580 2975 dismissionem
3624 2932 3683 2975 ut
3724 2922 3812 2981 Dei

528 3016 834 3072 faciendum
868 3032 896 3072 a
928 3018 1083 3072 nobis
1103 3028 1205 3085 est,
1237 3019 1378 3087 quod
1412 3016 1695 3072 facientem
1719 3018 1947 3073 alterum
1989 3035 2114 3088 pro.
2216 3010 2447 3065 famulus
2473 3026 2581 3065 non
2600 3008 2821 3079 refugit:
2856 3010 2953 3063 iste
2977 3009 3230 3079 triumphi
3259 3011 3342 3064 sui
3365 3028 3512 3079 spem
3537 3014 3588 3067 in
3608 3014 3811 3070 discus~

530 3108 709 3163 fanum
741 3124 863 3164 esse
892 3110 1300 3163 contendimus?
1328 3108 1469 3178 quod
1501 3124 1594 3177 per
1617 3110 1972 3165 ministerium
1995 3112 2114 3182 jus-
2214 3117 2396 3156 sorum
2441 3102 2762 3157 collectione
2803 3099 3101 3157 constituit.
3137 3101 3239 3156 Sed
3286 3103 3411 3173 quid
3467 3102 3548 3157 his
3602 3106 3814 3177 longius

528 3200 696 3253 sionis
725 3210 778 3255 et
809 3216 1001 3255 manus
1032 3202 1219 3255 aliena:
1270 3202 1554 3255 incestaret
1584 3209 1882 3271 aspectum,
1928 3215 2107 3261 nostro

2233 3196 2585 3252 :ollationibus
2634 3195 3023 3250 immoremur?
3090 3194 3296 3251 Judicia
3356 3204 3411 3251 et
3467 3198 3565 3253 iste
3616 3201 3812 3266 voluit,

526 3302 809 3360 peragetur
843 3290 1104 3361 imperio?
1132 3292 1308 3346 Nolite
1338 3291 1475 3347 hanc
1513 3292 1579 3347 ad
1610 3294 1887 3350 universas
1923 3296 2111 3354 Eccle-
2138 3285 2188 3352 C
2216 3290 2437 3357 amaVit.
2469 3289 2705 3352 διιτθιίιν
2740 3288 3011 3357 ίιικτθεειιε
3041 3295 3155 3342 θεῖε
3187 3298 3238 3342 ει
3268 3289 3409 3358 (ιιιοά
3437 3301 3619 3358 βοεεει
3662 3292 3815 3348 ﬁde"

524 3380 631 3436 sias
662 3392 895 3438 mentem
932 3384 1200 3454 rapacium
1234 3384 1475 3455 luporum
1512 3400 1662 3442 more
1691 3397 1745 3443 et
1781 3397 1967 3443 natura
1991 3406 2109 3446 ser-
2214 3382 2374 3437 corda
2404 3381 2607 3436 doloris
2628 3380 2756 3449 justi
2784 3381 2986 3434 aculeis
3012 3382 3268 3445 excitare,
3295 3383 3603 3437 venerando
3633 3386 3655 3416 ‘
3684 3400 3813 3441 con-

525 3489 651 3530 vare
679 3493 691 3528 :
720 3475 841 3545 quia
873 3488 1155 3546 pomquam
1187 3491 1282 3529 nos
1325 3476 1647 3532 maculasset
1675 3478 1811 3537 forte
1842 3496 1938 3550 pro
1968 3482 2111 3537 desi-
2214 3474 2339 3528 cilio
2375 3473 2746 3527 auctoritatem
2780 3472 2942 3527 etiam
2969 3470 3155 3526 contr‘a
3186 3486 3265 3539 se,
3290 3474 3333 3527 si
3367 3486 3694 3541 mereretur,
3729 3478 3814 3531 ir-

525 3565 695 3621 deriis
723 3569 919 3623 vestris
948 3578 1169 3623 cruenta
1192 3568 1480 3635 discussio,
1509 3569 1755 3625 eﬂ’ectum
1788 3572 1841 3626 in
1867 3573 1972 3638 his,
2003 3589 2110 3643 quo
2213 3565 2409 3621 dulsit.
2441 3566 2571 3634 Quis
2603 3569 2653 3619 in
2682 3565 2779 3619 hac
2808 3564 3149 3633 allegationis
3175 3563 3343 3631 ipsius
3372 3568 3547 3622 fronte
3578 3570 3814 3628 nesciret

525 3659 768 3725 tenditis,
804 3673 907 3713 non
938 3660 1180 3714 haberet.
1231 3658 1336 3715 Sed
1375 3661 1587 3718 dicente
1614 3662 1764 3717 vobis
1807 3664 2103 3735 propheta:
2213 3659 2403 3714 fultum
2419 3660 2481 3713 ad
2502 3657 3812 3729 coepisc0pospuritatistestimoniisconvenisse,

524 3748 788 3805 Ponamus
813 3753 1059 3806 circulum
1088 3754 1140 3805 in
1171 3754 1384 3807 naribus
1411 3755 1604 3820 vestris,
1636 3764 1683 3808 et
1712 3759 1916 3825 frenum
1944 3759 1998 3813 in
2032 3760 2109 3814 ια.
2210 3756 2296 3824 qui
2332 3753 2432 3808 hoc
2461 3753 2605 3823 (ιιιθά
2634 3752 3029 3807 όὶεῑτὶοιίοηθῐῐὶ
3053 3766 3239 3806 eorum
3260 3752 3436 3806 minus
3467 3753 3687 3821 licebat,
3717 3771 3816 3810 ex-

520 3840 634 3905 biis,
656 3851 700 3895 et
720 3846 1019 3898 reducamus
1042 3861 1124 3900 ros
1145 3846 1197 3898 in
1212 3848 1344 3898 viam
1366 3863 1466 3913 qua
1484 3847 1685 3901 venistis
1710 3848 1727 3915 (
1734 3846 1764 3900 Ι
1768 3851 1865 3903 sai.
1898 3867 2099 3923 xxxvn,

2237 3846 2443 3911 torruit,
2478 3846 2755 3900 aestimans
2786 3844 2915 3898 illud
2946 3844 3115 3913 magis
3142 3844 3382 3914 quolibet
3414 3845 3574 3899 modo
3608 3844 3816 3901 labefa-

518 3933 588 3989 29
614 3950 628 3999 ;
657 3934 686 3988 I
708 3935 743 3988 V
774 3938 899 4007 Reg.
930 3952 1037 4003 nx,
1071 3937 1193 4005 '28):
1216 3940 1302 4007 qui
1326 3938 1514 3992 eodem
1552 3938 1811 4009 pr0phcta
1833 3953 2107 4001 asserente
2208 3936 2462 3991 ctandum
2484 3978 2497 4001 ,
2543 3936 2686 4006 quod
2740 3934 3019 3990 statuisset
3073 3950 3267 3989 censor
3320 3935 3626 3990 invalidus?
3672 3936 3817 4004 Quid

518 4027 923 4099 impugnamini,
948 4030 1037 4099 qui
1069 4029 1233 4084 dicit:
1263 4028 1431 4083 Erunt
1470 4033 1617 4099 quasi
1641 4048 1742 4086 non
1773 4034 1898 4102 sint,
1932 4046 1979 4089 et
2018 4054 2108 4106 pe-
2209 4033 2489 4099 praefatum
2521 4029 2824 4084 incessistis
2856 4028 3047 4082 canina
3074 4028 3431 4098 loquacitate?
3453 4030 3581 4099 quid
3614 4031 3819 4086 laeditis

518 4122 689 4174 ribunt
717 4123 831 4185 viri,
860 4122 945 4189 qui
971 4122 1330 4174 contradicunt
1360 4122 1497 4175 vobis
1522 4122 1675 4192 (lsai.
1704 4140 1811 4190 xu,
1847 4129 1961 4196 11).
2208 4137 2313 4177 non
2346 4122 2677 4178 merentem?
2706 4120 2897 4175 Votum
2920 4122 3037 4188 ejus
3060 4132 3138 4175 est
3164 4121 3307 4190 quod
3329 4129 3569 4176 vestrum
3602 4123 3819 4191 putatis

591 4212 704 4267 Hoc
731 4212 891 4267 etiam
924 4228 1061 4267 novo
1091 4212 1349 4267 adversus
1383 4227 1479 4268 nos
1518 4214 1830 4271 subdidistis
1863 4217 2103 4287 invento,
2208 4231 2327 4272 esse
2358 4226 2657 4272 terrorem:
2692 4215 2785 4270 sed
2810 4215 3037 4270 astutior
3060 4215 3115 4268 in
3146 4214 3322 4281 vobis,
3349 4228 3504 4283 quam
3548 4215 3600 4267 in
3635 4215 3819 4269 Atha-

520 4306 694 4376 ipsum
719 4305 1003 4361 Dominum
1027 4315 1079 4361 et
1098 4305 1512 4377 Redemptorem
1537 4317 1802 4377 nostrum,
1824 4325 2103 4367 servorum
2206 4308 2340 4362 nasii
2372 4306 2696 4362 adversariis
2728 4306 2923 4361 novelli
2950 4306 3096 4360 virus
3124 4306 3391 4373 serpentis
3426 4304 3697 4360 insibilat.
3730 4307 3815 4362 Illi

518 4400 747 4455 subiisse
764 4400 989 4468 judicia;
1014 4400 1205 4457 etcmli
1227 4408 1569 4471 operatorem
1597 4404 1871 4472 particulae
1891 4405 2102 4461 cuidam
2206 4403 2519 4457 nescierunt
2539 4400 2682 4471 quod
2724 4415 2821 4455 vos
2854 4401 3061 4469 optime
3101 4398 3330 4467 calletis,
3360 4399 3585 4469 qualiter
3616 4402 3819 4457 trium-

514 4500 707 4559 spOnte
741 4490 1071 4558 subjacuisse
1113 4501 1338 4546 terrente
1365 4509 1378 4543 :
1411 4491 1537 4546 dum
1565 4501 1809 4560 testatur,
1840 4507 1892 4550 et
1931 4496 2104 4565 loqui-
2206 4497 2342 4565 phus
2371 4496 2651 4550 tolleretur
2681 4493 2946 4564 impetito.
2979 4492 3055 4547 Illi
3087 4504 3455 4562 provocatum,
3483 4508 3549 4547 ne
3576 4494 3820 4549 audien-

514 4593 621 4650 tur,
662 4581 828 4635 Homo
872 4581 1034 4648 Juda,
1069 4592 1115 4637 et
1160 4585 1248 4653 qui
1292 4582 1488 4637 habitas
1529 4583 1839 4659 Jerusalem,
1864 4587 2100 4658 judicate
2206 4587 2305 4641 dus
2334 4602 2439 4641 non
2468 4596 2798 4653 occurreret,
2843 4584 3243 4639 formidabant:
3272 4597 3367 4638 vos
3398 4590 3605 4638 moram
3641 4600 3818 4655 quam

512 4676 648 4729 inter
686 4691 763 4728 me
803 4682 848 4727 et
895 4675 1091 4727 vineam
1136 4691 1295 4728 meam
1345 4673 1499 4745 (lsai.
1542 4691 1596 4743 v,
1646 4676 1701 4745 ὅ)
1737 4696 1748 4730 :
1796 4678 1896 4733 hoc
1938 4680 2099 4735 etiam
2128 4675 2183 4738 D
2208 4680 2478 4735 habebant
2510 4679 2759 4735 examina
2797 4694 2904 4735 non
2937 4678 3195 4745 ferentes,
3227 4677 3248 4709 ³
3273 4678 3579 4734 venientem
3606 4679 3823 4745 jaculis

511 4768 729 4824 beatum
748 4767 996 4833 Petrum;
1020 4770 1122 4823 hoc
1136 4768 1353 4823 Paulum
1376 4770 1674 4840 apostolum
1694 4785 1797 4823 non
1821 4771 2097 4830 horruisse
2201 4771 2505 4843 repulistis;
2538 4782 2591 4827 et
2622 4772 2837 4826 taedium
2859 4771 3012 4826 vobis
3041 4771 3109 4826 de
3136 4772 3402 4825 sententia
3432 4761 3820 4838 preparatum

510 4863 761 4924 narratis,
793 4868 847 4916 et
877 4860 1021 4916 illam
1051 4871 1285 4917 vestram
1313 4860 1630 4931 elegantiam
1664 4863 1729 4917 ad
1764 4863 1853 4933 jus
1885 4875 2096 4935 pertra-
2201 4879 2476 4919 armorum
2503 4864 2771 4918 ultricium
2798 4864 3163 4932 assumptione
3184 4862 3664 4918 commutastis.-O
3692 4880 3822 4919 ma-

510 4956 640 5009 hitis
659 4955 1034 5023 exemplorum
1061 4954 1287 5010 nexibus
1310 4954 1697 5023 precedentem
1727 4974 1740 5011 :
1767 4958 1915 5026 quasi
1940 4958 2094 5015 vobis
2199 4958 2374 5014 lorum
2402 4954 2861 5019 commemoratio,
2886 4970 3005 5025 quae
3028 4968 3213 5008 vocem
3254 4964 3308 5009 et
3336 4961 3557 5024 prastat
3584 4964 3647 5009 et
3679 4956 3820 5011 sub-

513 5048 567 5103 in
601 5047 701 5101 hac
730 5054 879 5117 parte
905 5048 1224 5102 remanserit
1252 5060 1372 5101 cum
1412 5046 1673 5102 renitente
1713 5051 2004 5114 contentio,
2040 5057 2095 5104 et
2199 5052 2333 5117 ruit;
2382 5050 2507 5105 dum
2550 5049 2671 5103 illos
2712 5062 2846 5117 quos
2876 5049 2927 5101 in
2968 5047 3257 5102 clamorem
3303 5046 3557 5118 coegerit,
3599 5062 3818 5105 eorum

509 5141 703 5197 validis
734 5140 999 5215 facundia:
1020 5150 1213 5196 vestrm
1242 5140 1421 5211 digitis
1460 5143 1740 5213 exigantur
1769 5142 1966 5198 oblata.
1996 5143 2095 5198 Sa-
2200 5145 2360 5199 etiam
2388 5142 2643 5214 gravitate
2672 5139 2794 5194 facti
2825 5138 2988 5195 verba
3020 5138 3327 5194 confundit.

576 5256 592 5285 ¹
626 5254 941 5328 Ille_prtesto
981 5256 1079 5323 fuit
1110 5254 1394 5327 judicibus]
1428 5256 1483 5310 in
1515 5258 1720 5328 synodo
1749 5274 1868 5327 qua:
1906 5270 2091 5314 contra
2201 5258 2336 5326 quit,
2396 5255 2591 5310 ordinis
2631 5252 2944 5328 corrigendi,
2971 5251 3104 5328 sicut
3146 5250 3418 5319 poscebant
3451 5251 3824 5328 ecclesiastica

505 5326 679 5395 ipsum
711 5322 840 5399 Tyri
870 5322 1043 5380 fuer‘at
1072 5322 1361 5399 convocata
1378 5322 1407 5380 ἐ
1439 5328 1503 5382 ad
1539 5322 1696 5395 quam
1730 5322 1829 5383 etsi
1874 5341 2096 5399 prOptcr
2202 5322 2389 5382 statuta
2409 5368 2424 5393 ,
2456 5330 2509 5379 in
2534 5322 3061 5399 omnium‘quiibidem
3078 5330 3410 5376 convenerant
3430 5322 3822 5390 episcoporum

504 5394 743 5471 apertam
786 5397 983 5471 vimLet
1017 5398 1437 5471 conjurationcm
1490 5394 1941 5471 adversariorum,
1978 5394 2095 5455 'ali-
2203 5400 2473 5471 pra-sentin
2500 5414 2554 5450 se
2575 5396 2699 5471 dare
2730 5394 3137 5471 professtts_est_._
3166 5461 3197 5471 Α
3416 5460 3431 5471 _
3754 5430 3757 5431 ν

505 5460 760 5535 quandiu,
792 5478 851 5523 ut
871 5460 1219 5545 ASozomenus
1271 5469 1362 5524 lib.
1408 5485 1466 5533 ιι,
1499 5485 1617 5538 cap.
1648 5470 1738 5535 24,
1774 5460 1983 5545 scribit,
2028 5488 2093 5525 an
2203 5460 2213 5471 ’
2276 5470 2295 5499 ³
2336 5470 2626 5545 Venientem
2643 5460 2835 5536 jacttlis
2858 5462 3139 5545 repulistisj
3165 5460 3550 5545 Symmachum
3568 5477 3819 5545 papam,

503 5550 723 5592 vocatus
764 5541 992 5607 veniret,
1035 5548 1314 5595 cunctatus
1344 5550 1451 5607 est,
1492 5537 1675 5608 postea
1708 5549 1885 5595 tamen
1930 5543 2087 5595 inno-
2203 5554 2324 5594 cum
2365 5540 2428 5593 ad
2462 5541 2689 5608 alterum
2734 5537 2922 5605 synodi
2952 5543 3277 5608 conventum
3312 5541 3577 5608 pergeret,
3607 5537 3715 5603 qui
3766 5537 3826 5594 in

505 5609 679 5682 centia
702 5610 886 5677 fretus,
911 5620 965 5666 et
980 5602 1053 5666 ne
1072 5611 1330 5682 judicium
1353 5602 1627 5667 declinare
1648 5611 1941 5677 videretur,
1965 5626 2088 5681 pro-
2198 5609 2418 5682 basilica
2466 5602 2779 5662 Sessoriana
2810 5614 3027 5682 coactus
3060 5612 3195 5682 erat.
3235 5602 3370 5658 Tum
3396 5604 3568 5682 enim,
3601 5602 3670 5658 ut
3725 5622 3827 5682 sy.

504 5679 675 5732 iectus
702 5689 801 5733 est.
872 5673 881 5677 ’
1072 5673 1090 5682 ⁷
1926 5673 1979 5681 ”
2197 5681 2321 5735 nodi
2367 5687 2478 5733 acta
2512 5685 2751 5739 narrant,
2790 5676 2857 5729 ab
2896 5674 3221 5730 irruentibus
3249 5673 3567 5729 aemulorum
3613 5673 3827 5732 turbis

576 5752 595 5779 '
628 5748 856 5805 Concilio
898 5753 1264 5827 auctoritatem]
1295 5754 1545 5827 Synndus
1586 5752 1701 5822 ipsa
1735 5752 2087 5827 deSymma-
2196 5752 2268 5807 ita
2290 5758 2556 5827 tractatus
2582 5756 2686 5827 est,
2714 5744 3066 5827 utcgzsisqui
3094 5759 3217 5827 cum
3241 5745 3357 5827 ipso
3377 5756 3534 5799 erant
3566 5748 3827 5827 presby-

503 5822 632 5894 cho,
662 5835 782 5875 cum
826 5826 1087 5892 synodum
1128 5816 1264 5894 (μηδ’
1292 5816 1459 5894 ipsius
1490 5816 1649 5879 causa
1699 5825 1762 5877 atl
1815 5816 2086 5881 basilicam
2199 5821 2352 5885 teris,
2379 5834 2520 5894 aegre
2550 5819 2615 5894 ad
2643 5820 2785 5874 beati
2826 5816 3178 5894 i’etrisepta,
3213 5816 3353 5894 unde
3383 5830 3640 5894 egressus
3688 5816 3827 5877 fue-

501 5892 627 5949 Julii
656 5887 1001 5961 convenerat,
1044 5887 1186 5953 esset
1222 5887 1493 5967 ingressus
1526 5914 1539 5953 :
1572 5896 1959 5963 Auctoritatem,
2001 5897 2086 5952 in-
2196 5902 2301 5960 sat,
2336 5887 2620 5948 incolumis
2646 5906 2677 5946 a
2706 5889 2905 5946 comite
2929 5887 3187 5959 Aligerno
3211 5887 3465 5945 reductus
3494 5888 3582 5945 sit.
