3998 6362
227 357 329 417 195

1063 352 1391 411 LIBELLUS
1429 347 1946 409 APOLOGETICUS
1982 346 2115 405 PRO
2152 347 2441 406 SYNODO.

3384 351 3489 410 ιω

284 471 421 543 Quis
469 468 706 541 patiatur
751 481 849 524 vos
889 478 1044 537 aequo
1083 470 1264 525 animo
1296 467 1623 539 garrientes?
1656 468 1797 538 Ergo
1823 468 1879 530 Α
1901 465 2227 521 medicorum
2258 464 2525 521 exercitus
2544 453 2883 521 subveniret:
2906 462 3030 535 quia
3063 462 3314 533 quotiens
3338 478 3488 520 mor-

221 580 314 625 nos
340 563 645 620 secundum
666 560 1018 618 assertionem
1042 571 1296 627 vestram,
1322 562 1545 617 novella:
1561 561 1804 617 utilitatis

221 654 496 716 commoda
546 669 658 710 non
711 668 975 721 amamus,
1031 653 1159 708 dum
1212 654 1448 709 definitis
1499 654 1806 711 senioribus

222 758 537 823 praestamus
566 745 919 816 obsequium?
949 745 1045 800 Hic
1073 753 1185 801 tota
1207 745 1403 816 ingenii
1435 745 1549 800 vela
1577 760 1805 815 suspen-

222 847 384 905 ditis:
412 845 503 900 hic
528 841 800 912 resupina:
825 839 1052 897 cervicis
1071 854 1135 895 ex
1157 854 1370 895 secessu
1393 840 1630 910 pectoris
1651 839 1805 909 quid-

224 939 341 1011 quid
371 936 559 993 habuit
591 933 828 990 ﬂaminis
853 942 1040 988 ructus
1068 932 1326 987 evomuit.
1366 949 1384 982 ‹
1418 932 1587 987 Aiunt
1616 931 1761 987 enim
1789 948 1805 985 :

226 1031 385 1103 Moysi
433 1045 466 1084 a
501 1026 663 1082 vobis
702 1024 929 1096 jejunia,
966 1033 1023 1081 et
1061 1023 1239 1081 Elisaai
1267 1023 1523 1079 miracula
1554 1039 1672 1095 quae
1699 1024 1809 1095 egit

228 1124 341 1179 dum
362 1130 640 1178 mortuum
666 1118 966 1185 suscitavit,
992 1118 1039 1173 si
1061 1132 1261 1173 annosa
1278 1126 1483 1173 tantum
1504 1119 1806 1187 sectamini,

231 1222 668 1279 oondemnantur.
710 1238 730 1271 ›
760 1216 898 1285 Quid
930 1217 1016 1271 hic
1054 1216 1280 1270 rationis
1310 1214 1512 1271 invenit
1542 1222 1811 1269 scrutator

230 1312 477 1367 idoneus?
509 1326 619 1365 non
647 1310 693 1364 si
716 1308 835 1363 auri
871 1306 1105 1377 pallidus
1137 1306 1422 1375 inquisitor
1449 1314 1717 1372 occurrat,
1754 1305 1809 1361 in

230 1404 464 1459 sensibus
493 1400 692 1457 vestris
729 1399 1013 1454 latentium
1042 1414 1298 1453 venarum
1342 1408 1519 1453 motus
1550 1398 1809 1468 inveniat,

230 1505 280 1552 et
307 1496 527 1551 insuetis
559 1494 733 1548 lucem
766 1491 983 1547 latebris
1009 1506 1317 1546 sermonum
1350 1490 1525 1545 fossor
1545 1488 1808 1545 admittat.

230 1587 429 1642 Idcirco
460 1601 588 1656 ergo
632 1599 764 1641 cana
808 1583 1064 1640 miracula
1094 1598 1202 1637 non
1242 1582 1552 1651 probamus,
1583 1582 1628 1635 si
1654 1580 1806 1649 juve-

233 1680 433 1733 nilihus
474 1691 793 1732 consensum
871 1691 977 1731 non
1027 1676 1327 1746 praebemus
1367 1672 1709 1729 excessibus?
1756 1672 1815 1729 Si

233 1784 452 1824 servum
499 1769 717 1824 Domino
746 1767 1067 1839 discipulum
1110 1770 1365 1839 magistro
1397 1768 1670 1839 Evangelii
1701 1781 1815 1821 me-

1909 556 2099 611 borum
2127 555 2380 611 violentia
2407 555 2568 611 celeri
2591 570 2777 624 gressu
2804 554 2871 609 ad
2897 554 3089 609 anima:
3105 564 3313 610 secreta
3336 554 3488 609 festi-

1909 660 2019 715 nat,
2054 648 2240 704 obvias
2262 663 2452 705 manus
2481 648 2677 703 aﬂerre
2706 662 2811 702 non
2847 658 3019 717 potest
3051 647 3285 704 salutare
3311 648 3489 703 censi.

1910 743 2065 809 lium,
2112 744 2215 799 nisi
2260 758 2328 800 ex
2365 744 2655 800 collatione
2696 745 3006 799 multorum.
3048 745 3180 801 Nam
3212 755 3267 800 et
3312 745 3416 801 hoc
3459 760 3489 802 a

1909 852 2038 907 rege
2065 848 2247 892 nostra
2271 838 2514 908 poposcit
2532 836 2802 907 allegatio,
2826 847 2883 891 ut
2902 837 3153 894 abscissis
3174 838 3491 894 clericorum

1910 928 2235 1000 prmjudiciis
2270 928 2338 985 de
2372 938 2740 984 accusatorum
2778 943 2928 998 papae
2958 929 3151 984 merito
3183 944 3277 998 per
3305 928 3493 983 huma-

1911 1037 2038 1079 num
2090 1036 2151 1077 os
2198 1037 2487 1093 supernum
2535 1021 2805 1093 judicaret
2856 1021 3161 1092 imperium.
3210 1023 3493 1079 Videamus

1913 1126 2089 1173 tamen
2129 1118 2173 1173 si
2222 1118 2419 1187 placet,
2461 1125 2516 1173 et
2559 1117 2677 1172 illas
2718 1117 2738 1147 ³
2767 1115 3072 1173 didascalici
3113 1116 3278 1172 libelli
3329 1116 3493 1173 vestri

1911 1208 2211 1278 relegamus
2230 1210 2495 1279 argutias:
2521 1208 2842 1281 habentibus
2860 1207 3026 1263 etiam
3047 1208 3201 1263 nobis
3223 1216 3347 1263 ante
3368 1221 3494 1263 ocu~

1913 1300 1995 1356 los
2029 1311 2236 1370 patrum
2267 1302 2596 1367 sanctiones,
2624 1300 2816 1369 quibus
2842 1314 3161 1356 excessuum
3194 1308 3495 1355 vestrorum

1913 1392 2120 1447 sentina
2152 1392 2498 1463 ponderetur.
2543 1392 2651 1448 Lex
2696 1391 3056 1448 ecclesiastica
3088 1390 3392 1461 pontificem
3429 1390 3497 1446 ab

1914 1485 2033 1540 aliis
2059 1496 2388 1552 accusatum,
2436 1486 2745 1555 priusquam
2773 1484 2874 1540 sub
2902 1484 3078 1539 lucem
3118 1484 3331 1554 objecta
3370 1496 3527 1552 con-.

1914 1578 2171 1647 stiterint,
2217 1579 2380 1649 exigit
2420 1593 2530 1634 non
2574 1578 2824 1648 relinqui.
2876 1577 2985 1634 Vos
3029 1592 3157 1634 vero
3204 1577 3390 1641 divini,
3441 1585 3498 1632 ut

1916 1682 2065 1743 puto,
2089 1672 2225 1742 juris
2255 1686 2548 1737 memores,
2579 1671 2671 1741 qui
2698 1672 2836 1727 levia
2872 1680 3051 1727 errata
3080 1669 3378 1741 despicitis,
3408 1669 3498 1740 qui

1918 1765 2123 1835 peccati
2154 1764 2434 1820 nobilitate
2456 1763 2726 1835 gaudetis,
2756 1779 2826 1819 ne
2852 1779 2957 1835 qua
2989 1778 3083 1819 vos
3102 1777 3170 1819 ex
3192 1765 3497 1820 desertione

235 1876 418 1916 mores
468 1862 840 1930 subjungamus
896 1860 1109 1927 (Matth.
1165 1876 1218 1925 x,
1274 1861 1372 1925 ειη
1416 1859 1545 1913 Luc.
1590 1874 1662 1922 vt,
1712 1858 1809 1923 40;
1842 1849 1890 1910 B
1916 1855 2210 1909 sacerdotis
2256 1855 2413 1925 culpa
2460 1856 2775 1925 respiceret,
2818 1856 3112 1910 accusastis
3156 1870 3279 1910 cum
3320 1855 3497 1911 incre-

229 1950 382 2005 Joan.
409 1967 481 2016 vi,
509 1951 598 2016 40,
628 1958 682 2005 et
709 1967 833 2020 xxv,
873 1950 989 2021 20),
1023 1950 1280 2020 quidquid
1337 1950 1508 2019 potuit
1555 1949 1813 2018 prodesse

233 2043 545 2113 negligimus
570 2045 593 2098 ?
622 2044 741 2098 Alia
768 2054 911 2109 sunt,
946 2045 1329 2115 improbissimi
1364 2045 1661 2111 hominum,
1692 2061 1811 2115 qua:
1838 2063 1845 2069 '

232 2137 292 2192 ad
320 2153 472 2193 usum
504 2146 779 2193 reCentem
808 2140 924 2193 sine
949 2138 1141 2208 injuria
1160 2140 1441 2194 vetustatis
1470 2139 1809 2194 adhibemus.

295 2229 493 2285 Novam
527 2231 727 2287 deinde
746 2232 978 2301 culpam,
1003 2242 1056 2287 et
1080 2247 1238 2302 quam
1263 2233 1603 2304 investigatio
1626 2242 1810 2287 nostra

234 2324 526 2389 transierat,
581 2324 917 2379 reclusistis:
960 2343 978 2377 ‹
1015 2325 1191 2392 Quare
1220 2340 1391 2396 papa,
1423 2328 1540 2381 sine
1580 2325 1833 2395 exempli‘

233 2414 465 2469 instituto
483 2415 867 2485 praecedentis,
890 2418 1155 2487 synodum
1177 2420 1514 2484 convocavit,
1538 2430 1596 2475 ιιι
1619 2420 1687 2474 de
1706 2420 1811 2476 cri-

234 2508 416 2562 minum
444 2510 572 2577 ejus
605 2510 907 2579 objections
935 2513 1321 2581 cognosceret?
1356 2531 1376 2566 ι
1414 2513 1541 2569 Post
1570 2512 1687 2569 haec
1715 2527 1811 2570 nos

232 2598 462 2655 falsitatis
490 2602 745 2671 arguitis,
772 2617 864 2659 cur
884 2618 913 2658 a
937 2604 1197 2675 principe,
1230 2620 1353 2676 qua:
1380 2605 1434 2660 in
1466 2606 1691 2675 prmfato
1717 2622 1812 2663 ne—

231 2693 356 2762 gotio
377 2693 588 2762 scripta
616 2703 762 2761 sunt,
792 2695 1020 2751 dicimus
1042 2697 1334 2766 postulata.
1374 2715 1393 2749 (
1430 2696 1657 2763 Praesta,
1700 2697 1811 2753 Do-

231 2786 374 2853 mine,
406 2796 470 2841 ut
500 2787 795 2857 labyrinthi
827 2786 986 2858 hujus
1016 2790 1132 2845 sine
1161 2805 1350 2846 errore
1374 2790 1621 2847 sinuosos
1651 2806 1811 2863 supe-

232 2893 390 2934 remus
434 2879 768 2936 anfractus:
812 2900 830 2933 ι
887 2883 1057 2953 dirige
1101 2886 1373 2954 semitam,
1410 2901 1570 2955 quam
1616 2885 1810 2942 ﬂexilis

231 2970 433 3028 coluber
470 2973 625 3041 juxta
666 2973 925 3030 fabricam
976 2977 1178 3047 proprii
1218 2980 1461 3048 corporis
1490 2988 1584 3034 aut
1612 2978 1809 3035 mentis

232 3075 499 3135 operatur,
533 3076 594 3122 ut
621 3082 742 3123 vere
773 3069 1045 3125 dicamus:
1085 3070 1335 3128 Dominus
1369 3074 1612 3128 virtutum
1639 3074 1809 3129 nobis-

230 3175 351 3224 cum,
374 3162 595 3233 adjutor
618 3172 787 3217 noster
807 3161 946 3218 Deus
964 3162 1124 3218 Iacob
1142 3164 1312 3236 (Psal.
1340 3180 1462 3234 ην,
1491 3164 1568 3235 8).
1598 3167 1802 3221 Etcum

227 3250 519 3307 Salomone
536 3254 865 3309 exsultemus
895 3255 1139 3311 dicente:
1174 3255 1351 3327 Equus
1395 3266 1610 3327 paratur
1642 3258 1695 3311 in
1724 3256 1807 3312 die

230 3343 382 3408 belli;
420 3346 562 3417 apud
620 3344 899 3401 Dominum
948 3356 1018 3402 est
1078 3356 1248 3401 autem
1298 3364 1447 3403 omne
1510 3349 1809 3419 prasidium

227 3432 399 3505 (Prov.
434 3450 552 3502 xxt,
584 3434 698 3505 3i).
728 3434 1178 3507 Superforaneum
1200 3438 1415 3509 quidem
1446 3449 1530 3501 est
1566 3439 1810 3496 absurdis

225 3527 552 3595 respondere
601 3528 1076 3597 propositionibus,
1121 3529 1331 3585 dicente
1379 3532 1677 3601 propheta:
1728 3532 1811 3587 Ne

224 3617 537 3685 respondeas
567 3618 893 3689 ‘imprudenti
927 3619 995 3673 ad
1042 3621 1443 3692 imprudentiam
1482 3626 1595 3694 ejus
1626 3622 1808 3698 (Prov.

228 3721 361 3773 xxvi,
392 3708 483 3780 ι).
510 3708 618 3765 Sed
648 3710 696 3765 si
735 3711 861 3781 quid
895 3722 1234 3781 contemptus
1276 3713 1571 3781 transierit,
1622 3730 1813 3771 vereor

224 3812 283 3852 ne
303 3800 459 3868 quasi
496 3800 731 3855 validum
762 3810 978 3871 putetur
1008 3816 1114 3857 non
1149 3803 1390 3873 tetigisse
1420 3804 1673 3860 formido.
1704 3806 1813 3862 Me-

226 3890 316 3947 lius
343 3903 427 3948 est
464 3894 626 3950 nobis
662 3910 783 3950 cum
822 3896 980 3951 beato
1023 3896 1189 3953 Paulo
1226 3898 1587 3955 insultationis
1626 3915 1814 3958 causas

226 3981 489 4051 incidere,
517 3995 574 4041 et
601 3987 757 4055 plena
784 4001 914 4043 voce
937 3989 1151 4044 testari:
1188 3988 1381 4046 Factus
1402 4008 1518 4045 sum
1540 3993 1809 4063 insipiens,

224 4090 297 4129 vos
316 4093 395 4130 me
430 4077 678 4147 coegistis
711 4076 793 4148 (ll
819 4078 940 4134 Cor.
974 4096 1069 4148 xu,
1106 4081 1217 4151 il).
1240 4082 1478 4138 Haecine
1508 4098 1638 4155 ergo
1668 4086 1815 4140 nullo

222 4168 504 4223 constabat
554 4170 822 4239 exemplo,
863 4180 921 4226 ut
962 4174 1298 4229 sacerdotum
1350 4189 1482 4245 papa
1527 4177 1816 4234 concilium

225 4268 571 4329 convocaret,
602 4261 756 4332 cujus
785 4264 1067 4319 arbitrium
1097 4274 1181 4321 est
1215 4266 1463 4322 collectio
1504 4271 1816 4338 synodalis?

222 4361 301 4405 aut
319 4366 496 4421 parva
522 4360 703 4420 erant,
725 4368 843 4423 qua:
872 4355 942 4411 de
968 4358 1164 4413 vestris
1192 4371 1315 4411 cum
1348 4358 1447 4413 hac
1475 4359 1818 4419 multitudine

223 4444 555 4503 facinoribus
578 4448 995 4505 damnarentur?
1026 4454 1041 4482 ί
1066 4452 1252 4507 Nonne
1281 4452 1489 4509 directa
1511 4455 1673 4510 verba
1692 4465 1819 4513 sunt

1833 3212 1881 3280 C

1918 1948 2113 2004 mentis
2140 1949 2480 2005 delictorum.
2510 1949 2592 2005 Ad
2624 1948 2763 2006 hanc
2786 1964 2883 2007 vos
2912 1950 3259 2006 valitudinem
3288 1950 3381 2006 ille
3407 1950 3498 2020 qui

1916 2050 1998 2097 est
2028 2043 2258 2112 praevius
2286 2053 2486 2111 vester,
2512 2042 2757 2110 adduxit,
2790 2054 2850 2099 ut
2884 2052 3006 2113 post
3032 2044 3353 2109 desolatuni,
3380 2051 3498 2113 post

1915 2136 2213 2205 impetitum
2252 2137 2578 2208 pontificem,
2609 2138 2727 2193 sine
2761 2138 2924 2193 ullius
2965 2138 3148 2208 vigore
3193 2137 3497 2209 sententia,

1916 2233 2078 2287 totius
2108 2248 2243 2304 pene
2272 2234 2435 2289 Italiae
2461 2234 2868 2304 improbandam
2890 2234 3184 2289 antistitum
3207 2234 3498 2291 crederetis

1915 2340 2035 2381 esse
2067 2310 2348 2382 censuram
2386 2344 2399 2381 :
2444 2328 2715 2397 quomodo
2756 2328 2971 2398 quidam
3002 2327 3136 2382 dixit
3172 2327 3240 2382 de
3274 2327 3498 2382 cohorte

1914 2429 2129 2475 vestra:
2162 2418 2517 2475 Festinantem
2544 2418 2771 2473 animum
2808 2420 2962 2473 morti
2999 2436 3105 2473 non
3143 2419 3496 2475 credidituni.

1914 2510 2166 2569 Potestne
2216 2527 2367 2568 mens
2398 2511 2665 2579 indocilis,
2696 2510 2979 2567 criminum
3016 2511 3126 2581 jam
3166 2511 3329 2567 ditata
3372 2523 3498 2566 suc-

1912 2607 2173 2674 cessibus,
2204 2622 2235 2662 a
2256 2606 2554 2663 detestabili
2583 2607 2875 2678 proposito,
2910 2606 3057 2662 velut
3086 2605 3245 2662 eﬂ'eta
3271 2604 3450 2660 feriari
3474 2606 3498 2660 ?

1912 2696 2009 2755 llle
2038 2713 2132 2755 vos
2154 2700 2446 2769 locupletes
2476 2701 2634 2754 malis
2666 2699 2868 2769 eﬂ‘ccit,
2892 2700 2977 2755 cui
3004 2699 3297 2754 elationum
3328 2700 3498 2768 copiae

1913 2803 2045 2860 Opes
2086 2792 2355 2861 angelicas
2389 2791 2719 2847 sustulerunt
2746 2790 2905 2863 (Isai.
2928 2806 3037 2858 xtv,
3068 2792 3136 2846 12
3169 2802 3223 2848 et
3260 2790 3499 2846 divinum

1912 2896 2133 2938 censum
2158 2882 2387 2939 nocendi
2416 2897 2523 2954 quo
2552 2883 2833 2951 exuberat,
2866 2882 3147 2937 thesaurus
3185 2881 3395 2936 invidit.

1983 2976 2090 3033 Sed
2113 2977 2364 3047 promissi
2389 2990 2658 3032 memores
2674 2976 2925 3031 universa
2944 2988 3066 3044 qua
3088 2974 3238 3043 operi
3260 2974 3499 3044 ipsorum

1912 3069 2203 3126 recolimus
2229 3070 2450 3135 inserta,
2479 3078 2777 3140 tangamus.
2812 3086 2831 3120 ι
2866 3066 3123 3139 Arguitur
3151 3070 3291 3139 stylo
3320 3068 3500 3137 splen-

1911 3160 2189 3218 didissimo
2210 3176 2344 3233 papa
2356 3163 2728 3234 Symmachus,
2748 3176 2911 3232 quare
2931 3163 3342 3217 conventionem
3356 3174 3497 3231 prae-

1911 3254 2157 3323 veniens,
2186 3270 2306 3310 cum
2348 3254 2670 3326 populorum
2710 3253 2942 3309 ctetibus
2983 3267 3211 3309 examen
3258 3252 3499 3321 intravit,

1910 3357 1967 3406 et
2018 3358 2201 3421 postea
2246 3349 2478 3419 judicia,
2522 3348 2545 3380 δ
2571 3363 2694 3405 cum
2734 3355 2987 3404 evocatus
3032 3357 3226 3418 quater
3281 3345 3499 3415 fuisset,

1912 3443 2137 3513 sprevit.
2176 3462 2197 3496 ι
2227 3442 2320 3498 Sic
2348 3456 2378 3495 a
2407 3441 2563 3497 vobis
2587 3441 2703 3497 veri
2728 3440 2976 3497 discessit
3003 3439 3239 3505 aﬂectio,
3266 3448 3325 3495 ut
3350 3454 3500 3495 men-

1910 3536 2187 3593 daciorum
2230 3534 2439 3593 nebulis
2460 3536 2608 3590 urbis
2637 3536 3004 3592 testimonium
3042 3536 3239 3605 putetis
3273 3532 3496 3600 involvi,

1912 3636 1968 3685 et
1989 3628 2213 3684 fallacie
2241 3628 2525 3697 penniculo
2553 3626 2764 3697 depicta
2795 3627 2957 3681 verba
2988 3625 3107 3697 plus
3137 3626 3333 3680 vit-ium
3373 3638 3501 3679 cre-

1913 3721 2053 3777 datis
2088 3722 2305 3789 habere,
2346 3736 2503 3793 quam
2544 3718 2823 3779 veritatem
2856 3718 3023 3773 Roma
3058 3733 3218 3788 quam
3265 3716 3499 3773 retinet?

1916 3814 2128 3884 Ergone
2163 3815 2253 3870 ille
2289 3815 2736 3884 disceptationem
2767 3810 2849 3869 vel
2876 3811 3215 3883 importunus
3242 3808 3394 3876 adiit,
3414 3806 3501 3863 vel

1915 3914 2255 3976 exspectatus
2285 3905 2528 3976 aufugit?
2550 3905 2763 3977 Ergone
2791 3905 2938 3960 illam
2977 3902 3373 3959 multitudinem
3405 3900 3501 3957 de-

1916 4008 2052 4056 votae
2082 4000 2194 4056 Deo
2224 4000 2414 4071 plebis,
2449 4014 2555 4055 non
2593 4014 2693 4071 pro
2728 3997 2852 4055 fidei
2882 3997 3157 4068 diligentia
3193 3994 3499 4052 Christiana

1916 4092 2086 4163 magis
2113 4094 2465 4164 exspectatio,
2499 4108 2657 4163 quam
2681 4092 2829 4148 furor
2856 4093 3142 4148 evocavit?
3178 4091 3499 4161 Quisquam-

1917 4200 1985 4241 ne
2012 4186 2079 4241 ad
2118 4186 2449 4243 inferendam
2479 4187 2785 4242 violentiam
2817 4200 3041 4243 currens
3089 4186 3353 4256 lacrymas
3401 4197 3498 4240 co-

1917 4279 2075 4332 mites
2123 4276 2304 4345 habet,
2350 4288 2404 4333 et
2441 4279 2533 4347 qui
2572 4278 2753 4334 studet
2801 4292 2922 4334 esse
2965 4276 3261 4343 formidini,
3290 4274 3497 4331 vultum

1920 4368 2157 4425 timentis
2205 4368 2479 4424 ostendit?
2523 4362 2803 4426 ﬂultitudo
2847 4370 2940 4425 illa
2976 4369 3161 4440 juncta
3199 4366 3497 4425 sacerdotis

1919 4459 2116 4517 officiis
2145 4461 2324 4517 attulit
2350 4461 2415 4516 ad
2440 4476 2541 4517 nos
2558 4462 2815 4530 lamenta,
2850 4476 2952 4517 non
2976 4461 3150 4532 jacula
3177 4479 3192 4515 :
3223 4476 3320 4517 nec
3349 4461 3500 4517 venit

220 4548 522 4592 canonum:
560 4538 580 4569 ³
606 4539 920 4610 Quicunque
956 4541 1276 4597 clericorum
1307 4543 1374 4598 ab
1400 4544 1655 4613 episcOpo
1693 4561 1810 4616 suo,

220 4638 331 4656 ιηιιι
363 4630 659 4656 ιιι-ιοησιίῖηι
685 4634 896 4656 unm“...
951 4647 1045 4656 ..-η
1076 4632 1229 4656 Δ..ι.ι-
1265 4635 1562 4656 ..---_.:-:-__
1612 4637 1712 4656 ξιξ--
1759 4654 1769 4656 ,

1920 4554 2041 4610 telis
2068 4555 2269 4623 minax,
2296 4555 2392 4611 sed
2414 4555 2629 4612 ﬂetibus
2653 4555 3011 4611 miserabilis:
3041 4569 3143 4610 una
3176 4564 3381 4611 tantum
3410 4555 3498 4611 in-

218 4638 333 4682 ante
363 4630 660 4685 sententiae
684 4634 916 4700 tempus,
951 4647 1048 4700 pro
1072 4632 1233 4688 dubia
1262 4635 1569 4705 suspicione
1602 4637 1808 4694 disces-

216 4723 359 4789 serit,
411 4722 761 4778 manifestam
802 4724 855 4779 in
888 4739 1013 4781 eum
1059 4740 1341 4783 remanere
1382 4731 1698 4786 censuram?
1727 4731 1810 4788 Ad

215 4812 373 4883 hujus
404 4817 486 4871 rei
527 4816 884 4873 ministerium
913 4818 1165 4874 devotum
1200 4819 1311 4877 Deo
1339 4823 1575 4892 oportuit
1616 4839 1807 4894 agmen

214 4919 528 4975 occurrere,
565 4910 624 4963 ut
668 4909 863 4977 perditi
905 4918 961 4966 et
1004 4911 1270 4981 proﬂigati
1320 4915 1496 4983 gregis
1538 4916 1810 4973 ulceribus

266 5023 295 5102 .¹
331 5022 534 5077 Nonne
553 5024 928 5102 directnyerba
953 5037 1071 5102 sunt
1083 5029 1364 5102 canonum]
1388 5030 1693 5102 Symmachi
1714 5049 1809 5087 no-

213 5094 378 5171 mine,
415 5108 527 5171 non
562 5094 789 5171 Ennodii
808 5098 1012 5171 citatuur
1043 5098 1135 5171 hic
1159 5099 1305 5153 locus
1332 5094 1363 5152 εἰ
1387 5094 1642 5157 Gratiano
1667 5104 1804 5171 Vlll,

212 5177 262 5243 ει³
293 5162 350 5230 6,
378 5165 510 5231 quia
542 5180 662 5243 cum
698 5166 908 5243 libellus
931 5168 1159 5224 Ennodii
1189 5172 1408 5240 synodis
1433 5162 1806 5241 Sytnmacltia;

212 5236 318 5297 nis,
354 5244 417 5287 ut
446 5236 607 5315 paulo
629 5245 759 5315 ante
790 5236 990 5293 dictum
1023 5250 1127 5305 est,
1167 5236 1291 5315 cum
1332 5244 1444 5311 pari
1474 5236 1808 5302 auctoritatis

212 5310 586 5386 praerogativa
627 5310 861 5386 insertus
907 5322 1072 5386 esset,
1118 5328 1236 5382 quae
1280 5310 1346 5366 in’
1376 5328 1446 5386 eo
1472 5326 1658 5386 erant,
1711 5331 1810 5386 pro

211 5374 533 5445 Symmachi
575 5376 743 5445 ipsius
771 5380 999 5435 decretis
1034 5374 1437 5438 aut'sententiis
1470 5374 1654 5441 haberi
1700 5374 1811 5444 cte-

213 5454 434 5524 perunt:
458 5446 833 5524 Percellebant
861 5460 1043 5524 autem,
1059 5468 1293 5524 canones
1316 5456 1390 5508 illi
1412 5456 1803 5524 schismaticos,

214 5517 302 5598 qui
330 5516 642 5598 (criminum
688 5519 909 5598 obtentu
938 5522 1142 5598 quibus
1170 5523 1547 5598 Symmachum
1582 5516 1809 5598 impete;

215 5586 368 5664 bant,
399 5587 787 5664 discessionem
804 5591 872 5645 ab
892 5586 1102 5651 eo’ante
1126 5586 1334 5664 jud'icii,
1366 5597 1561 5653 nedum
1590 5586 1810 5657 senten-

218 5658 301 5711 tia:
333 5670 546 5727 tempus
572 5658 829 5715 fecerant.

280 5730 302 5798 ?
336 5728 471 5784 Disl.
507 5731 564 5791 8,
595 5741 787 5798 quaest.
812 5734 867 5786 4.

282 5797 306 5829 ⁸
342 5797 665 5857 Didascalibt'
684 5803 862 5876 libelli]
881 5805 1101 5865 lronice.
1128 5807 1254 5864 Nam
1280 5809 1621 5869 διδασκαλική
1642 5815 1803 5882 λόγοι,

1921 4649 2213 4704 tentionem
2238 4658 2473 4705 vestram
2492 4648 2852 4704 ostentatione
2870 4658 3187 4720 gravatura;
3215 4648 3337 4718 quia
3366 4647 3499 4703 ube-

1917 4741 2067 4797 ribus
2087 4743 2371 4797 oculorum
2393 4742 2703 4797 ﬂuminibus
2722 4742 3143 4805 demonstrabat,
3165 4755 3325 4811 quam
3349 4746 3498 4796 esset

1918 4849 2013 4903 per
2039 4836 2385 4891 acerbitatem
2413 4844 2646 4890 vestram
2673 4834 2911 4890 conditio
2938 4833 3168 4889 dolenda
3196 4831 3409 4901 pulsati,
3440 4838 3498 4888 et

1918 4927 1971 4981 in
2000 4926 2293 4983 sobrietate
2322 4927 2615 4983 venerandi
2656 4928 2921 4984 examinis
2949 4926 3239 4982 afﬂictione
3275 4924 3492 5005 propria

1914 5041 2249 5097 didascalicte
2291 5041 2683 5111 disputationes
2731 5042 2980 5099 dicuntur
3024 5056 3285 5100 accuratae
3322 5050 3373 5095 et
3426 5037 3495 5093 ad

1913 5112 2211 5167 docendum
2242 5113 2447 5168 idonea:
2472 5130 2485 5165 :
2520 5115 2662 5169 unde
2687 5116 2754 5169 ab
2787 5116 3075 5171 Aristotele
3100 5129 3204 5170 una
3233 5112 3493 5183 copulan-

1916 5193 2000 5263 tur
2020 5187 2076 5263 τῤ
2101 5185 2461 5260 ἀκριϐέστερον
2485 5189 2569 5240 καὶ
2594 5184 3098 5263 διδριᾳκαλξκῲτερον.

1985 5255 2007 5285 ’⁵
2035 5253 2175 5333 cu‘m'
2189 5253 2421 5333 evocatus
2457 5266 2630 5333 quater
2660 5255 2862 5327 fuisset]
2909 5253 3193 5333 Ingressus
3215 5263 3297 5333 est
3327 5264 3496 5333 syno-

1914 5327 2041 5398 dum
2087 5328 2437 5396 Symmachus
2470 5322 2667 5393 primo
2708 5322 2995 5391 conventu,
3042 5330 3130 5398 qui
3178 5327 3232 5380 in
3272 5322 3493 5398 basilica

1914 5397 2039 5452 Julii
2070 5390 2221 5452 actus
2243 5407 2360 5453 est:
2388 5397 2455 5451 ad
2493 5390 2721 5452 alterum
2762 5400 2886 5453 item
2929 5390 3303 5453 Sessorianum
3334 5390 3496 5460 profi-

1912 5468 2234 5536 ciscebatur,
2268 5482 2389 5523 cum
2418 5468 2487 5523 ab
2534 5468 2855 5525 adversariis
2892 5470 2949 5522 in
2990 5471 3072 5523 via
3099 5469 3497 5536 circumventus

1913 5554 1976 5594 ac
1997 5542 2151 5594 caesis
2179 5534 2290 5594 suis
2314 5554 2447 5602 uene
2468 5554 2755 5609 oppressus
2772 5551 2853 5593 est
2880 5557 2892 5591 :
2918 5539 3058 5606 quod
3086 5548 3364 5603 utrumque
3381 5534 3495 5604 jam

1913 5624 2071 5679 supra
2100 5608 2660 5665 commemoravimus.
2694 5608 2969 5679 Posteam
3020 5609 3221 5665 caedem
3254 5621 3498 5662 commo-

1915 5678 2056 5737 nitus
2104 5698 2170 5757 aﬁn
2208 5697 2421 5757 rursum
2469 5682 2534 5735 ad
2583 5678 2785 5757 synodi
2821 5678 3083 5743 judicium
3129 5681 3275 5737 exire
3307 5679 3493 5748 vellet,

1912 5754 2163 5823 compelli
2184 5768 2244 5809 se
2265 5752 2387 5821 jure
2413 5765 2569 5821 posse
2601 5752 2829 5816 negavit.
