1987 3183
233 170 286 205 193

800 167 935 198 ENNODII
953 166 1105 197 EPISCOPI
1125 166 1312 196 TlGlNENSlS

1811 163 1861 196 I96

233 233 447 267 commendabat,
471 238 548 268 quem
566 235 631 259 voce
644 237 698 258 non
716 233 829 265 poterat.
843 229 898 257 Sed
915 228 1018 256 habetis
1033 230 1060 259 Α
1070 227 1133 255 dum
1145 227 1281 255 alimentis
1293 225 1452 255 distributor
1466 226 1572 261 egebat,
1588 227 1619 253 ut
1634 225 1714 254 ﬂeret
1730 225 1758 253 in
1777 225 1862 254 domi-

234 282 406 312 manil‘estum
421 286 453 307 ex
466 278 517 305 hac
530 285 560 305 re
571 277 614 312 qui
627 277 711 305 bilem
723 276 797 304 furor
806 275 950 304 accendat:
962 275 1025 310 quia

236 335 306 364 pene
321 325 457 354 absolutus
471 322 504 351 ad
518 322 618 358 judicia
637 322 721 356 venit,
738 329 787 357 pro
800 327 853 357 quo
873 319 946 348 urbis
965 319 1025 347 illa-

239 376 351 409 crymat,
369 374 397 399 et
410 370 473 397 dum
489 369 570 397 rebus
581 373 736 397 extraneum
751 368 778 395 in
789 366 945 403 praedictum
957 366 1027 394 invi-

238 419 308 447 diam
320 423 444 445 sermne
459 415 596 451 colligitis,
607 414 743 450 paulisper
753 412 914 442 reverentiae
926 416 1038 440 nostrat-

235 465 279 493 diu
294 464 384 492 cervix
399 462 514 498 superba
523 461 697 489 submittitur.
710 460 819 489 Sacram
829 459 900 487 enim
913 465 1028 493 congre-

234 510 369 546 gationem
380 512 444 536 tunc
454 507 565 541 vocatis,
583 506 690 542 quando
703 506 893 534 exstinctcrem
904 508 1037 532 nostrum

234 556 425 591 Symmachum
436 554 517 582 vultls
524 559 661 581 asserere:
676 557 704 580 et
713 552 813 580 crudeli
824 552 922 586 pietate
932 550 1027 578 honori

233 606 326 629 nostro
341 601 438 636 putatis
453 605 616 633 accrescere,
632 597 703 633 quod
714 597 835 625 residens
851 595 879 624 in
894 595 1028 623 Ecclesia-

233 655 292 675 rum
308 653 369 674 arce
389 644 545 681 perdiderit.
560 644 615 672 Nos
628 643 679 671 ista
693 651 745 671 non
766 643 853 670 solum
868 648 921 670 non
939 641 1027 669 sensi-

233 700 304 726 mus,
319 692 374 728 [sed
388 692 494 720 diversa
514 691 670 727 sentimus:
686 690 720 717 ad
742 689 810 717 alios
831 690 916 724 magis
938 688 1027 716 tutelae

233 743 330 767 vestrae
339 744 443 766 venena
451 737 610 765 convertite.
625 736 684 763 Non
695 735 777 763 habet
789 734 970 763 testimonium
981 733 1028 762 de-

233 784 359 817 fensoris,
365 783 410 819 qui
417 782 573 818 repugnanti
585 780 714 816 impendit
720 779 939 815 orisobseqnium
949 787 958 807 :
966 786 1029 814 per-

233 831 273 859 dit
282 837 361 867 quam
372 836 434 857 ese
441 832 515 864 putat
525 827 649 856 beneﬁcii
659 827 785 862 gratiam,
794 824 840 860 qui
847 824 947 860 aliquid
960 831 1029 859 prae-

233 877 375 906 statinvito
383 885 388 903 :
396 875 460 911 quia
468 882 523 902 non
527 878 569 902 est
578 879 677 901 manus
684 872 735 900 nisi
745 870 817 907 quod
823 870 889 899 velis
894 869 1026 905 accipere.

1075 278 1139 301 natu
1157 273 1284 307 servitus,
1300 277 1327 300 et
1346 272 1373 300 in
1394 272 1525 300 servitute
1545 271 1716 300 dominatus?
1731 272 1797 305 Quae
1814 272 1863 301 hoc

1075 319 1190 354 qualitas
1207 319 1386 354 praecedentia
1398 318 1450 346 aevi
1465 325 1513 353 per
1529 318 1686 346 memoriam
1702 317 1729 345 in
1745 317 1863 346 medium

1075 370 1210 393 transacta
1227 365 1379 393 reddebat?
1399 365 1492 398 Qualis
1511 364 1604 392 habuit
1619 364 1690 392 silici
1703 371 1736 392 ex
1751 371 1864 392 censura

1076 412 1225 446 convictus,
1246 412 1273 440 in
1292 419 1347 447 quo
1365 419 1474 440 causam
1496 411 1659 447 adjudicatio
1675 411 1866 446 prtecedebatl

1075 451 1134 487 Non
1158 459 1209 487 luit
1230 459 1419 495 privilegium,
1433 466 1488 495 quo
1505 458 1616 494 spoliari
1636 458 1724 494 potuit
1739 459 1796 493 jam
1816 465 1865 485 nu-

1077 505 1165 533 datus.
1181 504 1270 533 linum
1289 504 1367 533 vobis
1386 506 1500 541 putastis
1516 504 1637 533 residere
1650 505 1678 533 in
1692 512 1768 533 sacra
1788 505 1867 533 mlle-

1077 552 1168 579 ctione
1188 551 1337 580 subsidium
1355 560 1361 578 :
1383 557 1412 579 ut
1435 551 1469 579 ad
1493 550 1654 579 tuendoru-
1673 551 1867 578 immanitatem

1077 598 1222 625 criminum
1243 599 1400 626 sacerdotes
1421 597 1500 626 vobis
1517 598 1632 626 comites
1649 597 1821 633 iungeretis.
1841 602 1867 626 et

1078 643 1156 672 ﬁeret
1169 644 1328 679 impunitum
1341 644 1447 672 facinus
1461 644 1610 679 pollutione
1624 644 1782 672 multorum.
1799 643 1867 671 Num
1924 644 1931 653 ⁶

1077 698 1157 726 quam
1171 691 1340 719 convenienti
1357 695 1479 726 tempore
1489 698 1587 719 cursor
1598 690 1767 724 adsciscitur,
1781 689 1868 725 quiat!

1078 736 1197 764 decisum
1213 744 1282 772 pene
1303 737 1439 772 negotium
1460 741 1624 765 convocatur
1640 745 1647 763 :
1663 736 1804 765 criminosi
1819 737 1868 765 etsi

1079 788 1120 811 est
1133 783 1271 818 meritum,
1285 783 1355 811 tollit
1368 789 1519 818 accusator,
1530 784 1578 820 qui
1597 791 1629 812 eo
1643 783 1705 818 pius
1721 782 1806 811 furori
1821 790 1868 811 suo

1078 829 1136 857 vult
1152 829 1249 863 licere,
1266 837 1345 865 quam
1368 830 1462 865 iudici.
1485 827 1558 858 Dicit
1574 830 1647 858 enim
1670 837 1719 857 vos
1739 831 1868 865 impetens

1080 876 1212 912 propheta
1226 884 1233 903 :
1249 876 1315 904 Hac
1329 881 1366 905 est
1382 884 1442 913 pars
1457 885 1555 910 eorum,
1570 877 1615 913 qui
1635 881 1796 905 vastaverunt
1813 884 1866 910 nos,

270 923 347 952 Nunc
361 923 439 958 longa
454 928 510 950 non
527 928 594 956 ορυε
617 924 659 948 δεῖ
678 919 864 947 immo“
885 914 942 953 l'm
963 925 1024 953 Ρθτ·
1038 923 1063 956 Β
1075 928 1100 952 et
1112 931 1169 951 sors
1181 924 1358 959 diripientium
1370 923 1489 959 noaJte,
1505 925 1591 960 angeli
1601 925 1709 958 celoces,
1724 925 1759 951 ad
1767 931 1868 959 gregem

234 970 298 999 ditis
312 978 320 997 :
336 968 428 997 odium
447 968 577 996 debemus
589 966 676 1001 operi,
689 965 725 994 de
741 966 819 1000 cujus
830 965 888 1000 iam
905 971 960 992 non
978 971 1025 991 su-

232 1021 324 1053 perest
337 1015 408 1052 quod
420 1015 561 1043 damnetur
573 1013 739 1042 auctoribus.
755 1020 768 1038 r
779 1011 921 1039 Mulierum
933 1010 1026 1039 turbas

233 1064 354 1093 asseritis
373 1062 484 1091 urbanis
506 1061 641 1090 coloribus
664 1067 726 1088 eum
747 1058 859 1094 prastat.
877 1058 912 1085 ad
927 1057 1027 1093 judicia

239 1110 398 1140 convenisse
413 1118 420 1136 :
436 1113 463 1137 et
476 1108 521 1136 illa
535 1107 683 1135 subtilitate
702 1104 852 1133 ostenditur
871 1110 966 1136 sexus,
981 1102 1027 1139 qui

233 1156 364 1191 majorem
377 1154 491 1182 antistiti
507 1153 646 1181 debuisset
661 1150 801 1179 eiectum.
815 1160 825 1176 ι
842 1145 1029 1178 Prolanissinti

234 1202 383 1234 hominum,
399 1200 530 1235 scriptum
542 1198 649 1227 retineo
662 1206 669 1224 :
686 1198 695 1212 ί
706 1197 786 1224 Aliud
800 1201 839 1224 est
850 1195 918 1224 male
932 1195 1025 1228 dicere.

235 1247 308 1275 aliud
325 1254 457 1275 accusem.
480 1245 514 1273 Et
531 1244 691 1280 prophetam
706 1242 811 1270 dixisse
826 1250 834 1269 :
850 1241 1028 1277 Reprobantes

236 1295 338 1322 verbum
352 1287 474 1329 sperastis
484 1293 513 1320 in
528 1292 656 1320 calumnia
671 1296 695 1318 et
710 1292 736 1317 in
751 1290 873 1324 multa,
889 1294 913 1316 et
927 1289 988 1317 eatis
1000 1289 1028 1316 ita

236 1349 267 1369 ω
279 1350 288 1368 :
304 1345 439 1377 propterea
451 1340 499 1367 erit
513 1339 582 1366 vobis
593 1338 714 1373 iniquitas
729 1337 784 1364 Istuc
796 1338 863 1364 sicut
877 1335 1028 1370 interruptis)

238 1388 320 1425 (leui.
340 1394 404 1422 xxx,
419 1387 481 1422 η).
497 1386 564 1420 Quia
578 1392 628 1420 pro
638 1385 717 1412 nobis
728 1383 793 1411 dicit
807 1383 935 1411 Dominus
951 1391 957 1409 :
974 1381 1028 1409 an

234 1435 279 1470 qui
289 1433 409 1470 iudicant
429 1441 484 1465 vos,
506 1439 552 1467 ego
569 1430 696 1467 iudicabo
716 1428 799 1465 (Ieci.
818 1437 893 1462 χιιι,
910 1428 945 1456 25
956 1428 976 1463 ).
995 1428 1029 1456 Et

235 1481 335 1509 iterum
356 1480 390 1508 ad
412 1486 511 1508 servos
533 1485 599 1506 suos
616 1477 682 1505 dicit
697 1486 707 1504 ι
720 1476 809 1503 Nolite
829 1477 916 1503 timere
935 1482 1028 1510 oppro-

235 1528 319 1555 brium
338 1527 479 1559 hominum,
504 1530 529 1553 et
552 1524 724 1559 blasphemiae
747 1530 836 1550 eorum
856 1530 887 1549 ne
908 1514 1028 1548 meinati:

234 1574 245 1609 (
254 1574 319 1601 Ioui.
335 1582 370 1606 ιι,
383 1574 427 1608 7)»
443 1573 547 1600 Rursus
569 1570 651 1598 etiam
669 1569 745 1597 vobis
769 1569 869 1595 clamat
886 1576 892 1594 :
907 1567 1027 1595 Accedite

1078 969 1228 997 conuulsum
1242 973 1266 996 et
1277 969 1455 1004 dilaceratum,
1466 974 1489 998 et
1500 969 1625 1005 populum
1637 969 1772 996 tmibileut
1787 969 1865 1004 (luti.

1078 1023 1144 1050 xvn,
1163 1016 1209 1049 14,
1232 1019 1259 1043 et
1274 1023 1349 1049 mn,
1368 1015 1413 1050 2).
1437 1015 1478 1043 Ad
1496 1022 1545 1043 vos
1563 1015 1676 1051 angelus
1695 1015 1792 1043 missus
1815 1019 1866 1048 est,

1078 1061 1182 1090 scilicet
1197 1069 1245 1097 per
1259 1061 1430 1095 sacerdotes,
1448 1069 1562 1097 quorum
1584 1068 1652 1089 voce
1673 1065 1753 1096 atque
1774 1061 1869 1089 merita

1079 1107 1240 1143 perferenda
1253 1108 1364 1136 Christo
1375 1108 1445 1136 dona
1457 1108 1618 1144 suscipiunt,
1630 1112 1658 1136 et
1668 1108 1772 1143 placato
1782 1106 1868 1135 domi-

1079 1159 1160 1182 nante
1170 1154 1311 1190 impetrata
1321 1155 1478 1183 mortalibus
1494 1159 1556 1182 vota
1574 1155 1735 1188 comedunt,
1746 1161 1795 1189 per
1804 1160 1869 1189 qua

1079 1200 1156 1234 vobis
1169 1200 1259 1228 oblata
1275 1205 1337 1228 sunt
1357 1208 1466 1229 munera
1480 1201 1621 1236 repudiata
1634 1200 1786 1228 concordiae
1803 1208 1809 1226 :
1826 1199 1870 1235 qui

1078 1253 1186 1281 penam
1206 1247 1371 1275 merentibus
1396 1246 1549 1275 dilectionis
1571 1246 1680 1282 praemia
1705 1246 1869 1278 detulerunt,

1079 1294 1126 1329 qui
1140 1294 1204 1322 dum
1217 1301 1250 1322 se
1260 1294 1444 1327 considerant,
1453 1293 1481 1322 in
1501 1294 1576 1322 nullo
1592 1293 1666 1329 quod
1683 1291 1869 1325 merebamini,

1079 1345 1267 1376 respexerunt.

1094 1403 1096 1405 -
1114 1387 1180 1422 Quis
1192 1395 1271 1422 eum,
1287 1387 1427 1423 inquiunt,
1442 1387 1510 1415 vidit
1522 1394 1583 1415 eum
1598 1385 1801 1414 accusatoribus
1814 1385 1868 1413 sia

1078 1439 1182 1470 aperta,
1201 1440 1231 1463 ut
1250 1435 1336 1468 aiunt,
1356 1441 1444 1470 pugna
1455 1434 1620 1469 conﬂigere?
1639 1431 1871 1468 lmpudentissiuti

1079 1480 1230 1514 hominum,
1244 1488 1325 1515 quem
1335 1488 1395 1508 cum
1409 1480 1506 1515 quibus
1520 1480 1600 1507 vultis
1614 1479 1765 1512 decertare,
1781 1477 1868 1513 respi-

1079 1527 1132 1554 cite
1155 1535 1163 1554 :
1180 1531 1208 1554 et
1229 1527 1369 1562 utriusque
1387 1527 1482 1562 partis,
1498 1527 1521 1554 si
1543 1526 1607 1561 quid
1628 1526 1723 1554 salutis
1745 1526 1771 1553 in
1793 1524 1869 1553 vobis

1078 1573 1193 1607 resedit,
1207 1573 1276 1606 loca,
1287 1578 1420 1608 tempora,
1438 1580 1567 1608 personas
1580 1573 1711 1601 attendite
1727 1580 1734 1599 τ
1749 1576 1776 1600 et
1787 1573 1812 1600 si
1825 1578 1872 1600 vos

235 1599 286 1647 luti:
298 1628 381 1647 semen
395 1599 509 1646 ἀνίειν-ἰ
525 1622 549 1645 et
568 1616 704 1652 fornicarii
718 1623 728 1642 :
739 1622 817 1650 super
830 1621 903 1649 quem
918 1613 1027 1645 luaiatis,

1079 1599 1421 1655 .tr;;a'.;.’.;,.;.'.;.:..a;
1435 1599 1793 1654 ;at..'."..1.;i;.’..’..b.,..
1805 1599 1871 1654 tu.

236 1674 312 1702 super
323 1673 397 1699 quem
410 1664 542 1691 dilatauit.
553 1671 582 1690 οι
598 1667 622 1690 οι
638 1662 747 1697 ejecian's
763 1660 896 1695 linguam?
913 1659 1027 1694 nunquid

236 1720 288 1741 non
300 1721 343 1740 vos
354 1712 404 1747 lilii
414 1710 514 1738 scelesti
523 1709 593 1743 estis,
605 1717 689 1736 semen
699 1707 809 1735 mendax
820 1706 899 1742 (Isai.
909 1713 972 1740 Lvtt,
980 1704 1027 1740 5)?

273 1758 337 1793 Quae
353 1757 449 1792 quibus
463 1755 596 1791 copulatis
611 1754 756 1787 advertite,
768 1753 890 1781 dicentes
904 1760 911 1779 :
927 1750 1028 1779 indicta

236 1812 326 1839 causa,
351 1803 487 1831 derelictis
505 1801 706 1834 defensoribus,
729 1807 798 1835 papa
813 1799 953 1827 decessit:
975 1796 1027 1824 lori

237 1851 351 1880 nobisin
361 1850 469 1885 negotio
485 1848 624 1883 praesenti;
633 1851 661 1875 et
674 1847 823 1882 platearum
838 1851 950 1880 quarum
962 1844 1028 1871 estis

236 1896 402 1933 hypocrita,
424 1894 547 1929 eaernpla
568 1897 750 1928 proponentes
770 1900 776 1918 :
793 1891 877 1919 Nobis
898 1889 1027 1924 scriptum

236 1949 279 1973 est
293 1951 340 1979 per
352 1943 466 1970 Paulum
483 1941 635 1976 apostolum
650 1939 720 1977 (Gal.
735 1946 755 1973 1,
772 1938 817 1974 14)
835 1948 842 1966 :
857 1937 954 1973 quibus
966 1944 1029 1964 cru-

235 1991 330 2020 ciﬁxus
347 1994 392 2019 est
408 1989 536 2022 mundus,
559 1987 624 2022 quid
648 1986 703 2014 illis
721 1993 783 2013 cum
798 1984 882 2013 loco?
905 1984 952 2012 sed
977 1984 1029 2011 ista

229 2037 366 2070 nescitis,
389 2040 435 2063 aut
458 2034 529 2070 quod
550 2038 593 2061 est
613 2032 732 2068 gravius.
755 2035 819 2059 nota
842 2029 1026 2058 contemnitis.

236 2085 252 2101 ³-
262 2083 441 2119 Peregrinum
455 2081 538 2109 credo
554 2079 667 2115 aliquid,
678 2083 707 2107 et
727 2086 743 2106 a
756 2078 862 2106 ratione
875 2080 1028 2111 separatum

237 2130 378 2166 postulans
400 2135 468 2164 pupa
492 2127 628 2155 discessit.
648 2125 742 2154 Nonne
766 2125 818 2152 hoc
840 2123 958 2159 speravit
979 2130 1029 2158 pro

237 2182 309 2205 statu
331 2175 447 2204 labentis
465 2174 593 2202 Ecclesiae
616 2170 744 2208 pasaora‘ii
762 2179 829 2199 cura
846 2171 1007 2199 constrictus
1019 2189 1027 2202 ,

238 2222 310 2258 quod
329 2226 357 2250 et
375 2222 502 2257 religiosa
523 2219 703 2255 providentia,
718 2222 747 2246 et
761 2224 851 2246 causa
865 2217 948 2252 ipsius
961 2215 1028 2244 ordo

238 2269 392 2305 ﬂagitabat?
403 2268 472 2302 Quae
481 2268 552 2295 enim
566 2267 729 2302 iudiciorum
742 2264 832 2294 fama
839 2268 1026 2300 praecesserat,

237 2321 269 2345 ut
285 2316 362 2344 vobis
375 2315 510 2343 hostiliter
520 2314 659 2349 disruptis,
672 2313 754 2341 etiam
767 2320 817 2348 per
831 2311 1028 2347 suggestionem

237 2367 356 2392 vestram
366 2361 481 2390 sublatis
492 2361 623 2389 Ecclesiae
632 2360 740 2396 opibus,
748 2359 847 2395 quidiu
858 2358 945 2386 iuerat
953 2358 1029 2386 cibus

238 2408 429 2442 esuriemium,
449 2406 527 2435 lamis
548 2407 712 2442 mancipium
732 2406 870 2434 videretur
888 2404 1000 2433 eﬂ‘ectus
1019 2412 1026 2430 :

275 2466 282 2480 ¹
304 2465 382 2493 Aliud
393 2469 428 2492 est
443 2465 511 2490 male
526 2464 618 2496 dicere,
628 2464 699 2490 aliud
710 2462 836 2490 [περιίδω-οἶ
855 2463 937 2490 Verba
953 2468 1024 2494 sunt,

238 2501 373 2529 Ciceronis
393 2501 419 2528 in
441 2501 563 2527 oratione
584 2507 631 2534 pro
658 2500 692 2526 bl.
713 2499 796 2527 Caelio
812 2507 871 2526 cum
885 2506 915 2525 ea
930 2499 1027 2525 refellit

238 2544 298 2570 quae
311 2536 439 2563 adversus
453 2535 529 2563 Caelii
544 2535 697 2570 pudicitiam
712 2536 770 2562 sine
790 2535 944 2569 probatione
959 2534 1026 2568 obji-

237 2573 385 2600 ciebantur.
402 2571 490 2604 Quare
505 2572 642 2606 aptisszme
661 2571 693 2598 ab
713 2570 834 2598 Ennodio
854 2571 879 2598 in
900 2578 928 2597 re
947 2570 1026 2597 simili

237 2612 415 2643 usurpantur,
437 2611 473 2643 uti
489 2605 858 2643 tacitumHschismaticorunr
876 2606 1025 2643 convicium

237 2641 379 2675 retundat,
404 2642 476 2677 quod
499 2649 532 2669 ex
556 2642 699 2670 mulierum
726 2642 915 2677 Symmachum
945 2641 1026 2668 ollicii

236 2686 316 2707 causa
327 2677 544 2714 prosequendum
560 2677 803 2714 turbarcaptabunt.

272 2715 282 2730 ¹
298 2711 465 2750 Peregrinum
474 2713 555 2750 credo
564 2711 765 2750 aliquidIDuo,
780 2718 807 2740 ut
820 2720 850 2740 et
863 2711 929 2739 actis
943 2716 1024 2750 patet,

237 2758 253 2779 a
270 2747 374 2785 synodo
394 2749 541 2785 postularat
558 2747 736 2785 Symmachus
753 2756 852 2775 :unum
863 2752 896 2785 ut
916 2747 1026 2775 cederet

237 2783 368 2827 visitatur,
385 2783 419 2813 de
437 2793 492 2827 quo
507 2790 613 2826 postea;
630 2784 742 2811 alterum
758 2788 787 2811 ut
798 2783 887 2823 omnia
905 2790 965 2817 qum
979 2791 1027 2817 per

237 2823 434 2855 suggestionem
458 2823 626 2848 inimicorum
649 2827 759 2847 suorum
787 2823 931 2855 amiserat,
963 2824 1026 2845 ante

237 2854 365 2891 judicium
392 2856 441 2889 ipsi
469 2856 723 2891 redintegrarentur.
758 2854 833 2887 Quod
860 2855 908 2881 etsi
938 2862 1026 2891 neque

237 2892 353 2919 alienum
371 2898 456 2925 neque
468 2891 586 2925 iniquum
599 2891 680 2918 videri
695 2895 808 2924 poterat,
823 2898 882 2917 cum
896 2890 1025 2923 spoliatos

237 2932 299 2955 autc
322 2927 411 2955 omnia
434 2926 556 2959 restitui,
581 2926 768 2954 ecclesiastica:
793 2927 865 2961 leges
897 2926 1022 2959 iubeant;

1080 1665 1179 1699 lentia,
1204 1665 1298 1693 oculos
1322 1665 1356 1693 ad
1379 1665 1463 1693 Deum
1485 1666 1619 1701 paulisper
1639 1665 1769 1699 attollite,
1782 1669 1814 1692 et
1831 1663 1870 1692 vel

1079 1712 1155 1740 brevi
1172 1716 1294 1748 tempore
1319 1712 1421 1740 sinistri
1443 1712 1583 1740 monitoris
1601 1712 1675 1747 jussu
1695 1711 1869 1739 contemnite.

1079 1759 1231 1794 Agnoscitis
1250 1759 1348 1787 summi
1360 1759 1371 1775 ³
1384 1759 1456 1795 regis
1469 1758 1694 1794 praeceptionibus
1712 1765 1760 1785 vos
1779 1757 1811 1785 in
1831 1757 1871 1785 his

1080 1813 1139 1841 qua
1151 1808 1246 1834 merito
1255 1805 1396 1841 plectenda
1405 1809 1479 1838 sunt,
1490 1812 1543 1833 non
1555 1805 1665 1832 muniri.
1673 1804 1739 1837 Quia
1750 1803 1871 1838 quamvis

1079 1852 1203 1886 responsi
1228 1852 1386 1887 qualitatem
1408 1851 1510 1879 dictem
1534 1851 1657 1886 dogmata
1678 1850 1826 1884 postulati,
1846 1853 1871 1877 et

1079 1898 1174 1934 petitio
1188 1899 1251 1926 dum
1266 1899 1356 1929 existit
1369 1899 1468 1933 praevia
1481 1905 1542 1933 qua:
1556 1897 1612 1925 sint
1625 1901 1760 1931 secutura,
1772 1896 1871 1923 descri-

1079 1945 1125 1972 bat
1138 1952 1146 1972 :
1161 1951 1296 1978 nunquam
1309 1949 1398 1971 tamen
1411 1943 1518 1971 casibus
1530 1943 1626 1971 vestris
1641 1942 1722 1970 libera
1735 1941 1872 1976 regnantis

1079 1990 1160 2017 verba
1170 1990 1280 2024 cepistis
1293 1998 1300 2016 :
1312 1996 1448 2025 nunquam
1460 1989 1603 2017 desideriis
1613 1995 1661 2024 per
1672 1987 1785 2022 aucupia
1796 1987 1873 2015 calli-

1079 2036 1171 2064 ditatis
1191 2035 1341 2071 imperialia
1360 2035 1439 2063 vobis
1453 2036 1551 2071 scripta
1566 2035 1725 2063 militarent.
1740 2034 1872 2067 Quotiens

1079 2083 1154 2110 vanis
1175 2083 1291 2110 hiatibus
1310 2083 1423 2111 nocendi
1445 2082 1570 2111 inefﬁcax
1591 2089 1697 2110 morsus
1716 2081 1874 2115 increpuit?

1079 2130 1204 2166 quotiens
1217 2130 1251 2158 de
1265 2134 1389 2158 accusato
1408 2130 1535 2165 quidquid
1555 2136 1603 2165 Spe
1620 2129 1752 2161 tenuistis,
1768 2127 1873 2164 elfugit,

1079 2180 1107 2205 et
1127 2183 1226 2205 vacuos
1247 2177 1335 2212 imago
1358 2176 1566 2211 praesumptione
1587 2180 1715 2211 occupata
1737 2174 1874 2203 deseruit?

1080 2223 1136 2251 Deo
1160 2224 1269 2258 gratias,
1285 2223 1331 2258 qui
1355 2223 1424 2251 hanc
1446 2223 1638 2258 providentiam
1659 2222 1755 2250 indidit
1778 2222 1816 2256 ei,
1831 2220 1872 2248 cui

1067 2277 1170 2298 .rerum
1201 2272 1376 2297 humanarum
1403 2277 1509 2297 summa
1536 2270 1679 2298 commisit.
1704 2268 1773 2303 Spes
1800 2272 1873 2296 certa

1040 2297 1070 2332 Β
1081 2317 1178 2353 quietis
1193 2321 1244 2351 est,
1261 2321 1288 2344 et
1302 2317 1397 2345 salutis
1408 2317 1525 2351 perfecta
1540 2310 1566 2345 in
1577 2318 1755 2352 gubernatore
1766 2316 1872 2351 sapien-

1081 2364 1127 2392 tia.
1143 2364 1243 2399 Puppis
1266 2364 1341 2398 cujus
1361 2364 1487 2399 magister
1500 2364 1533 2392 ad
1549 2364 1616 2392 clavi
1633 2365 1752 2399 regimen
1766 2363 1872 2391 intelle-

1079 2415 1139 2438 ctus
1163 2410 1225 2438 dote
1250 2414 1432 2444 praeparatur,
1456 2409 1555 2445 ubique
1582 2410 1743 2443 stationem,
1771 2409 1871 2444 ubique

1079 2469 1135 2505 regi
1151 2472 1238 2496 tamen
1248 2490 1258 2505 ,ν
1272 2476 1331 2496 cum
1347 2468 1466 2504 synodus
1480 2469 1513 2496 ad
1526 2477 1587 2497 eum
1602 2469 1754 2501 retulisset,
1770 2468 1871 2503 placuit

1079 2511 1108 2532 ut
1126 2504 1303 2540 Symmachus
1318 2510 1379 2532 ante
1392 2506 1589 2532 restitutionem
1611 2505 1740 2540 judicium
1754 2504 1871 2532 subiret.

1078 2541 1156 2573 Quod
1172 2540 1217 2567 ille
1238 2547 1286 2574 pro
1301 2540 1430 2567 modestia
1443 2548 1490 2567 sua
1506 2541 1616 2568 minime
1630 2540 1799 2567 detrectavit.

1116 2576 1127 2591 ³
1146 2576 1223 2611 Regis
1244 2575 1454 2611 prwceptionibus
1472 2584 1515 2603 vos
1529 2584 1580 2603 non
1591 2576 1687 2603 muniri
1694 2574 1774 2611 ]7Etsi
1788 2574 1873 2611 multa

1079 2619 1139 2647 qua:
1152 2610 1315 2646 Symmacho
1328 2610 1474 2638 adversari
1485 2611 1654 2645 videbantur,
1671 2619 1686 2638 a
1696 2610 1872 2647 Theoderico

1080 2646 1215 2682 praecepta
1239 2654 1270 2674 ac
1290 2647 1420 2681 rescripta
1440 2652 1634 2681 expresserant
1649 2646 1823 2678 schismatici,
1842 2649 1872 2672 ut

1080 2681 1115 2710 de
1135 2682 1282 2716 visitatore,
1297 2687 1324 2709 et
1345 2682 1416 2716 quod
1435 2682 1516 2710 modo
1532 2682 1567 2710 de
1583 2683 1730 2716 intercepta
1750 2681 1872 2709 redinte-

1080 2718 1202 2753 gratioue
1222 2718 1362 2745 recitatum
1383 2723 1435 2751 est,
1454 2723 1538 2753 atque
1553 2718 1604 2745 alia
1624 2718 1650 2745 id
1672 2723 1755 2753 genus
1772 2726 1779 2743 :
1796 2717 1871 2753 irrita

1082 2752 1168 2781 tamen
1185 2753 1272 2780 omnia
1295 2757 1324 2780 et.
1344 2754 1434 2780 inania.
1450 2752 1568 2781 luerunt.
1583 2753 1675 2788 Neque
1692 2760 1813 2787 unquam'
1827 2752 1872 2778 his

1080 2788 1212 2823 praesidiis
1235 2789 1340 2822 assequi
1361 2794 1522 2822 potuerunt,
1546 2789 1617 2823 quod
1641 2788 1817 2820 moliebatur,
1843 2790 1871 2814 ut

1080 2823 1258 2864 Symmachus
1282 2823 1463 2864 damnaretur.
1480 2825 1545 2852 Nam
1567 2824 1620 2864 ubi
1635 2823 1870 2864 synodonaudent

1081 2867 1094 2886 a
1108 2867 1171 2923 tiegle
1189 2859 1291 2894 integra
1313 2860 1443 2895 permissa
1464 2868 1507 2889 res
1526 2865 1577 2897 est,
1594 2858 1669 2893 illum
1684 2859 1803 2895 pr0tinus
1823 2858 1869 2886 ab-

1082 2903 1111 2923 so
1125 2903 1148 2922 vr
1164 2914 1170 2922 .

1082 2899 1170 2923 solvrt.
