  <div class='ocr_page' id='page_1' title='image "/cluster/home/n/w/nwhite01/storage/ocr_20150623/63/hvd.32044015469307/104.png"; bbox 0 0 3974 6366; ppageno 0'>
   <div class='ocr_carea' id='block_1_1' title="bbox 159 402 254 461">
    <p class='ocr_par' dir='ltr' id='par_1_1' title="bbox 159 402 254 461">
     <span class='ocr_line' id='line_1_1' title="bbox 159 402 254 461; baseline -0.032 1"><span class='ocrx_word' id='word_1_1' title='bbox 159 402 254 461; x_wconf 66' lang='grc'><strong>197</strong></span> 
     </span>
    </p>
   </div>
   <div class='ocr_carea' id='block_1_2' title="bbox 1127 398 2529 461">
    <p class='ocr_par' dir='ltr' id='par_1_2' title="bbox 1127 398 2529 461">
     <span class='ocr_line' id='line_1_2' title="bbox 1127 398 2529 461; baseline 0.002 -3"><span class='ocrx_word' id='word_1_2' title='bbox 1127 399 1456 461; x_wconf 81' lang='lat' dir='ltr'><strong>LIBELLUS</strong></span> <span class='ocrx_word' id='word_1_3' title='bbox 1492 399 2020 461; x_wconf 78' lang='lat' dir='ltr'><strong>APOLOGETICUS</strong></span> <span class='ocrx_word' id='word_1_4' title='bbox 2060 398 2196 457; x_wconf 79' lang='lat' dir='ltr'><strong>PRO</strong></span> <span class='ocrx_word' id='word_1_5' title='bbox 2234 398 2529 461; x_wconf 85' lang='lat' dir='ltr'><strong>SYNODO.</strong></span> 
     </span>
    </p>
   </div>
   <div class='ocr_carea' id='block_1_3' title="bbox 3346 399 3450 458">
    <p class='ocr_par' dir='ltr' id='par_1_3' title="bbox 3346 399 3450 458">
     <span class='ocr_line' id='line_1_3' title="bbox 3346 399 3450 458; baseline 0.01 -1"><span class='ocrx_word' id='word_1_6' title='bbox 3346 399 3450 458; x_wconf 77' lang='grc'><strong>198</strong></span> 
     </span>
    </p>
   </div>
   <div class='ocr_carea' id='block_1_4' title="bbox 162 512 3453 591">
    <p class='ocr_par' dir='ltr' id='par_1_4' title="bbox 162 512 3453 591">
     <span class='ocr_line' id='line_1_4' title="bbox 162 512 3453 591; baseline -0.001 -18"><span class='ocrx_word' id='word_1_7' title='bbox 162 527 369 591; x_wconf 85' lang='lat' dir='ltr'><strong>portum</strong></span> <span class='ocrx_word' id='word_1_8' title='bbox 416 515 590 573; x_wconf 88' lang='lat' dir='ltr'><strong>habet</strong></span> <span class='ocrx_word' id='word_1_9' title='bbox 632 515 688 572; x_wconf 93' lang='lat' dir='ltr'><strong>in</strong></span> <span class='ocrx_word' id='word_1_10' title='bbox 747 513 1011 572; x_wconf 84' lang='lat' dir='ltr'><strong>ﬂuctibus.</strong></span> <span class='ocrx_word' id='word_1_11' title='bbox 1060 512 1218 573; x_wconf 88' lang='lat' dir='ltr'><strong>Certa</strong></span> <span class='ocrx_word' id='word_1_12' title='bbox 1271 525 1351 573; x_wconf 91' lang='lat' dir='ltr'><strong>est</strong></span> <span class='ocrx_word' id='word_1_13' title='bbox 1396 516 1762 589; x_wconf 74' lang='lat' dir='ltr'><strong>generalitatis</strong></span> <span class='ocrx_word' id='word_1_14' title='bbox 1787 517 1843 581; x_wconf 75' lang='grc' dir='ltr'>Α</span> <span class='ocrx_word' id='word_1_15' title='bbox 1866 520 2174 586; x_wconf 71' lang='lat' dir='ltr'><strong>segregent,</strong></span> <span class='ocrx_word' id='word_1_16' title='bbox 2204 514 2251 570; x_wconf 87' lang='lat' dir='ltr'><strong>si</strong></span> <span class='ocrx_word' id='word_1_17' title='bbox 2290 530 2397 571; x_wconf 93' lang='lat' dir='ltr'><strong>uno</strong></span> <span class='ocrx_word' id='word_1_18' title='bbox 2436 515 2492 571; x_wconf 94' lang='lat' dir='ltr'><strong>in</strong></span> <span class='ocrx_word' id='word_1_19' title='bbox 2518 526 2709 585; x_wconf 84' lang='lat' dir='ltr'><strong>supera</strong></span> <span class='ocrx_word' id='word_1_20' title='bbox 2737 512 3016 570; x_wconf 86' lang='lat' dir='ltr'><strong>mansione</strong></span> <span class='ocrx_word' id='word_1_21' title='bbox 3040 513 3293 571; x_wconf 85' lang='lat' dir='ltr'><strong>conclave</strong></span> <span class='ocrx_word' id='word_1_22' title='bbox 3317 516 3453 571; x_wconf 83' lang='lat' dir='ltr'><strong>reti-</strong></span> 
     </span>
    </p>
   </div>
   <div class='ocr_carea' id='block_1_5' title="bbox 165 609 1761 683">
    <p class='ocr_par' dir='ltr' id='par_1_5' title="bbox 165 609 1761 683">
     <span class='ocr_line' id='line_1_5' title="bbox 165 609 1761 683; baseline -0.003 -12"><span class='ocrx_word' id='word_1_23' title='bbox 165 614 446 675; x_wconf 87' lang='lat' dir='ltr'><strong>securitas,</strong></span> <span class='ocrx_word' id='word_1_24' title='bbox 478 611 704 683; x_wconf 87' lang='lat' dir='ltr'><strong>quando</strong></span> <span class='ocrx_word' id='word_1_25' title='bbox 730 610 1112 682; x_wconf 81' lang='lat' dir='ltr'><strong>rempublicam</strong></span> <span class='ocrx_word' id='word_1_26' title='bbox 1145 609 1411 668; x_wconf 84' lang='lat' dir='ltr'><strong>nobilibus</strong></span> <span class='ocrx_word' id='word_1_27' title='bbox 1453 612 1591 682; x_wconf 90' lang='lat' dir='ltr'><strong>regit</strong></span> <span class='ocrx_word' id='word_1_28' title='bbox 1626 612 1761 668; x_wconf 88' lang='lat' dir='ltr'><strong>arti-</strong></span> 
     </span>
    </p>
   </div>
   <div class='ocr_carea' id='block_1_6' title="bbox 165 702 1759 772">
    <p class='ocr_par' dir='ltr' id='par_1_6' title="bbox 165 702 1759 772">
     <span class='ocr_line' id='line_1_6' title="bbox 165 702 1759 772; baseline -0.001 -11"><span class='ocrx_word' id='word_1_29' title='bbox 165 707 257 761; x_wconf 87' lang='lat' dir='ltr'><strong>bus</strong></span> <span class='ocrx_word' id='word_1_30' title='bbox 296 703 604 759; x_wconf 90' lang='lat' dir='ltr'><strong>institutns.</strong></span> <span class='ocrx_word' id='word_1_31' title='bbox 647 702 761 759; x_wconf 88' lang='lat' dir='ltr'><strong>Scit</strong></span> <span class='ocrx_word' id='word_1_32' title='bbox 806 702 1143 772; x_wconf 75' lang='lat' dir='ltr'><strong>imperatoris</strong></span> <span class='ocrx_word' id='word_1_33' title='bbox 1190 703 1357 758; x_wconf 84' lang='lat' dir='ltr'><strong>nostri</strong></span> <span class='ocrx_word' id='word_1_34' title='bbox 1402 704 1542 759; x_wconf 84' lang='lat' dir='ltr'><strong>ccelo</strong></span> <span class='ocrx_word' id='word_1_35' title='bbox 1584 704 1759 761; x_wconf 87' lang='lat' dir='ltr'><strong>infusa</strong></span> 
     </span>
    </p>
   </div>
   <div class='ocr_carea' id='block_1_7' title="bbox 168 792 1761 867">
    <p class='ocr_par' dir='ltr' id='par_1_7' title="bbox 168 792 1761 867">
     <span class='ocr_line' id='line_1_7' title="bbox 168 792 1761 867; baseline -0.001 -14"><span class='ocrx_word' id='word_1_36' title='bbox 168 797 494 867; x_wconf 83' lang='lat' dir='ltr'><strong>dispensatio</strong></span> <span class='ocrx_word' id='word_1_37' title='bbox 521 795 740 851; x_wconf 86' lang='lat' dir='ltr'><strong>obviam</strong></span> <span class='ocrx_word' id='word_1_38' title='bbox 781 808 999 850; x_wconf 88' lang='lat' dir='ltr'><strong>manum</strong></span> <span class='ocrx_word' id='word_1_39' title='bbox 1029 792 1249 850; x_wconf 82' lang='lat' dir='ltr'><strong>famosis</strong></span> <span class='ocrx_word' id='word_1_40' title='bbox 1279 794 1331 850; x_wconf 93' lang='lat' dir='ltr'><strong>in</strong></span> <span class='ocrx_word' id='word_1_41' title='bbox 1361 794 1651 852; x_wconf 84' lang='lat' dir='ltr'><strong>fallendum</strong></span> <span class='ocrx_word' id='word_1_42' title='bbox 1680 796 1761 852; x_wconf 90' lang='lat' dir='ltr'><strong>in-</strong></span> 
     </span>
    </p>
   </div>
   <div class='ocr_carea' id='block_1_8' title="bbox 130 886 1759 981">
    <p class='ocr_par' dir='ltr' id='par_1_8' title="bbox 130 886 1759 981">
     <span class='ocr_line' id='line_1_8' title="bbox 130 886 1759 981; baseline -0.002 -35"><span class='ocrx_word' id='word_1_43' title='bbox 130 892 333 981; x_wconf 59' lang='lat' dir='ltr'><strong>lgeniis</strong></span> <span class='ocrx_word' id='word_1_44' title='bbox 384 889 678 945; x_wconf 84' lang='lat' dir='ltr'><strong>exhibere.</strong></span> <span class='ocrx_word' id='word_1_45' title='bbox 724 886 955 981; x_wconf 11' lang='lat' dir='ltr'><strong>Labore!</strong></span> <span class='ocrx_word' id='word_1_46' title='bbox 983 886 1123 981; x_wconf 91' lang='lat' dir='ltr'><strong>apud</strong></span> <span class='ocrx_word' id='word_1_47' title='bbox 1170 902 1294 981; x_wconf 90' lang='lat' dir='ltr'><strong>eum</strong></span> <span class='ocrx_word' id='word_1_48' title='bbox 1328 904 1439 981; x_wconf 83' lang='lat' dir='ltr'><strong>non</strong></span> <span class='ocrx_word' id='word_1_49' title='bbox 1477 904 1612 961; x_wconf 84' lang='lat' dir='ltr'><strong>opus</strong></span> <span class='ocrx_word' id='word_1_50' title='bbox 1648 897 1759 981; x_wconf 84' lang='lat' dir='ltr'><strong>est,</strong></span> 
     </span>
    </p>
   </div>
   <div class='ocr_carea' id='block_1_9' title="bbox 167 979 1764 1055">
    <p class='ocr_par' dir='ltr' id='par_1_9' title="bbox 167 979 1764 1055">
     <span class='ocr_line' id='line_1_9' title="bbox 167 979 1764 1055; baseline 0.001 -17"><span class='ocrx_word' id='word_1_51' title='bbox 167 998 320 1055; x_wconf 86' lang='lat' dir='ltr'><strong>quem</strong></span> <span class='ocrx_word' id='word_1_52' title='bbox 351 981 547 1039; x_wconf 88' lang='lat' dir='ltr'><strong>sortita</strong></span> <span class='ocrx_word' id='word_1_53' title='bbox 579 988 667 1038; x_wconf 91' lang='lat' dir='ltr'><strong>est</strong></span> <span class='ocrx_word' id='word_1_54' title='bbox 696 981 825 1037; x_wconf 93' lang='lat' dir='ltr'><strong>olim</strong></span> <span class='ocrx_word' id='word_1_55' title='bbox 851 979 994 1036; x_wconf 91' lang='lat' dir='ltr'><strong>nuda</strong></span> <span class='ocrx_word' id='word_1_56' title='bbox 1018 980 1216 1037; x_wconf 90' lang='lat' dir='ltr'><strong>veritas</strong></span> <span class='ocrx_word' id='word_1_57' title='bbox 1245 980 1607 1039; x_wconf 85' lang='lat' dir='ltr'><strong>defensorem.</strong></span> <span class='ocrx_word' id='word_1_58' title='bbox 1634 980 1764 1039; x_wconf 91' lang='lat' dir='ltr'><strong>Ces-</strong></span> 
     </span>
    </p>
   </div>
   <div class='ocr_carea' id='block_1_10' title="bbox 169 1072 1764 1146">
    <p class='ocr_par' dir='ltr' id='par_1_10' title="bbox 169 1072 1764 1146">
     <span class='ocr_line' id='line_1_10' title="bbox 169 1072 1764 1146; baseline -0.001 -15"><span class='ocrx_word' id='word_1_59' title='bbox 169 1086 282 1132; x_wconf 81' lang='lat' dir='ltr'><strong>sent</strong></span> <span class='ocrx_word' id='word_1_60' title='bbox 332 1074 487 1146; x_wconf 85' lang='lat' dir='ltr'><strong>impii</strong></span> <span class='ocrx_word' id='word_1_61' title='bbox 541 1072 1105 1142; x_wconf 75' lang='lat' dir='ltr'><strong>ccmmentitiaapud</strong></span> <span class='ocrx_word' id='word_1_62' title='bbox 1154 1073 1304 1129; x_wconf 92' lang='lat' dir='ltr'><strong>illum</strong></span> <span class='ocrx_word' id='word_1_63' title='bbox 1360 1074 1764 1145; x_wconf 88' lang='lat' dir='ltr'><strong>simplicitatem</strong></span> 
     </span>
    </p>
   </div>
   <div class='ocr_carea' id='block_1_11' title="bbox 172 1164 1761 1236">
    <p class='ocr_par' dir='ltr' id='par_1_11' title="bbox 172 1164 1761 1236">
     <span class='ocr_line' id='line_1_11' title="bbox 172 1164 1761 1236; baseline -0.002 -13"><span class='ocrx_word' id='word_1_64' title='bbox 172 1167 353 1223; x_wconf 85' lang='lat' dir='ltr'><strong>fraude</strong></span> <span class='ocrx_word' id='word_1_65' title='bbox 380 1165 606 1222; x_wconf 89' lang='lat' dir='ltr'><strong>mentiri</strong></span> <span class='ocrx_word' id='word_1_66' title='bbox 637 1182 649 1219; x_wconf 91' lang='lat'>:</span> <span class='ocrx_word' id='word_1_67' title='bbox 684 1164 946 1236; x_wconf 78' lang='lat' dir='ltr'><strong>quidquid</strong></span> <span class='ocrx_word' id='word_1_68' title='bbox 976 1179 1034 1221; x_wconf 85' lang='lat' dir='ltr'><strong>se</strong></span> <span class='ocrx_word' id='word_1_69' title='bbox 1064 1164 1323 1222; x_wconf 89' lang='lat' dir='ltr'><strong>adversus</strong></span> <span class='ocrx_word' id='word_1_70' title='bbox 1347 1166 1609 1235; x_wconf 88' lang='lat' dir='ltr'><strong>justitiam</strong></span> <span class='ocrx_word' id='word_1_71' title='bbox 1643 1180 1761 1220; x_wconf 89' lang='lat' dir='ltr'><strong>mo-</strong></span> 
     </span>
    </p>
   </div>
   <div class='ocr_carea' id='block_1_12' title="bbox 174 1256 1764 1328">
    <p class='ocr_par' dir='ltr' id='par_1_12' title="bbox 174 1256 1764 1328">
     <span class='ocr_line' id='line_1_12' title="bbox 174 1256 1764 1328; baseline -0.001 -13"><span class='ocrx_word' id='word_1_72' title='bbox 174 1262 337 1327; x_wconf 78' lang='lat' dir='ltr'><strong>verit,</strong></span> <span class='ocrx_word' id='word_1_73' title='bbox 382 1275 514 1315; x_wconf 78' lang='lat' dir='ltr'><strong>mox</strong></span> <span class='ocrx_word' id='word_1_74' title='bbox 560 1265 822 1315; x_wconf 89' lang='lat' dir='ltr'><strong>tenetur:</strong></span> <span class='ocrx_word' id='word_1_75' title='bbox 856 1256 986 1314; x_wconf 87' lang='lat' dir='ltr'><strong>nihil</strong></span> <span class='ocrx_word' id='word_1_76' title='bbox 1028 1258 1168 1328; x_wconf 92' lang='lat' dir='ltr'><strong>apud</strong></span> <span class='ocrx_word' id='word_1_77' title='bbox 1225 1257 1542 1328; x_wconf 84' lang='lat' dir='ltr'><strong>praedictum</strong></span> <span class='ocrx_word' id='word_1_78' title='bbox 1598 1257 1764 1313; x_wconf 87' lang='lat' dir='ltr'><strong>tutius</strong></span> 
     </span>
    </p>
   </div>
   <div class='ocr_carea' id='block_1_13' title="bbox 172 1348 1768 1423">
    <p class='ocr_par' dir='ltr' id='par_1_13' title="bbox 172 1348 1768 1423">
     <span class='ocr_line' id='line_1_13' title="bbox 172 1348 1768 1423; baseline -0.001 -16"><span class='ocrx_word' id='word_1_79' title='bbox 172 1352 476 1408; x_wconf 82' lang='lat' dir='ltr'><strong>innocentia</strong></span> <span class='ocrx_word' id='word_1_80' title='bbox 501 1360 587 1407; x_wconf 90' lang='lat' dir='ltr'><strong>est</strong></span> <span class='ocrx_word' id='word_1_81' title='bbox 632 1368 646 1405; x_wconf 92' lang='lat'><strong>:</strong></span> <span class='ocrx_word' id='word_1_82' title='bbox 680 1351 947 1421; x_wconf 76' lang='lat' dir='ltr'><strong>legatione</strong></span> <span class='ocrx_word' id='word_1_83' title='bbox 982 1350 1155 1406; x_wconf 86' lang='lat' dir='ltr'><strong>valida</strong></span> <span class='ocrx_word' id='word_1_84' title='bbox 1186 1352 1370 1419; x_wconf 88' lang='lat' dir='ltr'><strong>utitur,</strong></span> <span class='ocrx_word' id='word_1_85' title='bbox 1404 1351 1495 1423; x_wconf 92' lang='lat' dir='ltr'><strong>qui</strong></span> <span class='ocrx_word' id='word_1_86' title='bbox 1531 1348 1768 1422; x_wconf 70' lang='lat' dir='ltr'><strong>azquitati</strong></span> 
     </span>
    </p>
   </div>
   <div class='ocr_carea' id='block_1_14' title="bbox 174 1443 1769 1516">
    <p class='ocr_par' dir='ltr' id='par_1_14' title="bbox 174 1443 1769 1516">
     <span class='ocr_line' id='line_1_14' title="bbox 174 1443 1769 1516; baseline -0.003 -14"><span class='ocrx_word' id='word_1_87' title='bbox 174 1459 257 1502; x_wconf 88' lang='lat' dir='ltr'><strong>res</strong></span> <span class='ocrx_word' id='word_1_88' title='bbox 286 1450 653 1516; x_wconf 80' lang='lat' dir='ltr'><strong>congruentes</strong></span> <span class='ocrx_word' id='word_1_89' title='bbox 682 1444 919 1500; x_wconf 87' lang='lat' dir='ltr'><strong>insinuat</strong></span> <span class='ocrx_word' id='word_1_90' title='bbox 949 1460 963 1499; x_wconf 88' lang='lat'><strong>:</strong></span> <span class='ocrx_word' id='word_1_91' title='bbox 995 1458 1114 1514; x_wconf 65' lang='lat' dir='ltr'><strong>quae</strong></span> <span class='ocrx_word' id='word_1_92' title='bbox 1142 1446 1320 1516; x_wconf 84' lang='lat' dir='ltr'><strong>gravis</strong></span> <span class='ocrx_word' id='word_1_93' title='bbox 1350 1453 1431 1499; x_wconf 89' lang='lat' dir='ltr'><strong>est</strong></span> <span class='ocrx_word' id='word_1_94' title='bbox 1454 1443 1769 1515; x_wconf 90' lang='lat' dir='ltr'><strong>plerumque</strong></span> 
     </span>
    </p>
   </div>
   <div class='ocr_carea' id='block_1_15' title="bbox 175 1535 1769 1608">
    <p class='ocr_par' dir='ltr' id='par_1_15' title="bbox 175 1535 1769 1608">
     <span class='ocr_line' id='line_1_15' title="bbox 175 1535 1769 1608; baseline -0.002 -16"><span class='ocrx_word' id='word_1_95' title='bbox 175 1537 503 1608; x_wconf 77' lang='lat' dir='ltr'><strong>principibus</strong></span> <span class='ocrx_word' id='word_1_96' title='bbox 551 1537 918 1608; x_wconf 86' lang='lat' dir='ltr'><strong>impugnatic,</strong></span> <span class='ocrx_word' id='word_1_97' title='bbox 971 1536 1148 1592; x_wconf 91' lang='lat' dir='ltr'><strong>minus</strong></span> <span class='ocrx_word' id='word_1_98' title='bbox 1210 1535 1446 1591; x_wconf 85' lang='lat' dir='ltr'><strong>ﬁdelium</strong></span> <span class='ocrx_word' id='word_1_99' title='bbox 1494 1535 1769 1591; x_wconf 87' lang='lat' dir='ltr'><strong>blanditiis</strong></span> 
     </span>
    </p>
   </div>
   <div class='ocr_carea' id='block_1_16' title="bbox 175 1628 1769 1701">
    <p class='ocr_par' dir='ltr' id='par_1_16' title="bbox 175 1628 1769 1701">
     <span class='ocr_line' id='line_1_16' title="bbox 175 1628 1769 1701; baseline -0.002 -14"><span class='ocrx_word' id='word_1_100' title='bbox 175 1646 276 1687; x_wconf 87' lang='lat' dir='ltr'><strong>non</strong></span> <span class='ocrx_word' id='word_1_101' title='bbox 303 1631 535 1701; x_wconf 81' lang='lat' dir='ltr'><strong>legatur.</strong></span> <span class='ocrx_word' id='word_1_102' title='bbox 587 1628 700 1685; x_wconf 85' lang='lat' dir='ltr'><strong>Sed</strong></span> <span class='ocrx_word' id='word_1_103' title='bbox 742 1630 857 1685; x_wconf 69' lang='lat' dir='ltr'><strong>haec</strong></span> <span class='ocrx_word' id='word_1_104' title='bbox 888 1629 1000 1685; x_wconf 90' lang='lat' dir='ltr'><strong>Deo</strong></span> <span class='ocrx_word' id='word_1_105' title='bbox 1029 1628 1217 1687; x_wconf 88' lang='lat' dir='ltr'><strong>melius</strong></span> <span class='ocrx_word' id='word_1_106' title='bbox 1257 1637 1570 1695; x_wconf 87' lang='lat' dir='ltr'><strong>narrantur,</strong></span> <span class='ocrx_word' id='word_1_107' title='bbox 1603 1642 1634 1684; x_wconf 89' lang='lat' dir='ltr'><strong>a</strong></span> <span class='ocrx_word' id='word_1_108' title='bbox 1664 1642 1769 1699; x_wconf 92' lang='lat' dir='ltr'><strong>quo</strong></span> 
     </span>
    </p>
   </div>
   <div class='ocr_carea' id='block_1_17' title="bbox 176 1717 1431 1797">
    <p class='ocr_par' dir='ltr' id='par_1_17' title="bbox 176 1717 1431 1797">
     <span class='ocr_line' id='line_1_17' title="bbox 176 1717 1431 1797; baseline -0.002 -21"><span class='ocrx_word' id='word_1_109' title='bbox 176 1721 345 1792; x_wconf 79' lang='lat' dir='ltr'><strong>frugis</strong></span> <span class='ocrx_word' id='word_1_110' title='bbox 377 1722 537 1792; x_wconf 76' lang='lat' dir='ltr'><strong>hujus</strong></span> <span class='ocrx_word' id='word_1_111' title='bbox 562 1721 744 1791; x_wconf 86' lang='lat' dir='ltr'><strong>planta</strong></span> <span class='ocrx_word' id='word_1_112' title='bbox 774 1717 1074 1775; x_wconf 86' lang='lat' dir='ltr'><strong>descendit.</strong></span> <span class='ocrx_word' id='word_1_113' title='bbox 1418 1788 1431 1797; x_wconf 64' lang='grc' dir='ltr'><strong> </strong></span> 
     </span>
    </p>
   </div>
   <div class='ocr_carea' id='block_1_18' title="bbox 248 1808 1771 1882">
    <p class='ocr_par' dir='ltr' id='par_1_18' title="bbox 248 1808 1771 1882">
     <span class='ocr_line' id='line_1_18' title="bbox 248 1808 1771 1882; baseline -0.002 -13"><span class='ocrx_word' id='word_1_114' title='bbox 248 1815 334 1869; x_wconf 84' lang='lat' dir='ltr'><strong>Ad</strong></span> <span class='ocrx_word' id='word_1_115' title='bbox 377 1826 478 1869; x_wconf 85' lang='lat' dir='ltr'><strong>vos</strong></span> <span class='ocrx_word' id='word_1_116' title='bbox 525 1827 607 1869; x_wconf 87' lang='lat' dir='ltr'><strong>tne</strong></span> <span class='ocrx_word' id='word_1_117' title='bbox 644 1810 857 1868; x_wconf 87' lang='lat' dir='ltr'><strong>reducit</strong></span> <span class='ocrx_word' id='word_1_118' title='bbox 904 1808 1167 1882; x_wconf 90' lang='lat' dir='ltr'><strong>propositi</strong></span> <span class='ocrx_word' id='word_1_119' title='bbox 1215 1810 1395 1882; x_wconf 91' lang='lat' dir='ltr'><strong>operis</strong></span> <span class='ocrx_word' id='word_1_120' title='bbox 1439 1824 1544 1865; x_wconf 94' lang='lat' dir='ltr'><strong>non</strong></span> <span class='ocrx_word' id='word_1_121' title='bbox 1598 1809 1771 1866; x_wconf 89' lang='lat' dir='ltr'><strong>amica</strong></span> 
     </span>
    </p>
   </div>
   <div class='ocr_carea' id='block_1_19' title="bbox 1870 607 3454 677">
    <p class='ocr_par' dir='ltr' id='par_1_19' title="bbox 1870 607 3454 677">
     <span class='ocr_line' id='line_1_19' title="bbox 1870 607 3454 677; baseline -0.001 -12"><span class='ocrx_word' id='word_1_122' title='bbox 1870 624 2083 667; x_wconf 86' lang='lat' dir='ltr'><strong>nentur.</strong></span> <span class='ocrx_word' id='word_1_123' title='bbox 2119 607 2259 667; x_wconf 80' lang='lat' dir='ltr'><strong>Vere</strong></span> <span class='ocrx_word' id='word_1_124' title='bbox 2281 608 2404 665; x_wconf 84' lang='lat' dir='ltr'><strong>hinc</strong></span> <span class='ocrx_word' id='word_1_125' title='bbox 2431 608 2746 677; x_wconf 88' lang='lat' dir='ltr'><strong>conjicimus</strong></span> <span class='ocrx_word' id='word_1_126' title='bbox 2769 623 2891 666; x_wconf 88' lang='lat' dir='ltr'><strong>esse</strong></span> <span class='ocrx_word' id='word_1_127' title='bbox 2915 623 3016 665; x_wconf 87' lang='lat' dir='ltr'><strong>vos</strong></span> <span class='ocrx_word' id='word_1_128' title='bbox 3038 623 3223 664; x_wconf 84' lang='lat' dir='ltr'><strong>servos</strong></span> <span class='ocrx_word' id='word_1_129' title='bbox 3248 608 3454 663; x_wconf 79' lang='lat' dir='ltr'><strong>ventris</strong></span> 
     </span>
    </p>
   </div>
   <div class='ocr_carea' id='block_1_20' title="bbox 1866 703 3453 774">
    <p class='ocr_par' dir='ltr' id='par_1_20' title="bbox 1866 703 3453 774">
     <span class='ocr_line' id='line_1_20' title="bbox 1866 703 3453 774; baseline -0.003 -13"><span class='ocrx_word' id='word_1_130' title='bbox 1866 712 1922 761; x_wconf 90' lang='lat' dir='ltr'><strong>et</strong></span> <span class='ocrx_word' id='word_1_131' title='bbox 1942 703 2208 774; x_wconf 87' lang='lat' dir='ltr'><strong>corporis,</strong></span> <span class='ocrx_word' id='word_1_132' title='bbox 2236 712 2293 760; x_wconf 91' lang='lat' dir='ltr'><strong>et</strong></span> <span class='ocrx_word' id='word_1_133' title='bbox 2332 718 2427 773; x_wconf 90' lang='lat' dir='ltr'><strong>per</strong></span> <span class='ocrx_word' id='word_1_134' title='bbox 2458 703 2596 759; x_wconf 85' lang='lat' dir='ltr'><strong>hanc</strong></span> <span class='ocrx_word' id='word_1_135' title='bbox 2639 705 2922 760; x_wconf 70' lang='lat' dir='ltr'><strong>sententiae</strong></span> <span class='ocrx_word' id='word_1_136' title='bbox 2958 713 3151 760; x_wconf 78' lang='lat' dir='ltr'><strong>vestrm</strong></span> <span class='ocrx_word' id='word_1_137' title='bbox 3191 704 3453 758; x_wconf 81' lang='lat' dir='ltr'><strong>vilitatem</strong></span> 
     </span>
    </p>
   </div>
   <div class='ocr_carea' id='block_1_21' title="bbox 1869 796 3452 868">
    <p class='ocr_par' dir='ltr' id='par_1_21' title="bbox 1869 796 3452 868">
     <span class='ocr_line' id='line_1_21' title="bbox 1869 796 3452 868; baseline -0.003 -12"><span class='ocrx_word' id='word_1_138' title='bbox 1869 796 2158 856; x_wconf 80' lang='lat' dir='ltr'><strong>declaratis</strong></span> <span class='ocrx_word' id='word_1_139' title='bbox 2203 797 2471 867; x_wconf 85' lang='lat' dir='ltr'><strong>mancipia</strong></span> <span class='ocrx_word' id='word_1_140' title='bbox 2508 810 2604 854; x_wconf 90' lang='lat' dir='ltr'><strong>vos</strong></span> <span class='ocrx_word' id='word_1_141' title='bbox 2640 812 2762 854; x_wconf 85' lang='lat' dir='ltr'><strong>esse</strong></span> <span class='ocrx_word' id='word_1_142' title='bbox 2802 806 3040 855; x_wconf 88' lang='lat' dir='ltr'><strong>terrena.</strong></span> <span class='ocrx_word' id='word_1_143' title='bbox 3068 796 3337 868; x_wconf 82' lang='lat' dir='ltr'><strong>Scriptum</strong></span> <span class='ocrx_word' id='word_1_144' title='bbox 3356 804 3452 853; x_wconf 82' lang='lat' dir='ltr'><strong>.est</strong></span> 
     </span>
    </p>
   </div>
   <div class='ocr_carea' id='block_1_22' title="bbox 1868 889 3457 961">
    <p class='ocr_par' dir='ltr' id='par_1_22' title="bbox 1868 889 3457 961">
     <span class='ocr_line' id='line_1_22' title="bbox 1868 889 3457 961; baseline -0.002 -14"><span class='ocrx_word' id='word_1_145' title='bbox 1868 890 2012 949; x_wconf 88' lang='lat' dir='ltr'><strong>enim</strong></span> <span class='ocrx_word' id='word_1_146' title='bbox 2045 907 2061 946; x_wconf 88' lang='lat'><strong>:</strong></span> <span class='ocrx_word' id='word_1_147' title='bbox 2091 890 2342 947; x_wconf 77' lang='lat' dir='ltr'><strong>Animalia</strong></span> <span class='ocrx_word' id='word_1_148' title='bbox 2385 890 2537 946; x_wconf 72' lang='lat' dir='ltr'><strong>homo</strong></span> <span class='ocrx_word' id='word_1_149' title='bbox 2581 905 2686 945; x_wconf 69' lang='lat' dir='ltr'><strong>non</strong></span> <span class='ocrx_word' id='word_1_150' title='bbox 2720 890 2937 961; x_wconf 72' lang='lat' dir='ltr'><strong>percipit</strong></span> <span class='ocrx_word' id='word_1_151' title='bbox 2964 905 3025 946; x_wconf 76' lang='lat' dir='ltr'><strong>ca</strong></span> <span class='ocrx_word' id='word_1_152' title='bbox 3046 906 3164 959; x_wconf 67' lang='lat' dir='ltr'><strong>qua</strong></span> <span class='ocrx_word' id='word_1_153' title='bbox 3200 898 3317 945; x_wconf 76' lang='lat' dir='ltr'><strong>sunt</strong></span> <span class='ocrx_word' id='word_1_154' title='bbox 3344 889 3457 960; x_wconf 84' lang='lat' dir='ltr'><strong>spi-</strong></span> 
     </span>
    </p>
   </div>
   <div class='ocr_carea' id='block_1_23' title="bbox 1868 982 2492 1054">
    <p class='ocr_par' dir='ltr' id='par_1_23' title="bbox 1868 982 2492 1054">
     <span class='ocr_line' id='line_1_23' title="bbox 1868 982 2492 1054; baseline -0.002 -16"><span class='ocrx_word' id='word_1_155' title='bbox 1868 985 2002 1040; x_wconf 73' lang='lat' dir='ltr'><strong>ritus</strong></span> <span class='ocrx_word' id='word_1_156' title='bbox 2028 983 2090 1054; x_wconf 82' lang='grc'><strong>(1</strong></span> <span class='ocrx_word' id='word_1_157' title='bbox 2125 982 2246 1040; x_wconf 85' lang='lat' dir='ltr'><strong>Cor.</strong></span> <span class='ocrx_word' id='word_1_158' title='bbox 2275 999 2339 1051; x_wconf 85' lang='lat' dir='ltr'><strong>tt,</strong></span> <span class='ocrx_word' id='word_1_159' title='bbox 2368 982 2492 1052; x_wconf 68' lang='lat' dir='ltr'><strong>ﬂ).</strong></span> 
     </span>
    </p>
   </div>
   <div class='ocr_carea' id='block_1_24' title="bbox 1943 1074 3456 1147">
    <p class='ocr_par' dir='ltr' id='par_1_24' title="bbox 1943 1074 3456 1147">
     <span class='ocr_line' id='line_1_24' title="bbox 1943 1074 3456 1147; baseline -0.001 -15"><span class='ocrx_word' id='word_1_160' title='bbox 1943 1076 2071 1133; x_wconf 76' lang='lat' dir='ltr'><strong>Post</strong></span> <span class='ocrx_word' id='word_1_161' title='bbox 2107 1077 2237 1141; x_wconf 65' lang='lat' dir='ltr'><strong>huic,</strong></span> <span class='ocrx_word' id='word_1_162' title='bbox 2288 1075 2460 1132; x_wconf 83' lang='lat' dir='ltr'><strong>versis</strong></span> <span class='ocrx_word' id='word_1_163' title='bbox 2498 1075 2552 1130; x_wconf 89' lang='lat' dir='ltr'><strong>in</strong></span> <span class='ocrx_word' id='word_1_164' title='bbox 2593 1074 2775 1146; x_wconf 82' lang='lat' dir='ltr'><strong>fugam</strong></span> <span class='ocrx_word' id='word_1_165' title='bbox 2810 1075 3106 1140; x_wconf 70' lang='lat' dir='ltr'><strong>ordinibus,</strong></span> <span class='ocrx_word' id='word_1_166' title='bbox 3139 1075 3456 1147; x_wconf 81' lang='lat' dir='ltr'><strong>lymphatici</strong></span> 
     </span>
    </p>
   </div>
   <div class='ocr_carea' id='block_1_25' title="bbox 1869 1166 3456 1239">
    <p class='ocr_par' dir='ltr' id='par_1_25' title="bbox 1869 1166 3456 1239">
     <span class='ocr_line' id='line_1_25' title="bbox 1869 1166 3456 1239; baseline -0.001 -14"><span class='ocrx_word' id='word_1_167' title='bbox 1869 1182 2027 1225; x_wconf 81' lang='lat' dir='ltr'><strong>more</strong></span> <span class='ocrx_word' id='word_1_168' title='bbox 2049 1168 2318 1225; x_wconf 80' lang='lat' dir='ltr'><strong>sermonis</strong></span> <span class='ocrx_word' id='word_1_169' title='bbox 2344 1166 2627 1223; x_wconf 72' lang='lat' dir='ltr'><strong>addidistis</strong></span> <span class='ocrx_word' id='word_1_170' title='bbox 2656 1184 2672 1221; x_wconf 85' lang='lat'><strong>:</strong></span> <span class='ocrx_word' id='word_1_171' title='bbox 2711 1186 2731 1219; x_wconf 79' lang='grc' dir='ltr'><strong>ι</strong></span> <span class='ocrx_word' id='word_1_172' title='bbox 2768 1166 2911 1239; x_wconf 77' lang='lat' dir='ltr'><strong>Ergo</strong></span> <span class='ocrx_word' id='word_1_173' title='bbox 2940 1168 3167 1223; x_wconf 80' lang='lat' dir='ltr'><strong>concilia</strong></span> <span class='ocrx_word' id='word_1_174' title='bbox 3197 1168 3456 1224; x_wconf 86' lang='lat' dir='ltr'><strong>sacerdo-</strong></span> 
     </span>
    </p>
   </div>
   <div class='ocr_carea' id='block_1_26' title="bbox 1871 1257 3455 1328">
    <p class='ocr_par' dir='ltr' id='par_1_26' title="bbox 1871 1257 3455 1328">
     <span class='ocr_line' id='line_1_26' title="bbox 1871 1257 3455 1328; baseline -0.003 -12"><span class='ocrx_word' id='word_1_175' title='bbox 1871 1264 1985 1316; x_wconf 89' lang='lat' dir='ltr'><strong>tum</strong></span> <span class='ocrx_word' id='word_1_176' title='bbox 2034 1258 2419 1315; x_wconf 74' lang='lat' dir='ltr'><strong>ecclesiasticis</strong></span> <span class='ocrx_word' id='word_1_177' title='bbox 2468 1257 2677 1327; x_wconf 85' lang='lat' dir='ltr'><strong>legibus</strong></span> <span class='ocrx_word' id='word_1_178' title='bbox 2726 1270 2856 1327; x_wconf 81' lang='lat' dir='ltr'><strong>quot</strong></span> <span class='ocrx_word' id='word_1_179' title='bbox 2896 1258 3052 1312; x_wconf 89' lang='lat' dir='ltr'><strong>annis</strong></span> <span class='ocrx_word' id='word_1_180' title='bbox 3094 1257 3310 1313; x_wconf 79' lang='lat' dir='ltr'><strong>decreta</strong></span> <span class='ocrx_word' id='word_1_181' title='bbox 3361 1272 3455 1328; x_wconf 86' lang='lat' dir='ltr'><strong>per</strong></span> 
     </span>
    </p>
   </div>
   <div class='ocr_carea' id='block_1_27' title="bbox 1871 1350 3462 1421">
    <p class='ocr_par' dir='ltr' id='par_1_27' title="bbox 1871 1350 3462 1421">
     <span class='ocr_line' id='line_1_27' title="bbox 1871 1350 3462 1421; baseline -0.001 -15"><span class='ocrx_word' id='word_1_182' title='bbox 1871 1352 2193 1421; x_wconf 82' lang='lat' dir='ltr'><strong>provincias,</strong></span> <span class='ocrx_word' id='word_1_183' title='bbox 2219 1351 2344 1421; x_wconf 84' lang='lat' dir='ltr'><strong>quia</strong></span> <span class='ocrx_word' id='word_1_184' title='bbox 2378 1350 2719 1420; x_wconf 75' lang='lat' dir='ltr'><strong>pmaentinm</strong></span> <span class='ocrx_word' id='word_1_185' title='bbox 2750 1365 2905 1421; x_wconf 63' lang='lat' dir='ltr'><strong>papa</strong></span> <span class='ocrx_word' id='word_1_186' title='bbox 2942 1365 3048 1406; x_wconf 87' lang='lat' dir='ltr'><strong>non</strong></span> <span class='ocrx_word' id='word_1_187' title='bbox 3080 1350 3296 1417; x_wconf 81' lang='lat' dir='ltr'><strong>habent,</strong></span> <span class='ocrx_word' id='word_1_188' title='bbox 3330 1350 3462 1405; x_wconf 61' lang='lat' dir='ltr'><strong>valic</strong></span> 
     </span>
    </p>
   </div>
   <div class='ocr_carea' id='block_1_28' title="bbox 1872 1442 3462 1514">
    <p class='ocr_par' dir='ltr' id='par_1_28' title="bbox 1872 1442 3462 1514">
     <span class='ocr_line' id='line_1_28' title="bbox 1872 1442 3462 1514; baseline 0 -16"><span class='ocrx_word' id='word_1_189' title='bbox 1872 1443 2113 1501; x_wconf 82' lang='lat' dir='ltr'><strong>tudinem</strong></span> <span class='ocrx_word' id='word_1_190' title='bbox 2170 1442 2624 1514; x_wconf 64' lang='lat' dir='ltr'><strong>perdiderunt?»</strong></span> <span class='ocrx_word' id='word_1_191' title='bbox 2676 1443 2895 1513; x_wconf 68' lang='lat' dir='ltr'><strong>Legite,</strong></span> <span class='ocrx_word' id='word_1_192' title='bbox 2948 1443 3297 1510; x_wconf 77' lang='lat' dir='ltr'><strong>insanissimi,</strong></span> <span class='ocrx_word' id='word_1_193' title='bbox 3360 1443 3462 1498; x_wconf 83' lang='lat' dir='ltr'><strong>ali-</strong></span> 
     </span>
    </p>
   </div>
   <div class='ocr_carea' id='block_1_29' title="bbox 1873 1535 3464 1607">
    <p class='ocr_par' dir='ltr' id='par_1_29' title="bbox 1873 1535 3464 1607">
     <span class='ocr_line' id='line_1_29' title="bbox 1873 1535 3464 1607; baseline -0.002 -14"><span class='ocrx_word' id='word_1_194' title='bbox 1873 1536 2091 1607; x_wconf 77' lang='lat' dir='ltr'><strong>quando</strong></span> <span class='ocrx_word' id='word_1_195' title='bbox 2136 1536 2191 1593; x_wconf 89' lang='lat' dir='ltr'><strong>in</strong></span> <span class='ocrx_word' id='word_1_196' title='bbox 2244 1535 2349 1592; x_wconf 81' lang='lat' dir='ltr'><strong>illis</strong></span> <span class='ocrx_word' id='word_1_197' title='bbox 2388 1545 2583 1606; x_wconf 68' lang='lat' dir='ltr'><strong>prater</strong></span> <span class='ocrx_word' id='word_1_198' title='bbox 2616 1537 2893 1606; x_wconf 72' lang='lat' dir='ltr'><strong>apostolici</strong></span> <span class='ocrx_word' id='word_1_199' title='bbox 2925 1536 3093 1606; x_wconf 84' lang='lat' dir='ltr'><strong>apicis</strong></span> <span class='ocrx_word' id='word_1_200' title='bbox 3124 1536 3464 1593; x_wconf 79' lang='lat' dir='ltr'><strong>sanctionem</strong></span> 
     </span>
    </p>
   </div>
   <div class='ocr_carea' id='block_1_30' title="bbox 1875 1626 3465 1698">
    <p class='ocr_par' dir='ltr' id='par_1_30' title="bbox 1875 1626 3465 1698">
     <span class='ocr_line' id='line_1_30' title="bbox 1875 1626 3465 1698; baseline 0 -15"><span class='ocrx_word' id='word_1_201' title='bbox 1875 1627 2076 1698; x_wconf 86' lang='lat' dir='ltr'><strong>aliquid</strong></span> <span class='ocrx_word' id='word_1_202' title='bbox 2099 1629 2473 1695; x_wconf 82' lang='lat' dir='ltr'><strong>constitutum,</strong></span> <span class='ocrx_word' id='word_1_203' title='bbox 2498 1637 2553 1685; x_wconf 84' lang='lat' dir='ltr'><strong>et</strong></span> <span class='ocrx_word' id='word_1_204' title='bbox 2583 1644 2690 1684; x_wconf 78' lang='lat' dir='ltr'><strong>non</strong></span> <span class='ocrx_word' id='word_1_205' title='bbox 2709 1632 2781 1685; x_wconf 85' lang='lat' dir='ltr'><strong>de</strong></span> <span class='ocrx_word' id='word_1_206' title='bbox 2806 1628 3099 1697; x_wconf 82' lang='lat' dir='ltr'><strong>majoribus</strong></span> <span class='ocrx_word' id='word_1_207' title='bbox 3122 1629 3369 1698; x_wconf 80' lang='lat' dir='ltr'><strong>negotiis,</strong></span> <span class='ocrx_word' id='word_1_208' title='bbox 3396 1626 3465 1683; x_wconf 68' lang='lat' dir='ltr'><strong>ad</strong></span> 
     </span>
    </p>
   </div>
   <div class='ocr_carea' id='block_1_31' title="bbox 1864 1721 3465 1797">
    <p class='ocr_par' dir='ltr' id='par_1_31' title="bbox 1864 1721 3465 1797">
     <span class='ocr_line' id='line_1_31' title="bbox 1864 1721 3465 1797; baseline -0.001 -19"><span class='ocrx_word' id='word_1_209' title='bbox 1864 1721 2218 1797; x_wconf 77' lang='lat' dir='ltr'><strong>collationem</strong></span> <span class='ocrx_word' id='word_1_210' title='bbox 2258 1723 2305 1779; x_wconf 86' lang='lat' dir='ltr'><strong>si</strong></span> <span class='ocrx_word' id='word_1_211' title='bbox 2332 1722 2461 1791; x_wconf 82' lang='lat' dir='ltr'><strong>quid</strong></span> <span class='ocrx_word' id='word_1_212' title='bbox 2496 1722 2747 1790; x_wconf 84' lang='lat' dir='ltr'><strong>occurrit,</strong></span> <span class='ocrx_word' id='word_1_213' title='bbox 2787 1724 3021 1791; x_wconf 58' lang='lat' dir='ltr'><strong>praelate</strong></span> <span class='ocrx_word' id='word_1_214' title='bbox 3062 1722 3207 1777; x_wconf 80' lang='lat' dir='ltr'><strong>sedis</strong></span> <span class='ocrx_word' id='word_1_215' title='bbox 3236 1722 3465 1777; x_wconf 78' lang='lat' dir='ltr'><strong>arbitrio</strong></span> 
     </span>
    </p>
   </div>
   <div class='ocr_carea' id='block_1_32' title="bbox 1875 1813 3469 1884">
    <p class='ocr_par' dir='ltr' id='par_1_32' title="bbox 1875 1813 3469 1884">
     <span class='ocr_line' id='line_1_32' title="bbox 1875 1813 3469 1884; baseline 0 -17"><span class='ocrx_word' id='word_1_216' title='bbox 1875 1814 2043 1873; x_wconf 84' lang='lat' dir='ltr'><strong>fuisse</strong></span> <span class='ocrx_word' id='word_1_217' title='bbox 2084 1823 2376 1872; x_wconf 74' lang='lat' dir='ltr'><strong>servautm.</strong></span> <span class='ocrx_word' id='word_1_218' title='bbox 2421 1813 2508 1871; x_wconf 82' lang='lat' dir='ltr'><strong>Sic</strong></span> <span class='ocrx_word' id='word_1_219' title='bbox 2544 1815 2691 1871; x_wconf 84' lang='lat' dir='ltr'><strong>enim</strong></span> <span class='ocrx_word' id='word_1_220' title='bbox 2718 1813 2878 1869; x_wconf 72' lang='lat' dir='ltr'><strong>habet</strong></span> <span class='ocrx_word' id='word_1_221' title='bbox 2911 1815 2931 1847; x_wconf 79' lang='grc'>⁸</span> <span class='ocrx_word' id='word_1_222' title='bbox 2972 1832 2987 1867; x_wconf 84' lang='lat'><strong>:</strong></span> <span class='ocrx_word' id='word_1_223' title='bbox 3018 1814 3077 1869; x_wconf 91' lang='lat' dir='ltr'><strong>Si</strong></span> <span class='ocrx_word' id='word_1_224' title='bbox 3107 1814 3229 1884; x_wconf 87' lang='lat' dir='ltr'><strong>quis</strong></span> <span class='ocrx_word' id='word_1_225' title='bbox 3254 1815 3469 1883; x_wconf 84' lang='lat' dir='ltr'><strong>episco-</strong></span> 
     </span>
    </p>
   </div>
   <div class='ocr_carea' id='block_1_33' title="bbox 184 1904 3467 1979">
    <p class='ocr_par' dir='ltr' id='par_1_33' title="bbox 184 1904 3467 1979">
     <span class='ocr_line' id='line_1_33' title="bbox 184 1904 3467 1979; baseline -0.001 -16"><span class='ocrx_word' id='word_1_226' title='bbox 184 1908 455 1978; x_wconf 87' lang='lat' dir='ltr'><strong>ccnditio,</strong></span> <span class='ocrx_word' id='word_1_227' title='bbox 485 1908 575 1977; x_wconf 87' lang='lat' dir='ltr'><strong>qui</strong></span> <span class='ocrx_word' id='word_1_228' title='bbox 600 1905 908 1963; x_wconf 83' lang='lat' dir='ltr'><strong>melioribus</strong></span> <span class='ocrx_word' id='word_1_229' title='bbox 934 1907 1194 1962; x_wconf 84' lang='lat' dir='ltr'><strong>hactenus</strong></span> <span class='ocrx_word' id='word_1_230' title='bbox 1232 1919 1456 1975; x_wconf 84' lang='lat' dir='ltr'><strong>cperam</strong></span> <span class='ocrx_word' id='word_1_231' title='bbox 1486 1904 1633 1962; x_wconf 88' lang='lat' dir='ltr'><strong>volui</strong></span> <span class='ocrx_word' id='word_1_232' title='bbox 1666 1920 1762 1959; x_wconf 89' lang='lat' dir='ltr'><strong>na-</strong></span> <span class='ocrx_word' id='word_1_233' title='bbox 1794 1914 1845 1977; x_wconf 74' lang='grc' dir='ltr'><strong><em>Β</em></strong></span> <span class='ocrx_word' id='word_1_234' title='bbox 1874 1922 2069 1977; x_wconf 84' lang='lat' dir='ltr'><strong>porum</strong></span> <span class='ocrx_word' id='word_1_235' title='bbox 2092 1906 2298 1979; x_wconf 85' lang='lat' dir='ltr'><strong>judicio</strong></span> <span class='ocrx_word' id='word_1_236' title='bbox 2318 1906 2633 1977; x_wconf 78' lang='lat' dir='ltr'><strong>provinciali</strong></span> <span class='ocrx_word' id='word_1_237' title='bbox 2663 1906 2940 1976; x_wconf 76' lang='lat' dir='ltr'><strong>depositus</strong></span> <span class='ocrx_word' id='word_1_238' title='bbox 2962 1904 3141 1973; x_wconf 76' lang='lat' dir='ltr'><strong>fuerit,</strong></span> <span class='ocrx_word' id='word_1_239' title='bbox 3166 1905 3467 1961; x_wconf 77' lang='lat' dir='ltr'><strong>Romanum</strong></span> 
     </span>
    </p>
   </div>
   <div class='ocr_carea' id='block_1_34' title="bbox 185 1986 1771 2071">
    <p class='ocr_par' dir='ltr' id='par_1_34' title="bbox 185 1986 1771 2071">
     <span class='ocr_line' id='line_1_34' title="bbox 185 1986 1771 2071; baseline -0.001 -16"><span class='ocrx_word' id='word_1_240' title='bbox 185 2015 317 2055; x_wconf 87' lang='lat' dir='ltr'><strong>vare</strong></span> <span class='ocrx_word' id='word_1_241' title='bbox 363 1997 740 2064; x_wconf 71' lang='lat' dir='ltr'><strong>sermonibus,</strong></span> <span class='ocrx_word' id='word_1_242' title='bbox 768 1986 911 2054; x_wconf 85' lang='lat' dir='ltr'><strong>dum</strong></span> <span class='ocrx_word' id='word_1_243' title='bbox 955 1998 1223 2068; x_wconf 85' lang='lat' dir='ltr'><strong>captivam</strong></span> <span class='ocrx_word' id='word_1_244' title='bbox 1263 1997 1564 2053; x_wconf 89' lang='lat' dir='ltr'><strong>orationem</strong></span> <span class='ocrx_word' id='word_1_245' title='bbox 1606 1997 1771 2071; x_wconf 80' lang='lat' dir='ltr'><strong>exigit</strong></span> 
     </span>
    </p>
   </div>
   <div class='ocr_carea' id='block_1_35' title="bbox 180 2080 1771 2165">
    <p class='ocr_par' dir='ltr' id='par_1_35' title="bbox 180 2080 1771 2165">
     <span class='ocr_line' id='line_1_35' title="bbox 180 2080 1771 2165; baseline 0 -16"><span class='ocrx_word' id='word_1_246' title='bbox 180 2093 469 2165; x_wconf 88' lang='lat' dir='ltr'><strong>imperiosa</strong></span> <span class='ocrx_word' id='word_1_247' title='bbox 502 2094 815 2150; x_wconf 88' lang='lat' dir='ltr'><strong>necessitas.</strong></span> <span class='ocrx_word' id='word_1_248' title='bbox 848 2080 1070 2147; x_wconf 82' lang='lat' dir='ltr'><strong>Dixistis</strong></span> <span class='ocrx_word' id='word_1_249' title='bbox 1113 2092 1256 2147; x_wconf 91' lang='lat' dir='ltr'><strong>enim</strong></span> <span class='ocrx_word' id='word_1_250' title='bbox 1294 2110 1307 2149; x_wconf 88' lang='lat'><strong>:</strong></span> <span class='ocrx_word' id='word_1_251' title='bbox 1336 2111 1355 2144; x_wconf 79' lang='grc' dir='ltr'><strong>ι</strong></span> <span class='ocrx_word' id='word_1_252' title='bbox 1394 2091 1673 2161; x_wconf 87' lang='lat' dir='ltr'><strong>Quomodo</strong></span> <span class='ocrx_word' id='word_1_253' title='bbox 1704 2093 1771 2149; x_wconf 90' lang='lat' dir='ltr'><strong>de</strong></span> 
     </span>
    </p>
   </div>
   <div class='ocr_carea' id='block_1_36' title="bbox 188 2185 1763 2259">
    <p class='ocr_par' dir='ltr' id='par_1_36' title="bbox 188 2185 1763 2259">
     <span class='ocr_line' id='line_1_36' title="bbox 188 2185 1763 2259; baseline -0.001 -16"><span class='ocrx_word' id='word_1_254' title='bbox 188 2200 346 2243; x_wconf 82' lang='lat' dir='ltr'><strong>causa</strong></span> <span class='ocrx_word' id='word_1_255' title='bbox 390 2185 478 2244; x_wconf 78' lang='lat' dir='ltr'><strong>vel</strong></span> <span class='ocrx_word' id='word_1_256' title='bbox 516 2186 777 2259; x_wconf 86' lang='lat' dir='ltr'><strong>qualitate</strong></span> <span class='ocrx_word' id='word_1_257' title='bbox 809 2187 924 2256; x_wconf 88' lang='lat' dir='ltr'><strong>ejus</strong></span> <span class='ocrx_word' id='word_1_258' title='bbox 956 2186 1203 2255; x_wconf 81' lang='lat' dir='ltr'><strong>primitus</strong></span> <span class='ocrx_word' id='word_1_259' title='bbox 1251 2185 1581 2254; x_wconf 88' lang='lat' dir='ltr'><strong>tractabatis,</strong></span> <span class='ocrx_word' id='word_1_260' title='bbox 1642 2202 1763 2242; x_wconf 83' lang='lat' dir='ltr'><strong>cum</strong></span> 
     </span>
    </p>
   </div>
   <div class='ocr_carea' id='block_1_37' title="bbox 188 2276 1772 2351">
    <p class='ocr_par' dir='ltr' id='par_1_37' title="bbox 188 2276 1772 2351">
     <span class='ocr_line' id='line_1_37' title="bbox 188 2276 1772 2351; baseline 0 -16"><span class='ocrx_word' id='word_1_261' title='bbox 188 2279 453 2338; x_wconf 67' lang='lat' dir='ltr'><strong>‘necdum</strong></span> <span class='ocrx_word' id='word_1_262' title='bbox 494 2279 721 2337; x_wconf 85' lang='lat' dir='ltr'><strong>haberet</strong></span> <span class='ocrx_word' id='word_1_263' title='bbox 760 2279 999 2351; x_wconf 81' lang='lat' dir='ltr'><strong>synodus</strong></span> <span class='ocrx_word' id='word_1_264' title='bbox 1032 2278 1379 2335; x_wconf 81' lang='lat' dir='ltr'><strong>ﬁrmitatem?</strong></span> <span class='ocrx_word' id='word_1_265' title='bbox 1412 2298 1430 2332; x_wconf 81' lang='grc' dir='ltr'><strong>ι</strong></span> <span class='ocrx_word' id='word_1_266' title='bbox 1468 2278 1511 2334; x_wconf 95' lang='lat' dir='ltr'><strong>O</strong></span> <span class='ocrx_word' id='word_1_267' title='bbox 1537 2276 1772 2336; x_wconf 84' lang='lat' dir='ltr'><strong>frontem</strong></span> 
     </span>
    </p>
   </div>
   <div class='ocr_carea' id='block_1_38' title="bbox 184 2370 1773 2442">
    <p class='ocr_par' dir='ltr' id='par_1_38' title="bbox 184 2370 1773 2442">
     <span class='ocr_line' id='line_1_38' title="bbox 184 2370 1773 2442; baseline -0.004 -11"><span class='ocrx_word' id='word_1_268' title='bbox 184 2373 427 2431; x_wconf 84' lang='lat' dir='ltr'><strong>dictionis</strong></span> <span class='ocrx_word' id='word_1_269' title='bbox 457 2372 776 2439; x_wconf 59' lang='lat' dir='ltr'><strong>immundae,</strong></span> <span class='ocrx_word' id='word_1_270' title='bbox 808 2382 861 2428; x_wconf 90' lang='lat' dir='ltr'><strong>et</strong></span> <span class='ocrx_word' id='word_1_271' title='bbox 892 2372 1081 2427; x_wconf 84' lang='lat' dir='ltr'><strong>faciem</strong></span> <span class='ocrx_word' id='word_1_272' title='bbox 1118 2370 1309 2439; x_wconf 85' lang='lat' dir='ltr'><strong>libelli,</strong></span> <span class='ocrx_word' id='word_1_273' title='bbox 1340 2387 1497 2442; x_wconf 89' lang='lat' dir='ltr'><strong>quam</strong></span> <span class='ocrx_word' id='word_1_274' title='bbox 1527 2388 1634 2426; x_wconf 90' lang='lat' dir='ltr'><strong>non</strong></span> <span class='ocrx_word' id='word_1_275' title='bbox 1660 2370 1773 2428; x_wconf 87' lang='lat' dir='ltr'><strong>sola</strong></span> 
     </span>
    </p>
   </div>
   <div class='ocr_carea' id='block_1_39' title="bbox 186 2464 1777 2536">
    <p class='ocr_par' dir='ltr' id='par_1_39' title="bbox 186 2464 1777 2536">
     <span class='ocr_line' id='line_1_39' title="bbox 186 2464 1777 2536; baseline -0.004 -13"><span class='ocrx_word' id='word_1_276' title='bbox 186 2468 464 2523; x_wconf 79' lang='lat' dir='ltr'><strong>maculavit</strong></span> <span class='ocrx_word' id='word_1_277' title='bbox 500 2465 790 2536; x_wconf 80' lang='lat' dir='ltr'><strong>imperitia.</strong></span> <span class='ocrx_word' id='word_1_278' title='bbox 825 2464 1110 2520; x_wconf 84' lang='lat' dir='ltr'><strong>Tractatns</strong></span> <span class='ocrx_word' id='word_1_279' title='bbox 1150 2464 1319 2521; x_wconf 83' lang='lat' dir='ltr'><strong>nostri</strong></span> <span class='ocrx_word' id='word_1_280' title='bbox 1360 2464 1688 2534; x_wconf 87' lang='lat' dir='ltr'><strong>provinciam</strong></span> <span class='ocrx_word' id='word_1_281' title='bbox 1721 2470 1777 2517; x_wconf 89' lang='lat' dir='ltr'><strong>et</strong></span> 
     </span>
    </p>
   </div>
   <div class='ocr_carea' id='block_1_40' title="bbox 190 2557 1775 2629">
    <p class='ocr_par' dir='ltr' id='par_1_40' title="bbox 190 2557 1775 2629">
     <span class='ocr_line' id='line_1_40' title="bbox 190 2557 1775 2629; baseline -0.003 -14"><span class='ocrx_word' id='word_1_282' title='bbox 190 2561 409 2616; x_wconf 85' lang='lat' dir='ltr'><strong>narratis</strong></span> <span class='ocrx_word' id='word_1_283' title='bbox 437 2568 494 2615; x_wconf 88' lang='lat' dir='ltr'><strong>et</strong></span> <span class='ocrx_word' id='word_1_284' title='bbox 524 2558 788 2629; x_wconf 65' lang='lat' dir='ltr'><strong>quaeritis.</strong></span> <span class='ocrx_word' id='word_1_285' title='bbox 823 2557 955 2614; x_wconf 80' lang='lat' dir='ltr'><strong>Hinc</strong></span> <span class='ocrx_word' id='word_1_286' title='bbox 982 2573 1197 2615; x_wconf 90' lang='lat' dir='ltr'><strong>eramus</strong></span> <span class='ocrx_word' id='word_1_287' title='bbox 1236 2573 1430 2628; x_wconf 91' lang='lat' dir='ltr'><strong>nempe</strong></span> <span class='ocrx_word' id='word_1_288' title='bbox 1455 2557 1625 2622; x_wconf 83' lang='lat' dir='ltr'><strong>dubii,</strong></span> <span class='ocrx_word' id='word_1_289' title='bbox 1652 2557 1775 2628; x_wconf 86' lang='lat' dir='ltr'><strong>quia</strong></span> 
     </span>
    </p>
   </div>
   <div class='ocr_carea' id='block_1_41' title="bbox 190 2650 1777 2725">
    <p class='ocr_par' dir='ltr' id='par_1_41' title="bbox 190 2650 1777 2725">
     <span class='ocr_line' id='line_1_41' title="bbox 190 2650 1777 2725; baseline -0.004 -15"><span class='ocrx_word' id='word_1_290' title='bbox 190 2652 635 2725; x_wconf 82' lang='lat' dir='ltr'><strong>quemadmodum</strong></span> <span class='ocrx_word' id='word_1_291' title='bbox 662 2652 939 2722; x_wconf 87' lang='lat' dir='ltr'><strong>loquimini</strong></span> <span class='ocrx_word' id='word_1_292' title='bbox 963 2667 1066 2707; x_wconf 91' lang='lat' dir='ltr'><strong>non</strong></span> <span class='ocrx_word' id='word_1_293' title='bbox 1094 2651 1325 2707; x_wconf 83' lang='lat' dir='ltr'><strong>habebat</strong></span> <span class='ocrx_word' id='word_1_294' title='bbox 1352 2651 1588 2722; x_wconf 83' lang='lat' dir='ltr'><strong>synodus</strong></span> <span class='ocrx_word' id='word_1_295' title='bbox 1614 2650 1777 2704; x_wconf 84' lang='lat' dir='ltr'><strong>ﬁrmi-</strong></span> 
     </span>
    </p>
   </div>
   <div class='ocr_carea' id='block_1_42' title="bbox 191 2743 1777 2815">
    <p class='ocr_par' dir='ltr' id='par_1_42' title="bbox 191 2743 1777 2815">
     <span class='ocr_line' id='line_1_42' title="bbox 191 2743 1777 2815; baseline -0.003 -13"><span class='ocrx_word' id='word_1_296' title='bbox 191 2756 341 2803; x_wconf 88' lang='lat' dir='ltr'><strong>tatem</strong></span> <span class='ocrx_word' id='word_1_297' title='bbox 372 2765 385 2799; x_wconf 90' lang='lat'><strong>:</strong></span> <span class='ocrx_word' id='word_1_298' title='bbox 422 2745 697 2802; x_wconf 87' lang='lat' dir='ltr'><strong>transibat</strong></span> <span class='ocrx_word' id='word_1_299' title='bbox 733 2745 931 2815; x_wconf 88' lang='lat' dir='ltr'><strong>negotii</strong></span> <span class='ocrx_word' id='word_1_300' title='bbox 962 2743 1189 2813; x_wconf 79' lang='lat' dir='ltr'><strong>qualitas</strong></span> <span class='ocrx_word' id='word_1_301' title='bbox 1226 2743 1527 2807; x_wconf 88' lang='lat' dir='ltr'><strong>audituros,</strong></span> <span class='ocrx_word' id='word_1_302' title='bbox 1564 2751 1617 2797; x_wconf 89' lang='lat' dir='ltr'><strong>et</strong></span> <span class='ocrx_word' id='word_1_303' title='bbox 1652 2744 1777 2811; x_wconf 81' lang='lat' dir='ltr'><strong>plus</strong></span> 
     </span>
    </p>
   </div>
   <div class='ocr_carea' id='block_1_43' title="bbox 192 2838 1779 2911">
    <p class='ocr_par' dir='ltr' id='par_1_43' title="bbox 192 2838 1779 2911">
     <span class='ocr_line' id='line_1_43' title="bbox 192 2838 1779 2911; baseline -0.001 -16"><span class='ocrx_word' id='word_1_304' title='bbox 192 2840 351 2898; x_wconf 85' lang='lat' dir='ltr'><strong>adhuc</strong></span> <span class='ocrx_word' id='word_1_305' title='bbox 376 2852 720 2899; x_wconf 86' lang='lat' dir='ltr'><strong>remanserat</strong></span> <span class='ocrx_word' id='word_1_306' title='bbox 755 2842 809 2897; x_wconf 94' lang='lat' dir='ltr'><strong>in</strong></span> <span class='ocrx_word' id='word_1_307' title='bbox 848 2841 1148 2897; x_wconf 87' lang='lat' dir='ltr'><strong>reverentia</strong></span> <span class='ocrx_word' id='word_1_308' title='bbox 1181 2838 1405 2911; x_wconf 88' lang='lat' dir='ltr'><strong>pulsati,</strong></span> <span class='ocrx_word' id='word_1_309' title='bbox 1433 2852 1592 2911; x_wconf 90' lang='lat' dir='ltr'><strong>quam</strong></span> <span class='ocrx_word' id='word_1_310' title='bbox 1633 2847 1779 2895; x_wconf 87' lang='lat' dir='ltr'><strong>esset</strong></span> 
     </span>
    </p>
   </div>
   <div class='ocr_carea' id='block_1_44' title="bbox 194 2935 1047 3007">
    <p class='ocr_par' dir='ltr' id='par_1_44' title="bbox 194 2935 1047 3007">
     <span class='ocr_line' id='line_1_44' title="bbox 194 2935 1047 3007; baseline 0 -17"><span class='ocrx_word' id='word_1_311' title='bbox 194 2937 241 2990; x_wconf 89' lang='lat' dir='ltr'><strong>in</strong></span> <span class='ocrx_word' id='word_1_312' title='bbox 270 2937 443 2991; x_wconf 86' lang='lat' dir='ltr'><strong>nostri</strong></span> <span class='ocrx_word' id='word_1_313' title='bbox 474 2936 785 3007; x_wconf 86' lang='lat' dir='ltr'><strong>integritate</strong></span> <span class='ocrx_word' id='word_1_314' title='bbox 812 2935 1047 3007; x_wconf 87' lang='lat' dir='ltr'><strong>collegii.</strong></span> 
     </span>
    </p>
   </div>
   <div class='ocr_carea' id='block_1_45' title="bbox 260 3028 1767 3101">
    <p class='ocr_par' dir='ltr' id='par_1_45' title="bbox 260 3028 1767 3101">
     <span class='ocr_line' id='line_1_45' title="bbox 260 3028 1767 3101; baseline -0.001 -19"><span class='ocrx_word' id='word_1_315' title='bbox 260 3048 277 3081; x_wconf 76' lang='grc' dir='ltr'>ί</span> <span class='ocrx_word' id='word_1_316' title='bbox 307 3030 513 3084; x_wconf 82' lang='lat' dir='ltr'><strong>Deinde</strong></span> <span class='ocrx_word' id='word_1_317' title='bbox 546 3044 644 3100; x_wconf 92' lang='lat' dir='ltr'><strong>pro</strong></span> <span class='ocrx_word' id='word_1_318' title='bbox 675 3031 1030 3101; x_wconf 62' lang='lat' dir='ltr'><strong>quaestionum</strong></span> <span class='ocrx_word' id='word_1_319' title='bbox 1055 3028 1336 3085; x_wconf 89' lang='lat' dir='ltr'><strong>tormentis</strong></span> <span class='ocrx_word' id='word_1_320' title='bbox 1361 3028 1725 3084; x_wconf 87' lang='lat' dir='ltr'><strong>venerabilem</strong></span> <span class='ocrx_word' id='word_1_321' title='bbox 1748 3030 1767 3059; x_wconf 84' lang='grc'>²</span> 
     </span>
    </p>
   </div>
   <div class='ocr_carea' id='block_1_46' title="bbox 197 3121 1783 3194">
    <p class='ocr_par' dir='ltr' id='par_1_46' title="bbox 197 3121 1783 3194">
     <span class='ocr_line' id='line_1_46' title="bbox 197 3121 1783 3194; baseline 0.003 -18"><span class='ocrx_word' id='word_1_322' title='bbox 197 3121 542 3178; x_wconf 86' lang='lat' dir='ltr'><strong>Laurentium</strong></span> <span class='ocrx_word' id='word_1_323' title='bbox 589 3132 643 3180; x_wconf 87' lang='lat' dir='ltr'><strong>et</strong></span> <span class='ocrx_word' id='word_1_324' title='bbox 691 3123 907 3179; x_wconf 84' lang='lat' dir='ltr'><strong>Petrum</strong></span> <span class='ocrx_word' id='word_1_325' title='bbox 950 3124 1275 3194; x_wconf 67' lang='lat' dir='ltr'><strong>episcopos,</strong></span> <span class='ocrx_word' id='word_1_326' title='bbox 1325 3139 1353 3178; x_wconf 92' lang='lat' dir='ltr'><strong>a</strong></span> <span class='ocrx_word' id='word_1_327' title='bbox 1400 3126 1783 3181; x_wconf 81' lang='lat' dir='ltr'><strong>communione</strong></span> 
     </span>
    </p>
   </div>
   <div class='ocr_carea' id='block_1_47' title="bbox 195 3216 1781 3288">
    <p class='ocr_par' dir='ltr' id='par_1_47' title="bbox 195 3216 1781 3288">
     <span class='ocr_line' id='line_1_47' title="bbox 195 3216 1781 3288; baseline 0.001 -19"><span class='ocrx_word' id='word_1_328' title='bbox 195 3231 338 3287; x_wconf 73' lang='lat' dir='ltr'><strong>papa:</strong></span> <span class='ocrx_word' id='word_1_329' title='bbox 367 3226 430 3274; x_wconf 81' lang='lat' dir='ltr'><strong>se</strong></span> <span class='ocrx_word' id='word_1_330' title='bbox 461 3217 811 3288; x_wconf 86' lang='lat' dir='ltr'><strong>suspendisse</strong></span> <span class='ocrx_word' id='word_1_331' title='bbox 842 3218 1138 3287; x_wconf 80' lang='lat' dir='ltr'><strong>replicatis,</strong></span> <span class='ocrx_word' id='word_1_332' title='bbox 1173 3226 1227 3272; x_wconf 89' lang='lat' dir='ltr'><strong>et</strong></span> <span class='ocrx_word' id='word_1_333' title='bbox 1255 3216 1511 3287; x_wconf 83' lang='lat' dir='ltr'><strong>quidquid</strong></span> <span class='ocrx_word' id='word_1_334' title='bbox 1544 3217 1781 3288; x_wconf 75' lang='lat' dir='ltr'><strong>providit</strong></span> 
     </span>
    </p>
   </div>
   <div class='ocr_carea' id='block_1_48' title="bbox 1875 2002 3464 2089">
    <p class='ocr_par' dir='ltr' id='par_1_48' title="bbox 1875 2002 3464 2089">
     <span class='ocr_line' id='line_1_48' title="bbox 1875 2002 3464 2089; baseline 0.001 -32"><span class='ocrx_word' id='word_1_335' title='bbox 1875 2017 2090 2073; x_wconf 83' lang='lat' dir='ltr'><strong>papam,</strong></span> <span class='ocrx_word' id='word_1_336' title='bbox 2114 2003 2159 2060; x_wconf 90' lang='lat' dir='ltr'><strong>si</strong></span> <span class='ocrx_word' id='word_1_337' title='bbox 2189 2002 2387 2089; x_wconf 65' lang='lat' dir='ltr'><strong>placet,</strong></span> <span class='ocrx_word' id='word_1_338' title='bbox 2411 2016 2596 2058; x_wconf 85' lang='lat' dir='ltr'><strong>rursus</strong></span> <span class='ocrx_word' id='word_1_339' title='bbox 2618 2002 2884 2072; x_wconf 75' lang='lat' dir='ltr'><strong>appellet;</strong></span> <span class='ocrx_word' id='word_1_340' title='bbox 2909 2010 2966 2058; x_wconf 88' lang='lat' dir='ltr'><strong>et</strong></span> <span class='ocrx_word' id='word_1_341' title='bbox 2989 2002 3126 2072; x_wconf 85' lang='lat' dir='ltr'><strong>ipse,</strong></span> <span class='ocrx_word' id='word_1_342' title='bbox 3154 2004 3198 2059; x_wconf 86' lang='lat' dir='ltr'><strong>si</strong></span> <span class='ocrx_word' id='word_1_343' title='bbox 3225 2003 3464 2069; x_wconf 85' lang='lat' dir='ltr'><strong>videtur,</strong></span> 
     </span>
    </p>
   </div>
   <div class='ocr_carea' id='block_1_49' title="bbox 1874 2094 3473 2166">
    <p class='ocr_par' dir='ltr' id='par_1_49' title="bbox 1874 2094 3473 2166">
     <span class='ocr_line' id='line_1_49' title="bbox 1874 2094 3473 2166; baseline -0.001 -14"><span class='ocrx_word' id='word_1_344' title='bbox 1874 2105 2091 2166; x_wconf 77' lang='lat' dir='ltr'><strong>reparet</strong></span> <span class='ocrx_word' id='word_1_345' title='bbox 2116 2094 2318 2164; x_wconf 81' lang='lat' dir='ltr'><strong>judicia</strong></span> <span class='ocrx_word' id='word_1_346' title='bbox 2358 2095 2415 2149; x_wconf 71' lang='lat' dir='ltr'><strong>in</strong></span> <span class='ocrx_word' id='word_1_347' title='bbox 2442 2094 2799 2159; x_wconf 77' lang='lat' dir='ltr'><strong>cpituiaticne</strong></span> <span class='ocrx_word' id='word_1_348' title='bbox 2828 2094 3088 2150; x_wconf 85' lang='lat' dir='ltr'><strong>damnati.</strong></span> <span class='ocrx_word' id='word_1_349' title='bbox 3133 2094 3273 2151; x_wconf 75' lang='lat' dir='ltr'><strong>Ecce</strong></span> <span class='ocrx_word' id='word_1_350' title='bbox 3296 2094 3473 2150; x_wconf 81' lang='lat' dir='ltr'><strong>enode</strong></span> 
     </span>
    </p>
   </div>
   <div class='ocr_carea' id='block_1_50' title="bbox 1876 2187 3470 2259">
    <p class='ocr_par' dir='ltr' id='par_1_50' title="bbox 1876 2187 3470 2259">
     <span class='ocr_line' id='line_1_50' title="bbox 1876 2187 3470 2259; baseline -0.001 -14"><span class='ocrx_word' id='word_1_351' title='bbox 1876 2198 1983 2253; x_wconf 89' lang='lat' dir='ltr'><strong>est,</strong></span> <span class='ocrx_word' id='word_1_352' title='bbox 2011 2188 2156 2259; x_wconf 89' lang='lat' dir='ltr'><strong>quod</strong></span> <span class='ocrx_word' id='word_1_353' title='bbox 2184 2188 2253 2244; x_wconf 88' lang='lat' dir='ltr'><strong>ad</strong></span> <span class='ocrx_word' id='word_1_354' title='bbox 2282 2188 2533 2257; x_wconf 80' lang='lat' dir='ltr'><strong>laqueum</strong></span> <span class='ocrx_word' id='word_1_355' title='bbox 2568 2188 2911 2259; x_wconf 63' lang='lat' dir='ltr'><strong>praeparatis</strong></span> <span class='ocrx_word' id='word_1_356' title='bbox 2944 2209 2958 2245; x_wconf 88' lang='lat'><strong>;</strong></span> <span class='ocrx_word' id='word_1_357' title='bbox 2985 2188 3086 2243; x_wconf 84' lang='lat' dir='ltr'><strong>nisi</strong></span> <span class='ocrx_word' id='word_1_358' title='bbox 3116 2187 3253 2244; x_wconf 69' lang='lat' dir='ltr'><strong>forte</strong></span> <span class='ocrx_word' id='word_1_359' title='bbox 3281 2188 3470 2244; x_wconf 81' lang='lat' dir='ltr'><strong>arctis-</strong></span> 
     </span>
    </p>
   </div>
   <div class='ocr_carea' id='block_1_51' title="bbox 1877 2285 3472 2359">
    <p class='ocr_par' dir='ltr' id='par_1_51' title="bbox 1877 2285 3472 2359">
     <span class='ocr_line' id='line_1_51' title="bbox 1877 2285 3472 2359; baseline 0.003 -19"><span class='ocrx_word' id='word_1_360' title='bbox 1877 2285 2030 2341; x_wconf 87' lang='lat' dir='ltr'><strong>simis</strong></span> <span class='ocrx_word' id='word_1_361' title='bbox 2068 2286 2123 2341; x_wconf 90' lang='lat' dir='ltr'><strong>in</strong></span> <span class='ocrx_word' id='word_1_362' title='bbox 2163 2286 2255 2341; x_wconf 90' lang='lat' dir='ltr'><strong>illa</strong></span> <span class='ocrx_word' id='word_1_363' title='bbox 2302 2293 2454 2354; x_wconf 85' lang='lat' dir='ltr'><strong>parte</strong></span> <span class='ocrx_word' id='word_1_364' title='bbox 2481 2287 2709 2343; x_wconf 78' lang='lat' dir='ltr'><strong>nexibus</strong></span> <span class='ocrx_word' id='word_1_365' title='bbox 2746 2288 3127 2359; x_wconf 80' lang='lat' dir='ltr'><strong>astringamur,</strong></span> <span class='ocrx_word' id='word_1_366' title='bbox 3160 2296 3214 2344; x_wconf 92' lang='lat' dir='ltr'><strong>et</strong></span> <span class='ocrx_word' id='word_1_367' title='bbox 3242 2288 3472 2357; x_wconf 84' lang='lat' dir='ltr'><strong>replica-</strong></span> 
     </span>
    </p>
   </div>
   <div class='ocr_carea' id='block_1_52' title="bbox 1876 2364 3472 2450">
    <p class='ocr_par' dir='ltr' id='par_1_52' title="bbox 1876 2364 3472 2450">
     <span class='ocr_line' id='line_1_52' title="bbox 1876 2364 3472 2450; baseline 0.004 -18"><span class='ocrx_word' id='word_1_368' title='bbox 1876 2376 2082 2433; x_wconf 77' lang='lat' dir='ltr'><strong>tionem</strong></span> <span class='ocrx_word' id='word_1_369' title='bbox 2114 2378 2271 2434; x_wconf 85' lang='lat' dir='ltr'><strong>nobis</strong></span> <span class='ocrx_word' id='word_1_370' title='bbox 2298 2364 2495 2435; x_wconf 74' lang='lat' dir='ltr'><strong>itinera</strong></span> <span class='ocrx_word' id='word_1_371' title='bbox 2520 2395 2629 2436; x_wconf 78' lang='lat' dir='ltr'><strong>non</strong></span> <span class='ocrx_word' id='word_1_372' title='bbox 2652 2389 2929 2450; x_wconf 87' lang='lat' dir='ltr'><strong>patescant</strong></span> <span class='ocrx_word' id='word_1_373' title='bbox 2956 2398 2970 2446; x_wconf 91' lang='lat'><strong>;</strong></span> <span class='ocrx_word' id='word_1_374' title='bbox 3004 2382 3131 2436; x_wconf 80' lang='lat' dir='ltr'><strong>dunt</strong></span> <span class='ocrx_word' id='word_1_375' title='bbox 3162 2382 3313 2438; x_wconf 84' lang='lat' dir='ltr'><strong>callis</strong></span> <span class='ocrx_word' id='word_1_376' title='bbox 3344 2392 3472 2439; x_wconf 83' lang='lat' dir='ltr'><strong>ante</strong></span> 
     </span>
    </p>
   </div>
   <div class='ocr_carea' id='block_1_53' title="bbox 1879 2469 3296 2539">
    <p class='ocr_par' dir='ltr' id='par_1_53' title="bbox 1879 2469 3296 2539">
     <span class='ocr_line' id='line_1_53' title="bbox 1879 2469 3296 2539; baseline 0.005 -15"><span class='ocrx_word' id='word_1_377' title='bbox 1879 2470 2097 2539; x_wconf 81' lang='lat' dir='ltr'><strong>pervius</strong></span> <span class='ocrx_word' id='word_1_378' title='bbox 2125 2469 2361 2526; x_wconf 68' lang='lat' dir='ltr'><strong>dumetis</strong></span> <span class='ocrx_word' id='word_1_379' title='bbox 2390 2472 2601 2527; x_wconf 85' lang='lat' dir='ltr'><strong>novella</strong></span> <span class='ocrx_word' id='word_1_380' title='bbox 2630 2472 3021 2529; x_wconf 86' lang='lat' dir='ltr'><strong>interclusicne</strong></span> <span class='ocrx_word' id='word_1_381' title='bbox 3048 2475 3296 2531; x_wconf 82' lang='lat' dir='ltr'><strong>vestitur.</strong></span> 
     </span>
    </p>
   </div>
   <div class='ocr_carea' id='block_1_54' title="bbox 1959 2564 3475 2639">
    <p class='ocr_par' dir='ltr' id='par_1_54' title="bbox 1959 2564 3475 2639">
     <span class='ocr_line' id='line_1_54' title="bbox 1959 2564 3475 2639; baseline 0.004 -21"><span class='ocrx_word' id='word_1_382' title='bbox 1959 2583 1979 2617; x_wconf 78' lang='grc' dir='ltr'><strong>ι</strong></span> <span class='ocrx_word' id='word_1_383' title='bbox 2007 2564 2103 2619; x_wconf 78' lang='lat' dir='ltr'><strong>liis</strong></span> <span class='ocrx_word' id='word_1_384' title='bbox 2136 2566 2285 2620; x_wconf 79' lang='lat' dir='ltr'><strong>enim</strong></span> <span class='ocrx_word' id='word_1_385' title='bbox 2338 2579 2437 2621; x_wconf 88' lang='lat' dir='ltr'><strong>nos</strong></span> <span class='ocrx_word' id='word_1_386' title='bbox 2475 2567 2675 2637; x_wconf 84' lang='lat' dir='ltr'><strong>eloquii</strong></span> <span class='ocrx_word' id='word_1_387' title='bbox 2716 2568 2991 2637; x_wconf 82' lang='lat' dir='ltr'><strong>vepribus,</strong></span> <span class='ocrx_word' id='word_1_388' title='bbox 3028 2568 3156 2623; x_wconf 89' lang='lat' dir='ltr'><strong>dum</strong></span> <span class='ocrx_word' id='word_1_389' title='bbox 3200 2567 3475 2639; x_wconf 84' lang='lat' dir='ltr'><strong>gradimur</strong></span> 
     </span>
    </p>
   </div>
   <div class='ocr_carea' id='block_1_55' title="bbox 1880 2657 3473 2731">
    <p class='ocr_par' dir='ltr' id='par_1_55' title="bbox 1880 2657 3473 2731">
     <span class='ocr_line' id='line_1_55' title="bbox 1880 2657 3473 2731; baseline 0.003 -21"><span class='ocrx_word' id='word_1_390' title='bbox 1880 2672 1979 2726; x_wconf 89' lang='lat' dir='ltr'><strong>per</strong></span> <span class='ocrx_word' id='word_1_391' title='bbox 2016 2657 2193 2726; x_wconf 76' lang='lat' dir='ltr'><strong>pinna,</strong></span> <span class='ocrx_word' id='word_1_392' title='bbox 2228 2658 2490 2724; x_wconf 82' lang='lat' dir='ltr'><strong>retinetis,</strong></span> <span class='ocrx_word' id='word_1_393' title='bbox 2522 2674 2641 2713; x_wconf 84' lang='lat' dir='ltr'><strong>cum</strong></span> <span class='ocrx_word' id='word_1_394' title='bbox 2685 2659 2884 2728; x_wconf 88' lang='lat' dir='ltr'><strong>dicitis,</strong></span> <span class='ocrx_word' id='word_1_395' title='bbox 2916 2661 3106 2716; x_wconf 59' lang='lat' dir='ltr'><strong>laesum</strong></span> <span class='ocrx_word' id='word_1_396' title='bbox 3149 2662 3473 2731; x_wconf 90' lang='lat' dir='ltr'><strong>principem,</strong></span> 
     </span>
    </p>
   </div>
   <div class='ocr_carea' id='block_1_56' title="bbox 1882 2748 3477 2817">
    <p class='ocr_par' dir='ltr' id='par_1_56' title="bbox 1882 2748 3477 2817">
     <span class='ocr_line' id='line_1_56' title="bbox 1882 2748 3477 2817; baseline 0.005 -16"><span class='ocrx_word' id='word_1_397' title='bbox 1882 2762 2049 2817; x_wconf 89' lang='lat' dir='ltr'><strong>quare</strong></span> <span class='ocrx_word' id='word_1_398' title='bbox 2077 2748 2098 2779; x_wconf 72' lang='grc'><strong>⁸</strong></span> <span class='ocrx_word' id='word_1_399' title='bbox 2128 2749 2439 2804; x_wconf 88' lang='lat' dir='ltr'><strong>attributum</strong></span> <span class='ocrx_word' id='word_1_400' title='bbox 2470 2750 2825 2817; x_wconf 85' lang='lat' dir='ltr'><strong>visitatorem,</strong></span> <span class='ocrx_word' id='word_1_401' title='bbox 2859 2764 3045 2808; x_wconf 91' lang='lat' dir='ltr'><strong>contra</strong></span> <span class='ocrx_word' id='word_1_402' title='bbox 3086 2753 3477 2809; x_wconf 80' lang='lat' dir='ltr'><strong>ecclesiasticas</strong></span> 
     </span>
    </p>
   </div>
   <div class='ocr_carea' id='block_1_57' title="bbox 1881 2841 3477 2911">
    <p class='ocr_par' dir='ltr' id='par_1_57' title="bbox 1881 2841 3477 2911">
     <span class='ocr_line' id='line_1_57' title="bbox 1881 2841 3477 2911; baseline 0.002 -15"><span class='ocrx_word' id='word_1_403' title='bbox 1881 2841 2117 2911; x_wconf 86' lang='lat' dir='ltr'><strong>regulas,</strong></span> <span class='ocrx_word' id='word_1_404' title='bbox 2144 2842 2317 2911; x_wconf 84' lang='lat' dir='ltr'><strong>prima</strong></span> <span class='ocrx_word' id='word_1_405' title='bbox 2349 2844 2616 2897; x_wconf 78' lang='lat' dir='ltr'><strong>voluimus</strong></span> <span class='ocrx_word' id='word_1_406' title='bbox 2641 2843 2819 2898; x_wconf 78' lang='lat' dir='ltr'><strong>fronte</strong></span> <span class='ocrx_word' id='word_1_407' title='bbox 2845 2844 3121 2900; x_wconf 78' lang='lat' dir='ltr'><strong>discedere</strong></span> <span class='ocrx_word' id='word_1_408' title='bbox 3157 2862 3171 2897; x_wconf 92' lang='lat'><strong>:</strong></span> <span class='ocrx_word' id='word_1_409' title='bbox 3212 2865 3231 2898; x_wconf 85' lang='lat' dir='ltr'><strong>s</strong></span> <span class='ocrx_word' id='word_1_410' title='bbox 3260 2854 3313 2901; x_wconf 91' lang='lat' dir='ltr'><strong>et</strong></span> <span class='ocrx_word' id='word_1_411' title='bbox 3344 2844 3477 2900; x_wconf 87' lang='lat' dir='ltr'><strong>nihil</strong></span> 
     </span>
    </p>
   </div>
   <div class='ocr_carea' id='block_1_58' title="bbox 1880 2932 3475 3005">
    <p class='ocr_par' dir='ltr' id='par_1_58' title="bbox 1880 2932 3475 3005">
     <span class='ocr_line' id='line_1_58' title="bbox 1880 2932 3475 3005; baseline 0.004 -20"><span class='ocrx_word' id='word_1_412' title='bbox 1880 2932 2110 3001; x_wconf 80' lang='lat' dir='ltr'><strong>amplius</strong></span> <span class='ocrx_word' id='word_1_413' title='bbox 2153 2933 2344 2989; x_wconf 88' lang='lat' dir='ltr'><strong>liceret</strong></span> <span class='ocrx_word' id='word_1_414' title='bbox 2388 2934 2534 2989; x_wconf 77' lang='lat' dir='ltr'><strong>hunc</strong></span> <span class='ocrx_word' id='word_1_415' title='bbox 2576 2934 2741 2997; x_wconf 86' lang='lat' dir='ltr'><strong>vitiis,</strong></span> <span class='ocrx_word' id='word_1_416' title='bbox 2788 2949 2859 2991; x_wconf 89' lang='lat' dir='ltr'><strong>ne</strong></span> <span class='ocrx_word' id='word_1_417' title='bbox 2907 2935 3219 2992; x_wconf 85' lang='lat' dir='ltr'><strong>duresceret</strong></span> <span class='ocrx_word' id='word_1_418' title='bbox 3267 2938 3475 3005; x_wconf 90' lang='lat' dir='ltr'><strong>lolium,</strong></span> 
     </span>
    </p>
   </div>
   <div class='ocr_carea' id='block_1_59' title="bbox 1881 3026 3472 3098">
    <p class='ocr_par' dir='ltr' id='par_1_59' title="bbox 1881 3026 3472 3098">
     <span class='ocr_line' id='line_1_59' title="bbox 1881 3026 3472 3098; baseline 0.002 -19"><span class='ocrx_word' id='word_1_419' title='bbox 1881 3040 1951 3082; x_wconf 92' lang='lat' dir='ltr'><strong>ne</strong></span> <span class='ocrx_word' id='word_1_420' title='bbox 1972 3027 2194 3094; x_wconf 80' lang='lat' dir='ltr'><strong>profana</strong></span> <span class='ocrx_word' id='word_1_421' title='bbox 2222 3026 2435 3095; x_wconf 83' lang='lat' dir='ltr'><strong>messis,</strong></span> <span class='ocrx_word' id='word_1_422' title='bbox 2470 3026 2619 3082; x_wconf 75' lang='lat' dir='ltr'><strong>nulla</strong></span> <span class='ocrx_word' id='word_1_423' title='bbox 2639 3026 2937 3098; x_wconf 71' lang='lat' dir='ltr'><strong>disciplinae</strong></span> <span class='ocrx_word' id='word_1_424' title='bbox 2959 3036 3083 3083; x_wconf 88' lang='lat' dir='ltr'><strong>ante</strong></span> <span class='ocrx_word' id='word_1_425' title='bbox 3110 3029 3472 3084; x_wconf 81' lang='lat' dir='ltr'><strong>maturitatem</strong></span> 
     </span>
    </p>
   </div>
   <div class='ocr_carea' id='block_1_60' title="bbox 1881 3120 3481 3193">
    <p class='ocr_par' dir='ltr' id='par_1_60' title="bbox 1881 3120 3481 3193">
     <span class='ocr_line' id='line_1_60' title="bbox 1881 3120 3481 3193; baseline 0.001 -18"><span class='ocrx_word' id='word_1_426' title='bbox 1881 3121 2093 3177; x_wconf 78' lang='lat' dir='ltr'><strong>succisa</strong></span> <span class='ocrx_word' id='word_1_427' title='bbox 2137 3120 2273 3177; x_wconf 82' lang='lat' dir='ltr'><strong>falce</strong></span> <span class='ocrx_word' id='word_1_428' title='bbox 2312 3122 2687 3188; x_wconf 85' lang='lat' dir='ltr'><strong>decumberet,</strong></span> <span class='ocrx_word' id='word_1_429' title='bbox 2718 3132 2775 3179; x_wconf 90' lang='lat' dir='ltr'><strong>et</strong></span> <span class='ocrx_word' id='word_1_430' title='bbox 2815 3134 3095 3193; x_wconf 86' lang='lat' dir='ltr'><strong>putaretur</strong></span> <span class='ocrx_word' id='word_1_431' title='bbox 3126 3124 3292 3179; x_wconf 83' lang='lat' dir='ltr'><strong>licere</strong></span> <span class='ocrx_word' id='word_1_432' title='bbox 3335 3122 3481 3193; x_wconf 88' lang='lat' dir='ltr'><strong>quod</strong></span> 
     </span>
    </p>
   </div>
   <div class='ocr_carea' id='block_1_61' title="bbox 1881 3214 3481 3285">
    <p class='ocr_par' dir='ltr' id='par_1_61' title="bbox 1881 3214 3481 3285">
     <span class='ocr_line' id='line_1_61' title="bbox 1881 3214 3481 3285; baseline 0.002 -17"><span class='ocrx_word' id='word_1_433' title='bbox 1881 3214 2093 3284; x_wconf 75' lang='lat' dir='ltr'><strong>iudices</strong></span> <span class='ocrx_word' id='word_1_434' title='bbox 2119 3230 2228 3271; x_wconf 84' lang='lat' dir='ltr'><strong>non</strong></span> <span class='ocrx_word' id='word_1_435' title='bbox 2256 3215 2533 3273; x_wconf 84' lang='lat' dir='ltr'><strong>vetabant.</strong></span> <span class='ocrx_word' id='word_1_436' title='bbox 2558 3215 2711 3271; x_wconf 85' lang='lat' dir='ltr'><strong>Unde</strong></span> <span class='ocrx_word' id='word_1_437' title='bbox 2747 3232 2813 3271; x_wconf 76' lang='lat' dir='ltr'><strong>ea</strong></span> <span class='ocrx_word' id='word_1_438' title='bbox 2853 3224 3044 3285; x_wconf 90' lang='lat' dir='ltr'><strong>aperto</strong></span> <span class='ocrx_word' id='word_1_439' title='bbox 3071 3224 3303 3283; x_wconf 80' lang='lat' dir='ltr'><strong>constat,</strong></span> <span class='ocrx_word' id='word_1_440' title='bbox 3337 3216 3481 3271; x_wconf 75' lang='lat' dir='ltr'><strong>unita</strong></span> 
     </span>
    </p>
   </div>
   <div class='ocr_carea' id='block_1_62' title="bbox 194 3298 3481 3380">
    <p class='ocr_par' dir='ltr' id='par_1_62' title="bbox 194 3298 3481 3380">
     <span class='ocr_line' id='line_1_62' title="bbox 194 3298 3481 3380; baseline 0.001 -17"><span class='ocrx_word' id='word_1_441' title='bbox 194 3308 371 3364; x_wconf 89' lang='lat' dir='ltr'><strong>cautio</strong></span> <span class='ocrx_word' id='word_1_442' title='bbox 404 3319 849 3377; x_wconf 87' lang='lat' dir='ltr'><strong>couvocatorum,</strong></span> <span class='ocrx_word' id='word_1_443' title='bbox 896 3308 1086 3364; x_wconf 89' lang='lat' dir='ltr'><strong>ducitis</strong></span> <span class='ocrx_word' id='word_1_444' title='bbox 1130 3307 1197 3362; x_wconf 92' lang='lat' dir='ltr'><strong>ad</strong></span> <span class='ocrx_word' id='word_1_445' title='bbox 1243 3308 1455 3367; x_wconf 87' lang='lat' dir='ltr'><strong>crimen</strong></span> <span class='ocrx_word' id='word_1_446' title='bbox 1490 3309 1736 3380; x_wconf 90' lang='lat' dir='ltr'><strong>impetiti.</strong></span> <span class='ocrx_word' id='word_1_447' title='bbox 1760 3329 1778 3361; x_wconf 79' lang='grc' dir='ltr'><strong>ι</strong></span> <span class='ocrx_word' id='word_1_448' title='bbox 1812 3298 1860 3363; x_wconf 86' lang='lat' dir='ltr'>C</span> <span class='ocrx_word' id='word_1_449' title='bbox 1890 3320 2009 3373; x_wconf 90' lang='lat' dir='ltr'><strong>vos,</strong></span> <span class='ocrx_word' id='word_1_450' title='bbox 2030 3316 2203 3363; x_wconf 77' lang='lat' dir='ltr'><strong>extra</strong></span> <span class='ocrx_word' id='word_1_451' title='bbox 2233 3309 2601 3377; x_wconf 56' lang='lat' dir='ltr'><strong>praestantiam</strong></span> <span class='ocrx_word' id='word_1_452' title='bbox 2634 3309 2857 3378; x_wconf 82' lang='lat' dir='ltr'><strong>piissimi</strong></span> <span class='ocrx_word' id='word_1_453' title='bbox 2890 3311 3050 3379; x_wconf 81' lang='lat' dir='ltr'><strong>regis,</strong></span> <span class='ocrx_word' id='word_1_454' title='bbox 3091 3324 3249 3378; x_wconf 91' lang='lat' dir='ltr'><strong>quam</strong></span> <span class='ocrx_word' id='word_1_455' title='bbox 3280 3309 3481 3366; x_wconf 82' lang='lat' dir='ltr'><strong>frustra</strong></span> 
     </span>
    </p>
   </div>
   <div class='ocr_carea' id='block_1_63' title="bbox 194 3401 1786 3477">
    <p class='ocr_par' dir='ltr' id='par_1_63' title="bbox 194 3401 1786 3477">
     <span class='ocr_line' id='line_1_63' title="bbox 194 3401 1786 3477; baseline 0 -18"><span class='ocrx_word' id='word_1_456' title='bbox 194 3402 391 3460; x_wconf 82' lang='lat' dir='ltr'><strong>Ullone</strong></span> <span class='ocrx_word' id='word_1_457' title='bbox 437 3418 559 3477; x_wconf 87' lang='lat' dir='ltr'><strong>ergo</strong></span> <span class='ocrx_word' id='word_1_458' title='bbox 603 3413 871 3474; x_wconf 90' lang='lat' dir='ltr'><strong>tempore,</strong></span> <span class='ocrx_word' id='word_1_459' title='bbox 941 3401 1066 3458; x_wconf 90' lang='lat' dir='ltr'><strong>dum</strong></span> <span class='ocrx_word' id='word_1_460' title='bbox 1122 3401 1526 3458; x_wconf 88' lang='lat' dir='ltr'><strong>celebrarentur</strong></span> <span class='ocrx_word' id='word_1_461' title='bbox 1586 3404 1654 3459; x_wconf 93' lang='lat' dir='ltr'><strong>ab</strong></span> <span class='ocrx_word' id='word_1_462' title='bbox 1700 3402 1786 3459; x_wconf 87' lang='lat' dir='ltr'><strong>his</strong></span> 
     </span>
    </p>
   </div>
   <div class='ocr_carea' id='block_1_64' title="bbox 192 3493 1787 3563">
    <p class='ocr_par' dir='ltr' id='par_1_64' title="bbox 192 3493 1787 3563">
     <span class='ocr_line' id='line_1_64' title="bbox 192 3493 1787 3563; baseline -0.001 -11"><span class='ocrx_word' id='word_1_463' title='bbox 192 3508 347 3552; x_wconf 76' lang='lat' dir='ltr'><strong>sacra</strong></span> <span class='ocrx_word' id='word_1_464' title='bbox 398 3495 716 3561; x_wconf 90' lang='lat' dir='ltr'><strong>missarum,</strong></span> <span class='ocrx_word' id='word_1_465' title='bbox 754 3510 786 3549; x_wconf 90' lang='lat' dir='ltr'><strong>a</strong></span> <span class='ocrx_word' id='word_1_466' title='bbox 828 3494 1060 3549; x_wconf 92' lang='lat' dir='ltr'><strong>nominis</strong></span> <span class='ocrx_word' id='word_1_467' title='bbox 1106 3493 1222 3563; x_wconf 89' lang='lat' dir='ltr'><strong>ejus</strong></span> <span class='ocrx_word' id='word_1_468' title='bbox 1269 3494 1787 3551; x_wconf 85' lang='lat' dir='ltr'><strong>commemoratione</strong></span> 
     </span>
    </p>
   </div>
   <div class='ocr_carea' id='block_1_65' title="bbox 206 3584 1786 3658">
    <p class='ocr_par' dir='ltr' id='par_1_65' title="bbox 206 3584 1786 3658">
     <span class='ocr_line' id='line_1_65' title="bbox 206 3584 1786 3658; baseline 0.001 -16"><span class='ocrx_word' id='word_1_469' title='bbox 206 3596 469 3645; x_wconf 87' lang='lat' dir='ltr'><strong>cessatum</strong></span> <span class='ocrx_word' id='word_1_470' title='bbox 511 3588 630 3647; x_wconf 84' lang='lat' dir='ltr'><strong>est?</strong></span> <span class='ocrx_word' id='word_1_471' title='bbox 673 3586 922 3658; x_wconf 90' lang='lat' dir='ltr'><strong>Unquam</strong></span> <span class='ocrx_word' id='word_1_472' title='bbox 971 3601 1068 3657; x_wconf 92' lang='lat' dir='ltr'><strong>pro</strong></span> <span class='ocrx_word' id='word_1_473' title='bbox 1107 3584 1389 3643; x_wconf 83' lang='lat' dir='ltr'><strong>desideriis</strong></span> <span class='ocrx_word' id='word_1_474' title='bbox 1431 3588 1626 3644; x_wconf 85' lang='lat' dir='ltr'><strong>vestris</strong></span> <span class='ocrx_word' id='word_1_475' title='bbox 1670 3588 1786 3643; x_wconf 84' lang='lat' dir='ltr'><strong>sine</strong></span> 
     </span>
    </p>
   </div>
   <div class='ocr_carea' id='block_1_66' title="bbox 201 3679 1789 3751">
    <p class='ocr_par' dir='ltr' id='par_1_66' title="bbox 201 3679 1789 3751">
     <span class='ocr_line' id='line_1_66' title="bbox 201 3679 1789 3751; baseline -0.002 -13"><span class='ocrx_word' id='word_1_476' title='bbox 201 3680 300 3738; x_wconf 84' lang='lat' dir='ltr'><strong>ritu</strong></span> <span class='ocrx_word' id='word_1_477' title='bbox 340 3680 614 3737; x_wconf 90' lang='lat' dir='ltr'><strong>catholico</strong></span> <span class='ocrx_word' id='word_1_478' title='bbox 658 3689 713 3736; x_wconf 91' lang='lat' dir='ltr'><strong>et</strong></span> <span class='ocrx_word' id='word_1_479' title='bbox 758 3694 893 3736; x_wconf 82' lang='lat' dir='ltr'><strong>cano</strong></span> <span class='ocrx_word' id='word_1_480' title='bbox 948 3695 1118 3747; x_wconf 89' lang='lat' dir='ltr'><strong>more,</strong></span> <span class='ocrx_word' id='word_1_481' title='bbox 1156 3680 1483 3751; x_wconf 89' lang='lat' dir='ltr'><strong>semiplenas</strong></span> <span class='ocrx_word' id='word_1_482' title='bbox 1528 3679 1789 3737; x_wconf 86' lang='lat' dir='ltr'><strong>nominati</strong></span> 
     </span>
    </p>
   </div>
   <div class='ocr_carea' id='block_1_67' title="bbox 199 3771 1790 3844">
    <p class='ocr_par' dir='ltr' id='par_1_67' title="bbox 199 3771 1790 3844">
     <span class='ocr_line' id='line_1_67' title="bbox 199 3771 1790 3844; baseline 0.001 -18"><span class='ocrx_word' id='word_1_483' title='bbox 199 3774 461 3830; x_wconf 85' lang='lat' dir='ltr'><strong>antistites</strong></span> <span class='ocrx_word' id='word_1_484' title='bbox 491 3772 697 3828; x_wconf 88' lang='lat' dir='ltr'><strong>hostias</strong></span> <span class='ocrx_word' id='word_1_485' title='bbox 724 3771 1075 3827; x_wconf 86' lang='lat' dir='ltr'><strong>obtulerunt?</strong></span> <span class='ocrx_word' id='word_1_486' title='bbox 1106 3772 1428 3843; x_wconf 87' lang='lat' dir='ltr'><strong>Aliquando,</strong></span> <span class='ocrx_word' id='word_1_487' title='bbox 1452 3773 1595 3844; x_wconf 91' lang='lat' dir='ltr'><strong>quod</strong></span> <span class='ocrx_word' id='word_1_488' title='bbox 1622 3773 1790 3843; x_wconf 91' lang='lat' dir='ltr'><strong>capiti</strong></span> 
     </span>
    </p>
   </div>
   <div class='ocr_carea' id='block_1_68' title="bbox 200 3864 1788 3934">
    <p class='ocr_par' dir='ltr' id='par_1_68' title="bbox 200 3864 1788 3934">
     <span class='ocr_line' id='line_1_68' title="bbox 200 3864 1788 3934; baseline -0.001 -16"><span class='ocrx_word' id='word_1_489' title='bbox 200 3874 370 3921; x_wconf 85' lang='lat' dir='ltr'><strong>vestro</strong></span> <span class='ocrx_word' id='word_1_490' title='bbox 399 3865 727 3931; x_wconf 87' lang='lat' dir='ltr'><strong>ascribatur,</strong></span> <span class='ocrx_word' id='word_1_491' title='bbox 764 3864 901 3919; x_wconf 85' lang='lat' dir='ltr'><strong>facta</strong></span> <span class='ocrx_word' id='word_1_492' title='bbox 938 3873 1022 3921; x_wconf 90' lang='lat' dir='ltr'><strong>est</strong></span> <span class='ocrx_word' id='word_1_493' title='bbox 1060 3864 1201 3934; x_wconf 89' lang='lat' dir='ltr'><strong>apud</strong></span> <span class='ocrx_word' id='word_1_494' title='bbox 1238 3865 1406 3920; x_wconf 88' lang='lat' dir='ltr'><strong>Deum</strong></span> <span class='ocrx_word' id='word_1_495' title='bbox 1447 3870 1651 3921; x_wconf 82' lang='lat' dir='ltr'><strong>ott‘ensa</strong></span> <span class='ocrx_word' id='word_1_496' title='bbox 1692 3878 1788 3934; x_wconf 92' lang='lat' dir='ltr'><strong>per</strong></span> 
     </span>
    </p>
   </div>
   <div class='ocr_carea' id='block_1_69' title="bbox 199 3955 1793 4027">
    <p class='ocr_par' dir='ltr' id='par_1_69' title="bbox 199 3955 1793 4027">
     <span class='ocr_line' id='line_1_69' title="bbox 199 3955 1793 4027; baseline -0.002 -14"><span class='ocrx_word' id='word_1_497' title='bbox 199 3961 442 4026; x_wconf 87' lang='lat' dir='ltr'><strong>gratiam,</strong></span> <span class='ocrx_word' id='word_1_498' title='bbox 471 3968 526 4013; x_wconf 93' lang='lat' dir='ltr'><strong>et</strong></span> <span class='ocrx_word' id='word_1_499' title='bbox 548 3958 754 4014; x_wconf 83' lang='lat' dir='ltr'><strong>exstitit</strong></span> <span class='ocrx_word' id='word_1_500' title='bbox 781 3956 959 4011; x_wconf 83' lang='lat' dir='ltr'><strong>nutrix</strong></span> <span class='ocrx_word' id='word_1_501' title='bbox 990 3957 1180 4023; x_wconf 84' lang='lat' dir='ltr'><strong>veniae,</strong></span> <span class='ocrx_word' id='word_1_502' title='bbox 1219 3957 1423 4027; x_wconf 86' lang='lat' dir='ltr'><strong>peccati</strong></span> <span class='ocrx_word' id='word_1_503' title='bbox 1448 3968 1620 4015; x_wconf 86' lang='lat' dir='ltr'><strong>mater</strong></span> <span class='ocrx_word' id='word_1_504' title='bbox 1644 3955 1793 4013; x_wconf 85' lang='lat' dir='ltr'><strong>obla-</strong></span> 
     </span>
    </p>
   </div>
   <div class='ocr_carea' id='block_1_70' title="bbox 201 4047 1791 4122">
    <p class='ocr_par' dir='ltr' id='par_1_70' title="bbox 201 4047 1791 4122">
     <span class='ocr_line' id='line_1_70' title="bbox 201 4047 1791 4122; baseline 0 -17"><span class='ocrx_word' id='word_1_505' title='bbox 201 4051 304 4106; x_wconf 77' lang='lat' dir='ltr'><strong>tio?</strong></span> <span class='ocrx_word' id='word_1_506' title='bbox 350 4051 602 4107; x_wconf 82' lang='lat' dir='ltr'><strong>Fuerunt</strong></span> <span class='ocrx_word' id='word_1_507' title='bbox 643 4049 861 4122; x_wconf 91' lang='lat' dir='ltr'><strong>quidem</strong></span> <span class='ocrx_word' id='word_1_508' title='bbox 901 4050 1141 4119; x_wconf 89' lang='lat' dir='ltr'><strong>corporis</strong></span> <span class='ocrx_word' id='word_1_509' title='bbox 1184 4057 1389 4105; x_wconf 88' lang='lat' dir='ltr'><strong>tantum</strong></span> <span class='ocrx_word' id='word_1_510' title='bbox 1430 4047 1791 4107; x_wconf 89' lang='lat' dir='ltr'><strong>conventione</strong></span> 
     </span>
    </p>
   </div>
   <div class='ocr_carea' id='block_1_71' title="bbox 202 4139 1793 4214">
    <p class='ocr_par' dir='ltr' id='par_1_71' title="bbox 202 4139 1793 4214">
     <span class='ocr_line' id='line_1_71' title="bbox 202 4139 1793 4214; baseline -0.001 -15"><span class='ocrx_word' id='word_1_511' title='bbox 202 4144 448 4212; x_wconf 82' lang='lat' dir='ltr'><strong>separati,</strong></span> <span class='ocrx_word' id='word_1_512' title='bbox 472 4156 612 4214; x_wconf 92' lang='lat' dir='ltr'><strong>quos</strong></span> <span class='ocrx_word' id='word_1_513' title='bbox 634 4139 874 4213; x_wconf 89' lang='lat' dir='ltr'><strong>loqueris</strong></span> <span class='ocrx_word' id='word_1_514' title='bbox 890 4157 911 4207; x_wconf 69' lang='grc'><strong>;,</strong></span> <span class='ocrx_word' id='word_1_515' title='bbox 929 4141 1223 4195; x_wconf 90' lang='lat' dir='ltr'><strong>animarum</strong></span> <span class='ocrx_word' id='word_1_516' title='bbox 1254 4150 1429 4198; x_wconf 91' lang='lat' dir='ltr'><strong>tamen</strong></span> <span class='ocrx_word' id='word_1_517' title='bbox 1451 4140 1793 4211; x_wconf 67' lang='lat' dir='ltr'><strong>praesentiam</strong></span> 
     </span>
    </p>
   </div>
   <div class='ocr_carea' id='block_1_72' title="bbox 208 4232 1791 4302">
    <p class='ocr_par' dir='ltr' id='par_1_72' title="bbox 208 4232 1791 4302">
     <span class='ocr_line' id='line_1_72' title="bbox 208 4232 1791 4302; baseline -0.001 -12"><span class='ocrx_word' id='word_1_518' title='bbox 208 4248 304 4290; x_wconf 89' lang='lat' dir='ltr'><strong>non</strong></span> <span class='ocrx_word' id='word_1_519' title='bbox 334 4235 603 4291; x_wconf 78' lang='lat' dir='ltr'><strong>vitarent.</strong></span> <span class='ocrx_word' id='word_1_520' title='bbox 631 4233 690 4289; x_wconf 89' lang='lat' dir='ltr'><strong>Si</strong></span> <span class='ocrx_word' id='word_1_521' title='bbox 724 4248 820 4289; x_wconf 93' lang='lat' dir='ltr'><strong>eos</strong></span> <span class='ocrx_word' id='word_1_522' title='bbox 857 4242 1011 4302; x_wconf 92' lang='lat' dir='ltr'><strong>putas</strong></span> <span class='ocrx_word' id='word_1_523' title='bbox 1040 4248 1075 4291; x_wconf 81' lang='lat' dir='ltr'><strong>a</strong></span> <span class='ocrx_word' id='word_1_524' title='bbox 1107 4233 1378 4289; x_wconf 88' lang='lat' dir='ltr'><strong>consortio</strong></span> <span class='ocrx_word' id='word_1_525' title='bbox 1403 4243 1586 4289; x_wconf 91' lang='lat' dir='ltr'><strong>mutuo</strong></span> <span class='ocrx_word' id='word_1_526' title='bbox 1616 4232 1791 4291; x_wconf 82' lang='lat' dir='ltr'><strong>disso-</strong></span> 
     </span>
    </p>
   </div>
   <div class='ocr_carea' id='block_1_73' title="bbox 208 4322 1786 4398">
    <p class='ocr_par' dir='ltr' id='par_1_73' title="bbox 208 4322 1786 4398">
     <span class='ocr_line' id='line_1_73' title="bbox 208 4322 1786 4398; baseline -0.001 -19"><span class='ocrx_word' id='word_1_527' title='bbox 208 4324 358 4382; x_wconf 85' lang='lat' dir='ltr'><strong>ciatos</strong></span> <span class='ocrx_word' id='word_1_528' title='bbox 386 4340 529 4398; x_wconf 92' lang='lat' dir='ltr'><strong>quos</strong></span> <span class='ocrx_word' id='word_1_529' title='bbox 560 4324 723 4379; x_wconf 83' lang='lat' dir='ltr'><strong>ﬁbula</strong></span> <span class='ocrx_word' id='word_1_530' title='bbox 751 4324 1023 4394; x_wconf 91' lang='lat' dir='ltr'><strong>religionis</strong></span> <span class='ocrx_word' id='word_1_531' title='bbox 1065 4322 1153 4394; x_wconf 93' lang='lat' dir='ltr'><strong>pio</strong></span> <span class='ocrx_word' id='word_1_532' title='bbox 1184 4322 1436 4378; x_wconf 85' lang='lat' dir='ltr'><strong>mordens</strong></span> <span class='ocrx_word' id='word_1_533' title='bbox 1463 4322 1625 4380; x_wconf 87' lang='lat' dir='ltr'><strong>dente</strong></span> <span class='ocrx_word' id='word_1_534' title='bbox 1651 4338 1786 4380; x_wconf 90' lang='lat' dir='ltr'><strong>con-</strong></span> 
     </span>
    </p>
   </div>
   <div class='ocr_carea' id='block_1_74' title="bbox 204 4418 1795 4492">
    <p class='ocr_par' dir='ltr' id='par_1_74' title="bbox 204 4418 1795 4492">
     <span class='ocr_line' id='line_1_74' title="bbox 204 4418 1795 4492; baseline 0.001 -19"><span class='ocrx_word' id='word_1_535' title='bbox 204 4418 382 4492; x_wconf 76' lang='lat' dir='ltr'><strong>iungit,</strong></span> <span class='ocrx_word' id='word_1_536' title='bbox 414 4420 606 4492; x_wconf 90' lang='lat' dir='ltr'><strong>procul</strong></span> <span class='ocrx_word' id='word_1_537' title='bbox 645 4428 697 4475; x_wconf 90' lang='lat' dir='ltr'><strong>te</strong></span> <span class='ocrx_word' id='word_1_538' title='bbox 731 4419 799 4473; x_wconf 93' lang='lat' dir='ltr'><strong>ab</strong></span> <span class='ocrx_word' id='word_1_539' title='bbox 829 4419 1182 4475; x_wconf 66' lang='lat' dir='ltr'><strong>aestimatione</strong></span> <span class='ocrx_word' id='word_1_540' title='bbox 1218 4418 1484 4476; x_wconf 82' lang='lat' dir='ltr'><strong>catholica</strong></span> <span class='ocrx_word' id='word_1_541' title='bbox 1514 4418 1795 4489; x_wconf 87' lang='lat' dir='ltr'><strong>culparum</strong></span> 
     </span>
    </p>
   </div>
   <div class='ocr_carea' id='block_1_75' title="bbox 204 4496 1797 4569">
    <p class='ocr_par' dir='ltr' id='par_1_75' title="bbox 204 4496 1797 4569">
     <span class='ocr_line' id='line_1_75' title="bbox 204 4496 1797 4569; baseline 0.002 -6"><span class='ocrx_word' id='word_1_542' title='bbox 204 4508 344 4567; x_wconf 81' lang='lat' dir='ltr'><strong>duxit</strong></span> <span class='ocrx_word' id='word_1_543' title='bbox 372 4511 623 4569; x_wconf 84' lang='lat' dir='ltr'><strong>all&#39;ectus.</strong></span> <span class='ocrx_word' id='word_1_544' title='bbox 654 4509 881 4566; x_wconf 78' lang='lat' dir='ltr'><strong>Mandati</strong></span> <span class='ocrx_word' id='word_1_545' title='bbox 905 4510 1142 4567; x_wconf 75' lang='lat' dir='ltr'><strong>coelesns</strong></span> <span class='ocrx_word' id='word_1_546' title='bbox 1170 4496 1427 4566; x_wconf 86' lang='lat' dir='ltr'><strong>habitatio</strong></span> <span class='ocrx_word' id='word_1_547' title='bbox 1450 4524 1550 4566; x_wconf 87' lang='lat' dir='ltr'><strong>nos</strong></span> <span class='ocrx_word' id='word_1_548' title='bbox 1578 4519 1672 4569; x_wconf 76' lang='lat' dir='ltr'><strong>aut</strong></span> <span class='ocrx_word' id='word_1_549' title='bbox 1696 4511 1797 4567; x_wconf 91' lang='lat' dir='ltr'><strong>mi-</strong></span> 
     </span>
    </p>
   </div>
   <div class='ocr_carea' id='block_1_76' title="bbox 203 4602 1795 4675">
    <p class='ocr_par' dir='ltr' id='par_1_76' title="bbox 203 4602 1795 4675">
     <span class='ocr_line' id='line_1_76' title="bbox 203 4602 1795 4675; baseline 0.001 -16"><span class='ocrx_word' id='word_1_550' title='bbox 203 4611 323 4671; x_wconf 78' lang='lat' dir='ltr'><strong>scet,</strong></span> <span class='ocrx_word' id='word_1_551' title='bbox 359 4611 459 4658; x_wconf 86' lang='lat' dir='ltr'><strong>aut</strong></span> <span class='ocrx_word' id='word_1_552' title='bbox 498 4611 760 4673; x_wconf 89' lang='lat' dir='ltr'><strong>separat:</strong></span> <span class='ocrx_word' id='word_1_553' title='bbox 804 4617 909 4658; x_wconf 92' lang='lat' dir='ltr'><strong>non</strong></span> <span class='ocrx_word' id='word_1_554' title='bbox 948 4602 1175 4659; x_wconf 91' lang='lat' dir='ltr'><strong>interest</strong></span> <span class='ocrx_word' id='word_1_555' title='bbox 1209 4618 1332 4675; x_wconf 79' lang='lat' dir='ltr'><strong>quae</strong></span> <span class='ocrx_word' id='word_1_556' title='bbox 1378 4604 1659 4660; x_wconf 87' lang='lat' dir='ltr'><strong>intervalla</strong></span> <span class='ocrx_word' id='word_1_557' title='bbox 1692 4618 1795 4661; x_wconf 90' lang='lat' dir='ltr'><strong>nos</strong></span> 
     </span>
    </p>
   </div>
   <div class='ocr_carea' id='block_1_77' title="bbox 1888 3398 3481 3471">
    <p class='ocr_par' dir='ltr' id='par_1_77' title="bbox 1888 3398 3481 3471">
     <span class='ocr_line' id='line_1_77' title="bbox 1888 3398 3481 3471; baseline 0.002 -17"><span class='ocrx_word' id='word_1_558' title='bbox 1888 3398 2211 3456; x_wconf 80' lang='lat' dir='ltr'><strong>desideratis</strong></span> <span class='ocrx_word' id='word_1_559' title='bbox 2252 3416 2407 3456; x_wconf 62' lang='lat' dir='ltr'><strong>noxae</strong></span> <span class='ocrx_word' id='word_1_560' title='bbox 2451 3400 2714 3469; x_wconf 83' lang='lat' dir='ltr'><strong>copulari,</strong></span> <span class='ocrx_word' id='word_1_561' title='bbox 2741 3401 3115 3471; x_wconf 71' lang='lat' dir='ltr'><strong>exemplorum</strong></span> <span class='ocrx_word' id='word_1_562' title='bbox 3163 3402 3481 3457; x_wconf 71' lang='lat' dir='ltr'><strong>auctoritate</strong></span> 
     </span>
    </p>
   </div>
   <div class='ocr_carea' id='block_1_78' title="bbox 1889 3491 3481 3563">
    <p class='ocr_par' dir='ltr' id='par_1_78' title="bbox 1889 3491 3481 3563">
     <span class='ocr_line' id='line_1_78' title="bbox 1889 3491 3481 3563; baseline 0.002 -16"><span class='ocrx_word' id='word_1_563' title='bbox 1889 3491 2086 3549; x_wconf 75' lang='lat' dir='ltr'><strong>fulciri.</strong></span> <span class='ocrx_word' id='word_1_564' title='bbox 2120 3494 2399 3563; x_wconf 83' lang='lat' dir='ltr'><strong>Superest,</strong></span> <span class='ocrx_word' id='word_1_565' title='bbox 2434 3502 2495 3548; x_wconf 88' lang='lat' dir='ltr'><strong>ut</strong></span> <span class='ocrx_word' id='word_1_566' title='bbox 2532 3501 2590 3549; x_wconf 86' lang='lat' dir='ltr'><strong>et</strong></span> <span class='ocrx_word' id='word_1_567' title='bbox 2635 3494 2809 3563; x_wconf 90' lang='lat' dir='ltr'><strong>ipsum</strong></span> <span class='ocrx_word' id='word_1_568' title='bbox 2847 3495 3068 3551; x_wconf 84' lang='lat' dir='ltr'><strong>doceam</strong></span> <span class='ocrx_word' id='word_1_569' title='bbox 3101 3494 3153 3549; x_wconf 85' lang='lat' dir='ltr'><strong>in</strong></span> <span class='ocrx_word' id='word_1_570' title='bbox 3187 3494 3273 3550; x_wconf 89' lang='lat' dir='ltr'><strong>his</strong></span> <span class='ocrx_word' id='word_1_571' title='bbox 3298 3507 3481 3550; x_wconf 78' lang='lat' dir='ltr'><strong>exces~</strong></span> 
     </span>
    </p>
   </div>
   <div class='ocr_carea' id='block_1_79' title="bbox 1888 3584 3479 3656">
    <p class='ocr_par' dir='ltr' id='par_1_79' title="bbox 1888 3584 3479 3656">
     <span class='ocr_line' id='line_1_79' title="bbox 1888 3584 3479 3656; baseline 0.001 -18"><span class='ocrx_word' id='word_1_572' title='bbox 1888 3584 2062 3651; x_wconf 83' lang='lat' dir='ltr'><strong>sibus,</strong></span> <span class='ocrx_word' id='word_1_573' title='bbox 2092 3585 2237 3654; x_wconf 85' lang='lat' dir='ltr'><strong>quod</strong></span> <span class='ocrx_word' id='word_1_574' title='bbox 2266 3586 2406 3641; x_wconf 79' lang='lat' dir='ltr'><strong>bono</strong></span> <span class='ocrx_word' id='word_1_575' title='bbox 2436 3585 2807 3641; x_wconf 73' lang='lat' dir='ltr'><strong>tutiversitatis</strong></span> <span class='ocrx_word' id='word_1_576' title='bbox 2837 3588 3061 3656; x_wconf 75' lang='lat' dir='ltr'><strong>contigit</strong></span> <span class='ocrx_word' id='word_1_577' title='bbox 3110 3598 3221 3643; x_wconf 87' lang='lat' dir='ltr'><strong>non</strong></span> <span class='ocrx_word' id='word_1_578' title='bbox 3261 3588 3431 3642; x_wconf 90' lang='lat' dir='ltr'><strong>teneri</strong></span> <span class='ocrx_word' id='word_1_579' title='bbox 3466 3604 3479 3640; x_wconf 91' lang='lat'><strong>:</strong></span> 
     </span>
    </p>
   </div>
   <div class='ocr_carea' id='block_1_80' title="bbox 1888 3678 3474 3746">
    <p class='ocr_par' dir='ltr' id='par_1_80' title="bbox 1888 3678 3474 3746">
     <span class='ocr_line' id='line_1_80' title="bbox 1888 3678 3474 3746; baseline 0.001 -13"><span class='ocrx_word' id='word_1_580' title='bbox 1888 3678 2011 3745; x_wconf 87' lang='lat' dir='ltr'><strong>quia</strong></span> <span class='ocrx_word' id='word_1_581' title='bbox 2050 3678 2311 3736; x_wconf 83' lang='lat' dir='ltr'><strong>directum</strong></span> <span class='ocrx_word' id='word_1_582' title='bbox 2350 3693 2456 3733; x_wconf 84' lang='lat' dir='ltr'><strong>non</strong></span> <span class='ocrx_word' id='word_1_583' title='bbox 2496 3681 2833 3735; x_wconf 77' lang='lat' dir='ltr'><strong>occasionem</strong></span> <span class='ocrx_word' id='word_1_584' title='bbox 2879 3680 3012 3746; x_wconf 79' lang='lat' dir='ltr'><strong>litis,</strong></span> <span class='ocrx_word' id='word_1_585' title='bbox 3038 3694 3137 3736; x_wconf 85' lang='lat' dir='ltr'><strong>nec</strong></span> <span class='ocrx_word' id='word_1_586' title='bbox 3176 3680 3474 3735; x_wconf 88' lang='lat' dir='ltr'><strong>fomentum</strong></span> 
     </span>
    </p>
   </div>
   <div class='ocr_carea' id='block_1_81' title="bbox 1888 3767 3483 3842">
    <p class='ocr_par' dir='ltr' id='par_1_81' title="bbox 1888 3767 3483 3842">
     <span class='ocr_line' id='line_1_81' title="bbox 1888 3767 3483 3842; baseline 0.004 -19"><span class='ocrx_word' id='word_1_587' title='bbox 1888 3767 2070 3839; x_wconf 76' lang='lat' dir='ltr'><strong>jugii,</strong></span> <span class='ocrx_word' id='word_1_588' title='bbox 2093 3769 2189 3825; x_wconf 86' lang='lat' dir='ltr'><strong>sed</strong></span> <span class='ocrx_word' id='word_1_589' title='bbox 2212 3784 2428 3825; x_wconf 79' lang='lat' dir='ltr'><strong>causam</strong></span> <span class='ocrx_word' id='word_1_590' title='bbox 2456 3770 2627 3825; x_wconf 88' lang='lat' dir='ltr'><strong>voluit</strong></span> <span class='ocrx_word' id='word_1_591' title='bbox 2652 3786 2775 3827; x_wconf 87' lang='lat' dir='ltr'><strong>esse</strong></span> <span class='ocrx_word' id='word_1_592' title='bbox 2803 3773 3107 3828; x_wconf 66' lang='lat' dir='ltr'><strong>concordia:</strong></span> <span class='ocrx_word' id='word_1_593' title='bbox 3134 3792 3147 3825; x_wconf 89' lang='lat'><strong>:</strong></span> <span class='ocrx_word' id='word_1_594' title='bbox 3175 3770 3483 3842; x_wconf 68' lang='lat' dir='ltr'><strong>praevidens</strong></span> 
     </span>
    </p>
   </div>
   <div class='ocr_carea' id='block_1_82' title="bbox 1893 3858 3484 3932">
    <p class='ocr_par' dir='ltr' id='par_1_82' title="bbox 1893 3858 3484 3932">
     <span class='ocr_line' id='line_1_82' title="bbox 1893 3858 3484 3932; baseline 0.006 -19"><span class='ocrx_word' id='word_1_595' title='bbox 1893 3858 2122 3926; x_wconf 84' lang='lat' dir='ltr'><strong>scilicet,</strong></span> <span class='ocrx_word' id='word_1_596' title='bbox 2147 3860 2289 3929; x_wconf 89' lang='lat' dir='ltr'><strong>quod</strong></span> <span class='ocrx_word' id='word_1_597' title='bbox 2311 3860 2411 3915; x_wconf 88' lang='lat' dir='ltr'><strong>nisi</strong></span> <span class='ocrx_word' id='word_1_598' title='bbox 2436 3862 2735 3931; x_wconf 88' lang='lat' dir='ltr'><strong>simplicem</strong></span> <span class='ocrx_word' id='word_1_599' title='bbox 2761 3864 3061 3932; x_wconf 78' lang='lat' dir='ltr'><strong>jussicnutn</strong></span> <span class='ocrx_word' id='word_1_600' title='bbox 3084 3878 3299 3918; x_wconf 87' lang='lat' dir='ltr'><strong>suarum</strong></span> <span class='ocrx_word' id='word_1_601' title='bbox 3322 3865 3484 3922; x_wconf 86' lang='lat' dir='ltr'><strong>tutela</strong></span> 
     </span>
    </p>
   </div>
   <div class='ocr_carea' id='block_1_83' title="bbox 1892 3952 3485 4021">
    <p class='ocr_par' dir='ltr' id='par_1_83' title="bbox 1892 3952 3485 4021">
     <span class='ocr_line' id='line_1_83' title="bbox 1892 3952 3485 4021; baseline 0.003 -14"><span class='ocrx_word' id='word_1_602' title='bbox 1892 3952 2142 4021; x_wconf 84' lang='lat' dir='ltr'><strong>vallarct,</strong></span> <span class='ocrx_word' id='word_1_603' title='bbox 2174 3953 2283 4008; x_wconf 91' lang='lat' dir='ltr'><strong>cito</strong></span> <span class='ocrx_word' id='word_1_604' title='bbox 2312 3953 2364 4007; x_wconf 89' lang='lat' dir='ltr'><strong>in</strong></span> <span class='ocrx_word' id='word_1_605' title='bbox 2396 3967 2574 4008; x_wconf 85' lang='lat' dir='ltr'><strong>escam</strong></span> <span class='ocrx_word' id='word_1_606' title='bbox 2612 3954 2818 4011; x_wconf 80' lang='lat' dir='ltr'><strong>dissidii</strong></span> <span class='ocrx_word' id='word_1_607' title='bbox 2857 3959 3033 4011; x_wconf 80' lang='lat' dir='ltr'><strong>toxica</strong></span> <span class='ocrx_word' id='word_1_608' title='bbox 3072 3964 3250 4011; x_wconf 88' lang='lat' dir='ltr'><strong>vestra</strong></span> <span class='ocrx_word' id='word_1_609' title='bbox 3288 3955 3485 4011; x_wconf 87' lang='lat' dir='ltr'><strong>subre-</strong></span> 
     </span>
    </p>
   </div>
   <div class='ocr_carea' id='block_1_84' title="bbox 1894 4046 3488 4119">
    <p class='ocr_par' dir='ltr' id='par_1_84' title="bbox 1894 4046 3488 4119">
     <span class='ocr_line' id='line_1_84' title="bbox 1894 4046 3488 4119; baseline 0.003 -18"><span class='ocrx_word' id='word_1_610' title='bbox 1894 4054 2111 4115; x_wconf 78' lang='lat' dir='ltr'><strong>perent.</strong></span> <span class='ocrx_word' id='word_1_611' title='bbox 2141 4046 2413 4116; x_wconf 80' lang='lat' dir='ltr'><strong>Scriptum</strong></span> <span class='ocrx_word' id='word_1_612' title='bbox 2446 4057 2528 4104; x_wconf 88' lang='lat' dir='ltr'><strong>est</strong></span> <span class='ocrx_word' id='word_1_613' title='bbox 2553 4048 2696 4103; x_wconf 87' lang='lat' dir='ltr'><strong>enim</strong></span> <span class='ocrx_word' id='word_1_614' title='bbox 2732 4066 2745 4103; x_wconf 88' lang='lat'>:</span> <span class='ocrx_word' id='word_1_615' title='bbox 2786 4048 2878 4103; x_wconf 80' lang='lat' dir='ltr'><strong>Vir</strong></span> <span class='ocrx_word' id='word_1_616' title='bbox 2908 4049 3128 4119; x_wconf 77' lang='lat' dir='ltr'><strong>simplex</strong></span> <span class='ocrx_word' id='word_1_617' title='bbox 3156 4051 3318 4105; x_wconf 85' lang='lat' dir='ltr'><strong>credit</strong></span> <span class='ocrx_word' id='word_1_618' title='bbox 3348 4052 3488 4107; x_wconf 86' lang='lat' dir='ltr'><strong>omni</strong></span> 
     </span>
    </p>
   </div>
   <div class='ocr_carea' id='block_1_85' title="bbox 1893 4136 3481 4211">
    <p class='ocr_par' dir='ltr' id='par_1_85' title="bbox 1893 4136 3481 4211">
     <span class='ocr_line' id='line_1_85' title="bbox 1893 4136 3481 4211; baseline 0.003 -20"><span class='ocrx_word' id='word_1_619' title='bbox 1893 4137 2042 4192; x_wconf 78' lang='lat' dir='ltr'><strong>verba</strong></span> <span class='ocrx_word' id='word_1_620' title='bbox 2072 4136 2253 4207; x_wconf 80' lang='lat' dir='ltr'><strong>(Prov.</strong></span> <span class='ocrx_word' id='word_1_621' title='bbox 2283 4154 2391 4206; x_wconf 76' lang='lat' dir='ltr'><strong>XIV,</strong></span> <span class='ocrx_word' id='word_1_622' title='bbox 2428 4139 2539 4209; x_wconf 77' lang='lat' dir='ltr'><strong>i5).</strong></span> <span class='ocrx_word' id='word_1_623' title='bbox 2582 4138 2787 4195; x_wconf 81' lang='lat' dir='ltr'><strong>Idcirco</strong></span> <span class='ocrx_word' id='word_1_624' title='bbox 2821 4140 3054 4195; x_wconf 86' lang='lat' dir='ltr'><strong>mandati</strong></span> <span class='ocrx_word' id='word_1_625' title='bbox 3089 4141 3312 4197; x_wconf 90' lang='lat' dir='ltr'><strong>limitem</strong></span> <span class='ocrx_word' id='word_1_626' title='bbox 3345 4143 3481 4211; x_wconf 81' lang='lat' dir='ltr'><strong>fixit,</strong></span> 
     </span>
    </p>
   </div>
   <div class='ocr_carea' id='block_1_86' title="bbox 1895 4231 3489 4304">
    <p class='ocr_par' dir='ltr' id='par_1_86' title="bbox 1895 4231 3489 4304">
     <span class='ocr_line' id='line_1_86' title="bbox 1895 4231 3489 4304; baseline 0.003 -17"><span class='ocrx_word' id='word_1_627' title='bbox 1895 4244 2059 4301; x_wconf 82' lang='lat' dir='ltr'><strong>quem</strong></span> <span class='ocrx_word' id='word_1_628' title='bbox 2088 4231 2233 4286; x_wconf 82' lang='lat' dir='ltr'><strong>nulla</strong></span> <span class='ocrx_word' id='word_1_629' title='bbox 2262 4232 2453 4288; x_wconf 87' lang='lat' dir='ltr'><strong>ticeret</strong></span> <span class='ocrx_word' id='word_1_630' title='bbox 2484 4234 2914 4304; x_wconf 82' lang='lat' dir='ltr'><strong>transgressione</strong></span> <span class='ocrx_word' id='word_1_631' title='bbox 2942 4235 3151 4293; x_wconf 86' lang='lat' dir='ltr'><strong>violari.</strong></span> <span class='ocrx_word' id='word_1_632' title='bbox 3201 4234 3489 4291; x_wconf 62' lang='lat' dir='ltr'><strong>Praefatum</strong></span> 
     </span>
    </p>
   </div>
   <div class='ocr_carea' id='block_1_87' title="bbox 1897 4323 3489 4396">
    <p class='ocr_par' dir='ltr' id='par_1_87' title="bbox 1897 4323 3489 4396">
     <span class='ocr_line' id='line_1_87' title="bbox 1897 4323 3489 4396; baseline 0.004 -19"><span class='ocrx_word' id='word_1_633' title='bbox 1897 4323 1967 4377; x_wconf 89' lang='lat' dir='ltr'><strong>ad</strong></span> <span class='ocrx_word' id='word_1_634' title='bbox 2010 4324 2152 4379; x_wconf 91' lang='lat' dir='ltr'><strong>beati</strong></span> <span class='ocrx_word' id='word_1_635' title='bbox 2196 4323 2340 4378; x_wconf 88' lang='lat' dir='ltr'><strong>Petri</strong></span> <span class='ocrx_word' id='word_1_636' title='bbox 2388 4324 2700 4392; x_wconf 89' lang='lat' dir='ltr'><strong>basilicam,</strong></span> <span class='ocrx_word' id='word_1_637' title='bbox 2745 4341 2870 4382; x_wconf 83' lang='lat' dir='ltr'><strong>mox</strong></span> <span class='ocrx_word' id='word_1_638' title='bbox 2920 4326 3146 4381; x_wconf 84' lang='lat' dir='ltr'><strong>Romam</strong></span> <span class='ocrx_word' id='word_1_639' title='bbox 3199 4328 3489 4396; x_wconf 88' lang='lat' dir='ltr'><strong>perductus</strong></span> 
     </span>
    </p>
   </div>
   <div class='ocr_carea' id='block_1_88' title="bbox 1897 4413 3489 4486">
    <p class='ocr_par' dir='ltr' id='par_1_88' title="bbox 1897 4413 3489 4486">
     <span class='ocr_line' id='line_1_88' title="bbox 1897 4413 3489 4486; baseline 0.005 -17"><span class='ocrx_word' id='word_1_640' title='bbox 1897 4413 2111 4484; x_wconf 85' lang='lat' dir='ltr'><strong>fuisset,</strong></span> <span class='ocrx_word' id='word_1_641' title='bbox 2154 4416 2428 4471; x_wconf 75' lang='lat' dir='ltr'><strong>mandavit</strong></span> <span class='ocrx_word' id='word_1_642' title='bbox 2473 4431 2779 4486; x_wconf 89' lang='lat' dir='ltr'><strong>occurrere,</strong></span> <span class='ocrx_word' id='word_1_643' title='bbox 2832 4419 3033 4475; x_wconf 87' lang='lat' dir='ltr'><strong>faciens</strong></span> <span class='ocrx_word' id='word_1_644' title='bbox 3076 4419 3142 4475; x_wconf 92' lang='lat' dir='ltr'><strong>de</strong></span> <span class='ocrx_word' id='word_1_645' title='bbox 3191 4421 3489 4479; x_wconf 87' lang='lat' dir='ltr'><strong>sacerdotis</strong></span> 
     </span>
    </p>
   </div>
   <div class='ocr_carea' id='block_1_89' title="bbox 1897 4508 3489 4582">
    <p class='ocr_par' dir='ltr' id='par_1_89' title="bbox 1897 4508 3489 4582">
     <span class='ocr_line' id='line_1_89' title="bbox 1897 4508 3489 4582; baseline 0.004 -20"><span class='ocrx_word' id='word_1_646' title='bbox 1897 4516 2027 4563; x_wconf 83' lang='lat' dir='ltr'><strong>vote</strong></span> <span class='ocrx_word' id='word_1_647' title='bbox 2052 4508 2193 4577; x_wconf 84' lang='lat' dir='ltr'><strong>regis</strong></span> <span class='ocrx_word' id='word_1_648' title='bbox 2218 4508 2526 4577; x_wconf 86' lang='lat' dir='ltr'><strong>imperium.</strong></span> <span class='ocrx_word' id='word_1_649' title='bbox 2560 4510 2691 4578; x_wconf 82' lang='lat' dir='ltr'><strong>Quis</strong></span> <span class='ocrx_word' id='word_1_650' title='bbox 2712 4511 2855 4565; x_wconf 91' lang='lat' dir='ltr'><strong>enim</strong></span> <span class='ocrx_word' id='word_1_651' title='bbox 2889 4526 2996 4565; x_wconf 91' lang='lat' dir='ltr'><strong>non</strong></span> <span class='ocrx_word' id='word_1_652' title='bbox 3026 4520 3239 4581; x_wconf 88' lang='lat' dir='ltr'><strong>putaret</strong></span> <span class='ocrx_word' id='word_1_653' title='bbox 3270 4515 3489 4582; x_wconf 85' lang='lat' dir='ltr'><strong>pontifi-</strong></span> 
     </span>
    </p>
   </div>
   <div class='ocr_carea' id='block_1_90' title="bbox 1899 4601 3491 4674">
    <p class='ocr_par' dir='ltr' id='par_1_90' title="bbox 1899 4601 3491 4674">
     <span class='ocr_line' id='line_1_90' title="bbox 1899 4601 3491 4674; baseline 0.003 -18"><span class='ocrx_word' id='word_1_654' title='bbox 1899 4612 2020 4656; x_wconf 89' lang='lat' dir='ltr'><strong>cem</strong></span> <span class='ocrx_word' id='word_1_655' title='bbox 2067 4609 2260 4671; x_wconf 80' lang='lat' dir='ltr'><strong>sponte</strong></span> <span class='ocrx_word' id='word_1_656' title='bbox 2290 4602 2587 4672; x_wconf 83' lang='lat' dir='ltr'><strong>pariturum</strong></span> <span class='ocrx_word' id='word_1_657' title='bbox 2632 4601 2687 4655; x_wconf 80' lang='lat' dir='ltr'><strong>in</strong></span> <span class='ocrx_word' id='word_1_658' title='bbox 2728 4616 2790 4657; x_wconf 87' lang='lat' dir='ltr'><strong>ea</strong></span> <span class='ocrx_word' id='word_1_659' title='bbox 2831 4610 2982 4673; x_wconf 87' lang='lat' dir='ltr'><strong>parte</strong></span> <span class='ocrx_word' id='word_1_660' title='bbox 3009 4619 3165 4674; x_wconf 88' lang='lat' dir='ltr'><strong>quam</strong></span> <span class='ocrx_word' id='word_1_661' title='bbox 3196 4603 3361 4661; x_wconf 88' lang='lat' dir='ltr'><strong>licere</strong></span> <span class='ocrx_word' id='word_1_662' title='bbox 3391 4605 3491 4661; x_wconf 87' lang='lat' dir='ltr'><strong>sibi</strong></span> 
     </span>
    </p>
   </div>
   <div class='ocr_carea' id='block_1_91' title="bbox 266 4682 3491 4789">
    <p class='ocr_par' dir='ltr' id='par_1_91' title="bbox 266 4682 3491 4789">
     <span class='ocr_line' id='line_1_91' title="bbox 266 4682 3491 4789; baseline 0.001 -19"><span class='ocrx_word' id='word_1_663' title='bbox 266 4717 284 4747; x_wconf 75' lang='lat'><strong>‘</strong></span> <span class='ocrx_word' id='word_1_664' title='bbox 319 4716 579 4789; x_wconf 80' lang='lat' dir='ltr'><strong>Necdum</strong></span> <span class='ocrx_word' id='word_1_665' title='bbox 610 4716 816 4771; x_wconf 74' lang='lat' dir='ltr'><strong>habere:</strong></span> <span class='ocrx_word' id='word_1_666' title='bbox 843 4717 1070 4789; x_wconf 79' lang='lat' dir='ltr'><strong>synodus</strong></span> <span class='ocrx_word' id='word_1_667' title='bbox 1101 4716 1426 4787; x_wconf 71' lang='lat' dir='ltr'><strong>ﬁrmitatem]</strong></span> <span class='ocrx_word' id='word_1_668' title='bbox 1456 4717 1595 4775; x_wconf 84' lang='lat' dir='ltr'><strong>Cum</strong></span> <span class='ocrx_word' id='word_1_669' title='bbox 1619 4717 1797 4779; x_wconf 79' lang='lat' dir='ltr'><strong>adhuc</strong></span> <span class='ocrx_word' id='word_1_670' title='bbox 1822 4682 1879 4746; x_wconf 70' lang='grc' dir='ltr'><strong>Β</strong></span> <span class='ocrx_word' id='word_1_671' title='bbox 1902 4714 2043 4770; x_wconf 89' lang='lat' dir='ltr'><strong>cium</strong></span> <span class='ocrx_word' id='word_1_672' title='bbox 2074 4714 2287 4785; x_wconf 90' lang='lat' dir='ltr'><strong>aliquod</strong></span> <span class='ocrx_word' id='word_1_673' title='bbox 2328 4714 2504 4789; x_wconf 79' lang='lat' dir='ltr'><strong>facere</strong></span> <span class='ocrx_word' id='word_1_674' title='bbox 2544 4713 2877 4789; x_wconf 75' lang='lat' dir='ltr'><strong>viderentur,</strong></span> <span class='ocrx_word' id='word_1_675' title='bbox 2912 4714 2963 4789; x_wconf 87' lang='lat' dir='ltr'><strong>id</strong></span> <span class='ocrx_word' id='word_1_676' title='bbox 3002 4718 3293 4772; x_wconf 85' lang='lat' dir='ltr'><strong>adversarii</strong></span> <span class='ocrx_word' id='word_1_677' title='bbox 3330 4718 3491 4774; x_wconf 91' lang='lat' dir='ltr'><strong>aliam</strong></span> 
     </span>
    </p>
   </div>
   <div class='ocr_carea' id='block_1_92' title="bbox 200 4785 1793 4860">
    <p class='ocr_par' dir='ltr' id='par_1_92' title="bbox 200 4785 1793 4860">
     <span class='ocr_line' id='line_1_92' title="bbox 200 4785 1793 4860; baseline 0.003 -20"><span class='ocrx_word' id='word_1_678' title='bbox 200 4785 392 4843; x_wconf 88' lang='lat' dir='ltr'><strong>incerti</strong></span> <span class='ocrx_word' id='word_1_679' title='bbox 429 4788 733 4860; x_wconf 82' lang='lat' dir='ltr'><strong>penderent</strong></span> <span class='ocrx_word' id='word_1_680' title='bbox 771 4785 1009 4860; x_wconf 79' lang='lat' dir='ltr'><strong>episccpi</strong></span> <span class='ocrx_word' id='word_1_681' title='bbox 1044 4803 1111 4844; x_wconf 87' lang='lat' dir='ltr'><strong>an</strong></span> <span class='ocrx_word' id='word_1_682' title='bbox 1138 4785 1495 4860; x_wconf 83' lang='lat' dir='ltr'><strong>Symmachus</strong></span> <span class='ocrx_word' id='word_1_683' title='bbox 1526 4789 1673 4844; x_wconf 85' lang='lat' dir='ltr'><strong>illam</strong></span> <span class='ocrx_word' id='word_1_684' title='bbox 1695 4805 1793 4859; x_wconf 90' lang='lat' dir='ltr'><strong>ap.-</strong></span> 
     </span>
    </p>
   </div>
   <div class='ocr_carea' id='block_1_93' title="bbox 199 4858 1791 4979">
    <p class='ocr_par' dir='ltr' id='par_1_93' title="bbox 199 4858 1791 4979">
     <span class='ocr_line' id='line_1_93' title="bbox 199 4858 1791 4979; baseline 0.001 -66"><span class='ocrx_word' id='word_1_685' title='bbox 199 4860 509 4979; x_wconf 38' lang='lat' dir='ltr'><strong>grobasset.</strong></span> <span class='ocrx_word' id='word_1_686' title='bbox 540 4858 697 4942; x_wconf 78' lang='lat' dir='ltr'><strong>Quod</strong></span> <span class='ocrx_word' id='word_1_687' title='bbox 729 4859 832 4942; x_wconf 45' lang='lat' dir='ltr'><strong>ubi.</strong></span> <span class='ocrx_word' id='word_1_688' title='bbox 854 4873 1033 4913; x_wconf 90' lang='lat' dir='ltr'><strong>coram</strong></span> <span class='ocrx_word' id='word_1_689' title='bbox 1066 4860 1133 4942; x_wconf 80' lang='lat' dir='ltr'><strong>ab</strong></span> <span class='ocrx_word' id='word_1_690' title='bbox 1165 4858 1231 4915; x_wconf 84' lang='lat' dir='ltr'><strong>eo</strong></span> <span class='ocrx_word' id='word_1_691' title='bbox 1261 4861 1639 4943; x_wconf 75' lang='lat' dir='ltr'><strong>conﬁrmatum</strong></span> <span class='ocrx_word' id='word_1_692' title='bbox 1672 4858 1791 4926; x_wconf 82' lang='lat' dir='ltr'><strong>fuit,</strong></span> 
     </span>
     <span class='ocr_line' id='line_1_94' title="bbox 242 4931 1791 4979; baseline 0 0"><span class='ocrx_word' id='word_1_693' title='bbox 242 4948 348 4979; x_wconf 71' lang='lat' dir='ltr'><strong>una.</strong></span> <span class='ocrx_word' id='word_1_694' title='bbox 390 4941 452 4979; x_wconf 78' lang='lat' dir='ltr'><strong>ut</strong></span> <span class='ocrx_word' id='word_1_695' title='bbox 498 4941 589 4979; x_wconf 67' lang='lat' dir='ltr'><strong>est</strong></span> <span class='ocrx_word' id='word_1_696' title='bbox 629 4947 685 4979; x_wconf 84' lang='lat' dir='ltr'><strong>tn</strong></span> <span class='ocrx_word' id='word_1_697' title='bbox 728 4941 863 4979; x_wconf 72' lang='lat' dir='ltr'><strong>netis</strong></span> <span class='ocrx_word' id='word_1_698' title='bbox 895 4931 1107 4979; x_wconf 79' lang='lat' dir='ltr'><strong>svnodt-</strong></span> <span class='ocrx_word' id='word_1_699' title='bbox 1154 4947 1314 4979; x_wconf 75' lang='lat' dir='ltr'><strong>causa</strong></span> <span class='ocrx_word' id='word_1_700' title='bbox 1362 4932 1424 4979; x_wconf 82' lang='lat' dir='ltr'><strong>de</strong></span> <span class='ocrx_word' id='word_1_701' title='bbox 1474 4931 1791 4979; x_wconf 66' lang='lat' dir='ltr'><strong>sacerdotum</strong></span> 
     </span>
    </p>
   </div>
   <div class='ocr_carea' id='block_1_94' title="bbox 242 4931 1797 5002">
    <p class='ocr_par' dir='ltr' id='par_1_94' title="bbox 242 4931 1797 5002">
     <span class='ocr_line' id='line_1_95' title="bbox 242 4931 1797 5002; baseline -0.001 -17"><span class='ocrx_word' id='word_1_702' title='bbox 242 4948 349 4997; x_wconf 73' lang='lat' dir='ltr'><strong>una,</strong></span> <span class='ocrx_word' id='word_1_703' title='bbox 390 4941 452 4993; x_wconf 78' lang='lat' dir='ltr'><strong>ut</strong></span> <span class='ocrx_word' id='word_1_704' title='bbox 498 4941 589 4985; x_wconf 70' lang='lat' dir='ltr'><strong>est</strong></span> <span class='ocrx_word' id='word_1_705' title='bbox 629 4931 685 4986; x_wconf 87' lang='lat' dir='ltr'><strong>in</strong></span> <span class='ocrx_word' id='word_1_706' title='bbox 728 4931 863 4987; x_wconf 88' lang='lat' dir='ltr'><strong>actis</strong></span> <span class='ocrx_word' id='word_1_707' title='bbox 895 4931 1109 5002; x_wconf 81' lang='lat' dir='ltr'><strong>synodi,</strong></span> <span class='ocrx_word' id='word_1_708' title='bbox 1154 4947 1314 4985; x_wconf 79' lang='lat' dir='ltr'><strong>causa</strong></span> <span class='ocrx_word' id='word_1_709' title='bbox 1362 4932 1424 4984; x_wconf 86' lang='lat' dir='ltr'><strong>de</strong></span> <span class='ocrx_word' id='word_1_710' title='bbox 1474 4931 1797 4985; x_wconf 75' lang='lat' dir='ltr'><strong>sacerdotum</strong></span> 
     </span>
    </p>
   </div>
   <div class='ocr_carea' id='block_1_95' title="bbox 196 5002 1799 5073">
    <p class='ocr_par' dir='ltr' id='par_1_95' title="bbox 196 5002 1799 5073">
     <span class='ocr_line' id='line_1_96' title="bbox 196 5002 1799 5073; baseline 0.002 -20"><span class='ocrx_word' id='word_1_711' title='bbox 196 5003 386 5057; x_wconf 66' lang='lat' dir='ltr'><strong>miritis</strong></span> <span class='ocrx_word' id='word_1_712' title='bbox 408 5018 529 5073; x_wconf 67' lang='lat' dir='ltr'><strong>qua:</strong></span> <span class='ocrx_word' id='word_1_713' title='bbox 548 5003 612 5057; x_wconf 86' lang='lat' dir='ltr'><strong>de</strong></span> <span class='ocrx_word' id='word_1_714' title='bbox 641 5002 858 5059; x_wconf 76' lang='lat' dir='ltr'><strong>concilio</strong></span> <span class='ocrx_word' id='word_1_715' title='bbox 879 5003 1107 5061; x_wconf 72' lang='lat' dir='ltr'><strong>nondum</strong></span> <span class='ocrx_word' id='word_1_716' title='bbox 1129 5003 1333 5070; x_wconf 77' lang='lat' dir='ltr'><strong>ﬁrmato</strong></span> <span class='ocrx_word' id='word_1_717' title='bbox 1363 5003 1625 5057; x_wconf 65' lang='lat' dir='ltr'><strong>tristitiam</strong></span> <span class='ocrx_word' id='word_1_718' title='bbox 1645 5004 1799 5057; x_wconf 83' lang='lat' dir='ltr'><strong>mini-</strong></span> 
     </span>
    </p>
   </div>
   <div class='ocr_carea' id='block_1_96' title="bbox 197 5073 1798 5145">
    <p class='ocr_par' dir='ltr' id='par_1_96' title="bbox 197 5073 1798 5145">
     <span class='ocr_line' id='line_1_97' title="bbox 197 5073 1798 5145; baseline 0.006 -23"><span class='ocrx_word' id='word_1_719' title='bbox 197 5073 430 5145; x_wconf 65' lang='lat' dir='ltr'><strong>strabat,</strong></span> <span class='ocrx_word' id='word_1_720' title='bbox 471 5074 701 5145; x_wconf 77' lang='lat' dir='ltr'><strong>abscisso</strong></span> <span class='ocrx_word' id='word_1_721' title='bbox 747 5084 840 5128; x_wconf 85' lang='lat' dir='ltr'><strong>est.</strong></span> <span class='ocrx_word' id='word_1_722' title='bbox 890 5073 1209 5145; x_wconf 75' lang='lat' dir='ltr'><strong>sentiebant</strong></span> <span class='ocrx_word' id='word_1_723' title='bbox 1254 5076 1509 5135; x_wconf 82' lang='lat' dir='ltr'><strong>nimirum</strong></span> <span class='ocrx_word' id='word_1_724' title='bbox 1559 5077 1798 5145; x_wconf 82' lang='lat' dir='ltr'><strong>episcopi</strong></span> 
     </span>
    </p>
   </div>
   <div class='ocr_carea' id='block_1_97' title="bbox 196 5144 1801 5217">
    <p class='ocr_par' dir='ltr' id='par_1_97' title="bbox 196 5144 1801 5217">
     <span class='ocr_line' id='line_1_98' title="bbox 196 5144 1801 5217; baseline 0.002 -21"><span class='ocrx_word' id='word_1_725' title='bbox 196 5144 492 5204; x_wconf 74' lang='lat' dir='ltr'><strong>concilium</strong></span> <span class='ocrx_word' id='word_1_726' title='bbox 530 5146 633 5217; x_wconf 84' lang='lat' dir='ltr'><strong>hoc</strong></span> <span class='ocrx_word' id='word_1_727' title='bbox 660 5144 777 5200; x_wconf 89' lang='lat' dir='ltr'><strong>sine</strong></span> <span class='ocrx_word' id='word_1_728' title='bbox 798 5144 1064 5217; x_wconf 83' lang='lat' dir='ltr'><strong>pcntilicis</strong></span> <span class='ocrx_word' id='word_1_729' title='bbox 1092 5160 1315 5217; x_wconf 83' lang='lat' dir='ltr'><strong>assensu</strong></span> <span class='ocrx_word' id='word_1_730' title='bbox 1348 5155 1521 5199; x_wconf 87' lang='lat' dir='ltr'><strong>ratum</strong></span> <span class='ocrx_word' id='word_1_731' title='bbox 1548 5160 1666 5200; x_wconf 88' lang='lat' dir='ltr'><strong>esse</strong></span> <span class='ocrx_word' id='word_1_732' title='bbox 1696 5161 1801 5199; x_wconf 90' lang='lat' dir='ltr'><strong>non</strong></span> 
     </span>
    </p>
   </div>
   <div class='ocr_carea' id='block_1_98' title="bbox 196 5216 1802 5299">
    <p class='ocr_par' dir='ltr' id='par_1_98' title="bbox 196 5216 1802 5299">
     <span class='ocr_line' id='line_1_99' title="bbox 196 5216 1802 5299; baseline 0.001 -30"><span class='ocrx_word' id='word_1_733' title='bbox 607 5217 783 5287; x_wconf 81' lang='lat' dir='ltr'><strong>ipsum</strong></span> <span class='ocrx_word' id='word_1_734' title='bbox 804 5216 1015 5285; x_wconf 88' lang='lat' dir='ltr'><strong>tamen,</strong></span> <span class='ocrx_word' id='word_1_735' title='bbox 1047 5217 1141 5272; x_wconf 89' lang='lat' dir='ltr'><strong>sed</strong></span> <span class='ocrx_word' id='word_1_736' title='bbox 1168 5216 1391 5285; x_wconf 81' lang='lat' dir='ltr'><strong>frustra,</strong></span> <span class='ocrx_word' id='word_1_737' title='bbox 1427 5216 1802 5287; x_wconf 88' lang='lat' dir='ltr'><strong>improbabant</strong></span> 
     </span>
    </p>
   </div>
   <div class='ocr_carea' id='block_1_99' title="bbox 192 5288 561 5349">
    <p class='ocr_par' dir='ltr' id='par_1_99' title="bbox 192 5288 561 5349">
     <span class='ocr_line' id='line_1_100' title="bbox 192 5288 561 5349; baseline -0.011 -3"><span class='ocrx_word' id='word_1_738' title='bbox 192 5288 561 5349; x_wconf 50' lang='lat' dir='ltr'><strong>“hismatici.</strong></span> 
     </span>
    </p>
   </div>
   <div class='ocr_carea' id='block_1_100' title="bbox 262 5357 1801 5431">
    <p class='ocr_par' dir='ltr' id='par_1_100' title="bbox 262 5357 1801 5431">
     <span class='ocr_line' id='line_1_101' title="bbox 262 5357 1801 5431; baseline 0.003 -20"><span class='ocrx_word' id='word_1_739' title='bbox 262 5360 284 5389; x_wconf 83' lang='grc'>²</span> <span class='ocrx_word' id='word_1_740' title='bbox 328 5357 683 5414; x_wconf 79' lang='lat' dir='ltr'><strong>Laurentium</strong></span> <span class='ocrx_word' id='word_1_741' title='bbox 723 5368 771 5431; x_wconf 73' lang='lat' dir='ltr'><strong>et</strong></span> <span class='ocrx_word' id='word_1_742' title='bbox 818 5358 1028 5414; x_wconf 87' lang='lat' dir='ltr'><strong>Petrum</strong></span> <span class='ocrx_word' id='word_1_743' title='bbox 1076 5359 1376 5431; x_wconf 85' lang='lat' dir='ltr'><strong>episcopos]</strong></span> <span class='ocrx_word' id='word_1_744' title='bbox 1421 5360 1662 5428; x_wconf 85' lang='lat' dir='ltr'><strong>Quorum</strong></span> <span class='ocrx_word' id='word_1_745' title='bbox 1714 5360 1801 5415; x_wconf 90' lang='lat' dir='ltr'><strong>hic</strong></span> 
     </span>
    </p>
   </div>
   <div class='ocr_carea' id='block_1_101' title="bbox 193 5428 1801 5503">
    <p class='ocr_par' dir='ltr' id='par_1_101' title="bbox 193 5428 1801 5503">
     <span class='ocr_line' id='line_1_102' title="bbox 193 5428 1801 5503; baseline -0.001 -16"><span class='ocrx_word' id='word_1_746' title='bbox 193 5428 527 5503; x_wconf 61' lang='lat' dir='ltr'><strong>Ravennae,</strong></span> <span class='ocrx_word' id='word_1_747' title='bbox 569 5431 666 5486; x_wconf 89' lang='lat' dir='ltr'><strong>ille</strong></span> <span class='ocrx_word' id='word_1_748' title='bbox 717 5428 1167 5503; x_wconf 77' lang='lat' dir='ltr'><strong>Mediolanensis,</strong></span> <span class='ocrx_word' id='word_1_749' title='bbox 1214 5428 1407 5503; x_wconf 74' lang='lat' dir='ltr'><strong>synodi</strong></span> <span class='ocrx_word' id='word_1_750' title='bbox 1465 5432 1628 5486; x_wconf 86' lang='lat' dir='ltr'><strong>ambo</strong></span> <span class='ocrx_word' id='word_1_751' title='bbox 1686 5447 1801 5485; x_wconf 87' lang='lat' dir='ltr'><strong>mo-</strong></span> 
     </span>
    </p>
   </div>
   <div class='ocr_carea' id='block_1_102' title="bbox 192 5500 1803 5574">
    <p class='ocr_par' dir='ltr' id='par_1_102' title="bbox 192 5500 1803 5574">
     <span class='ocr_line' id='line_1_103' title="bbox 192 5500 1803 5574; baseline 0.002 -21"><span class='ocrx_word' id='word_1_752' title='bbox 192 5500 493 5574; x_wconf 70' lang='lat' dir='ltr'><strong>derasos-es</strong></span> <span class='ocrx_word' id='word_1_753' title='bbox 510 5514 577 5558; x_wconf 87' lang='lat' dir='ltr'><strong>ac</strong></span> <span class='ocrx_word' id='word_1_754' title='bbox 606 5503 870 5572; x_wconf 69' lang='lat' dir='ltr'><strong>pmides</strong></span> <span class='ocrx_word' id='word_1_755' title='bbox 902 5520 915 5556; x_wconf 86' lang='lat'><strong><em>:</em></strong></span> <span class='ocrx_word' id='word_1_756' title='bbox 945 5502 1092 5574; x_wconf 72' lang='lat' dir='ltr'><strong>Quod</strong></span> <span class='ocrx_word' id='word_1_757' title='bbox 1111 5500 1383 5559; x_wconf 71' lang='lat' dir='ltr'><strong>declarant</strong></span> <span class='ocrx_word' id='word_1_758' title='bbox 1412 5502 1604 5574; x_wconf 80' lang='lat' dir='ltr'><strong>synodi</strong></span> <span class='ocrx_word' id='word_1_759' title='bbox 1636 5503 1803 5572; x_wconf 86' lang='lat' dir='ltr'><strong>ipsius</strong></span> 
     </span>
    </p>
   </div>
   <div class='ocr_carea' id='block_1_103' title="bbox 191 5572 1800 5656">
    <p class='ocr_par' dir='ltr' id='par_1_103' title="bbox 191 5572 1800 5656">
     <span class='ocr_line' id='line_1_104' title="bbox 191 5572 1800 5656; baseline 0.001 -30"><span class='ocrx_word' id='word_1_760' title='bbox 191 5572 656 5656; x_wconf 60' lang='lat' dir='ltr'><strong>subscriptiones,</strong></span> <span class='ocrx_word' id='word_1_761' title='bbox 682 5583 737 5629; x_wconf 92' lang='lat' dir='ltr'><strong>et</strong></span> <span class='ocrx_word' id='word_1_762' title='bbox 761 5572 1253 5656; x_wconf 53' lang='lat' dir='ltr'><strong>&#39;i‘lseodéricipegia</strong></span> <span class='ocrx_word' id='word_1_763' title='bbox 1270 5574 1338 5656; x_wconf 72' lang='lat' dir='ltr'><strong>ad</strong></span> <span class='ocrx_word' id='word_1_764' title='bbox 1356 5572 1626 5645; x_wconf 82' lang='lat' dir='ltr'><strong>synodum</strong></span> <span class='ocrx_word' id='word_1_765' title='bbox 1640 5588 1800 5656; x_wconf 55' lang='lat' dir='ltr'><strong>prae-</strong></span> 
     </span>
    </p>
   </div>
   <div class='ocr_carea' id='block_1_104' title="bbox 192 5644 1800 5726">
    <p class='ocr_par' dir='ltr' id='par_1_104' title="bbox 192 5644 1800 5726">
     <span class='ocr_line' id='line_1_105' title="bbox 192 5644 1800 5726; baseline 0 -29"><span class='ocrx_word' id='word_1_766' title='bbox 192 5646 381 5726; x_wconf 76' lang='lat' dir='ltr'><strong>ceptio</strong></span> <span class='ocrx_word' id='word_1_767' title='bbox 412 5659 540 5726; x_wconf 53' lang='lat' dir='ltr'><strong>quas</strong></span> <span class='ocrx_word' id='word_1_768' title='bbox 562 5644 879 5726; x_wconf 74' lang='lat' dir='ltr'><strong>Laurentio,</strong></span> <span class='ocrx_word' id='word_1_769' title='bbox 909 5645 1269 5726; x_wconf 63' lang='lat' dir='ltr'><strong>Mareetliano,</strong></span> <span class='ocrx_word' id='word_1_770' title='bbox 1305 5644 1463 5726; x_wconf 51' lang='lat' dir='ltr'><strong>Retro</strong></span> <span class='ocrx_word' id='word_1_771' title='bbox 1487 5659 1549 5699; x_wconf 84' lang='lat' dir='ltr'><strong>ac</strong></span> <span class='ocrx_word' id='word_1_772' title='bbox 1569 5644 1800 5726; x_wconf 60' lang='lat' dir='ltr'><strong>reliquis</strong></span> 
     </span>
    </p>
   </div>
   <div class='ocr_carea' id='block_1_105' title="bbox 192 5716 1797 5787">
    <p class='ocr_par' dir='ltr' id='par_1_105' title="bbox 192 5716 1797 5787">
     <span class='ocr_line' id='line_1_106' title="bbox 192 5716 1797 5787; baseline 0.001 -20"><span class='ocrx_word' id='word_1_773' title='bbox 192 5716 477 5785; x_wconf 79' lang='lat' dir='ltr'><strong>episcopis</strong></span> <span class='ocrx_word' id='word_1_774' title='bbox 524 5716 787 5787; x_wconf 73' lang='lat' dir='ltr'><strong>inscripta</strong></span> <span class='ocrx_word' id='word_1_775' title='bbox 830 5727 934 5771; x_wconf 87' lang='lat' dir='ltr'><strong>est.</strong></span> <span class='ocrx_word' id='word_1_776' title='bbox 980 5716 1089 5774; x_wconf 89' lang='lat' dir='ltr'><strong>Sed</strong></span> <span class='ocrx_word' id='word_1_777' title='bbox 1144 5717 1517 5773; x_wconf 84' lang='lat' dir='ltr'><strong>Marcellianus</strong></span> <span class='ocrx_word' id='word_1_778' title='bbox 1569 5717 1797 5771; x_wconf 77' lang='lat' dir='ltr'><strong>Palinuri</strong></span> 
     </span>
    </p>
   </div>
   <div class='ocr_carea' id='block_1_106' title="bbox 190 5788 1797 5857">
    <p class='ocr_par' dir='ltr' id='par_1_106' title="bbox 190 5788 1797 5857">
     <span class='ocr_line' id='line_1_107' title="bbox 190 5788 1797 5857; baseline 0.002 -19"><span class='ocrx_word' id='word_1_779' title='bbox 190 5789 495 5857; x_wconf 78' lang='lat' dir='ltr'><strong>conventui</strong></span> <span class='ocrx_word' id='word_1_780' title='bbox 540 5803 647 5845; x_wconf 91' lang='lat' dir='ltr'><strong>non</strong></span> <span class='ocrx_word' id='word_1_781' title='bbox 694 5788 956 5843; x_wconf 82' lang='lat' dir='ltr'><strong>interfuit.</strong></span> <span class='ocrx_word' id='word_1_782' title='bbox 996 5788 1149 5857; x_wconf 77' lang='lat' dir='ltr'><strong>Quod</strong></span> <span class='ocrx_word' id='word_1_783' title='bbox 1192 5803 1319 5847; x_wconf 84' lang='lat' dir='ltr'><strong>vero</strong></span> <span class='ocrx_word' id='word_1_784' title='bbox 1354 5789 1536 5843; x_wconf 82' lang='lat' dir='ltr'><strong>studio</strong></span> <span class='ocrx_word' id='word_1_785' title='bbox 1577 5795 1797 5857; x_wconf 85' lang='lat' dir='ltr'><strong>egerant</strong></span> 
     </span>
    </p>
   </div>
   <div class='ocr_carea' id='block_1_107' title="bbox 193 5855 1800 5929">
    <p class='ocr_par' dir='ltr' id='par_1_107' title="bbox 193 5855 1800 5929">
     <span class='ocr_line' id='line_1_108' title="bbox 193 5855 1800 5929; baseline 0.002 -18"><span class='ocrx_word' id='word_1_786' title='bbox 193 5855 528 5929; x_wconf 85' lang='lat' dir='ltr'><strong>Laurentius</strong></span> <span class='ocrx_word' id='word_1_787' title='bbox 554 5868 611 5915; x_wconf 91' lang='lat' dir='ltr'><strong>et</strong></span> <span class='ocrx_word' id='word_1_788' title='bbox 648 5859 873 5927; x_wconf 85' lang='lat' dir='ltr'><strong>Petrus,</strong></span> <span class='ocrx_word' id='word_1_789' title='bbox 905 5869 963 5913; x_wconf 91' lang='lat' dir='ltr'><strong>ut</strong></span> <span class='ocrx_word' id='word_1_790' title='bbox 991 5855 1036 5913; x_wconf 43' lang='lat' dir='ltr'><strong>a&#39;</strong></span> <span class='ocrx_word' id='word_1_791' title='bbox 1054 5859 1359 5929; x_wconf 88' lang='lat' dir='ltr'><strong>Symmachi</strong></span> <span class='ocrx_word' id='word_1_792' title='bbox 1404 5855 1800 5915; x_wconf 73' lang='lat' dir='ltr'><strong>ccnsueiudine</strong></span> 
     </span>
    </p>
   </div>
   <div class='ocr_carea' id='block_1_108' title="bbox 191 5928 1800 6003">
    <p class='ocr_par' dir='ltr' id='par_1_108' title="bbox 191 5928 1800 6003">
     <span class='ocr_line' id='line_1_109' title="bbox 191 5928 1800 6003; baseline 0.001 -20"><span class='ocrx_word' id='word_1_793' title='bbox 191 5939 313 5989; x_wconf 80' lang='lat' dir='ltr'><strong>ante</strong></span> <span class='ocrx_word' id='word_1_794' title='bbox 344 5928 547 6001; x_wconf 79' lang='lat' dir='ltr'><strong>iudicii</strong></span> <span class='ocrx_word' id='word_1_795' title='bbox 586 5931 1033 6003; x_wconf 75' lang='lat' dir='ltr'><strong>disceptationem</strong></span> <span class='ocrx_word' id='word_1_796' title='bbox 1063 5928 1415 6000; x_wconf 87' lang='lat' dir='ltr'><strong>abstinerent,</strong></span> <span class='ocrx_word' id='word_1_797' title='bbox 1444 5947 1511 5989; x_wconf 90' lang='lat' dir='ltr'><strong>ne</strong></span> <span class='ocrx_word' id='word_1_798' title='bbox 1542 5930 1800 6001; x_wconf 75' lang='lat' dir='ltr'><strong>prtcjudi-</strong></span> 
     </span>
    </p>
   </div>
   <div class='ocr_carea' id='block_1_109' title="bbox 1900 4786 3489 4859">
    <p class='ocr_par' dir='ltr' id='par_1_109' title="bbox 1900 4786 3489 4859">
     <span class='ocr_line' id='line_1_110' title="bbox 1900 4786 3489 4859; baseline 0.002 -18"><span class='ocrx_word' id='word_1_799' title='bbox 1900 4789 1975 4859; x_wconf 81' lang='lat' dir='ltr'><strong>in</strong></span> <span class='ocrx_word' id='word_1_800' title='bbox 2004 4796 2211 4856; x_wconf 78' lang='lat' dir='ltr'><strong>partem</strong></span> <span class='ocrx_word' id='word_1_801' title='bbox 2260 4786 2562 4856; x_wconf 88' lang='lat' dir='ltr'><strong>rapiebant,</strong></span> <span class='ocrx_word' id='word_1_802' title='bbox 2600 4786 2862 4859; x_wconf 83' lang='lat' dir='ltr'><strong>quaside</strong></span> <span class='ocrx_word' id='word_1_803' title='bbox 2896 4787 3123 4857; x_wconf 88' lang='lat' dir='ltr'><strong>objectis</strong></span> <span class='ocrx_word' id='word_1_804' title='bbox 3164 4790 3489 4859; x_wconf 86' lang='lat' dir='ltr'><strong>Symmacho</strong></span> 
     </span>
    </p>
   </div>
   <div class='ocr_carea' id='block_1_110' title="bbox 1900 4858 3494 4932">
    <p class='ocr_par' dir='ltr' id='par_1_110' title="bbox 1900 4858 3494 4932">
     <span class='ocr_line' id='line_1_111' title="bbox 1900 4858 3494 4932; baseline 0.003 -19"><span class='ocrx_word' id='word_1_805' title='bbox 1900 4858 2219 4919; x_wconf 83' lang='lat' dir='ltr'><strong>criminibus</strong></span> <span class='ocrx_word' id='word_1_806' title='bbox 2278 4868 2616 4927; x_wconf 77' lang='lat' dir='ltr'><strong>compertum</strong></span> <span class='ocrx_word' id='word_1_807' title='bbox 2680 4858 2812 4929; x_wconf 84' lang='lat' dir='ltr'><strong>ipsis</strong></span> <span class='ocrx_word' id='word_1_808' title='bbox 2886 4858 3333 4931; x_wconf 72' lang='lat' dir='ltr'><strong>exploratumque</strong></span> <span class='ocrx_word' id='word_1_809' title='bbox 3381 4862 3494 4932; x_wconf 84' lang='lat' dir='ltr'><strong>jam</strong></span> 
     </span>
    </p>
   </div>
   <div class='ocr_carea' id='block_1_111' title="bbox 1903 4939 2067 4985">
    <p class='ocr_par' dir='ltr' id='par_1_111' title="bbox 1903 4939 2067 4985">
     <span class='ocr_line' id='line_1_112' title="bbox 1903 4939 2067 4985; baseline -0.018 0"><span class='ocrx_word' id='word_1_810' title='bbox 1903 4939 2067 4985; x_wconf 72' lang='lat' dir='ltr'><strong>OSSGI.</strong></span> 
     </span>
    </p>
   </div>
   <div class='ocr_carea' id='block_1_112' title="bbox 1977 4998 3529 5071">
    <p class='ocr_par' dir='ltr' id='par_1_112' title="bbox 1977 4998 3529 5071">
     <span class='ocr_line' id='line_1_113' title="bbox 1977 4998 3529 5071; baseline 0.001 -16"><span class='ocrx_word' id='word_1_811' title='bbox 1977 5000 1999 5031; x_wconf 89' lang='grc'><strong><em>³</em></strong></span> <span class='ocrx_word' id='word_1_812' title='bbox 2037 5001 2166 5071; x_wconf 79' lang='lat' dir='ltr'><strong>Syn.</strong></span> <span class='ocrx_word' id='word_1_813' title='bbox 2202 4998 2411 5055; x_wconf 89' lang='lat' dir='ltr'><strong>Sardic.</strong></span> <span class='ocrx_word' id='word_1_814' title='bbox 2440 5014 2560 5069; x_wconf 93' lang='lat' dir='ltr'><strong>cap.</strong></span> <span class='ocrx_word' id='word_1_815' title='bbox 2595 5000 2648 5055; x_wconf 81' lang='grc'><strong>5.</strong></span> <span class='ocrx_word' id='word_1_816' title='bbox 3526 5056 3529 5057; x_wconf 30' lang='grc' dir='ltr'><em>ν</em></span> 
     </span>
    </p>
   </div>
   <div class='ocr_carea' id='block_1_113' title="bbox 1975 5070 3495 5146">
    <p class='ocr_par' dir='ltr' id='par_1_113' title="bbox 1975 5070 3495 5146">
     <span class='ocr_line' id='line_1_114' title="bbox 1975 5070 3495 5146; baseline 0.003 -21"><span class='ocrx_word' id='word_1_817' title='bbox 1975 5070 2001 5102; x_wconf 66' lang='grc'>⁸</span> <span class='ocrx_word' id='word_1_818' title='bbox 2037 5070 2351 5146; x_wconf 58' lang='lat' dir='ltr'><strong>Attricutugt</strong></span> <span class='ocrx_word' id='word_1_819' title='bbox 2369 5072 2712 5146; x_wconf 75' lang='lat' dir='ltr'><strong>uisitatorem]</strong></span> <span class='ocrx_word' id='word_1_820' title='bbox 2742 5073 2958 5129; x_wconf 81' lang='lat' dir='ltr'><strong>Petrum</strong></span> <span class='ocrx_word' id='word_1_821' title='bbox 2998 5076 3307 5146; x_wconf 87' lang='lat' dir='ltr'><strong>episcopum</strong></span> <span class='ocrx_word' id='word_1_822' title='bbox 3358 5075 3495 5130; x_wconf 84' lang='lat' dir='ltr'><strong>Alti-</strong></span> 
     </span>
    </p>
   </div>
   <div class='ocr_carea' id='block_1_114' title="bbox 1908 5142 3490 5216">
    <p class='ocr_par' dir='ltr' id='par_1_114' title="bbox 1908 5142 3490 5216">
     <span class='ocr_line' id='line_1_115' title="bbox 1908 5142 3490 5216; baseline 0.001 -19"><span class='ocrx_word' id='word_1_823' title='bbox 1908 5143 2202 5216; x_wconf 20' lang='lat' dir='ltr'><strong>natemiqni</strong></span> <span class='ocrx_word' id='word_1_824' title='bbox 2231 5159 2264 5216; x_wconf 82' lang='lat' dir='ltr'><strong>a</strong></span> <span class='ocrx_word' id='word_1_825' title='bbox 2293 5142 2628 5216; x_wconf 64' lang='lat' dir='ltr'><strong>Tlieoderico</strong></span> <span class='ocrx_word' id='word_1_826' title='bbox 2658 5142 2802 5215; x_wconf 78' lang='lat' dir='ltr'><strong>rege,</strong></span> <span class='ocrx_word' id='word_1_827' title='bbox 2836 5142 3201 5216; x_wconf 69' lang='lat' dir='ltr'><strong>ﬂagitantibus</strong></span> <span class='ocrx_word' id='word_1_828' title='bbox 3230 5147 3490 5201; x_wconf 85' lang='lat' dir='ltr'><strong>schisma-</strong></span> 
     </span>
    </p>
   </div>
   <div class='ocr_carea' id='block_1_115' title="bbox 1910 5214 3495 5288">
    <p class='ocr_par' dir='ltr' id='par_1_115' title="bbox 1910 5214 3495 5288">
     <span class='ocr_line' id='line_1_116' title="bbox 1910 5214 3495 5288; baseline 0.002 -20"><span class='ocrx_word' id='word_1_829' title='bbox 1910 5214 2029 5288; x_wconf 85' lang='lat' dir='ltr'><strong>ticis</strong></span> <span class='ocrx_word' id='word_1_830' title='bbox 2062 5214 2315 5288; x_wconf 82' lang='lat' dir='ltr'><strong>Ecclesiae</strong></span> <span class='ocrx_word' id='word_1_831' title='bbox 2350 5214 2604 5275; x_wconf 71' lang='lat' dir='ltr'><strong>Romana:</strong></span> <span class='ocrx_word' id='word_1_832' title='bbox 2635 5214 2831 5284; x_wconf 56' lang='lat' dir='ltr'><strong>praeter</strong></span> <span class='ocrx_word' id='word_1_833' title='bbox 2871 5214 2953 5273; x_wconf 66' lang='lat' dir='ltr'><strong>es</strong></span> <span class='ocrx_word' id='word_1_834' title='bbox 2998 5234 3313 5288; x_wconf 82' lang='lat' dir='ltr'><strong>moremque</strong></span> <span class='ocrx_word' id='word_1_835' title='bbox 3339 5220 3495 5272; x_wconf 88' lang='lat' dir='ltr'><strong>datus</strong></span> 
     </span>
    </p>
   </div>
   <div class='ocr_carea' id='block_1_116' title="bbox 1908 5286 3496 5356">
    <p class='ocr_par' dir='ltr' id='par_1_116' title="bbox 1908 5286 3496 5356">
     <span class='ocr_line' id='line_1_117' title="bbox 1908 5286 3496 5356; baseline 0.003 -17"><span class='ocrx_word' id='word_1_836' title='bbox 1908 5286 2085 5340; x_wconf 78' lang='lat' dir='ltr'><strong>fuerat</strong></span> <span class='ocrx_word' id='word_1_837' title='bbox 2112 5286 2375 5353; x_wconf 86' lang='lat' dir='ltr'><strong>visitatur,</strong></span> <span class='ocrx_word' id='word_1_838' title='bbox 2411 5302 2570 5354; x_wconf 81' lang='lat' dir='ltr'><strong>quem</strong></span> <span class='ocrx_word' id='word_1_839' title='bbox 2600 5297 2884 5356; x_wconf 87' lang='lat' dir='ltr'><strong>propterea</strong></span> <span class='ocrx_word' id='word_1_840' title='bbox 2914 5286 3241 5353; x_wconf 76' lang='lat' dir='ltr'><strong>submoveri,</strong></span> <span class='ocrx_word' id='word_1_841' title='bbox 3276 5299 3331 5342; x_wconf 92' lang='lat' dir='ltr'><strong>ut</strong></span> <span class='ocrx_word' id='word_1_842' title='bbox 3371 5300 3496 5343; x_wconf 86' lang='lat' dir='ltr'><strong>ante</strong></span> 
     </span>
    </p>
   </div>
   <div class='ocr_carea' id='block_1_117' title="bbox 1909 5358 3491 5429">
    <p class='ocr_par' dir='ltr' id='par_1_117' title="bbox 1909 5358 3491 5429">
     <span class='ocr_line' id='line_1_118' title="bbox 1909 5358 3491 5429; baseline 0 -17"><span class='ocrx_word' id='word_1_843' title='bbox 1909 5358 2111 5413; x_wconf 90' lang='lat' dir='ltr'><strong>dictum</strong></span> <span class='ocrx_word' id='word_1_844' title='bbox 2161 5366 2273 5422; x_wconf 87' lang='lat' dir='ltr'><strong>est,</strong></span> <span class='ocrx_word' id='word_1_845' title='bbox 2309 5358 2616 5429; x_wconf 85' lang='lat' dir='ltr'><strong>postulabat</strong></span> <span class='ocrx_word' id='word_1_846' title='bbox 2652 5359 3028 5429; x_wconf 84' lang='lat' dir='ltr'><strong>Symmachus.</strong></span> <span class='ocrx_word' id='word_1_847' title='bbox 3076 5364 3208 5419; x_wconf 76' lang='lat' dir='ltr'><strong>Acta</strong></span> <span class='ocrx_word' id='word_1_848' title='bbox 3256 5360 3491 5427; x_wconf 84' lang='lat' dir='ltr'><strong>synodi:</strong></span> 
     </span>
    </p>
   </div>
   <div class='ocr_carea' id='block_1_118' title="bbox 1910 5427 3496 5501">
    <p class='ocr_par' dir='ltr' id='par_1_118' title="bbox 1910 5427 3496 5501">
     <span class='ocr_line' id='line_1_119' title="bbox 1910 5427 3496 5501; baseline -0.001 -18"><span class='ocrx_word' id='word_1_849' title='bbox 1910 5429 2141 5499; x_wconf 80' lang='lat' dir='ltr'><strong>Sperans</strong></span> <span class='ocrx_word' id='word_1_850' title='bbox 2169 5436 2220 5482; x_wconf 84' lang='lat' dir='ltr'><strong>ut</strong></span> <span class='ocrx_word' id='word_1_851' title='bbox 2252 5427 2486 5482; x_wconf 77' lang='lat' dir='ltr'><strong>uisitator</strong></span> <span class='ocrx_word' id='word_1_852' title='bbox 2515 5432 2602 5497; x_wconf 86' lang='lat' dir='ltr'><strong>qui</strong></span> <span class='ocrx_word' id='word_1_853' title='bbox 2633 5427 2810 5501; x_wconf 72' lang='lat' dir='ltr'><strong>contra</strong></span> <span class='ocrx_word' id='word_1_854' title='bbox 2840 5433 3157 5501; x_wconf 76' lang='lat' dir='ltr'><strong>religionem,</strong></span> <span class='ocrx_word' id='word_1_855' title='bbox 3180 5438 3358 5482; x_wconf 81' lang='lat' dir='ltr'><strong>contra</strong></span> <span class='ocrx_word' id='word_1_856' title='bbox 3387 5441 3496 5482; x_wconf 80' lang='lat' dir='ltr'><strong>sla-</strong></span> 
     </span>
    </p>
   </div>
   <div class='ocr_carea' id='block_1_119' title="bbox 1911 5500 3498 5574">
    <p class='ocr_par' dir='ltr' id='par_1_119' title="bbox 1911 5500 3498 5574">
     <span class='ocr_line' id='line_1_120' title="bbox 1911 5500 3498 5574; baseline 0.003 -23"><span class='ocrx_word' id='word_1_857' title='bbox 1911 5509 2020 5574; x_wconf 72' lang='lat' dir='ltr'><strong>tuta</strong></span> <span class='ocrx_word' id='word_1_858' title='bbox 2052 5509 2267 5574; x_wconf 72' lang='lat' dir='ltr'><strong>veterum</strong></span> <span class='ocrx_word' id='word_1_859' title='bbox 2288 5544 2302 5568; x_wconf 84' lang='grc'><strong>,</strong></span> <span class='ocrx_word' id='word_1_860' title='bbox 2341 5509 2520 5574; x_wconf 82' lang='lat' dir='ltr'><strong>contra</strong></span> <span class='ocrx_word' id='word_1_861' title='bbox 2564 5500 2771 5570; x_wconf 74' lang='lat' dir='ltr'><strong>regulus</strong></span> <span class='ocrx_word' id='word_1_862' title='bbox 2812 5506 3101 5574; x_wconf 74' lang='lat' dir='ltr'><strong>majorum,</strong></span> <span class='ocrx_word' id='word_1_863' title='bbox 3134 5516 3167 5557; x_wconf 78' lang='grc' dir='ltr'><em>α</em></span> <span class='ocrx_word' id='word_1_864' title='bbox 3202 5508 3345 5574; x_wconf 62' lang='lat' dir='ltr'><strong>parite</strong></span> <span class='ocrx_word' id='word_1_865' title='bbox 3376 5501 3498 5556; x_wconf 69' lang='grc' dir='ltr'><strong>ςιωτε</strong></span> 
     </span>
    </p>
   </div>
   <div class='ocr_carea' id='block_1_120' title="bbox 1908 5571 3501 5643">
    <p class='ocr_par' dir='ltr' id='par_1_120' title="bbox 1908 5571 3501 5643">
     <span class='ocr_line' id='line_1_121' title="bbox 1908 5571 3501 5643; baseline 0.003 -20"><span class='ocrx_word' id='word_1_866' title='bbox 1908 5571 1997 5643; x_wconf 17' lang='lat' dir='ltr'><strong>vel‘</strong></span> <span class='ocrx_word' id='word_1_867' title='bbox 2030 5572 2285 5639; x_wconf 76' lang='lat' dir='ltr'><strong>aliquibus</strong></span> <span class='ocrx_word' id='word_1_868' title='bbox 2334 5573 2476 5625; x_wconf 79' lang='lat' dir='ltr'><strong>(uicis</strong></span> <span class='ocrx_word' id='word_1_869' title='bbox 2524 5575 2695 5637; x_wconf 75' lang='lat' dir='ltr'><strong>fuerat</strong></span> <span class='ocrx_word' id='word_1_870' title='bbox 2737 5571 3050 5639; x_wconf 68' lang='lat' dir='ltr'><strong>postulatus,</strong></span> <span class='ocrx_word' id='word_1_871' title='bbox 3078 5586 3145 5629; x_wconf 68' lang='lat' dir='ltr'><strong>ea;</strong></span> <span class='ocrx_word' id='word_1_872' title='bbox 3178 5571 3501 5627; x_wconf 78' lang='lat' dir='ltr'><strong>ordinatione</strong></span> 
     </span>
    </p>
   </div>
   <div class='ocr_carea' id='block_1_121' title="bbox 1905 5643 3498 5713">
    <p class='ocr_par' dir='ltr' id='par_1_121' title="bbox 1905 5643 3498 5713">
     <span class='ocr_line' id='line_1_122' title="bbox 1905 5643 3498 5713; baseline 0.001 -18"><span class='ocrx_word' id='word_1_873' title='bbox 1905 5644 2216 5707; x_wconf 81' lang='lat' dir='ltr'><strong>antistitum,</strong></span> <span class='ocrx_word' id='word_1_874' title='bbox 2258 5645 2390 5697; x_wconf 84' lang='lat' dir='ltr'><strong>sicut</strong></span> <span class='ocrx_word' id='word_1_875' title='bbox 2430 5643 2637 5696; x_wconf 78' lang='lat' dir='ltr'><strong>decebat</strong></span> <span class='ocrx_word' id='word_1_876' title='bbox 2680 5652 2915 5697; x_wconf 75' lang='lat' dir='ltr'><strong>sanctum</strong></span> <span class='ocrx_word' id='word_1_877' title='bbox 2954 5643 3296 5713; x_wconf 74' lang='lat' dir='ltr'><strong>propositum,</strong></span> <span class='ocrx_word' id='word_1_878' title='bbox 3330 5645 3498 5713; x_wconf 83' lang='lat' dir='ltr'><strong>prima</strong></span> 
     </span>
    </p>
   </div>
   <div class='ocr_carea' id='block_1_122' title="bbox 1905 5712 3498 5785">
    <p class='ocr_par' dir='ltr' id='par_1_122' title="bbox 1905 5712 3498 5785">
     <span class='ocr_line' id='line_1_123' title="bbox 1905 5712 3498 5785; baseline 0.002 -19"><span class='ocrx_word' id='word_1_879' title='bbox 1905 5716 2076 5783; x_wconf 81' lang='lat' dir='ltr'><strong>fronte</strong></span> <span class='ocrx_word' id='word_1_880' title='bbox 2122 5716 2337 5769; x_wconf 79' lang='lat' dir='ltr'><strong>cederet.</strong></span> <span class='ocrx_word' id='word_1_881' title='bbox 2392 5714 2460 5768; x_wconf 89' lang='lat' dir='ltr'><strong>At</strong></span> <span class='ocrx_word' id='word_1_882' title='bbox 2502 5714 2779 5785; x_wconf 79' lang='lat' dir='ltr'><strong>Ennodius</strong></span> <span class='ocrx_word' id='word_1_883' title='bbox 2824 5712 3140 5785; x_wconf 7' lang='lat' dir='ltr'><strong>ncnysclum</strong></span> <span class='ocrx_word' id='word_1_884' title='bbox 3187 5712 3498 5785; x_wconf 78' lang='lat' dir='ltr'><strong>Symmachi</strong></span> 
     </span>
    </p>
   </div>
   <div class='ocr_carea' id='block_1_123' title="bbox 1904 5783 3497 5854">
    <p class='ocr_par' dir='ltr' id='par_1_123' title="bbox 1904 5783 3497 5854">
     <span class='ocr_line' id='line_1_124' title="bbox 1904 5783 3497 5854; baseline 0.001 -15"><span class='ocrx_word' id='word_1_885' title='bbox 1904 5785 2253 5849; x_wconf 85' lang='lat' dir='ltr'><strong>desiderium,</strong></span> <span class='ocrx_word' id='word_1_886' title='bbox 2285 5796 2339 5841; x_wconf 91' lang='lat' dir='ltr'><strong>ut</strong></span> <span class='ocrx_word' id='word_1_887' title='bbox 2363 5786 2724 5854; x_wconf 64' lang='lat' dir='ltr'><strong>aequissimum</strong></span> <span class='ocrx_word' id='word_1_888' title='bbox 2750 5783 2990 5854; x_wconf 76' lang='lat' dir='ltr'><strong>defendit</strong></span> <span class='ocrx_word' id='word_1_889' title='bbox 3019 5785 3159 5841; x_wconf 62' lang='lat' dir='ltr'><strong>:sed.</strong></span> <span class='ocrx_word' id='word_1_890' title='bbox 3178 5783 3497 5842; x_wconf 65' lang='lat' dir='ltr'><strong>Theoderici</strong></span> 
     </span>
    </p>
   </div>
   <div class='ocr_carea' id='block_1_124' title="bbox 1905 5852 3493 5926">
    <p class='ocr_par' dir='ltr' id='par_1_124' title="bbox 1905 5852 3493 5926">
     <span class='ocr_line' id='line_1_125' title="bbox 1905 5852 3493 5926; baseline 0.001 -15"><span class='ocrx_word' id='word_1_891' title='bbox 1905 5858 2064 5911; x_wconf 83' lang='lat' dir='ltr'><strong>etiam</strong></span> <span class='ocrx_word' id='word_1_892' title='bbox 2101 5856 2297 5911; x_wconf 68' lang='lat' dir='ltr'><strong>factum</strong></span> <span class='ocrx_word' id='word_1_893' title='bbox 2319 5901 2330 5921; x_wconf 82' lang='grc'>,</span> <span class='ocrx_word' id='word_1_894' title='bbox 2361 5852 2510 5923; x_wconf 77' lang='lat' dir='ltr'><strong>quasi</strong></span> <span class='ocrx_word' id='word_1_895' title='bbox 2548 5852 2878 5923; x_wconf 87' lang='lat' dir='ltr'><strong>Symmacho</strong></span> <span class='ocrx_word' id='word_1_896' title='bbox 2906 5854 3003 5923; x_wconf 84' lang='lat' dir='ltr'><strong>ipsi</strong></span> <span class='ocrx_word' id='word_1_897' title='bbox 3037 5857 3330 5913; x_wconf 78' lang='lat' dir='ltr'><strong>visitatoris</strong></span> <span class='ocrx_word' id='word_1_898' title='bbox 3364 5875 3493 5926; x_wconf 50' lang='lat' dir='ltr'><strong>prun</strong></span> 
     </span>
    </p>
   </div>
   <div class='ocr_carea' id='block_1_125' title="bbox 1906 5926 3247 5992">
    <p class='ocr_par' dir='ltr' id='par_1_125' title="bbox 1906 5926 3247 5992">
     <span class='ocr_line' id='line_1_126' title="bbox 1906 5926 3247 5992; baseline -0.001 -9"><span class='ocrx_word' id='word_1_899' title='bbox 1906 5928 2078 5983; x_wconf 83' lang='lat' dir='ltr'><strong>sentia</strong></span> <span class='ocrx_word' id='word_1_900' title='bbox 2106 5929 2388 5983; x_wconf 86' lang='lat' dir='ltr'><strong>consulere</strong></span> <span class='ocrx_word' id='word_1_901' title='bbox 2419 5926 2671 5992; x_wconf 90' lang='lat' dir='ltr'><strong>voluerit,</strong></span> <span class='ocrx_word' id='word_1_902' title='bbox 2707 5939 2971 5983; x_wconf 76' lang='lat' dir='ltr'><strong>excusare</strong></span> <span class='ocrx_word' id='word_1_903' title='bbox 3003 5938 3247 5985; x_wconf 87' lang='lat' dir='ltr'><strong>conatur.</strong></span> 
     </span>
    </p>
   </div>
  </div>
