3974 6366
492 301 590 357 I99

1592 307 1866 376 ENNODII
1904 308 2211 368 EPISCOPI
2253 314 2624 374 TlCINENSlS

3653 328 3757 389 200

489 421 738 490 princeps
761 433 866 474 non
889 417 1133 483 credidit,
1152 416 1312 474 etiam
1337 418 1382 474 si
1407 424 1650 478 vetaret?
1676 425 1859 496 lbique
1882 442 2069 497 papam
2098 431 2153 490 Α
2182 445 2421 486 errorum
2451 443 2748 488 vestrorum
2779 438 3015 490 sectator
3038 447 3159 490 esse
3187 435 3494 506 desisteret,
3527 440 3571 494 si
3604 457 3756 499 reve-

487 514 556 568 ab
583 529 647 569 eo
673 515 958 569 salutatum
988 527 1087 567 suo
1121 528 1215 568 ore
1240 513 1399 582 jussit
1427 515 1599 580 aiTa-ri,
1625 528 1679 572 ut
1711 519 1945 574 traderet
1972 535 2063 576 co-

484 607 742 674 episcopo
800 606 1096 674 mancipia,
1131 606 1348 661 ‘nullis
1405 608 1676 664 subdenda
1739 614 2058 679 tormentis;

484 698 746 752 servanda
779 697 1020 766 profecto
1053 697 1120 753 ad
1147 699 1590 770 disceptationem
1633 703 1904 774 synodalis
1937 719 2063 759 exa-

482 790 656 844 minis.
702 788 744 844 Ο
772 790 1069 846 castitatem
1112 792 1386 861 praecepti,
1411 808 1530 862 qua:
1561 792 1685 847 dum
1719 793 1889 849 facem
1921 811 2059 864 prte-

479 881 716 935 sentihus
748 880 966 950 praefert
997 883 1348 951 temporibus,
1382 885 1434 936 in
1479 885 1721 939 umbram
1747 888 1890 956 cogit
1917 887 2058 941 antio

479 972 612 1039 qua!
646 986 762 1039 quae
805 972 941 1042 rapit
979 973 1157 1026 lumen
1187 973 1460 1028 veteribus
1501 974 1835 1044 inauspicato
1870 975 2056 1046 splen-

477 1064 608 1119 dore
659 1066 937 1119 novitatis!
983 1066 1112 1133 Quis
1158 1066 1335 1120 taliter
1382 1068 1763 1122 commentitiis
1812 1067 2059 1122 laudibus

477 1156 827 1227 locupletavit
856 1157 994 1212 fama
1031 1158 1306 1212 dominum
1335 1169 1548 1214 actuum
1581 1174 1800 1215 suorum
1832 1162 2058 1216 veritate

476 1251 829 1306 mendicum?
871 1249 988 1304 Non
1019 1253 1220 1320 derogo
1247 1251 1400 1307 vobis
1426 1253 1491 1307 de
1515 1253 1888 1322 scriptoribus,
1918 1268 2060 1323 quo-

477 1357 592 1396 rttm
625 1342 887 1398 beneficio
917 1344 1139 1414 contigit
1163 1353 1347 1398 ornata
1377 1344 1443 1399 ad
1485 1361 1585 1399 nos
1616 1346 1879 1415 majorum
1911 1355 2056 1414 gesta

477 1437 692 1504 perduci
728 1455 738 1488 :
775 1436 870 1492 sed
914 1437 1005 1492 Dei
1045 1437 1302 1492 beneficia
1343 1453 1449 1493 non
1490 1438 1676 1493 tacebo
1712 1439 1878 1508 :quia
1910 1439 2056 1506 prin-

476 1540 602 1596 ceps
642 1536 824 1583 noster
869 1528 1030 1583 rebus
1073 1538 1290 1598 superat
1331 1529 1526 1584 decora
1571 1544 1900 1584 sermonum.
1946 1529 2056 1584 Ob-

477 1619 692 1674 noxiam
731 1619 925 1689 linguis
965 1621 1192 1690 gloriam
1222 1621 1544 1675 venerabilis
1574 1636 1857 1676 causarum
1899 1622 2055 1675 truti-

476 1721 631 1767 nator
675 1713 908 1782 inspexit
953 1729 966 1766 :
1008 1723 1066 1767 ut
1114 1729 1234 1767 cum
1288 1715 1531 1781 petitioni
1586 1725 1786 1770 vestra:
1833 1713 2084 1774 effectus,

477 1803 668 1860 artifex
700 1814 1064 1874 priestaretur,
1095 1808 1148 1861 in
1173 1807 1422 1862 omnibus
1445 1816 1620 1862 tamen
1649 1808 1767 1876 jura
1799 1807 2054 1862 ecclesia-
2083 1809 2132 1871 B
2160 1803 2302 1886 sil—ali
2342 1803 2639 1890 non'dehe',
2668 1803 3034 1906 di'sciplinam.

474 1897 604 1952 stica
633 1898 946 1952 custodiret.
975 1899 1105 1964 Quae
1143 1898 1208 1952 ad
1249 1898 1386 1952 hanc
1414 1900 1845 1965 aestimationem,
1871 1915 2055 1968 quam-

475 1991 555 2045 vis
586 1993 824 2046 acutiora
853 1991 1062 2047 caeteris
1091 1991 1273 2058 corda,
1306 1993 1606 2047 sulticiunt?
1637 2007 1742 2046 uno
1791 2001 2049 2061 tempore,

471 2096 576 2136 una
609 2084 921 2152 scriptione,
953 2086 1068 2139 sine
1105 2084 1371 2153 aequitatis
1411 2084 1753 2150 detrimento,
1787 2085 2050 2141 desideria

472 2184 646 2227 veSIra
679 2175 1014 2243 supplentur,
1043 2183 1096 2229 et
1123 2173 1314 2230 eadem
1354 2174 1535 2229 charta
1573 2177 1638 2229 ad
1687 2177 2042 2233 ministerium

471 2264 763 2333 religionis,
797 2275 848 2320 et
875 2277 1123 2334 ,vestrum
1160 2266 1458 2321 destinatur
1487 2267 1550 2321 ad
1593 2268 1866 2335 gaudium.
1908 2270 2044 2325 Boni

469 2356 611 2411 enim
661 2357 916 2426 principis
965 2358 1208 2428 prazvidit
1250 2359 1547 2427 inquisitio,
1577 2360 1825 2414 servilem
1875 2375 2050 2416 asser-

469 2449 670 2506 tionem
720 2452 990 2508 innocenti
1038 2454 1285 2508 examine
1324 2468 1430 2508 non
1477 2453 1828 2523 probandam.
1857 2454 1916 2509 In
1942 2457 2050 2512 ele-

469 2543 648 2600 ctione
675 2543 819 2600 enim
850 2545 1280 2600 venerandorum
1308 2544 1547 2614 judicum
1579 2547 1694 2616 ipse
1735 2558 2048 2606 accusantes

466 2645 620 2692 extra
665 2639 909 2694 ordinem
954 2641 1168 2709 repulit,
1201 2639 1315 2709 ipse
1345 2640 1412 2696 ad
1454 2654 1608 2710 spem
1654 2643 1837 2697 retulit
1883 2659 2046 2699 accu-

467 2738 662 2786 satum.

538 2826 826 2882 Videamus
849 2835 1029 2882 tamen
1061 2827 1158 2882 ista
1188 2828 1234 2883 si
1265 2830 1400 2884 facta
1424 2837 1551 2884 sunt
1584 2847 1597 2884 :
1627 2830 1672 2884 si
1702 2831 1794 2886 Dei
1821 2832 2043 2898 inimici,

464 2919 622 2973 etiam
666 2921 866 2975 terreni
907 2921 1111 2976 domini
1143 2937 1248 2976 non
1289 2922 1466 2979 fuistis
1487 2968 1502 2992 ,
1531 2925 1656 2979 dum
1688 2926 1959 2982 Christum
1988 2937 2044 2983 et

463 3026 642 3083 regem
683 3015 838 3084 parili
871 3016 1170 3071 temeritate
1199 3017 1501 3086 despicitis,
1531 3029 1591 3087 et,
1623 3034 1759 3074 unus
1787 3021 1937 3074 vobis
1976 3021 2043 3073 ad

462 3114 743 3175 utramque
769 3110 1151 3162 contumeliam
1180 3107 1371 3163 ductus
1401 3120 1484 3165 est
1523 3111 1831 3164 criminum.
1865 3111 2045 3165 Desti-

2165 527 2346 581 rendae
2388 529 2648 597 passionis
2697 529 2988 599 penetralia
3037 531 3370 601 contigisset.
3442 533 3583 590 Ecce
3639 552 3749 593 non

2163 616 2371 674 habetis
2418 623 2470 675 in
2510 623 2653 690 regia
2699 624 3014 678 auctoritate
3055 624 3353 679 subsidium
3394 643 3406 678 :
3450 641 3576 681 ecce
3626 637 3749 697 post

2160 716 2437 772 cmleslcm
2500 719 2914 776 commotionem
2971 721 3117 790 juste
3171 738 3266 778 vos
3323 733 3379 779 et
3432 727 3750 797 principalis

2162 827 2319 881 quam
2352 813 2533 880 sperni
2563 813 2786 878 fecistis,
2819 830 3046 870 censura
3072 817 3337 885 percellit.

2234 903 2520 960 Videamus
2558 907 2601 960 si
2644 919 2893 976 superest
2917 909 3090 979 aliqua
3123 909 3192 964 de
3229 910 3460 981 regulari
3503 915 3758 983 proposi-

2162 995 2311 1052 tione
2341 997 2605 1052 defensio.
2665 1017 2684 1050 ί
2718 999 3067 1068 Visitatores,
3101 1001 3382 1071 inquiunt,
3411 1011 3464 1059 et
3491 1005 3614 1060 aliis
3647 1007 3758 1076 cpi.

2159 1090 2340 1158 scapis
2373 1091 2488 1161 ipse
2515 1091 2683 1157 dedit,
2717 1104 2771 1148 et
2794 1093 2995 1162 justum
3029 1105 3133 1162 est,
3165 1105 3224 1150 ut
3254 1097 3374 1151 facti
3409 1100 3488 1153 sui
3532 1101 3650 1171 lege
3681 1110 3758 1157 te-

2159 1194 2371 1237 neatur.
2395 1203 2413 1235 »
2451 1185 2564 1239 Non
2589 1200 2683 1240 vos
2713 1185 2764 1240 in
2793 1187 2896 1242 hoc
2928 1188 3084 1244 titulo
3111 1187 3357 1246 falsitatis
3387 1192 3601 1247 incesso
3631 1213 3642 1246 :
3669 1195 3758 1254 diu

2137 1277 2456 1345 ,mendaciis
2483 1279 2810 1334 adhaerentia
2840 1283 3002 1336 verba
3036 1298 3142 1338 non
3173 1298 3358 1354 arguo.
3393 1285 3522 1341 Dico
3553 1297 3757 1356 tamen,

2157 1369 2382 1424 latorem
2420 1370 2556 1440 juris
2600 1371 2931 1428 definitionis
2977 1390 3110 1441 suae,
3159 1376 3262 1430 nisi
3311 1378 3455 1442 velit,
3511 1380 3759 1437 temtinis

2157 1476 2262 1515 non
2303 1462 2533 1527 includi;
2558 1472 2611 1518 et
2641 1465 2741 1518 nisi
2768 1465 3015 1534 princeps
3043 1467 3233 1538 fastigii
3265 1484 3473 1523 summa
3502 1466 3778 1529 medere:

2158 1562 2262 1617 tur,
2299 1553 2497 1608 frustra
2528 1555 2592 1609 ad
2629 1556 2756 1610 illud
2788 1557 2929 1626 quod
2962 1558 3200 1622 dederit,
3232 1559 3321 1628 jus
3351 1570 3592 1617 vocatur.
3646 1563 3757 1621 Lex

2158 1647 2438 1715 probitatis
2466 1658 2519 1703 et
2541 1650 2738 1704 mentis
2765 1661 2869 1718 est,
2899 1667 3018 1719 qua:
3047 1652 3318 1709 hominem
3341 1656 3611 1712 viventem
3639 1658 3757 1716 sine

2156 1737 2277 1807 lege
2306 1740 2531 1810 castigat
2559 1759 2573 1800 :
2609 1743 2826 1812 proprie
2857 1745 3098 1801 moribus
3129 1748 3415 1816 impendit,
3445 1751 3534 1818 qui
3566 1767 3756 1807 neces-

3065 1838 3087 1870 ⁸
3115 1839 3359 1895 Aliorum
3401 1841 3537 1899 forte
3560 1844 3755 1901 homi-

2159 1938 2285 1977 num
2328 1940 2519 1980 causas
2546 1926 2688 1982 Deus
2724 1927 2958 1984 voluerit
3003 1945 3099 1999 per
3139 1929 3385 1987 homines
3421 1937 3752 1991 terminare:

2155 2015 2250 2068 sed
2284 2014 2434 2069 istius
2462 2017 2743 2085 praesulem
2782 2034 2901 2086 suo,
2936 2021 3056 2075 sine
3093 2025 3417 2092 quaastione,
3453 2029 3754 2082 reservavit

2155 2106 2401 2163 arbitrio.
2430 2108 2612 2163 Voluit
2637 2110 2776 2164 beati
2801 2111 2947 2166 Petri
2973 2115 3202 2182 apostoli
3237 2131 3582 2173 successores
3610 2118 3756 2173 ccelo

2155 2208 2356 2254 tantum
2376 2201 2571 2257 debere
2598 2203 2975 2270 innocentiam,
3001 2215 3056 2259 et
3071 2206 3412 2262 subtilissimi
3431 2210 3756 2265 discussoris

2157 2291 2394 2362 indagini
2438 2294 2745 2349 inviolatam
2797 2296 3054 2352 exhibere
3107 2301 3514 2355 conscientiam.
3574 2302 3756 2359 Nolite

2153 2386 2425 2442 aestimare
2463 2402 2556 2442 eas
2595 2389 2801 2443 animas
2841 2389 2909 2444 de
2955 2391 3359 2459 inquisitoribus
3400 2409 3506 2448 non
3549 2394 3758 2451 habere

2151 2481 2521 2549 formidinem,
2563 2499 2696 2553 quas
2737 2484 2879 2539 Deus
2921 2501 3029 2554 prie
3069 2488 3278 2542 caeteris
3317 2503 3414 2543 suo
3455 2491 3758 2546 reservavit

2151 2574 2408 2628 examini.
2455 2575 2569 2630 Non
2606 2575 2766 2632 habet
2802 2576 2944 2646 apud
2979 2578 3129 2632 illum
3169 2595 3289 2634 reus
3319 2579 3383 2635 de
3409 2580 3758 2651 allegationis

2151 2665 2325 2722 nitore
2361 2667 2690 2735 subsidium,
2731 2670 2944 2740 quando
2986 2672 3101 2740 ipso
3146 2672 3406 2727 factorum
3445 2675 3621 2728 utitur
3677 2683 3757 2730 te-

2149 2771 2252 2823 ste,
2301 2775 2408 2828 quo
2434 2743 2634 2829 judice.
2672 2761 2826 2817 Dicas
2869 2763 3118 2834 fortisan,
3164 2766 3403 2820 omnium
3450 2768 3756 2821 animarum

2149 2850 2272 2905 talis
2318 2854 2420 2907 erit
2473 2854 2524 2907 i'n
2574 2854 2662 2907 illa
2702 2854 3094 2924 disceptatione
3139 2857 3402 2912 conditio.
3450 2857 3752 2927 Replicabo

2148 2942 2239 2994 uni
2271 2943 2474 2996 dictum
2500 2961 2513 2995 :
2542 2943 2618 2997 Tu
2645 2961 2694 2998 es
2717 2945 2924 3013 Petrus,
2948 2955 2995 3000 et
3023 2963 3177 3015 super
3207 2949 3339 3002 hanc
3367 2958 3565 3015 petram
3583 2951 3754 3017 (ediﬁ-

2148 3037 2273 3088 cabo
2294 3034 2580 3091 Ecclesiant
2615 3055 2782 3093 meam
2807 3037 3021 3110 (Matth.
3045 3054 3155 3110 xvr,
3182 3041 3291 3112 18);
3321 3051 3397 3108 et,
3424 3043 3754 3113 Quwcunque

2146 3128 2358 3182 solveris
2380 3145 2529 3200 super
2554 3141 2760 3199 terram,
2784 3143 2928 3188 erunt
2945 3136 3108 3188 soluta
3128 3145 3174 3188 et
3202 3137 3254 3188 in
3271 3137 3396 3189 caelo
3419 3134 3604 3207 (Ibid.,
3625 3136 3748 3208 i9);

464 3210 620 3256 “ams
650 3203 876 3257 τιηῐῖειθε
911 3204 978 3258 ab
1010 3205 1127 3272 i950
1156 3205 1491 3274 οοηιριθηάω
1527 3207 1782 3275 ἱιιδείθηίε
1811 3209 2044 3264 conﬁnio
2067 3194 2119 3261 ο
2151 3230 2204 3274 et
2229 3236 2414 3276 rursus
2437 3233 2744 3278 sanctorum
2768 3240 2900 3280 voce
2922 3227 3231 3295 pontificum
3261 3226 3575 3297 dignitatem
3600 3228 3753 3283 sedis

467 3294 577 3348 oris
617 3296 781 3349 vestri
819 3297 978 3364 spiris
1019 3295 1302 3366 abripitur,
1333 3307 1386 3352 et
1411 3299 1475 3352 ad
1506 3299 1829 3355 incentivam
1857 3303 2045 3356 conlu-

463 3385 626 3440 Iionis
651 3396 882 3456 aptatur,
914 3389 1003 3456 qui
1036 3390 1151 3456 paci
1182 3390 1505 3445 militaturus
1532 3393 2047 3451 adveneratJnvisiS

463 3474 605 3531 beati
647 3477 888 3546 ApOstoli
932 3479 1206 3534 liminibus
1237 3480 1302 3535 ad
1335 3496 1486 3536 usum
1518 3481 1718 3539 furoris
1749 3487 1909 3540 ve5tri
1937 3487 2047 3553 jam

463 3566 673 3620 nescius
703 3567 784 3621 sui
815 3567 1132 3634 advocatur;
1163 3578 1218 3625 et
1248 3571 1375 3625 illud
1405 3573 1544 3642 quod
1574 3588 1639 3628 ex
1683 3576 1931 3630 omnibus
1962 3591 2049 3630 or-

461 3655 544 3711 bis
576 3658 882 3713 cardinibus
907 3660 1128 3716 devotos
1157 3663 1400 3727 attrahit,
1431 3665 1661 3733 positum
1695 3667 1745 3718 in
1773 3666 2048 3723 vicinitate

462 3749 738 3802 transitur.
773 3748 1134 3806 Ecclesiarum
1159 3751 1562 3809 fundamentum
1604 3754 1753 3810 adire
1783 3771 1888 3812 non
1922 3771 2048 3826 per-

460 3836 690 3892 mittitur
741 3849 1003 3896 structura
1056 3842 1337 3898 mediocris
1370 3863 1382 3896 :
1414 3854 1538 3901 tunc
1588 3861 1736 3916 spem
1785 3849 2043 3904 bonorum

460 3924 726 3982 fructuum
758 3931 988 3998 perdidit
1015 3947 1044 3986 a
1071 3933 1250 3987 radice
1280 3945 1577 4004 separatus.
1610 3939 1629 3967 ¹
1661 3937 1861 3992 Dicatis
1889 3939 2048 3995 forsi-

459 4026 566 4081 tan.
611 4021 854 4089 Apostoli
898 4022 1055 4092 genio
1104 4024 1343 4094 decerpi,
1391 4027 1437 4080 si
1481 4036 1697 4096 putatur
1743 4030 1865 4085 εωιί
1910 4032 2045 4086 civis

459 4117 722 4164 terrarum
767 4112 897 4165 locis
940 4113 1158 4168 includi.
1192 4115 1394 4170 Tamen
1452 4121 1692 4185 quamvis
1749 4122 2046 4178 benediCtio

460 4202 807 4269 poscentibus
835 4203 1029 4272 ubique
1063 4216 1358 4273 praestetur,
1393 4218 1449 4263 et
1489 4213 1668 4280 exigat
1697 4216 2037 4282 praesentiam

461 4293 711 4361 martyris
765 4293 899 4348 fides
941 4302 997 4349 et
1043 4295 1259 4352 devotio
1288 4300 1678 4368 supplicantis:
1723 4305 1907 4374 negari
1940 4320 2044 4359 non

462 4390 654 4450 potest,
685 4383 971 4454 diligentia:
1001 4387 1159 4441 natali
1190 4389 1306 4444 solo
1340 4391 1457 4459 plus
1490 4392 1669 4461 tribui,
1699 4405 1752 4449 et
1779 4397 2042 4463 majorem

462 4469 704 4526 affectum
739 4475 850 4529 loca
879 4477 1185 4545 impetrare,
1219 4478 1286 4534 de
1307 4482 1497 4550 quibus
1523 4483 1587 4536 ad
1622 4499 1851 4553 superna
1872 4496 2045 4544 trans-

464 4560 592 4617 itur.
636 4565 803 4630 Quam
847 4569 1003 4624 fidem
1042 4573 1346 4641 allegationi
1385 4577 1716 4631 curationum
1757 4581 2041 4637 multitudo
2068 4576 2122 4636 D

462 4655 571 4727 jam
605 4661 884 4728 praestitit?
910 4673 962 4717 et
992 4668 1186 4720 utimur
1219 4680 1335 4737 post
1361 4670 1693 4727 obsidionem
1725 4674 2042 4731 diabolicam

463 4751 692 4806 testibus
736 4754 846 4822 jam
898 4759 1118 4811 sanatis.
1163 4759 1287 4816 Haec
1331 4761 1455 4816 licet
1493 4778 1589 4832 per
1628 4764 2040 4835 Redemptorem

463 4852 706 4899 nostrum
755 4846 807 4900 in
853 4856 964 4903 toto
1001 4852 1131 4905 orbe
1165 4853 1505 4909 celebrentur
1537 4871 1550 4909 :
1590 4866 1673 4911 est
1711 4870 1890 4912 tamen
1937 4876 2044 4914 non

462 4936 668 4990 modica
698 4941 1029 4995 monumenti
1060 4942 1200 4997 illius
1229 4959 1320 5012 per
1347 4942 1704 5014 frequentiam
1736 4960 2044 5018 comparata

462 5030 710 5086 nobilitas
745 5051 758 5089 :
790 5037 911 5103 quia
952 5050 1050 5104 per
1093 5051 1213 5091 eum
1260 5039 1349 5106 qui
1396 5039 1670 5096 hominem
1720 5045 1943 5100 mutavit
1984 5045 2037 5099 in

463 5126 731 5195 angelum,
760 5126 1014 5183 illustrari
1043 5131 1213 5198 potuit
1243 5140 1433 5187 natura
1467 5135 1692 5191 telluris.
1731 5137 1877 5192 llanc
1908 5139 2039 5193 visi-

465 5221 617 5275 tatori
659 5228 840 5276 vestro
891 5221 1155 5278 invidistis
1203 5225 1468 5294 gratiam,
1522 5229 1852 5286 aestimantes
1915 5234 2038 5302 quia

531 5363 547 5393 ²
589 5362 766 5445 Nullis
809 5367 1067 5445 tarmen-lis
1097 5368 1384 5441 subdenda]
1425 5372 1502 5426 Ac
1530 5374 1754 5441 proinde
1795 5375 2038 5445 Symma-

461 5431 584 5507 cho,
615 5445 667 5490 et
697 5437 742 5490 si
775 5448 962 5492 contra
997 5439 1166 5507 ipsum
1206 5431 1557 5505 testarentur",
1593 5431 1993 5501 nihilobfutura
2028 5467 2039 5502 :

461 5505 582 5584 quia
611 5522 713 5560 non
748 5505 1046 5584 ignorabat,
1089 5520 1146 5564 nt
1173 5527 1294 5565 mox
1323 5513 1483 5582 dicet,
1517 5514 1902 5584 TheoderiCus,
1935 5535 2040 5571 ser-

461 5575 611 5654 uilem
639 5575 966 5654 assertionem
1001 5575 1256 5654 innocenti
1282 5575 1514 5637 examine
1553 5603 1650 5638 non
1696 5575 2034 5654 probandam.

462 5644 536 5768 :3?
574 5649 704 5717 regii
747 5653 995 5721 praecepti
1025 5653 1273 5709 invidiam
1317 5655 1412 5711 hac
1443 5657 1602 5712 etiam
1635 5644 1864 5727 in'parte
1891 5675 2039 5714 auio—

484 5731 607 5768 tur.

484 5725 607 5771 illll'.

530 5786 551 5818 ³
580 5785 780 5844 Dicam
803 5791 1050 5865 forsitan]
1079 5796 1249 5853 Locus
1283 5797 1503 5868 ins’guis
1528 5798 1592 5853 ad
1627 5814 1719 5855 eos
1750 5801 2032 5858 revincen-

2148 3311 2264 3380 ejus
2290 3313 2482 3368 factam
2509 3322 2624 3370 toto
2651 3315 2782 3371 orbe
2813 3317 3199 3382 venerabilem,
3230 3317 3356 3371 dum
3388 3319 3460 3372 illi
3488 3317 3754 3388 quidquid

2151 3401 2388 3457 fidelium
2417 3415 2518 3474 est,
2550 3407 2747 3474 ubique
2772 3407 3123 3473 submittitur,
3153 3407 3278 3463 dum
3313 3410 3474 3464 totius
3499 3410 3751 3478 corporis

2149 3505 2308 3564 caput
2338 3512 2458 3552 esse
2486 3497 2795 3569 designatur
2826 3517 2844 3566 ;
2873 3501 2940 3555 de
2971 3516 3072 3570 qua
3114 3501 3246 3556 mihi
3290 3501 3505 3558 videtur
3541 3501 3750 3557 dictum

2150 3603 2247 3658 per
2275 3591 2590 3660 prophetam
2621 3610 2634 3644 :
2668 3592 2730 3648 Si
2759 3595 2866 3648 hazc
2894 3595 3218 3662 humiliatur,
3262 3596 3330 3649 ad
3359 3597 3510 3667 cujus
3541 3598 3751 3667 fugietis

2148 3679 2423 3748 auxilium,
2456 3693 2503 3738 et
2551 3684 2638 3738 ubi
2675 3686 2969 3756 relinquetis
2999 3688 3219 3756 gloriam
3252 3696 3474 3743 vestram
3502 3687 3661 3758 (Isai.
3690 3703 3747 3758 ι,

2149 3772 2245 3844 5)?

2218 3866 2356 3934 Quid
2381 3867 2424 3922 si
2454 3859 2727 3923 immunda
2753 3869 2884 3924 mihi
2918 3869 3056 3924 labia
3081 3869 3319 3937 habenti,
3345 3866 3399 3927 et
3425 3871 3594 3926 nullis
3624 3885 3748 3926 suc-

2147 3959 2293 4014 censi
2316 3960 2588 4026 carbonis,
2621 3970 2677 4015 ut
2701 3960 2852 4016 Isaiae
2877 3977 3189 4019 concessum
3217 3972 3318 4028 est,
3351 3964 3509 4018 undis
3537 3965 3745 4029 abluta,

2146 4049 2321 4118 ipsum
2350 4050 2417 4106 ad
2451 4053 2810 4119 possessionis
2840 4069 2951 4108 suae
2985 4055 3181 4111 tuenda
3213 4055 3492 4125 privilegia
3523 4054 3749 4112 Petrum

2147 4143 2450 4210 apostolum
2497 4144 2684 4200 liceret
2729 4161 2977 4213 evocare,
3027 4156 3082 4202 et
3127 4147 3268 4218 quod
3317 4148 3427 4218 agit
3467 4147 3748 4216 precibus,

2149 4235 2380 4289 humana
2412 4249 2548 4290 voce
2577 4235 2927 4306 loqueretur?
2957 4249 3114 4309 quem
3143 4243 3185 4292 si
3214 4239 3492 4300 audiretis,
3527 4237 3630 4292 hoc
3659 4238 3750 4292 di-

2149 4338 2295 4382 ceret
2321 4345 2333 4379 :
2366 4326 2496 4381 Filii
2521 4327 2808 4398 hominum,
2838 4346 3097 4400 usquequo
3127 4347 3304 4401 graves
3326 4332 3588 4384 corde?ut
3617 4332 3751 4400 quid

2147 4421 2362 4492 diligitis
2387 4423 2658 4476 vanitatem
2679 4433 2726 4477 et
2750 4424 2979 4493 quwritis
3005 4425 3327 4478 mendacium
3345 4427 3370 4478 ?
3394 4424 3592 4479 Scitote
3615 4440 3749 4493 quo-

2149 4515 2287 4567 niam
2319 4515 2608 4582 miri/icavit
2637 4516 2886 4570 Dominus
2911 4528 3144 4570 sanetum
3167 4534 3313 4571 suum
3343 4516 3516 4588 (Psal.
3550 4529 3628 4582 tv,
3659 4516 3744 4588 3).

2145 4608 2284 4674 Quid
2330 4611 2563 4664 stabilita
2605 4610 2804 4665 Christi
2850 4613 3101 4667 manibus
3145 4614 3340 4681 cupitis
3391 4611 3749 4668 fundamenta

2145 4700 2440 4755 subruere?
2470 4701 2597 4770 quid
2626 4717 2818 4756 canum
2844 4703 3208 4772 possessionis
3230 4705 3447 4773 genium
3481 4702 3628 4757 illius
3651 4702 3749 4772 qui

2146 4806 2243 4860 per
2281 4790 2468 4860 culpas
2511 4792 2833 4860 iuvenescit,
2878 4794 3047 4848 ariete
3088 4793 3335 4863 pulsatis,
3381 4802 3437 4847 ct
3473 4792 3750 4850 divisione

2145 4883 2499 4939 ecclesiastici
2529 4887 2706 4955 gregis
2741 4887 2894 4940 novis
2934 4900 3023 4941 me
3050 4895 3105 4940 et
3133 4895 3254 4955 past
3282 4900 3500 4941 carnem
3531 4887 3748 4955 passio-

2147 4977 2306 5033 nibus
2349 4978 2680 5048 subjugatis?
2740 4979 3037 5034 lnauditum
3093 4979 3358 5048 sacrilegii
3406 4994 3576 5050 genus
3631 4988 3744 5048 est,

2145 5069 2285 5139 quod
2311 5072 2550 5125 mentitae
2575 5071 2851 5141 religionis
2874 5071 3081 5126 honore
3100 5072 3354 5126 coloratis
3381 5089 3393 5122 :
3418 5070 3746 5126 dehonestat

2145 5163 2437 5218 Venerandi
2471 5165 2828 5219 reverentiam
2859 5165 3114 5232 nominis,
3147 5165 3240 5234 qui
3269 5163 3568 5233 adiutorem
3596 5179 3656 5218 se
3686 5163 3746 5219 in

2146 5253 2228 5309 his
2257 5269 2374 5325 quae
2403 5256 2457 5311 in
2485 5255 2650 5310 Deum
2690 5255 2856 5326 iactat
2882 5255 3202 5322 commissa,
3235 5255 3544 5326 pollicetur.
3595 5254 3745 5310 Con-

2148 5388 2246 5442 dos
2277 5390 2470 5457 quibus
2509 5405 2783 5446 sacrorum
2825 5391 2984 5446 hodie
3015 5391 3281 5457 locorum,
3309 5407 3483 5460 neque
3511 5392 3579 5447 ad
3610 5404 3740 5449 vota

2146 5467 2202 5512 et
2235 5476 2423 5526 preces
2453 5462 2837 5531 concipiendas
2856 5503 2869 5527 ,
2904 5478 3079 5532 neque
3107 5463 3173 5516 ad
3199 5463 3440 5518 caelestia
3469 5464 3738 5521 beneficia

2149 5533 2552 5600 consequenda,
2588 5535 2791 5600 nullum
2819 5541 2900 5588 est
2927 5534 3240 5588 discrimen.

2215 5600 2236 5630 ³
2267 5595 2498 5677 Aliorum
2538 5595 2675 5673 'forie
2715 5605 2978 5677 hominum
3021 5603 3222 5675 causas]
3279 5604 3345 5677 Et
3392 5604 3477 5660 hic
3521 5621 3738 5677 quoque

2143 5670 2368 5726 illustris
2411 5683 2494 5746 est
2539 5670 2687 5729 locus
2736 5677 2800 5730 de
2849 5675 3079 5744 primatu
3121 5670 3316 5731 summi
3356 5670 3736 5746 pontificis,“

2141 5745 2489 5813 prterogativa
2521 5746 2663 5802 sedis
2686 5747 3026 5818 apostolicae.‘
