3974 6366
452 300 557 357 ἳεῦ

1575 284 1843 351 ΕΝΝυυιι
1891 295 2187 351 EPISCOPI
2233 295 2604 350 'flCINENSlS

3594 304 3698 358 εξοι

454 428 629 469 vester
660 414 785 467 ntihi
829 412 1070 467 militavit
1100 424 1370 464 assensus.
1422 410 1620 463 Deinde
1645 425 1744 464 cur
1773 411 1821 463 in
1856 410 2028 479 perni-
2061 416 2104 471 Α
2137 410 2254 474 bus,
2285 412 2371 478 qui
2419 407 2815 463 ventilationem
2866 408 3101 476 ipsorum
3134 407 3411 477 multiplici
3458 401 3525 455 ad
3564 415 3719 457 aures

457 511 593 562 ciem
626 517 858 560 vestram
893 503 1081 556 lteditis
1116 500 1447 555 sacerdotale
1487 502 1809 555 concilium?
1838 516 1933 555 cur
1963 503 2035 554 la-

455 601 649 655 ceratis
679 596 993 651 sententiam
1036 593 1089 647 in
1118 608 1220 661 qua
1250 592 1547 661 inspirante
1577 593 1793 647 Christo
1822 594 2033 645 oracula

457 705 685 760 superna
737 693 1041 756 patuerunt,
1088 692 1145 738 et
1196 684 1333 738 inter
1380 685 1543 738 Deum
1588 695 1746 752 atque
1796 684 2036 736 homines

459 783 721 849 interpres
759 776 963 832 exstitit
1003 776 1178 845 lingua
1218 774 1564 843 pontiﬁcum?
1602 774 1727 842 quid
1772 773 2036 839 generalis

462 870 713 926 Ecclesia:
744 868 986 922 dolorem
1017 866 1215 931 facitis,
1251 865 1493 934 quamvis
1530 863 1582 918 itt
1616 863 1922 933 principali,
1957 870 2034 915 ta-

461 979 581 1018 men
612 963 662 1016 itt
692 977 794 1015 una
824 959 1207 1014 commissum?
1239 958 1328 1011 Illa
1358 958 1497 1011 enim
1527 956 1649 1011 cceli
1673 955 1840 1017 curia,
1869 954 2041 1006 varia-

461 1070 577 1109 rum
607 1053 819 1108 dotibus
849 1065 1002 1105 aucta
1034 1050 1317 1114 curulium,
1351 1056 1406 1104 et
1446 1047 1618 1101 multo
1668 1043 2042 1113 Redemptoris

462 1144 632 1198 nostri
675 1156 808 1196 auro
860 1151 1112 1210 ostroque
1150 1139 1422 1201 decorata.
1456 1137 1584 1192 nihil
1628 1136 1679 1190 in
1723 1136 1808 1189 illa
1840 1135 2043 1187 discus-

460 1236 612 1289 sione
650 1242 869 1288 auctore
907 1248 967 1286 se
1004 1232 1266 1300 protulit:
1299 1229 1394 1284 sed
1435 1244 1529 1298 per
1567 1228 1812 1281 humana:
1853 1227 2045 1292 lingua:

465 1327 823 1381 ministerium
853 1324 1034 1378 divino
1066 1322 1309 1375 militavit
1340 1320 1584 1390 imperio.
1639 1318 1899 1372 lntellexit
1942 1331 2044 1368 non

462 1432 582 1472 esse
610 1432 787 1482 suum,
815 1414 1070 1484 quidquid
1105 1413 1329 1479 impulsa
1360 1411 1635 1465 constituit
1671 1428 1681 1462 :
1726 1408 1857 1462 nihil
1891 1408 2049 1460 habet

464 1508 519 1563 in
551 1508 638 1563 illa
667 1506 954 1570 sententia,
984 1504 1084 1558 nisi
1114 1503 1255 1558 unde
1281 1502 1348 1556 de
1373 1503 1488 1556 sola
1515 1501 1796 1555 devotione
1817 1498 2006 1568 gratult
2025 1524 2049 1535 -

465 1611 553 1655 tur
576 1617 590 1653 :
618 1599 952 1669 peregrinum
978 1597 1147 1667 stylus
1171 1595 1339 1649 sensit
1361 1593 1654 1662 eloquium,
1684 1591 1806 1646 inde
1830 1604 2047 1644 sumens

465 1689 633 1744 solam
673 1688 917 1757 gloriam,
959 1685 1096 1755 quod
1141 1685 1309 1737 infusa
1355 1683 1454 1736 sibi
1492 1681 1727 1736 servavit
1764 1690 1816 1733 et
1860 1678 2043 1732 coluit.

2143 511 2381 570 posteras
2422 500 2677 554 relatione
2720 500 3049 553 transmittit.
3106 497 3257 553 Beati
3318 498 3465 553 Pauli
3525 502 3610 549 est
3637 510 3720 550 se-

2141 593 2345 663 qucnda
2369 594 2653 656 sententia,
2677 592 2765 661 qui
2795 602 2973 647 monet
3002 606 3095 662 per
3127 592 3445 660 discipulum
3474 603 3714 644 cunctos.

2144 692 2199 737 et
2242 684 2436 737 clamat
2465 699 2479 735 :
2512 681 2701 735 Inanes
2732 682 3030 752 quastiones
3069 683 3198 735 evita
3231 679 3318 752 (II
3347 679 3480 732 Tim.
3515 694 3573 742 tt,
3603 677 3717 745 25).

2139 774 2301 828 Multa
2329 774 2470 829 enim
2513 782 2636 828 sunt
2678 773 2728 825 in
2759 771 3214 841 propositionibus
3250 771 3464 830 vestris,
3506 784 3624 837 qua».
3654 768 3722 819 ita

2143 864 2422 918 feculcntis
2457 864 2592 916 ulnis
2625 862 2876 928 peccandi
2921 876 3070 915 amor
3107 862 3466 929 amplectitur,
3511 868 3566 912 ut
3600 859 3724 910 liaut

2142 955 2357 1023 indigna
2407 965 2701 1010 tne‘noratu
2732 970 2744 1005 :
2781 955 2929 1023 plura
2982 954 3165 1006 levitas
3213 952 3553 1014 dehonestat,
3601 952 3726 1002 dum

2144 1045 2421 1099 subductis
2460 1045 2824 1099 eviscerantnr
2871 1046 3030 1098 verba
3073 1055 3248 1098 vestra
3294 1043 3645 1112 ponderibus,
3676 1052 3729 1095 et

2146 1135 2212 1190 de
2261 1134 2533 1205 religionis
2585 1136 2759 1189 causis
2806 1136 3038 1189 elocutio
3094 1143 3315 1188 ventosa
3365 1133 3730 1201 componitur,

2147 1227 2293 1280 auris
2321 1241 2609 1295 congruam
2640 1228 2826 1281 sortita
2858 1228 3169 1294 gravitatem
3199 1244 3209 1278 :
3235 1240 3353 1295 qua:
3380 1226 3430 1278 in
3460 1224 3731 1293 palearum

2149 1319 2475 1372 abundantia
2518 1318 2650 1372 nihil
2680 1331 2760 1372 est
2792 1319 2998 1372 horreis
3043 1319 3253 1372 illatura
3285 1318 3353 1371 de
3378 1318 3579 1379 tritico,
3605 1316 3732 1368 dum

2155 1410 2492 1465 infecundam
2532 1409 2769 1477 frugibus
2798 1412 3094 1464 culmorum
3137 1409 3361 1476 parturit
3409 1409 3732 1468 ubertatem,

2151 1514 2205 1559 et
2234 1520 2384 1574 spem
2432 1504 2499 1559 de
2530 1503 2711 1559 herbae
2760 1504 2967 1557 luxuria
3018 1502 3275 1557 mentitur
3322 1500 3571 1570 agricolis
3614 1517 3626 1550 :
3671 1499 3735 1551 de

2151 1596 2343 1665 quibus
2374 1594 2503 1648 nihil
2548 1595 2677 1649 lucri
2711 1594 3005 1647 ventilabra
3054 1591 3357 1661 reperiunt,
3397 1590 3505 1660 igni
3530 1590 3735 1651 debita,

2153 1684 2505 1752 incendioque
2549 1684 2782 1753 perituta
2824 1700 2837 1735 ;
2884 1683 2951 1737 de
2985 1683 3068 1737 his
3123 1682 3386 1752 sctiptum
3414 1690 3496 1734 est
3530 1697 3542 1730 :
3602 1678 3735 1730 Dor-

466 1780 601 1849 Quid
633 1780 716 1834 bis
753 1780 820 1834 de
848 1778 1108 1846 exemplis
1138 1775 1458 1844 evangelicis
1486 1773 1821 1844 praeparastis
1850 1771 2049 1825 calum-
2080 1764 2126 1822 Β
2153 1777 2372 1829 inierunt
2402 1777 2493 1828 riri
2522 1791 2755 1828 somnum
2784 1792 2965 1837 suum,
2997 1784 3042 1827 ct
3073 1772 3199 1827 nihil
3238 1775 3528 1826 invenerunt
3565 1769 3737 1839 (Psal.

469 1871 653 1926 niam?
714 1870 852 1923 sicut
895 1868 961 1922 de
1008 1868 1159 1920 vobis
1196 1868 1449 1932 scriptum
1487 1877 1609 1918 eSt:
1649 1862 1954 1915 Erraverunt
1994 1861 2047 1913 in

467 1963 724 2024 ebriefate,
759 1960 1037 2013 nescierunt
1082 1957 1350 2019 videntem,
1397 1956 1753 2024 ignoraverunt
1791 1952 2049 2021 judicium

468 2052 620 2122 (Isa‘.
651 2065 832 2115 xxvut,
864 2049 940 2119 7).
990 2047 1118 2101 Nam
1151 2047 1277 2099 dtttn
1311 2044 1545 2112 profanis
1577 2052 1898 2095 memoratos
1929 2055 2049 2093 ver-

458 2143 552 2197 bis
580 2139 805 2203 eteditis,
838 2147 892 2193 et
921 2136 1181 2192 inscitiam
1216 2134 1438 2204 proditis
1462 2143 1511 2186 et
1538 2132 1778 2186 livorem.
1808 2131 1895 2184 lsti
1925 2145 2050 2198 ergo

468 2228 917 2286 resurrectionem
962 2227 1202 2296 corporis
1247 2240 1403 2293 quam
1437 2223 1743 2292 pradicant.
1790 2237 1893 2274 non
1936 2236 2052 2275 cre-

469 2325 679 2387 dentes,
726 2320 992 2374 ha'reticis
1038 2333 1096 2373 se
1137 2318 1399 2371 miscuere
1443 2314 1742 2382 contagiis?
1775 2314 1860 2367 lsti
1910 2313 2051 2381 quod

470 2414 720 2483 abjurant
748 2410 964 2480 linguis,
996 2408 1158 2463 corde
1187 2405 1500 2462 sectantur?
1534 2408 1548 2436 ‘
1583 2406 1723 2473 Ergo
1750 2406 1872 2474 quia
1902 2405 2050 2457 dixe-

468 2513 618 2571 runt,
641 2520 764 2559 eum
798 2502 1091 2557 timendum
1121 2515 1240 2556 esse
1265 2500 1355 2570 qui
1385 2510 1555 2569 potest
1585 2514 1777 2567 corpus
1814 2500 2055 2553 occidere

472 2604 529 2650 et
550 2596 783 2649 animam
815 2594 1029 2649 mittere
1069 2594 1120 2646 in
1157 2594 1490 2661 gehennam;
1520 2592 1638 2645 ideo
1681 2606 1710 2644 a
1743 2591 1843 2645 fide
1879 2591 2053 2645 aliena

471 2683 797 2739 texuerunt?
842 2696 968 2737 ecce
1001 2680 1315 2750 profundam
1345 2680 1684 2748 imperitiam.
1733 2679 1809 2732 En
1842 2679 2053 2733 beatum

472 2776 673 2831 Lucam
695 2764 848 2843 cujus
872 2774 1095 2842 potestis
1117 2771 1413 2826 assertione
1437 2771 1701 2837 convinci,
1728 2772 1816 2840 qui
1842 2771 2052 2823 clamat:

471 2869 665 2922 Timete
693 2884 806 2922 eum
831 2867 920 2937 qui
944 2876 1213 2936 postquam
1237 2865 1471 2918 occiderit
1502 2881 1707 2935 corpus,
1739 2864 1885 2918 habet
1910 2875 2051 2934 pote-

471 2969 652 3012 statem
694 2958 919 3011 animam
970 2957 1167 3011 mittere
1210 2957 1263 3009 in
1306 2956 1587 3025 gehennam
1629 2954 1783 3023 (Luc.
1834 2970 1935 3019 xtt,
1975 2952 2053 3021 5).

471 3047 601 3113 Quis
630 3046 716 3102 hic
746 3047 894 3101 locus
935 3046 1157 3112 erroris,
1206 3045 1292 3099 ubi
1339 3046 1688 3112 congruentia
1734 3045 1851 3112 pari
1894 3044 2053 3097 ductu

2152 1881 2310 1932 Lxxv,
2339 1865 2418 1935 6).
2450 1864 2589 1919 NtltJ
2619 1874 2722 1928 est,
2752 1864 3035 1927 carissimi,
3071 1879 3198 1931 pace
3229 1863 3457 1923 dulcius.
3488 1862 3530 1914 si
3560 1871 3739 1914 tamen

2151 1971 2397 2026 saporem
2429 1956 2546 2025 ejus
2575 1972 2680 2009 non
2714 1956 2925 2024 plenum
2956 1955 3314 2008 amaiitudine
3342 1963 3527 2022 pectus
3558 1952 3740 2006 exclu-

2154 2048 2266 2102 dat.
2336 2048 2640 2102 Breviorem
2689 2046 2904 2116 quidem
2956 2045 3371 2099 admonitionem
3419 2044 3741 2105 debueram,

2153 2154 2225 2208 qu
2246 2154 2316 2193 2m
2350 2140 2616 2208 prolixam
2641 2153 2743 2192 non
2770 2152 2936 2205 parva
2964 2139 3127 2191 vestri
3166 2135 3546 2200 consideratio,
3574 2144 3630 2188 et
3652 2135 3743 2188 diu

2154 2230 2209 2284 in
2238 2230 2392 2289 vobis
2429 2229 2618 2297 jnrgiis
2657 2229 2954 2282 exercitata
3001 2228 3147 2282 frons
3180 2227 3416 2293 protulit.
3480 2226 3619 2280 Usus
3662 2235 3743 2279 est

2155 2323 2316 2372 mtt'ta
2352 2328 2683 2386 peccantum,
2717 2319 2899 2372 stricta
2929 2317 3247 2371 allocutione
3279 2332 3382 2370 non
3410 2315 3608 2383 corrigi
3644 2333 3657 2367 :
3692 2326 3745 2370 et

2155 2408 2469 2463 eﬂ'usionetn
2514 2408 2751 2476 plutinti,
2794 2424 2952 2476 quam
3005 2409 3056 2461 itt
3088 2408 3297 2461 delictis
3334 2406 3656 2471 habuerunt,
3693 2408 3746 2460 in

2159 2501 2441 2555 monitoris
2484 2501 2822 2554 sermonibus
2862 2500 2999 2554 hanc
3033 2502 3329 2568 requirunt.
3374 2501 3457 2554 Me
3487 2502 3619 2553 satis
3662 2511 3747 2555 cst

2157 2602 2212 2648 et
2239 2592 2526 2662 diligentiae
2556 2602 2767 2661 vestrae,
2795 2601 2848 2647 et
2868 2593 3031 2661 ju~sis
3058 2594 3369 2647 coelestibus
3398 2593 3743 2648 obsecutum.

2159 2686 2216 2740 In
2257 2686 2338 2739 his
2376 2700 2497 2754 quae
2540 2694 2789 2739 secutura
2836 2692 2977 2748 sunt,
3028 2686 3202 2738 locum
3253 2686 3593 2741 sermonibus
3636 2703 3748 2740 non

2162 2777 2454 2847 relinquam
2495 2795 2507 2829 :
2543 2777 2664 2845 quia
2692 2777 2810 2830 hcee
2847 2775 3054 2841 tefero;
3103 2777 3282 2830 mundi
3322 2787 3481 2845 caput
3516 2777 3748 2830 Romam

2159 2884 2255 2938 per
2278 2876 2485 2923 vestras
2517 2868 2841 2921 intentiones
2870 2882 2991 2922 esse
3022 2876 3365 2933 prostratam,
3395 2875 3449 2922 et
3476 2867 3750 2921 nutricem

2162 2959 2419 3029 pontiﬁcii
2465 2959 2815 3023 cathedram,
2862 2960 3014 3028 quasi
3060 2961 3301 3013 u'timum
3348 2960 3530 3015 videre
3574 2960 3751 3014 sedile

2159 3056 2487 3122 despectam.

471 3134 702 3202 exempli
734 3142 787 3187 et
811 3132 1050 3186 historia:
1078 3134 1240 3186 verba
1270 3140 1625 3193 concorrunt;
1662 3146 1757 3185 nec
1784 3130 2055 3185 diversum
2086 3125 2131 3186 C
2235 3142 2395 3209 Cujus
2443 3156 2629 3194 vocem
2684 3142 2867 3193 beatus
2914 3140 3112 3193 Paulus
3163 3141 3409 3208 excepit,
3442 3151 3495 3195 et
3527 3140 3612 3194 i’la
3642 3158 3750 3210 qua

472 3233 558 3279 est
595 3224 663 3277 ab
692 3223 967 3277 intellectu
1007 3222 1295 3285 catholico,
1338 3231 1393 3275 et
1426 3222 1741 3275 lectionibus
1768 3222 1906 3292 quod
1938 3236 2060 3291 pro-

474 3314 683 3368 fertur?
751 3312 1027 3380 Nunquam
1079 3313 1213 3366 bene
1259 3311 1428 3365 nodus
1474 3312 1526 3364 in
1570 3313 1746 3380 scirpo
1775 3313 2057 3380 quarritur:

475 3420 583 3461 non
614 3406 836 3458 involvit
863 3404 1053 3459 nebula
1081 3403 1380 3471 praedicata;
1414 3402 1544 3456 lucis
1574 3412 1840 3458 auctores.
1870 3403 2063 3458 Resur-

466 3498 773 3551 -rectioncm
828 3511 954 3563 ergt
1008 3494 1186 3547 carnis
1245 3510 1348 3547 non
1409 3494 1663 3556 credunt,
1724 3494 1845 3562 quia
1907 3509 2062 3563 posse

478 3602 676 3655 corpus
704 3585 1023 3640 conﬁtentur
1068 3585 1277 3639 occidi?
1300 3585 1421 3653 quia
1454 3584 1803 3652 peccatricem
1831 3585 2059 3637 animam

478 3678 739 3747 gehennae
791 3677 1120 3746 mancipari?
1164 3677 1352 3729 Densis
1404 3692 1497 3729 cor
1540 3688 1771 3730 vestrum
1814 3677 2062 3743 vepribus

478 3772 787 3835 suffocatur,
834 3782 889 3826 et
940 3772 1148 3825 interna
1199 3758 1322 3823 vitia
1371 3768 1490 3822 aliis
1540 3778 1710 3822 certat
1769 3769 2060 3823 ascribere.

479 3867 501 3895 ²
524 3863 741 3919 Joannis
775 3863 934 3918 etiam
974 3861 1198 3929 apostoli
1226 3861 1442 3930 jactatis
1476 3863 1674 3929 scripta
1706 3860 1911 3926 violari,
1941 3861 2061 3929 quia

472 3969 545 4009 ex
576 3954 753 4007 vetbis
785 3952 899 4021 ejus
930 3952 1124 4005 dictum
1158 3959 1241 4004 est
1268 3968 1280 4001 :
1312 3949 1373 4004 Si
1402 3952 1632 4003 dicamus
1662 3950 1783 4018 quia
1805 3960 2064 4015 peccatum

479 4061 583 4098 non
602 4042 865 4105 habemus,
896 4041 1160 4093 mendaces
1189 4056 1388 4103 sumus,
1419 4051 1465 4091 et
1495 4041 1677 4093 veritas
1708 4042 1758 4092 in
1790 4042 1933 4093 nobis
1965 4058 2064 4093 non

480 4144 554 4188 est
588 4131 640 4203 (Ι
662 4133 817 4185 Joan.
844 4144 881 4191 ι,
916 4132 996 4199 8).
1032 4131 1104 4183 De
1132 4130 1375 4183 codicum
1408 4130 1715 4184 diversitate
1744 4132 1814 4183 nil
1843 4147 2061 4199 queror.

482 4225 607 4278 Ideo
649 4238 777 4291 ergo
817 4230 1065 4290 corrupta
1108 4229 1232 4275 sunt
1266 4221 1498 4289 apostoli
1545 4222 1763 4285 monita,
1798 4223 1916 4290 quit
1962 4240 2067 4276 non

481 4317 793 4384 junxerunt.
847 4311 959 4365 Nos
997 4312 1137 4381 ipsos
1164 4312 1460 4381 decipimus,
1508 4322 1559 4366 et
1613 4312 1734 4381 quia
1776 4314 2065 4381 junxerunt

483 4406 751 4459 mendaces
780 4405 993 4457 sumus?
1032 4403 1146 4457 Non
1179 4405 1350 4455 solum
1382 4404 1605 4470 divime,
1637 4405 1730 4457 sed
1774 4405 1934 4458 etiam
1968 4406 2065 4458 lt-u-

2161 3248 2373 3300 semper
2417 3247 2548 3285 usus
2588 3241 2669 3285 est
2713 3232 2909 3298 eloquii
2957 3232 3183 3284 intoouit
3213 3233 3496 3285 libertate:
3529 3245 3753 3300 aposut-

2162 3323 2332 3377 lorum
2375 3323 2667 3390 principem
2712 3321 2942 3375 lenitatis
2982 3320 3286 3385 incessens,
3329 3323 3467 3389 quod
3500 3321 3669 3375 ﬂuxis
3701 3334 3753 3376 et

2166 3416 2456 3484 pgollgatis
2503 3415 2771 3468 mentibus
2825 3416 3060 3482 parentis
3108 3414 3281 3467 adhuc
3322 3424 3563 3468 Servaret
3616 3414 3754 3469 υσεδ

2164 3517 2307 3559 etum
2342 3524 2352 3557 :
2382 3521 2478 3559 nec
2508 3507 2557 3557 in
2584 3505 2899 3573 profundunt
2923 3501 3095 3558 ductis
3123 3504 3391 3557 ulceribus
3416 3505 3556 3558 ferro
3579 3505 3756 3558 medi-

2163 3606 2317 3650 cante
2342 3604 2676 3649 succurreret
2692 3596 3042 3648 rescindenda
3065 3596 3264 3649 docens
3287 3596 3515 3648 lanienis
3537 3609 3757 3649 secreta

2164 3687 2471 3740 mothornm
2500 3726 2515 3751 ,
2566 3695 2619 3740 et
2666 3687 2957 3740 manifestae
3007 3686 3366 3754 desperatioai
3415 3688 3526 3739 salu
3558 3687 3756 3739 iz'erum

2167 3792 2287 3831 esse
2316 3778 2507 3831 vulnus
2534 3778 2889 3831 adhibendum
2927 3795 2938 3829 :
2968 3793 3033 3831 ne
3064 3780 3184 3829 dum
3218 3792 3405 3829 manus
3438 3777 3629 3831 medici
3661 3795 3713 3842 pi
3737 3794 3758 3830 r

2164 3870 2413 3937 pietatem
2444 3886 2469 3919 a
2504 3870 2743 3923 sectione
2776 3869 2953 3921 carnis
2984 3877 3247 3937 corrupta:
3278 3869 3645 3938 su~penditur,
3690 3872 3761 3923 de.

2165 3960 2485 4014 abstinentia
2528 3962 2616 4014 teli
2659 3962 2911 4013 invitetur
2948 3961 3171 4014 exitium
3210 3978 3221 4014 :
3255 3963 3375 4029 quia
3418 3961 3542 4014 dttnt
3579 3964 3760 4030 parcit

2165 4050 2323 4116 (agris
2351 4049 2575 4111 dextera
2606 4090 2620 4113 ,
2653 4050 2918 4103 curandos
2964 4051 3244 4115 interficit;
3297 4067 3394 4104 nec
3425 4054 3641 4120 grandis
3676 4063 3761 4105 09‘

2166 4141 2487 4205 differentia,
2517 4150 2692 4195 utrum
2723 4142 2920 4196 letbum
2947 4143 3162 4202 inferas,
3188 4159 3251 4195 an
3276 4144 3527 4195 admittas
3562 4159 3575 4195 :
3610 4160 3721 4197 mm
3741 4174 3762 4184 -

2168 4243 2273 4287 tem
2308 4234 2673 4304 languent'bus
2697 4276 2711 4299 ,
2744 4237 2831 4305 qui
2870 4251 2986 4288 cum
3032 4236 3195 4303 possit
3234 4252 3335 4287 ton
3368 4236 3644 4299 excludit,
3682 4242 3765 4287 in-

2169 4324 2322 4377 ﬂixit.
2379 4326 2469 4377 llis
2513 4340 2639 4390 ergo
2680 4326 2933 4379 :vdversus
2970 4342 3063 4379 eos
3107 4329 3212 4379 oris
3248 4328 3464 4394 januam
3508 4328 3765 4395 patefecit

2169 4415 2439 4484 allttqttiis.

486 4509 661 4549 mane
709 4494 929 4548 rationis
984 4493 1152 4563 ignari
1179 4533 1193 4558 ,
1252 4494 1341 4562 qui
1395 4495 1672 4548 veritatem
1732 4511 1836 4549 nott
1886 4496 2067 4564 habet,
2097 4486 2146 4546 D
2249 4506 2424 4559 omni;
2460 4508 2545 4575 qui
2570 4508 2805 4576 judicas,
2838 4508 2889 4559 in
2915 4523 3012 4566 quo
3043 4509 3201 4560 alium
3226 4508 3435 4579 judicas
3458 4553 3470 4574 ,
3506 4519 3552 4559 te
3585 4510 3768 4575 ipsum

488 4585 717 4639 mendax
743 4594 890 4638 recte
909 4594 1157 4638 censetur
1190 4602 1201 4637 :
1233 4600 1331 4638 nec
1352 4586 1452 4637 alia
1481 4602 1539 4639 re
1569 4586 1668 4639 nisi
1700 4587 1929 4641 falsitate
1959 4588 2071 4656 ple-

486 4691 588 4730 nus
619 4684 720 4742 est,
746 4674 833 4743 qui
864 4674 1169 4741 integritate
1196 4690 1391 4728 vacuus
1418 4676 1720 4729 innotescit.
1750 4676 1855 4731 Sed
1880 4678 1995 4732 haec
2021 4682 2071 4731 in

487 4766 641 4820 vobis
680 4780 785 4819 non
814 4765 1050 4819 curatth
1085 4776 1208 4819 sunt
1239 4768 1427 4836 linguae
1466 4767 1728 4833 oratione,
1772 4769 1863 4823 sed
1901 4770 2071 4837 genii-

488 4866 635 4910 tuum
671 4872 682 4907 ε
720 4870 818 4909 nec
850 4859 1016 4923 magis
1043 4866 1167 4908 sunt
1193 4858 1343 4911 vobis
1372 4858 1672 4912 exhibenda
1702 4860 1888 4927 verba,
1914 4876 2071 4927 quam

492 4950 750 5019 lacrymae
786 4964 798 4999 :
830 4947 949 5017 quia
997 4947 1195 5015 liquido
1244 4963 1440 5004 nocens
1484 4960 1587 5017 est,
1633 4950 1722 5020 qui
1773 4952 2068 5007 insontibus

488 5049 580 5095 aut
609 5039 856 5096 meritum
887 5039 1187 5108 culpabilis,
1220 5052 1310 5096 aut
1348 5058 1541 5095 nomen
1576 5044 1816 5113 opponit.
1850 5046 2066 5113 lteliqua

490 5131 849 5201 objectionum
876 5141 1177 5184 vestrarum
1202 5132 1372 5199 capita
1396 5147 1498 5186 non
1524 5134 1823 5188 revolvam:
1854 5144 2071 5201 praestat

491 5223 707 5281 silentio
733 5220 1032 5279 damnanda
1061 5223 1293 5290 sepeliri.
1344 5222 1679 5279 Nobilitatem
1710 5227 1800 5279 dat
1826 5227 1889 5280 fat
1910 5228 2071 5282 inori-

567 5359 585 5388 ¹
616 5355 753 5425 Ergo
781 5355 900 5422 quia
931 5350 1186 5421 dixerunt]
1211 5351 1380 5425 Verba
1410 5354 1597 5423 synodi
1634 5372 1645 5407 :
1675 5358 1919 5410 Senatum
1959 5376 2068 5410 ant-

496 5428 778 5496 plissimum
822 5434 1074 5496 monentes
1117 5424 1717 5496 etgittstruentescausas
1762 5429 1851 5480 Dei
1906 5432 2065 5491 ipsius

491 5494 687 5566 judicio
728 5513 834 5548 esse
864 5494 1268 5566 committendas,
1309 5496 1395 5561 qui
1445 5495 1571 5546 t‘alet
1609 5511 1791 5559 corpus
1821 5499 2043 5555 occidere

500 5563 547 5618 et
585 5569 807 5617 animam
852 5565 921 5616 mi
944 5575 1047 5616 tere
1086 5563 1140 5615 in
1178 5564 1473 5632 gehennam.
1523 5566 1619 5627 Qui
1667 5567 1717 5617 iu
1768 5566 1848 5617 hs
1893 5569 2066 5622 verbis

502 5634 727 5687 hzrresin
765 5634 1103 5697 astruebant,
1150 5650 1252 5685 non
1302 5634 1352 5686 in
1394 5634 1600 5687 beatum
1641 5634 1831 5688 Lucam
1868 5635 2061 5701 injurii,

501 5704 596 5760 Sed
641 5704 692 5756 itt
731 5703 997 5757 Christum
1052 5704 1221 5773 ipsum
1264 5704 1353 5773 qui
1394 5705 1533 5773 apud
1574 5703 1765 5758 Lucam
1813 5706 1826 5757 l
1865 5722 2061 5774 quitur,

2168 4597 2475 4648 condemnas
2517 4612 2533 4647 :
2572 4597 2748 4648 cadent
2796 4598 2927 4649 enim
2972 4598 3081 4667 agis
3126 4614 3236 4664 qua:
3270 4598 3498 4667 judicos.
3549 4597 3769 4652 Scimus

2178 4696 2343 4739 autem
2365 4687 2485 4754 quia
2509 4686 2759 4753 judicium
2788 4685 2882 4738 Dei
2902 4698 2977 4740 est
3000 4690 3274 4740 secundum
3297 4689 3553 4740 veritatem
3575 4690 3627 4739 in
3653 4706 3770 4747 eos.

2171 4780 2259 4848 qui
2292 4778 2415 4829 talin
2443 4788 2600 4845 agunt
2642 4776 2813 4845 (Rom.
2852 4792 2887 4829 tt
2911 4818 2924 4839 ,
2968 4776 3037 4846 l).
3094 4778 3156 4830 Et
3184 4779 3372 4831 iterum
3408 4797 3419 4829 :
3452 4776 3643 4830 Beatus
3676 4780 3771 4847 qui

2175 4868 2527 4939 nonjudicat,
2561 4870 2613 4920 in
2652 4885 2749 4933 quo
2780 4868 2956 4937 p'obat
3000 4869 3219 4936 teipsum
3265 4867 3440 4938 (Rom.
3480 4884 3599 4930 xlv,
3638 4869 3769 4935 εἰ).

2173 4960 2300 5027 Quze
2331 4960 2523 5013 malum
2554 4961 2687 5013 ratio
2712 4968 2813 5021 est,
2841 4972 2895 5010 Ill
2922 4959 3170 5027 pra-dicet
3202 4976 3305 5011 non
3337 4959 3641 5023 furandum,
3672 4962 3770 5027 qni

2172 5053 2375 5106 intatur
2408 5071 2421 5106 :
2456 5067 2505 5107 et
2541 5052 2811 5122 prodigtm
2859 5052 3191 5105 wrecttttdite
3230 5053 3460 5106 frontem
3493 5054 3634 5105 nube
3668 5068 3772 5106 ve-

2172 5144 2298 5197 stiat
2344 5144 2760 5213 impugnationis
2802 5143 3041 5196 alienat?
3089 5144 3254 5195 Nemo
3298 5153 3440 5197 ricte
3472 5144 3772 5197 monitoris

2174 5249 2453 5304 personam
2490 5237 2742 5304 suscipit,
2786 5236 2887 5289 nisi
2920 5237 3005 5304 qui
3038 5237 3247 5289 actibus
3276 5238 3385 5287 suis
3414 5245 3592 5289 errata
3622 5250 3761 5289 con-

2176 5363 2321 5417 imnii
2350 5373 2500 5417 t-rant

2290 5382 2321 5417 Il
2350 5380 2500 5417 t-rant

2245 5380 2511 5486 Ρ,Ιοιιηηὶδ
2554 5435 2773 5497 opastoli
2811 5434 2999 5500 scripta
3040 5432 3237 5502 viola'i]
3281 5433 3392 5486 Non
3438 5445 3543 5487 tam
3591 5435 3769 5488 verlm

2174 5502 2285 5569 ipsa
2313 5503 2533 5556 Joannis
2562 5505 2749 5555 citarat
2788 5510 3042 5571 syttulus,
3089 5520 3245 5571 quant
3296 5520 3359 5555 ex
3398 5506 3578 5557 votbis
3630 5520 3768 5558 sen-

2176 5574 2417 5644 tentiain.
2449 5574 2536 5626 Sic
2561 5573 2717 5644 ettim_
2736 5573 2836 5625 hab
2874 5585 2891 5625 t
2923 5598 2931 5623 .
2962 5574 3199 5636 Quamvis
3226 5575 3394 5626 nullus
3423 5586 3517 5635 est,
3541 5582 3627 5644 qui
3658 5577 3765 5627 de-

2174 5640 2292 5692 licto
2320 5654 2505 5704 careat,
2529 5643 2657 5693 sicut
2685 5640 2908 5694 Joannes
2937 5652 3145 5695 testatur
3169 5647 3450 5711 apostolus,
3480 5640 3769 5711 Si'dii'am,

2173 5711 2292 5777 quia
2324 5722 2579 5778 peccatum
2610 5727 2710 5764 non
2741 5713 2919 5779 habeo,
2953 5716 3168 5766 mendax
3194 5729 3324 5766 sunt.
