3974 6366
236 285 321 342 9.05

1166 262 1493 335 musteus
1522 251 2034 336 APOLOG‘ETICUS
2078 264 2211 336 eno
2251 258 2530 337 SYNODO.

3358 288 3464 347 Elii
3529 295 3532 298 ’

238 399 437 457 dcnniat,
457 402 510 444 et
532 405 766 444 amorem
790 389 1107 442 innocentia:
1130 390 1537 444 conversatione
1558 390 1854 448 demon—A
1885 391 2055 455 mina;
2108 408 2264 460 quam
2317 395 2597 460 religiosus
2659 394 2914 446 reddebat
2973 396 3116 447 varia
3185 396 3466 453 devotione

240 496 367 544 strat.
394 484 517 539 Nam
548 483 759 549 adjacet
786 480 944 535 etiam
976 481 1277 549 publicanis
1306 522 1321 544 ,
1350 480 1519 534 amica
1552 481 1787 534 moribus

239 578 342 634 vitia
382 576 631 630 damnare
678 587 962 637 sermone,
1013 582 1067 627 et
1112 573 1545 628 sceleratioribus
1596 573 1788 640 lingua:

241 668 400 724 oiliciis
448 666 635 735 punire
679 663 819 733 quod
852 663 1110 733 .diligant.
1159 664 1320 729 Quasi
1369 678 1474 717 non
1523 663 1785 732 quoddam

238 772 378 829 genus
412 755 478 809 sit
526 754 786 823 majorum
832 767 1148 807 excessuum
1178 794 1193 817 ,
1237 752 1367 806 dare
1418 753 1492 806 rei
1541 753 1785 805 allectum

241 849 385 912 labiis,
410 861 565 915 quam
603 855 781 898 meme
813 843 1100 913 despicias,
1128 854 1181 897 et
1210 844 1407 913 ingenii
1438 847 1583 896 virus
1619 843 1785 897 collo-

239 939 325 1008 quii
355 936 502 991 melle
535 936 752 989 vestire.
790 933 913 987 llaac
954 934 1032 987 sic
1059 948 1157 1001 ago
1177 974 1191 996 ,
1220 934 1367 1001 quasi
1400 932 1446 986 si
1472 931 1619 986 vobis
1650 944 1791 984 esset

239 1030 398 1097 pudor,
431 1027 703 1096 pudicitia,
738 1035 987 1079 venustas
1016 1024 1265 1088 alfectui;
1314 1025 1499 1077 liceret
1536 1038 1791 1075 accusare

240 1124 484 1177 doctorem
512 1163 525 1180 .
572 1129 628 1173 et
666 1118 921 1172 adversus
968 1118 1196 1171 electum
1240 1118 1349 1171 oris
1394 1118 1538 1170 lividi
1584 1125 1793 1169 morsus

237 1222 434 1280 aptare:
472 1226 593 1263 cum
632 1218 756 1262 ante
795 1207 956 1261 futuri
994 1210 1247 1278 prteseius
1289 1222 1383 1276 per
1414 1209 1694 1277 epistulam
1726 1208 1789 1259 ad

240 1320 318 1357 vos
336 1305 501 1357 datam
524 1304 677 1370 plena
710 1316 839 1355 voce
871 1303 1194 1357 monuisscm
1232 1319 1243 1353 :
1282 1302 1403 1365 Quis
1423 1301 1678 1353 accusabit
1701 1302 1792 1352 ad-

238 1411 380 1447 versus
401 1396 582 1447 eiectas
602 1393 731 1446 Dei?
761 1392 897 1446 Deus
926 1394 1280 1463 quijusti/icat
1308 1394 1454 1461 :quis
1482 1394 1651 1460 estqui
1674 1409 1793 1445 ron-

238 1488 407 1538 demnet
440 1485 623 1554 (Rom.
654 1500 767 1549 vnt,
800 1486 928 1551 33)?
958 1486 1023 1538 Et
1049 1485 1237 1538 iterum
1276 1503 1285 1535 :
1323 1485 1365 1536 0
1387 1485 1557 1548 homo,
1588 1486 1674 1553 qni
1699 1486 1794 1554 ju-

238 1578 354 1629 diras
380 1592 455 1628 eos
486 1576 570 1642 qui
600 1578 726 1627 talia
756 1585 950 1641 agunt,
988 1585 1034 1627 et
1064 1575 1191 1643 facis
1228 1574 1351 1639 illa,
1386 1586 1531 1643 putus
1558 1576 1795 1643 quoniam

239 1666 418 1731 effugies
442 1666 702 1735 judicium
747 1665 885 1718 Dei?
941 1666 1015 1718 An
1063 1666 1263 1717 divitias
1295 1666 1530 1718 bonitatis
1567 1666 1711 1734 ejus,
1750 1673 1795 1717 et

1893 483 2189 534 mendicant
2216 522 2232 545 ,
2274 499 2430 549 quam
2472 494 2679 551 egestas
2717 497 3059 553 Oppresserat
3101 487 3391 555 frequentia
3435 508 3464 544 a

1891 570 1994 623 diis
2035 571 2145 623 suis
2191 570 2444 624 beneﬁcia
2488 574 2840 639 postulantem
2885 592 3043 643 :quze
3070 577 3290 642 Curios,
3336 580 3471 633 Tor-

1891 670 2112 727 quatos,
2144 662 2425 723 (Iamillos,
2456 678 2589 731 quos
2619 662 2857 718 Ecclesia
2892 682 2995 720 nun
3032 671 3386 736 regeneravit,
3417 683 3469 725 et

1892 750 2124 817 re'iquos
2186 751 2303 803 misi
2365 753 2603 818 plurima:
2661 756 2820 815 Irolis
2867 756 3142 810 infecunda
3192 772 3358 812 tnater
3404 762 3469 813 ad

1893 840 2201 907 Tartarum,
2233 844 2361 895 dum
2394 844 2663 898 esbaUstis
2694 847 2927 900 cmnrcui
2960 849 3095 901 male
3127 848 3227 903 feta
3258 852 3474 907 visceri-

1895 929 1991 982 bus
2022 948 2032 979 :
2062 932 2182 999 quia
2211 930 2403 985 Fabius
2430 942 2635 987 servata
2668 937 2835 1003 patria
2870 952 2974 991 non
3018 940 3261 1007 redemit,
3296 941 3472 997 Deciis

1896 1021 2062 1072 nullo
2086 1024 2280 1076 sudor.-.
2309 1024 2470 1091 gloria
2502 1036 2646 1093 parta
2677 1028 2748 1080 nil
2780 1032 3025 1096 pra'stitit
3055 1049 3067 1083 :
3102 1034 3366 1101 profligata
3391 1045 3473 1088 est

1895 1118 2113 1177 Operum
2148 1113 2262 1166 sine
2294 1116 2396 1169 fide
2428 1118 2726 1171 innocentia
2761 1136 2772 1170 :
2807 1123 3108 1175 criminosis
3142 1124 3357 1191 junctus
3390 1138 3474 1181 est

1895 1200 2029 1267 tequi
2080 1201 2626 1271 observantissimus,
2680 1210 2799 1276 quia
2847 1210 3118 1263 Chrismm
3170 1214 3470 1283 ignoravit,

1896 1291 2094 1358 Scipio.
2141 1294 2240 1348 Per
2280 1305 2439 1349 totam
2481 1299 2670 1353 vellem
2703 1303 2898 1369 διδ-ιιι...
2933 1304 3128 1358 ducere
3150 1348 3164 1371 ,
3199 1310 3241 1359 si
3275 1308 3475 1362 orbatae

1898 1393 2083 1449 pectus
2114 1395 2401 1453 pateretur,
2429 1390 2722 1443 infntiam.
2747 1388 2848 1447 Sed
2876 1395 3115 1463 quisquis
3145 1396 3475 1451 lannntatio-

1899 1486 1980 1525 n.s
2013 1482 2278 1527 transacta
2310 1478 2535 1546 relegit,
2585 1481 2937 1550 lacrimarum
2990 1495 3225 1552 tempora
3268 1489 3476 1541 videtur

1897 1570 2102 1630 Optare.
2144 1565 2310 1621 Nemo
2341 1571 2575 1625 creditur
2605 1588 2707 1625 non
2733 1575 2933 1641 odisse,
2962 1592 3187 1645 quorum
3220 1577 3477 1631 relatione

1901 1668 2005 1706 non
2030 1655 2241 1709 lit-ditur
2266 1678 2276 1709 :
2302 1662 2389 1728 qui
2412 1663 2606 1717 siccam
2635 1666 2822 1718 faciem
2855 1669 2920 1722 de
2946 1669 3175 1721 filiorum
3203 1670 3477 1723 funeribus

240 1757 467 1821 patientia:
490 1796 503 1817 ,
539 1766 583 1806 et
615 1756 1018 1825 [origanimitatis
1061 1758 1337 1807 contemnis
1378 1755 1553 1824 (ηοω.
1592 1772 1624 1807 ll
1646 1798 1657 1816 ,
1701 1756 1792 1824 5)?
1827 1748 1868 1805 Β
1900 1744 2137 1799 referens
2167 1759 2361 1815 servat,
2394 1762 2543 1806 certo
2573 1768 2707 1808 teste
2735 1758 2935 1811 crudeli
2963 1760 3063 1812 aiis
3095 1761 3350 1828 arguitur.
3387 1761 3476 1814 Illa

241 1848 495 1899 Accusatis
541 1848 795 1899 tnalitiatn
845 1848 1023 1917 repleti
1070 1850 1377 1918 iniquitate,
1434 1850 1787 1918 fornicatione,

239 1937 447 1999 avaritia,
485 1939 721 2004 nequitia,
755 1938 772 1989 i
792 1939 961 1998 nidia,
1004 1940 1326 1999 homicidiis,
1355 1940 1791 2003 condemnatione,

239 2028 368 2089 dolo,
396 2028 732 2096 malignitate,
764 2028 999 2093 superbi,
1032 2028 1173 2092 elati,
1214 2030 1490 2081 inventores
1522 2030 1793 2085 malorum,

238 2135 329 2186 par.
346 2120 412 2170 nti
441 2136 543 2171 non
578 2119 891 2186 obedienlas,
938 2121 1259 2187 insipientes,
1302 2121 1654 2190 incompositi,
1691 2122 1797 2172 sine

240 2210 561 2262 miscrirordiu
620 2210 818 2278 (llam.
874 2228 924 2274 I,
964 2211 1096 2275 9.9).
1142 2211 1365 2265 ‘DoCctis
1417 2212 1797 2264 fornicantibus

239 2300 480 2353 neminem
508 2316 627 2353 esse
660 2300 1009 2363 miscendum,
1040 2301 1262 2354 adulteri
1294 2300 1561 2354 Laurentii
1593 2310 1686 2353 aut
1714 2316 1797 2355 sc-

238 2404 431 2456 qttaces,
460 2400 555 2442 aut
591 2406 621 2457 p
653 2390 769 2441 a-vii
805 2407 817 2441 :
854 2406 944 2459 per
986 2406 1120 2459 quos
1162 2390 1247 2444 ille
1287 2398 1380 2444 aut
1417 2404 1651 2444 exseruit
1682 2406 1797 2455 i,u.c

240 2477 437 2532 habebat
464 2482 641 2533 toxica
663 2519 679 2545 ,
710 2491 798 2533 aut
829 2497 943 2547 qna-
971 2481 1251 2535 effundens
1283 2482 1617 2544 monstravit,
1650 2495 1799 2535 accc~

241 2571 320 2636 pit.
368 2570 495 2623 Post
534 2571 678 2625 illam
712 2572 1044 2626 illecebrosze
1084 2572 1476 2625 communionis
1516 2572 1797 2636 maculam,

239 2674 277 2714 et
306 2670 498 2729 pestem
542 2671 656 2715 toto
690 2663 821 2717 orbe
866 2663 1253 2717 exsecrabilem
1282 2702 1295 2728 ,
1348 2663 1654 2717 sacerdotes
1684 2663 1795 2726 Dei,

238 2756 365 2822 quasi
402 2755 648 2808 obsoleta
691 2764 1028 2823 comparatos
1070 2756 1478 2819 communione,
1519 2752 1746 2818 culpatis
1787 2770 1797 2804 :

239 2862 342 2900 reos
370 2849 568 2917 putatis
598 2862 737 2912 csse,
767 2849 856 2917 qui
887 2849 1098 2901 Subiere
1124 2848 1453 2902 consortium
1487 2849 1633 2900 nullo
1669 2856 1803 2900 teste

239 2940 436 2992 convicti
484 2951 589 2995 :ct
634 2940 911 2993 sectamini
964 2940 1232 2992 hominem
1277 2947 1388 2993 toto
1428 2938 1803 2991 ecclesiastica:

239 3027 579 3095 inscriptionis
599 3070 613 3093 ,
655 3044 758 3081 non
789 3028 962 3082 dicam
994 3031 1158 3099 stylo,
1193 3029 1286 3083 sed
1318 3043 1447 3081 ense
1481 3026 1800 3094 terfossum.

1900 1841 2185 1904 posteritas
2217 1844 2332 1908 plus
2361 1849 2607 1899 maeroris
2635 1850 2808 1901 attulit
2841 1852 3042 1917 perdita
3064 1895 3077 1917 ,
3106 1867 3262 1919 quam
3290 1852 3477 1920 jucun-

1897 1927 2079 1982 ditatis
2132 1934 2409 2000 acquisita.
2460 1936 2779 2006 lleleganius
2830 1951 3005 1996 tamen
3055 1946 3245 2012 quibus
3278 1957 3476 1998 mutata

1898 2019 2007 2071 sint
2036 2020 2132 2072 ista
2165 2025 2524 2079 successibus.
2559 2029 2695 2082 Eete
2719 2029 2826 2097 jam
2861 2033 2911 2084 in
2944 2033 3032 2084 ill.»
3059 2035 3292 2085 sacrario
3324 2035 3477 2088 Iiber-

1901 2109 2022 2161 tatis
2043 2109 2171 2163 nihil
2194 2114 2388 2166 servile
2410 2116 2474 2168 de
2498 2115 2756 2171 idolorum
2780 2121 3009 2174 cultibus
3033 2123 3328 2176 invenitur:
3352 2139 3478 2176 ecce

1900 2197 2160 2251 bonorum
2202 2215 2399 2256 corona
2429 2244 2443 2266 ,
2486 2205 2633 2258 orbis
2663 2210 2847 2275 genius
2875 2210 2973 2263 llos
3013 2210 3279 2265 Romanus
3306 2252 3321 2275 ,
3362 2229 3479 2281 qua:

1900 2291 1988 2345 diu
2018 2306 2261 2346 venerata
2293 2306 2372 2348 est
2405 2297 2558 2363 plena
2590 2300 2869 2354 sanctitate
2896 2306 3067 2355 calcat
3095 2303 3306 2356 altaria.
3343 2304 3480 2357 Ecco

1898 2382 2006 2449 jatn
2038 2384 2183 2436 curia
2218 2400 2333 2437 mea
2374 2386 2438 2438 ad
2475 2389 2669 2441 Ctelum
2701 2398 2943 2455 vocator,
2984 2392 3255 2455 laudatur,
3291 2395 3480 2461 accipi-

1904 2484 1988 2527 tur
2020 2491 2031 2525 :
2064 2490 2158 2529 nec
2189 2492 2403 2544 possunt
2435 2478 2634 2544 dicere,
2668 2484 2962 2549 perdidisse
2989 2501 3073 2539 me
3096 2487 3333 2553 sobolem
3367 2499 3481 2555 post

1902 2565 2127 2633 gratiam
2160 2566 2428 2634 baptiSnii,
2460 2584 2619 2637 quam
2650 2572 2728 2625 vel
2762 2574 3039 2641 repentina
3068 2590 3214 2628 mors
3242 2575 3481 2628 abstulit.

1905 2657 2097 2711 Multos
2130 2660 2431 2713 trabearum
2485 2662 2565 2715 vel
2604 2664 2866 2717 curulium
2908 2678 3244 2733 possessores
3289 2680 3481 2734 supre-

1906 2762 2025 2801 mus
2054 2758 2304 2817 regnator
2334 2754 2450 2805 sine
2496 2753 2775 2821 dispt'lltliu
2822 2756 3039 2817 cultus,
3084 2766 3174 2809 aut
3218 2756 3483 2825 dignitatis

1906 2838 2263 2905 amplcititur.
2303 2840 2443 2895 Pene
2469 2843 2577 2910 jam
2614 2846 2808 2897 terreni
2845 2845 3200 2899 munifiCentia
3233 2848 3483 2914 triumphi

1907 2928 2144 2982 divinum
2185 2942 2453 2986 mercatur
2491 2935 2774 2999 affectum;
2816 2946 2870 2989 et
2908 2936 3007 2991 hoc
3046 2940 3110 2989 ad
3143 2939 3337 2991 Cbristi
3367 2957 3484 3007 gra-

1911 3018 2036 3071 tiam
2065 3021 2292 3087 prolicit,
2323 3024 2463 3091 quod
2496 3027 2693 3077 mundo
2718 3028 2940 3082 studetis
2974 3044 3095 3083 esse
3133 3030 3483 3083 venerabiles.

237 3117 369 3181 Quod
395 3119 544 3181 ιίςεε,
570 3135 673 3173 non
701 3120 856 3183 licet;
888 3129 940 3174 ei
960 3098 1100 3189 quin]
1131 3136 1236 3174 non
1267 3120 1410 3186 licet,
1441 3118 1583 3173 ιίεοι,
1620 3120 1802 3183 Quom-
1829 3098 1875 3158 C
1908 3108 2152 3173 Mentior,
2174 3110 2271 3163 nisi
2299 3128 2461 3180 egena
2489 3117 2697 3183 agmina
2724 3120 3030 3173 CullsItlallts
3058 3122 3215 3175 vestri
3244 3123 3295 3175 in
3320 3124 3485 3174 snlisi~

238 3213 490 3266 admodum
523 3214 736 3267 Jamnes
765 3224 812 3267 et
841 3213 1098 3266 Mambres
1135 3216 1417 3267 restiterunt
1451 3215 1689 3276 veritati;
1731 3215 1803 3265 sic

236 3312 275 3353 et
298 3319 371 3357 vos
405 3317 569 3357 inmte
598 3305 825 3375 reprobi,
860 3306 994 3357 circa
1022 3305 1177 3372 ﬁdem
1213 3306 1525 3374 proditores,
1562 3304 1801 3371 protervi,

275 3395 402 3460 ιίέιιιὶ,
434 3413 463 3447 a
485 3419 500 3444 ι
522 3404 667 3447 antes
698 3396 1002 3458 voluptatem
1034 3396 1191 3464 magis
1216 3412 1365 3462 quam
1394 3393 1583 3457 Deum;
1615 3393 1804 3446 haben-

238 3495 298 3537 tes
322 3491 531 3555 speciem
556 3490 761 3557 quidem
791 3490 1020 3557 pietatis,
1056 3490 1283 3541 virtutem
1323 3499 1490 3540 autem
1523 3490 1679 3556 ipsius
1716 3490 1805 3540 ab-

237 3590 452 3644 negantes
486 3579 574 3649 (ll
599 3580 734 3632 Tim.
762 3596 839 3643 tu,
865 3583 917 3645 8,
942 3581 992 3633 et
1018 3583 1112 3647 tv).
1142 3588 1184 3633 U
1216 3598 1318 3633 vim
1352 3582 1552 3633 doloris
1579 3581 1801 3633 intem!

236 3670 313 3735 qui
340 3674 523 3739 nequit
551 3673 804 3739 expedie
830 3673 970 3739 quod
996 3673 1233 3741 concepit
1260 3689 1272 3735 ;
1307 3674 1392 3740 qui
1425 3672 1698 3740 profundis
1726 3671 1805 3724 in-

237 3775 425 3828 gestum
454 3767 755 3819 visceribus
784 3765 1029 3833 loquendi
1053 3766 1297 3818 alituum
1322 3781 1478 3832 quem
1505 3765 1804 3830 impeiavit,

237 3851 484 3923 irrumpit.
545 3856 682 3907 l\iiiil
727 3856 875 3909 vobis
918 3858 1053 3908 ultra
1104 3855 1218 3923 plus
1260 3857 1481 3923 eloquar
1514 3874 1525 3907 :
1559 3856 1700 3922 quod
1741 3856 1807 3907 de

236 3944 456 3997 oratione
488 3954 758 4008 remain-t,
788 3947 1021 4000 lamenta
1049 3947 1394 4015 supplebunt.

296 4033 416 4089 Post
460 4038 586 4091 haec
632 4038 677 4090 si
729 4040 866 4091 inter
920 4052 1106 4091 manus
1157 4040 1485 4093 medicOium
1534 4039 1809 4093 curatione

236 4128 550 4194 :I'grescitis,
593 4143 692 4181 nec
735 4131 908 4198 aliqua
954 4146 981 4181 a
1011 4140 1189 4197 empto
1232 4132 1418 4183 salutis
1453 4130 1810 4184 consideratio

234 4228 319 4268 rus
346 4217 558 4271 reducit
591 4234 607 4281 ;
656 4219 845 4271 saltent
878 4219 1025 4271 orbis
1057 4230 1330 4285 parentem
1362 4221 1543 4274 urbem
1578 4232 1806 4277 vestram

237 4309 474 4375 rcSpicite
513 4326 526 4360 :
560 4310 672 4378 ipsa
714 4324 806 4361 vos
857 4320 975 4377 post
1014 4310 1322 4363 defensores
1367 4324 1493 4363 suos
1540 4313 1808 4378 apostolos

234 4414 453 4456 maerens
489 4401 802 4469 aggreditur
829 4442 841 4462 ,
884 4402 991 4468 ipsa
1035 4403 1355 4471 compellat;
1396 4412 1451 4455 ct
1480 4405 1521 4455 si
1563 4404 1684 4471 quid
1728 4416 1807 4458 est

232 4488 430 4553 pietatis
458 4492 518 4543 in
543 4490 839 4555 reliquum,
873 4493 1075 4543 ord.tur
1102 4492 1445 4560 impelratura
1477 4508 1803 4546 sermonem.

291 4579 387 4644 Mc,
419 4598 585 4649 quam
622 4581 711 4633 Dei
744 4581 937 4633 summi
972 4583 1197 4649 templa,
1230 4583 1448 4650 repudia
1479 4584 1520 4635 is
1559 4582 1804 4637 fanomnt

228 4668 447 4723 cultbus
473 4713 486 4734 ,
537 4682 590 4723 cl
635 4688 785 4723 nova:
823 4672 954 4725 lueis
984 4674 1154 4726 nito;e
1182 4674 1534 4741 gaudentem,
1565 4674 1808 4729 fecerunt

228 4776 339 4817 esse
372 4767 762 4833 conspicuam;
813 4782 971 4835 quam
1026 4776 1146 4835 post
1180 4768 1370 4821 sacella
1413 4768 1718 4834 sordentia,
1755 4784 1808 4823 et

229 4857 387 4909 multo
427 4858 692 4924 pecudum
734 4858 856 4911 tabo
888 4874 920 4926 p
943 4858 1080 4911 illuta
1108 4899 1122 4922 ,
1156 4859 1222 4911 ab
1266 4858 1557 4912 ltOStiarum
1591 4877 1801 4927 cruore,

226 4943 474 5001 dominici
493 4958 543 5001 et
568 4950 843 5016 apustolici
862 4948 1131 5017 sanguinis
1152 4950 1337 5002 eifusio
1358 4953 1599 5018 purgavit
1618 4969 1630 5005 :
1648 4968 1803 5019 quam

227 5036 438 5090 reducta
475 5051 595 5105 post
643 5041 855 5108 longum
894 5042 1094 5093 Sanitas
1137 5039 1362 5093 febrium
1417 5040 1540 5095 fecit
1586 5043 1805 5095 delubra

224 5138 609 5192 contemnere;
641 5144 798 5197 quam
828 5146 855 5182 a
892 5129 1117 5183 victimis
1156 5131 1401 5183 liberavit
1430 5132 1657 5194 oblatio;
1692 5149 1808 5199 que

224 5228 404 5280 pacem
458 5220 661 5272 (Ibristi
712 5236 804 5288 per
849 5220 1109 5273 idolorqu
1161 5220 1464 5273 inimicitias
1512 5220 1807 5289 acquisivi;

221 5311 299 5362 coi
332 5327 440 5364 non
478 5312 695 5366 fuerunt
727 5328 861 5381 pene
905 5314 1270 5366 numerosiora
1304 5314 1472 5378 d0na,
1508 5329 1664 5383 quam
1706 5330 1805 5367 nu-

289 5459 304 5487 ¹
354 5458 537 5533 Prope
561 5464 673 5529 join
738 5460 952 5533 iterum]
1000 5460 1289 5515 Consulum
1332 5463 1457 5516 olim
1492 5479 1606 5514 mos
1640 5462 1811 5515 fuerat

219 5532 479 5594 pecunias
528 5531 575 5581 in
619 5533 867 5598 populum
909 5531 1158 5599 spargere
1184 5572 1197 5593 ,
1240 5548 1360 5583 cum
1404 5534 1757 5595 procedebant
1794 5550 1805 5585 :

218 5614 336 5650 cum
366 5616 580 5651 morem
606 5602 887 5664 abrogant
914 5602 1229 5663 Marcianus,
1256 5605 1368 5668 lege
1390 5604 1423 5655 '2
1443 5604 1561 5655 cod.
1589 5604 1653 5654 de
1671 5602 1807 5655 Cou-

218 5669 447 5721 sulibns.
506 5670 683 5739 Itaque
728 5673 948 5723 I'Lniiodii
989 5683 1226 5739 tempore
1265 5689 1367 5725 non
1400 5674 1801 5741 Spargebantur.

1906 3198 1991 3251 dio
2025 3201 2357 3255 miseriarum
2393 3208 2757 3272 pricstolantur
2788 3210 3095 3261 adventum.
3130 3211 3336 3264 Etenim
3364 3229 3486 3281 pur-

1908 3305 2036 3357 pura
2080 3307 2255 3347 chIra
2297 3312 2397 3364 qua
2435 3298 2560 3350 anni
2606 3301 2917 3354 vocabulum
2964 3305 3283 3368 nobilitatis,
3318 3308 3487 3360 subri-

1908 3384 2139 3453 picntem
2179 3388 2389 3442 miseris
2420 3392 2861 3445 vestinientortnn
2895 3395 3135 3463 largitate
3169 3398 3316 3465 pellit
3345 3398 3488 3466 algo-

1908 3489 2042 3529 rem.
2099 3477 2112 3506 ³
2168 3476 2338 3546 Prope
2396 3478 2505 3545 jam
2572 3481 2761 3535 iterum
2818 3486 3221 3539 necessitatibus
3279 3488 3488 3541 fuerunt

1908 3565 2158 3617 auxilium
2182 3567 2373 3621 dcctira
2403 3570 2689 3635 fastorum;
2720 3581 2773 3627 et
2798 3578 2963 3628 veteri
2994 3578 3304 3631 inlidelttatc
3326 3579 3485 3646 depo-

1911 3656 2029 3721 sita,
2060 3658 2111 3709 in
2141 3659 2228 3711 tali
2254 3666 2641 3728 prmparatione
2669 3680 2862 3720 census
2883 3669 3158 3735 dispenda
3188 3672 3490 3726 efficiuntur

1912 3744 2055 3799 lucra
2097 3748 2415 3803 animarum.
2460 3753 2596 3806 Ecce
2640 3770 2778 3807 nunc
2818 3758 2883 3810 ad
2922 3760 3261 3825 gestatoriam
3302 3762 3487 3814 sellam

1909 3841 2215 3905 apostolica:
2245 3844 2601 3899 confessionis
2642 3847 2743 3899 uda
2786 3851 3002 3902 mittunt
3032 3852 3210 3903 limina
3239 3856 3489 3906 candida-

1912 3940 2016 3994 tos,
2049 3940 2102 3983 ct
2132 3932 2384 3988 uberibus
2406 3938 2598 4003 gaudio
2626 3949 2876 3993 exactore
2920 3943 3130 3997 fletibus
3168 3946 3358 3999 collata
3392 3948 3485 4000 Dei

1914 4021 2171 4074 lenelicio
2219 4024 2356 4076 dona
2400 4028 2756 4094 geniinantur.
2808 4032 2937 4097 Quis
2967 4043 3208 4103 tempore
3234 4052 3342 4104 quo
3372 4052 3491 4104 pre~

1913 4112 2064 4165 tiosis
2092 4112 2355 4167 siccainus
2386 4119 2543 4169 ubera
2575 4125 2855 4186 partubus,
2890 4137 2995 4191 quo
3024 4124 3222 4192 prolem
3255 4136 3489 4179 nostram

1912 4218 2114 4260 aeterna
2145 4208 2373 4273 genitrix
2407 4226 2594 4265 rursus
2635 4214 2865 4280 paritura
2894 4229 3034 4268 nunc
3065 4217 3306 4284 snsi‘ipit,
3340 4218 3490 4285 cujus

1913 4309 2034 4364 post
2065 4296 2288 4365 primam
2320 4301 2649 4353 nativitatem
2677 4305 2976 4370 grandtevis
3002 4304 3190 4357 fetibus
3220 4306 3369 4357 alvus
3398 4307 3491 4359 im-

1916 4388 2092 4455 pletur
2119 4430 2131 4453 ,
2164 4406 2280 4457 qua:
2313 4391 2439 4443 milii
2475 4393 2675 4458 prolem
2726 4396 3092 4461 regenerando
3130 4397 3338 4450 dulcem
3370 4399 3486 4451 facit

1912 4491 2051 4539 esse,
2081 4494 2237 4546 quam
2271 4483 2472 4547 peperi,
2504 4497 2618 4549 qua:
2649 4483 2713 4535 ad
2743 4499 2800 4535 se
2828 4486 3015 4537 veniezi
3045 4501 3103 4539 es
3128 4490 3334 4540 senium
3370 4489 3491 4543 facit

1916 4582 2114 4621 exuere
2134 4609 2148 4632 ,
2178 4582 2231 4623 et
2271 4572 2335 4623 ad
2366 4571 2485 4624 vita:
2522 4574 2774 4642 principia
2808 4575 2979 4628 redire
3007 4584 3309 4630 con’raetos
3331 4622 3344 4643 ,
3376 4582 3494 4648 quis

1917 4659 2053 4713 banc
2098 4660 2443 4727 felicitatem,
2482 4677 2610 4731 rogo
2636 4704 2651 4727 ,
2695 4666 3118 4731 interpellatione
3160 4674 3496 4726 commutat?

1914 4753 2046 4818 Quis
2080 4769 2170 4820 per
2197 4754 2516 4807 discordiam
2551 4757 2784 4823 viperina
2815 4768 2991 4811 mente
3020 4760 3369 4826 compositam
3403 4778 3496 4813 an-

1917 4843 1992 4896 rei
2026 4844 2151 4895 milii
2183 4843 2361 4897 surculi
2389 4845 2539 4912 jubet
2576 4848 2751 4913 perire
2785 4846 3081 4901 beneficia?
3109 4850 3228 4917 quis
3258 4852 3306 4902 in
3342 4866 3499 4904 renou

1912 4936 2127 4989 vatione
2172 4950 2288 4988 mea
2337 4949 2582 4989 occasum
2627 4937 2989 4991 clandeStinus
3031 4939 3277 5005 inspirat,
3310 4949 3365 4993 et
3409 4957 3501 5007 pm-

1913 5028 2120 5081 blandae
2175 5027 2365 5080 frontis
2415 5029 2645 5095 speciem
2710 5028 3001 5081 inimicitiis
3042 5030 3181 5083 vires
3224 5030 3501 5097 acquirit?

1914 5118 2239 5171 Generosam
2273 5117 2325 5170 in
2357 5116 2445 5169 tali
2493 5120 2705 5186 negot‘o
2754 5118 3052 5185 prosapietn
3098 5135 3201 5173 non
3244 5135 3497 5186 agnoseu.

1914 5208 1973 5263 Si
2002 5208 2090 5276 qui
2124 5217 2245 5260 sunt
2278 5217 2453 5260 tamen
2490 5222 2854 5273 summorum,
2896 5224 3030 5277 quos
3061 5209 3253 5261 vilibus
3300 5219 3497 5269 tempe-

1919 5302 2072 5354 SIatis
2098 5300 2255 5368 hujus
2288 5300 2519 5369 procella
2550 5300 2793 5361 sociavit,
2817 5301 2934 5352 aliis
2960 5300 3266 5352 auctoribus
3297 5293 3495 5347 facino-

1920 5462 2025 5519 Sed
2068 5461 2187 5526 quia
2218 5460 2334 5527 ejis
2362 5457 2459 5511 mvi
2487 5457 2775 5531 consules,
2800 5456 2849 5506 in
2880 5454 3095 5531 honoris
3125 5451 3215 5530 sui
3246 5448 3497 5514 auspiciis

1921 5535 2084 5585 multa
2110 5535 2160 5583 in
2188 5545 2446 5597 pauperes
2468 5543 2686 5601 erogare
2703 5529 2966 5601 solebant,
2991 5529 3266 5601 pristinum
3295 5538 3494 5601 mutent

1920 5592 2339 5668 quodaminodo,
2373 5600 2464 5651 sed
2499 5592 2719 5651 l’cliciori
2752 5592 3066 5646 liberalitate
3088 5629 3101 5653 ,
3134 5606 3390 5645 renovare
3425 5592 3497 5643 νῖν

1920 5675 2199 5725 debantur.
2526 5677 2536 5687 '
