3974 6366
459 323 561 384 207

1538 309 1804 364 ENNUDII
1852 304 2154 362 EI'ISCOPI
2195 300 2567 358 'l‘lCINENSlS

3615 291 3683 350 23
3694 291 3724 350 ii

464 455 581 492 rum
614 435 1016 506 participatione
1059 428 1409 483 maculantur.
1453 424 1718 492 Splendor
1745 419 2036 489 sangn'nis,
2071 421 2114 478 Α
2147 417 2316 485 gionis
2354 415 2598 486 gaudetis
2636 412 2948 481 unpunitate
2981 409 3225 506 vitiorum
3261 427 3272 460 :
3313 422 3538 506 quorum
3586 410 3722 506 labia

462 532 559 583 etsi
592 525 1017 581 communionem
1058 517 1295 572 criminis
1339 515 1601 578 incurrit,
1647 512 1815 565 nescit
1865 519 2038 563 tamen

462 621 648 673 ducem
683 631 740 668 se
772 614 1008 678 prmliere
1045 606 1408 676 peccantibus.
1458 605 1626 658 llabet
1662 601 1880 656 forsitan
1928 614 2041 653 rea-

463 719 574 760 tum
604 706 671 758 de
703 703 939 769 neglecta
966 698 1231 760 cautione,
1276 712 1380 750 non
1414 695 1573 748 habet
1597 693 1813 761 dignum
1842 690 2040 758 suppli-

463 800 602 848 cium
625 793 690 845 de
713 777 973 843 scelerum
999 787 1318 855 principatu.
1346 784 1455 840 Sub
1475 783 1700 852 quadarn
1724 778 2039 834 verecundia

461 882 696 949 jungitur
726 877 1189 946 delinquentibus,
1217 873 1304 943 qui
1334 874 1398 926 ad
1429 872 1604 926 adulta
1631 869 1805 940 jurgia
1841 883 2042 925 convo-

463 982 613 1026 catur
645 989 656 1022 :
692 985 796 1023 non
844 976 1080 1022 meretur
1123 964 1548 1034 desperationem
1590 960 1820 1030 perditi,
1858 960 1907 1012 in
1938 973 2043 1026 quo

455 1062 632 1115 facilis
657 1053 1524 1123 tantum-crudelitasimprobatur.
1548 1051 1651 1107 Vos
1673 1050 1845 1119 potius
1867 1049 2044 1115 video,

463 1152 738 1204 triviorum
772 1147 1008 1217 germina
1037 1185 1050 1209 ,
1094 1159 1186 1197 vos
1218 1156 1448 1211 agnosco
1482 1158 1492 1192 :
1529 1141 1580 1194 in
1611 1139 1801 1208 quibus
1842 1149 2046 1192 natura:

464 1241 640 1293 vilitas
669 1238 1047 1290 convenientes
1083 1233 1183 1286 sibi
1230 1246 1404 1285 mores
1444 1230 1651 1298 peperit
1683 1247 1694 1281 :
1733 1244 1863 1297 quos
1893 1229 2051 1298 dege-

466 1345 686 1384 ueras~e
711 1329 926 1381 claritas
957 1327 1126 1378 fuerat
1149 1339 1162 1379 :
1187 1323 1273 1390 qui
1309 1337 1400 1390 per
1424 1321 1656 1375 mentitm
1687 1324 1896 1373 titulum
1928 1321 2052 1373 reli-

469 1459 814 1482 ~—

2147 520 2415 574 nunquam
2445 513 2537 558 aut
2567 504 2826 558 honorum
2859 515 3018 570 sapor
3048 499 3238 564 tetigit,
3263 507 3352 552 aut
3371 499 3565 567 quietis
3597 517 3608 549 :
3639 501 3723 566 qui

2145 597 2224 650 fas
2250 611 2408 651 omne
2437 595 2624 664 origini
2655 593 2892 663 parendo
2917 591 3148 653 violatis,
3172 605 3308 660 quos
3331 592 3398 645 de
3425 590 3645 644 latebris
3673 602 3727 645 et

2145 685 2414 756 specubus
2443 686 2729 754 productos
2767 697 2998 752 praesens
3031 696 3189 736 causa
3218 681 3548 736 monstravit.
3597 681 3728 748 Quis

2147 787 2270 832 ante
2294 776 2760 831 concinnationem
2786 774 2912 827 mali
2937 776 3112 842 hujus,
3138 772 3227 840 qui
3249 773 3458 836 essetis,
3484 774 3730 841 agnovit?

2147 867 2234 920 diu
2282 866 2486 920 fovistis
2535 873 2740 919 secreta
2769 903 2786 926 ,
2835 863 3028 933 quibus
3073 877 3171 916 vos
3221 878 3323 915 nox
3372 863 3734 931 generationis

2147 957 2445 1011 abdiderat.
2480 955 2669 1010 Redite
2713 954 2887 1025 potius
2914 953 2977 1006 ad
3008 953 3232 1007 amicam
3263 953 3558 1007 ca-citatem
3595 969 3611 1007 :
3641 969 3735 1007 nn-

2150 1049 2232 1104 bis
2261 1063 2505 1103 :erenam
2550 1055 2604 1101 et
2632 1046 2934 1101 diuturnam
2959 1047 3129 1100 lucem
3162 1043 3446 1112 relinquite
3472 1062 3484 1095 :
3509 1059 3736 1099 concor-

2151 1140 2292 1194 diam
2327 1139 2610 1201 Ecclesim,
2646 1146 2739 1190 aut
2775 1137 3048 1200 absentia,
3079 1144 3170 1188 aut
3208 1135 3548 1190 correctione
3593 1149 3732 1202 prae-

2154 1238 2310 1283 State.
2355 1228 2409 1284 Si
2440 1241 2613 1282 tatucu
2647 1227 2805 1280 vultis
2837 1242 2932 1280 vos
2962 1227 3229 1278 numerari
3261 1225 3399 1279 inter
3427 1223 3737 1293 splendidas

2160 1321 2456 1390 prosapies,
2491 1327 2700 1374 actuum
2732 1316 3103 1372 emendatione
3130 1329 3467 1384 cognoscam.

840 1447 3701 1471 Μ

1417 1539 2150 1624 OPUSCULUM
2206 1536 2786 1619 TERTIUM.

867 1685 876 1712 ‘
913 1689 1081 1736 νιτΑ
1109 1684 1527 1734 ΒΕΑΊἸΒΒῙΜΙ
1555 1684 1710 1731 VIBI
1738 1679 2058 1729 EPIPHAN

2166 1678 2480 1728 EPIBGOPI
2505 1675 2910 1726 “GINENSIB
2937 1673 3329 1724 EGOLEBIE.

537 1864 788 1927 Quamvis
820 1876 903 1915 me
936 1870 1114 1927 urgeat
1155 1856 1478 1927 suscipiendi
1521 1857 1696 1925 operis
1727 1870 1873 1920 ance;
1896 1869 1921 1907 s
1955 1870 2050 1908 ne-
2085 1860 2129 1918 Β
2157 1862 2216 1906 ut
2240 1853 2479 1921 plerique
2500 1853 2692 1915 solent,
2719 1851 2881 1904 vividi
2908 1853 3171 1903 sermonis
3190 1847 3532 1916 amplifieem.
3556 1845 3743 1903 Testes

470 1953 690 2005 cessitas
716 1993 731 2014 ,
762 1962 817 2005 et
842 1966 871 2003 e
901 1950 1117 2018 regione
1149 1948 1426 2015 impositus
1455 1945 1525 1999 sit
1551 1989 1564 2009 ,
1601 1960 1697 1999 uec
1727 1960 1845 1998 meo
1874 1944 2053 1998 labore

471 2057 670 2095 vacuus
693 2082 706 2104 ,
735 2055 833 2094 nec
858 2040 1239 2094 maledicorum
1269 2037 1653 2104 disceptatione
1681 2041 1968 2098 tractatus;
2002 2034 2053 2087 in

472 2151 575 2202 quo
607 2133 812 2200 gemina
845 2131 1022 2184 cautio
1048 2129 1329 2191 dictionis,
1374 2127 1495 2179 hinc
1532 2127 1826 2178 ubertatem
1860 2139 2051 2192 exspe~

474 2233 576 2278 etet
607 2223 824 2291 ingenii,
854 2221 976 2274 inde
1003 2219 1163 2274 etiam
1190 2219 1365 2287 lingua
1393 2217 1647 2272 divitibus
1675 2216 1922 2269 narrandi
1953 2215 2056 2271 fre-

457 2328 572 2367 nos
599 2314 869 2379 imponat;
900 2325 1020 2364 cum
1044 2311 1188 2378 ipsas
1208 2307 1679 2372 ea-.iuentissimas,
1705 2317 1762 2361 ut
1786 2315 2057 2375 put.intur,

463 2402 528 2455 in
576 2404 769 2455 siccato
811 2416 942 2454 vana
995 2399 1264 2454 inflatione
1305 2411 1562 2466 personas
1604 2398 1647 2451 si
1686 2397 1802 2465 quis
1836 2406 2062 2451 ventoso

477 2493 698 2547 nimium
728 2491 991 2547 studuerit
1010 2490 1234 2544 elevare
1261 2488 1561 2560 praeconio,
1602 2497 1692 2542 aut
1722 2488 1859 2542 intra
1888 2497 2061 2557 gesto-

477 2602 594 2639 rum
628 2586 910 2638 terminum
945 2582 1120 2652 inopia
1165 2582 1362 2651 eloquii
1411 2583 1686 2635 continere
1712 2622 1725 2644 ,
1783 2592 2063 2648 utrumque

480 2677 620 2746 apud
649 2692 740 2730 cas
769 2675 901 2746 judii
922 2684 1042 2730 etur
1071 2676 1359 2744 ingratum.
1403 2675 1458 2728 In
1489 2675 1732 2728 laudibus
1763 2675 1903 2728 enim
1936 2672 2064 2742 ipsi.-

480 2780 636 2835 turpe
662 2777 741 2820 est
775 2767 862 2820 illa
896 2766 1113 2829 cudere,
1146 2781 1263 2834 qua:
1292 2780 1390 2820 nec
1416 2766 1502 2820 ille
1529 2766 1594 2820 de
1622 2780 1726 2835 quo
1758 2777 2062 2830 narrantur,

457 2865 732 2926 .agnoscat
763 2873 777 2909 :
811 2855 887 2909 sic
917 2855 1230 2925 injuriasum
1272 2864 1325 2908 et
1364 2855 1552 2910 dolore
1580 2855 1796 2924 dignum
1829 2863 2060 2923 putatur,

481 2946 607 3000 illud
635 2947 909 3014 praeterire
936 2945 1070 3000 silen
1099 2945 1170 3013 io,
1197 2944 1335 3014 quod
1359 2945 1546 3000 relatio
1562 2960 1689 3000 vera
1719 2945 1885 3014 possit
1910 2946 2065 2999 attol-

481 3040 616 3092 lere.
655 3036 863 3090 Etcnim
896 3052 982 3090 res
1013 3037 1150 3090 bene
1179 3044 1341 3104 gesta:
1372 3046 1610 3090 veterum
1641 3043 1942 3089 nostrorum
1971 3049 2066 3102 pro

483 3127 768 3181 referentis
789 3126 925 3192 apud
951 3141 1047 3178 nos
1070 3125 1334 3192 accipiunt
1359 3124 1607 3178 facultate
1630 3124 1903 3177 virtutem.
1932 3124 2063 3176 Nam

2157 1945 2354 1997 etenim
2382 1941 2669 1995 calentium
2699 1940 2876 1994 citabo
2906 1939 3259 2007 negotiorum,
3288 1945 3343 1991 et
3372 1945 3571 2006 tropzea
3604 1937 3746 1991 illius

2160 2032 2333 2086 adhuc
2362 2030 2614 2085 fumantia
2639 2070 2654 2095 ,
2706 2039 2760 2084 et
2791 2036 3041 2084 exornata
3080 2028 3147 2082 de
3173 2027 3436 2080 manubiis
3461 2026 3748 2081 diabolicae

2162 2123 2419 2178 nuditatis
2443 2123 2742 2176 ostendam.
2769 2120 2938 2175 Nemo
2967 2121 3119 2174 enim
3137 2119 3238 2174 sub
3260 2120 3432 2174 oculis
3455 2121 3748 2187 praesentia

2164 2229 2300 2283 pene
2326 2223 2380 2267 et
2409 2214 2628 2267 nimium
2661 2221 2782 2265 nota
2815 2220 3228 2277 commemorat,
3264 2211 3363 2265 nisi
3390 2212 3479 2280 qui
3508 2211 3574 2266 de
3601 2211 3750 2265 veri-

2165 2313 2272 2360 tate
2309 2304 2523 2358 coufidit
2555 2320 2568 2357 :
2603 2315 2657 2357 ut
2686 2319 2817 2372 quos
2861 2299 3080 2358 forsitan
3127 2304 3247 2356 ficta
3289 2301 3530 2358 dicturus
3554 2342 3572 2369 ,
3603 2303 3752 2356 velut

2167 2393 2512 2464 impudentia:
2545 2409 2676 2448 mea:
2704 2393 2970 2456 conscius,
3002 2393 3280 2457 evitarem,
3311 2408 3497 2448 eorum
3525 2394 3754 2447 auribus

2167 2485 2398 2555 relegam
2431 2485 2517 2539 illa
2546 2500 2662 2553 qua:
2687 2484 2933 2552 cognovit
2963 2493 3227 2552 aspectus.

2242 2576 2404 2646 Igitur
2456 2577 2706 2643 praelatus
2759 2575 2838 2628 vir
2883 2574 3103 2643 insignis
3149 2574 3475 2644 Epiphanius
3521 2576 3755 2629 oriunda

2171 2667 2468 2722 Ticiuensis
2497 2666 2674 2736 Oppidi
2706 2666 2952 2736 indigena
2976 2667 3106 2734 fuit,
3139 2677 3288 2736 patre
3315 2667 3497 2721 Mauro
3522 2651 3755 2735 genera-

2171 2766 2255 2810 tus
2284 2767 2337 2810 et
2367 2766 2534 2810 matre
2565 2756 2784 2810 Focaria
2814 2755 2985 2810 editus
3005 2797 3022 2823 ,
3052 2771 3171 2825 quae
3199 2756 3219 2787 ³
3247 2757 3416 2810 sancti
3456 2758 3614 2811 etiam
3661 2757 3757 2811 bli-

2168 2849 2381 2903 rocletis
2407 2847 2733 2902 confessoris
2759 2855 2816 2903 et
2858 2849 3092 2917 episcopi
3136 2849 3382 2917 tangebat
3427 2849 3736 2918 prosapiem

2170 2938 2475 2992 hominibus
2501 2954 2565 2992 ex
2598 2937 2797 3006 liquido
2828 2939 3172 3008 ingenuitatis
3207 2938 3354 2992 fonte
3385 2940 3754 2993 venientibus.

2170 3027 2279 3082 Sed
2311 3029 2436 3096 quid
2487 3028 2698 3081 illorum
2748 3037 2981 3083 retexam
3010 3029 3286 3099 sanguinis
3319 3029 3759 3098 praerogativam,

2171 3130 2393 3184 quorum
2417 3116 2630 3170 familia:
2651 3126 2704 3170 et
2725 3118 3012 3172 nobilitatis
3037 3128 3196 3188 caput
3221 3127 3302 3174 est
3329 3120 3502 3173 filius?
3531 3119 3629 3187 Qui
3655 3122 3762 3174 sub

472 3230 624 3269 verae
670 3224 759 3268 aut
805 3216 941 3282 perit
989 3215 1192 3266 notitia:
1221 3253 1234 3274 ,
1283 3221 1372 3266 aut
1421 3220 1749 3267 attenuatum
1782 3214 1970 3268 transit
1998 3215 2062 3266 ad
2094 3223 2136 3283 ο
2162 3213 2453 3268 decessore
2497 3228 2594 3266 suo
2635 3216 2750 3267 viro
2790 3214 3133 3284 integerrimo
3170 3215 3191 3246 ⁸
3221 3211 3468 3284 Crispino
3500 3216 3763 3282 pentiliee

485 3316 729 3375 posteros
754 3305 894 3376 quod
918 3305 983 3360 ad
1006 3305 1374 3375 explicandum
1404 3320 1602 3374 pauper
1626 3304 1910 3359 verborum
1932 3320 2064 3358 vena

485 3412 610 3452 susc
646 3400 782 3466 perit
819 3415 832 3450 ε
862 3407 915 3450 et
946 3396 1034 3450 illa
1067 3397 1206 3450 haud
1231 3396 1374 3464 justo
1400 3397 1420 3426 ¹
1452 3395 1668 3451 liberior
1695 3395 1928 3449 laudatio
1954 3403 2067 3448 tan-

458 3501 598 3544 ;tum
650 3489 889 3558 decerpit
934 3487 1155 3557 glorize,
1205 3495 1458 3556 quantum
1504 3486 1746 3540 falsitatis
1788 3484 2062 3553 adjeceril.

485 3582 572 3635 Fit
601 3596 729 3635 vero
762 3581 1077 3649 plerumque
1097 3619 1110 3641 ,
1142 3590 1201 3634 ut
1240 3577 1343 3633 ﬁde
1372 3593 1562 3632 carens
1592 3579 1835 3632 cumulus
1865 3577 2067 3630 minuat

487 3673 656 3742 probe
683 3670 819 3724 facta
851 3675 1139 3724 multorum
1159 3710 1173 3734 ,
1206 3679 1256 3723 et
1290 3669 1360 3723 sit
1387 3685 1519 3723 vana
1549 3670 1780 3722 narratio
1808 3683 1925 3737 qua:
1951 3682 2069 3720 cre-

475 3763 589 3816 .scit
617 3778 681 3816 ex
710 3761 1000 3815 mendaciis
1032 3776 1044 3817 :
1076 3760 1444 3828 intempestiva
1475 3769 1529 3814 et
1556 3760 1796 3812 mendica
1821 3758 2062 3821 nimium,

485 3867 607 3920 qua:
641 3868 742 3905 non
791 3851 1076 3920 pertransit
1125 3851 1191 3905 ad
1232 3851 1539 3905 terminum.
1593 3849 1849 3916 Quocirca
1903 3847 2064 3900 vitam

481 3946 778 4002 beatissimi
815 3945 1087 4014 Epiphanii
1120 3944 1415 3998 Ticinensis
1443 3941 1698 3996 antistitis
1735 3949 2064 4006 narraturus,

486 4036 653 4090 invito
683 4034 938 4102 Spiritum
963 4046 1203 4087 sanctum
1231 4043 1419 4088 testem
1442 4045 1655 4086 actuum
1677 4031 1792 4099 ejus
1817 4043 1868 4085 et
1894 4031 2066 4084 comi-

486 4137 596 4179 tem
625 4165 639 4188 ,
679 4133 735 4178 ut
761 4125 940 4193 ipsius
975 4124 1172 4176 auxilio
1212 4124 1436 4192 gloriam
1467 4121 1806 4175 Conscientiae
1837 4119 2066 4174 serenis-

487 4217 640 4269 simae
671 4231 829 4285 quam
862 4213 1035 4269 cidem
1066 4213 1362 4276 concessit,
1392 4212 1595 4265 tradam
1627 4212 1824 4265 chartis
1851 4212 2067 4265 victuris

486 4309 540 4360 in
571 4307 805 4372 smcttlo;
852 4316 915 4360 -ut
945 4306 1246 4375 exemplum
1295 4305 1580 4374 pra-bitura
1635 4305 1886 4358 virtutum
1933 4319 2068 4357 nun-

485 4413 645 4466 quam
674 4399 808 4452 fama
837 4399 1114 4452 moriatur.
1145 4398 1199 4451 In
1230 4413 1336 4461 quo
1366 4407 1540 4451 Limen
1569 4412 1752 4468 opere,
1784 4399 1826 4450 si
1861 4412 1944 4451 nte
1973 4409 2066 4450 an-

485 4500 655 4560 gusta
700 4506 802 4544 non
849 4491 1201 4545 eoarctaverit
1247 4491 1565 4558 eloquentia:
1608 4491 1706 4544 sub
1753 4501 1898 4544 certa
1954 4491 2068 4556 lege

2165 3303 2408 3358 caelestis
2435 3303 2637 3356 militia:
2671 3302 2973 3358 tirocinium
3005 3306 3227 3358 sortitus
3247 3345 3261 3368 ,
3291 3318 3550 3356 annorum
3584 3305 3764 3357 ferme

2167 3402 2292 3449 octo
2313 3395 2526 3449 lectoris
2549 3394 2895 3448 cccl--sia5tici
2925 3395 3147 3463 suscipit
3171 3395 3426 3460 officium,
3451 3398 3604 3463 signo
3627 3405 3765 3449 ante

2165 3485 2374 3539 coalitus
2397 3484 2785 3538 drmousrrato.
2836 3484 2967 3538 Nam
2996 3485 3124 3539 dum
3169 3495 3312 3540 esset
3350 3485 3400 3539 in
3443 3487 3766 3554 crepundiis

2168 3577 2412 3630 lactentis
2462 3575 2736 3638 infanti-.e,
2789 3575 3002 3629 fulsisse
3049 3578 3164 3643 ejus
3208 3576 3474 3630 cunabula
3513 3591 3765 3642 superno

2167 3667 2367 3721 lumine
2423 3667 2601 3720 videre
2652 3666 2984 3735 complurimi
3024 3676 3121 3722 :ut
3147 3665 3376 3720 futuram
3411 3667 3606 3720 mentis
3645 3672 3767 3720 cia-

2167 3756 2378 3812 ritatem
2407 3757 2640 3810 lustrans
2663 3771 2786 3810 eum
2811 3764 2868 3810 et
2889 3755 3196 3822 prmcedens
3221 3755 3395 3824 fulgor
3419 3761 3765 3822 ostenderet,

2167 3855 2583 3915 secuturumque
2613 3846 2954 3915 splendorem
3006 3847 3058 3899 in
3092 3847 3330 3900 moribus
3368 3847 3477 3914 jam
3515 3857 3642 3900 tunc
3681 3857 3767 3918 ty-

2169 3939 2284 4006 pica
2313 3939 2428 3994 lure
2456 3940 2710 4008 signaret.
2741 3938 2995 3992 Natarum
3021 3939 3073 3992 in
3100 3938 3382 3993 scribendo
3411 3939 3766 4007 compendia,

2167 4040 2222 4084 et
2251 4029 2447 4098 figuras
2473 4031 2644 4082 varias
2671 4028 2950 4083 verborum
2979 4027 3368 4082 multi'udinem
3399 4028 3769 4097 comprehen-

2169 4120 2356 4175 dentes
2387 4121 2534 4175 brevi
2561 4129 2874 4186 assecutus,
2905 4121 2956 4175 in
2993 4122 3345 4190 Exceptorum
3406 4138 3632 4175 numero
3665 4123 3770 4177 de.-

2168 4211 2372 4266 dicatus
2402 4214 2628 4276 enituit,
2664 4212 2928 4281 emitque
2969 4215 3076 4281 jam
3111 4214 3229 4266 talis
3258 4215 3507 4281 excipere
3529 4255 3543 4276 ,
3579 4217 3769 4283 qualis

2173 4307 2342 4373 possit
2370 4306 2485 4358 sine
2517 4306 2776 4358 bonorum
2809 4305 3149 4358 oblocutione
3173 4306 3402 4359 dii-tare.
3439 4306 3601 4374 Igitur
3631 4322 3771 4374 pro-

2151 4392 2322 4449 'cesru
2375 4397 2626 4464 temporis
2675 4407 2726 4449 et
2774 4394 2972 4448 laboris
3013 4396 3076 4448 ad
3127 4407 3340 4449 sextum
3384 4407 3435 4448 ιιι
3481 4395 3768 4451 derintmn

2168 4491 2342 4542 mtatis
2369 4505 2566 4542 annum
2600 4490 2782 4542 divino
2811 4492 2990 4542 favore
3021 4488 3332 4557 perductus,
3365 4503 3496 4541 caua
3525 4491 3768 4542 consilia

485 4583 773 4647 currentis,
801 4594 855 4638 ut
876 4585 1060 4637 saltem
1085 4583 1248 4637 cruda
1280 4598 1372 4650 per
1397 4584 1636 4636 ordinem
1664 4583 1899 4651 digeram
1931 4583 2062 4635 facta
2097 4581 2142 4638 υ
2166 4580 2221 4634 in
2251 4581 2407 4635 annis
2429 4581 2717 4648 puerilibus
2739 4581 3111 4636 meditabatur.
3147 4581 3417 4633 V'ernabat
3448 4583 3497 4633 in
3527 4581 3620 4635 illo
3643 4599 3770 4649 pia:

462 4674 796 4728 'tneritorum
833 4692 846 4728 :
879 4675 1008 4728 nihil
1037 4683 1210 4726 tamen
1251 4673 1316 4728 de
1349 4673 1616 4727 labor-bus
1662 4674 1776 4740 ejus
1817 4683 1920 4724 tam
1955 4690 1984 4724 n
2009 4688 2064 4726 e-

485 4765 666 4818 tliocre
690 4766 766 4818 vel
792 4764 988 4817 humile
1011 4765 1294 4828 inveniam,
1317 4774 1369 4816 ut
1393 4765 1708 4817 necessariis
1734 4763 1860 4816 illud
1886 4764 2059 4827 bulLis,

562 4877 575 4906 '
627 4874 742 4928 Vita
773 4875 1042 4928 bealissimi
1080 4873 1382 4944 Epipltanii]
1429 4873 1594 4943 Hujus
1625 4874 1754 4927 Viue
1789 4876 1873 4928 vix
1909 4879 2060 4930 tertia

484 4960 610 5013 pars
636 4958 751 5000 erat
779 4951 831 4998 in
861 4947 1092 4999 editione
1133 4944 1405 4998 Basiliensi
1442 4963 1454 4997 :
1490 4961 1584 4998 nos
1616 4946 1816 5013 reliqua
1848 4948 2059 5013 supple-

485 5020 659 5068 vimus
702 5032 766 5070 ex
813 5015 1207 5082 manuscriptis.
1261 5015 1337 5067 Ac
1389 5030 1520 5069 sane
1565 5019 1819 5069 intererat
1863 5018 2058 5084 publici

482 5085 618 5155 juris
651 5085 762 5141 fieri
797 5094 816 5140 t
855 5096 962 5138 tum
1006 5087 1105 5139 hoc
1151 5085 1499 5152 opusculum,
1534 5087 1672 5153 quod
1717 5087 1852 5139 inter
1885 5088 2058 5139 Erino-

483 5155 662 5220 diana,
695 5166 750 5208 ut
777 5155 1096 5218 maximum,
1128 5156 1196 5208 ita
1226 5158 1481 5224 optimum
1514 5156 1747 5219 videtur,
1780 5167 1832 5209 et
1860 5158 2058 5210 variant

483 5240 549 5279 ac
581 5229 921 5296 multiplicem
955 5226 1165 5280 illorum
1197 5236 1493 5295 temporum
1525 5226 1798 5280 historiam
1830 5228 2062 5296 comple-

484 5297 663 5350 ctitur.

560 5369 581 5398 ’
619 5368 672 5421 In
702 5367 829 5420 edit.
865 5367 1070 5437 Schotti
1091 5406 1104 5429 ,
1137 5367 1332 5420 liberali
1352 5384 1412 5419 ir.
1452 5367 1769 5429 Bolland..s,
1803 5365 1894 5418 illa
1916 5370 2063 5437 justo

489 5438 710 5490 fibrrior.
748 5437 902 5491 Forte
934 5436 1025 5490 ilia
1044 5439 1189 5506 justo
1216 5438 1492 5491 liberalior.

558 5506 580 5535 ³
617 5507 676 5561 S.
714 5505 1010 5578 Miroclett's]
1048 5505 1291 5575 Episcopi
1325 5505 1756 5568 libetliulanensis,
1782 5506 1872 5578 qui
1899 5506 2060 5578 juilex

489 5575 626 5627 inter
655 5580 786 5630 alius
814 5581 952 5631 sed.t
975 5575 1023 5631 in
1055 5593 1210 5630 t'atlszt
1241 5579 1535 5638 (la-ciliaui,
1569 5576 1890 5640 temporibus
1922 5576 2061 5628 Con-

487 5645 739 5714 stantini,
775 5659 828 5698 ut
878 5657 1055 5701 narrat
1092 5649 1313 5714 O.ptatus
1349 5647 1437 5699 lib.
1476 5661 1510 5700 ι.
1544 5646 1828 5697 Mirm-lctis
1878 5647 2056 5698 surculi

487 5711 622 5771 Vitio
645 5715 862 5780 dictum,
891 5734 986 5785 pro
1015 5711 1262 5782 bliroclis,
1289 5732 1394 5785 quo
1417 5730 1542 5769 usus
1569 5727 1646 5769 est
1677 5715 1918 5770 Miracles
1949 5733 2059 5785 ipse

2168 4672 2373 4726 caneris
2395 4680 2563 4725 mater
2589 4674 2846 4726 honorum
2867 4689 3088 4742 operum
3112 4673 3447 4726 verecundia.
3481 4674 3550 4726 Ita
3581 4674 3772 4728 famu-

2170 4765 2618 4817 labaturantistiti
2648 4763 2840 4822 Lbens.
2872 4774 2929 4817 ut
2956 4765 2998 4816 si
3028 4763 3151 4832 quid
3184 4763 3362 4828 operis
3382 4778 3668 4831 gererezur
3696 4767 3774 4817 ah

2167 4875 2218 4927 in
2265 4876 2682 4944 epigrammate,
2727 4875 2866 4940 quod
2919 4875 3075 4928 beato
3126 4875 3442 4928 Anatholoni
3491 4876 3773 4946 episcopo

2167 4947 2436 5014 praedeces
2465 4947 2543 4999 ori
2573 4962 2670 5001 suo
2707 4948 2912 5015 posuit,
2939 4947 3235 5014 clausitque
3266 4948 3366 4998 hoc
3394 4946 3625 4999 disucho
3669 4966 3682 4998 :

2290 5059 2372 5106 llic
2398 5057 2588 5105 titulum
2617 5094 2629 5116 ,
2674 5065 2724 5106 et
2749 5059 2872 5118 picto
2895 5059 3198 5105 venerandos
3220 5061 3406 5117 pariete
3432 5057 3594 5105 vultus

2415 5118 2619 5168 \lirot‘lis
2642 5120 2800 5166 reddit
2825 5119 3054 5166 Prmstitis
3072 5118 3192 5164 alma
3216 5119 3352 5166 fides.

2534 5179 2842 5228 MIROCLES
2870 5179 3228 5229 EPISCOPUS.

2240 5285 2256 5314 ⁸
2298 5284 2531 5347 Crispino
2562 5284 2818 5355 pon'ifice]
2848 5283 3136 5355 Ticinensi,
3167 5285 3316 5351 cujus
3346 5301 3378 5337 n
3419 5299 3537 5338 men
3573 5295 3773 5340 exstat

2169 5356 2306 5406 inter
2327 5365 2549 5407 ezrteros
2573 5355 2712 5407 illius
2736 5353 3018 5422 provincia:
3043 5353 3341 5421 cpiSCopns.
3366 5358 3451 5422 qui
3477 5357 3772 5422 synodicae

2174 5425 2385 5477 Eusebii
2419 5425 2654 5495 epiSCOpi
2697 5424 3105 5478 Mediolanensis
3135 5425 3197 5476 atl
3233 5425 3340 5476 Leo
3365 5441 3464 5476 »ent
3500 5425 3772 5491 Magnum

2169 5495 2410 5560 (Epistula:
2449 5493 2897 5560 subscripserunt.
2932 5495 3167 5548 Meminit
3196 5495 3434 5562 ejusdem
3476 5495 3774 5551 Eunodiits

2167 5565 2499 5627 carmiue9,
2545 5563 2700 5630 eique
2774 5576 3047 5632 acceptum
3096 5564 3197 5618 fert
3268 5566 3522 5632 quidquid
3578 5566 3776 5622 laudis

2169 5634 2259 5687 fuit
2291 5635 2341 5686 iu
2371 5634 2486 5700 ejus
2515 5633 2770 5702 discipulo
2799 5645 2852 5689 et
2876 5649 3184 5690 successore
3217 5633 3534 5703 Epiphanio.
