3974 6366
248 404 348 459 eoa

250 610 388 660 tium.
422 608 731 673 Accipiebat
760 622 913 662 senes
949 611 1198 679 gravitas,
1229 614 1452 682 juvenes
1483 622 1726 686 comiter,
1767 635 1820 680 et

246 697 519 750 coercebat
538 698 645 764 jam
672 708 794 752 tunc
821 696 1145 755 facinorosos
1173 704 1425 761 audacter
1450 726 1461 760 ε
1490 720 1603 763 erat
1627 714 1812 780 primis

247 790 523 855 subjectus,
544 788 803 854 prioribus
817 800 997 843 sancta
1014 792 1408 862 injungentibus
1422 799 1813 867 obsecundans,

245 878 521 945 mqualihus
546 877 771 932 blandus
798 890 960 947 atque
986 880 1045 933 of
1046 882 1277 951 ﬁciosus,
1302 890 1643 955 sequentibus
1671 908 1814 948 mera

246 972 454 1025 cazitate
477 972 779 1025 communis
804 988 817 1025 :
846 973 977 1026 nulli
1001 988 1057 1026 se
1085 975 1390 1045 przeferens,
1416 996 1535 1034 cum
1562 986 1811 1054 religioso

243 1078 386 1115 cursu
421 1077 512 1129 per
542 1066 816 1117 ete'estem
850 1065 1113 1119 tramitem
1146 1069 1394 1122 omnibus
1418 1074 1670 1140 anteiret,
1698 1078 1810 1130 latt-

243 1152 457 1206 dationis
485 1169 674 1206 amore
699 1168 923 1219 vacuus,
954 1170 1073 1209 cum
1104 1158 1339 1225 quotidie
1370 1160 1421 1214 in
1454 1178 1517 1216 eo
1550 1164 1810 1219 laudanda

242 1244 597 1297 ado'eseerent
624 1260 637 1296 :
666 1259 892 1312 cumqse
917 1261 1003 1299 res
1027 1247 1208 1313 gloriae
1234 1249 1421 1317 dignas
1444 1268 1539 1320 per
1562 1256 1808 1311 horarum

244 1346 493 1386 momenta
520 1345 936 1399 consummaret,
962 1339 1138 1404 perire
1167 1338 1395 1393 fructum
1424 1344 1607 1410 gloriae
1628 1346 1811 1414 opina-

243 1424 380 1475 batur
398 1433 559 1491 atque
581 1424 907 1489 mercedem,
931 1426 973 1479 si
1000 1428 1355 1494 praetulissent
1380 1431 1644 1499 homines,
1669 1438 1808 1505 quod

240 1514 324 1569 soli
345 1514 445 1567 Dco
459 1514 744 1568 exhibebat
758 1510 1086 1573 abscondite.
1106 1519 1159 1573 ln
1174 1526 1682 1591 summa,apustolici
1700 1544 1809 1584 me-

241 1619 343 1656 mor
355 1604 546 1657 oraculi
559 1649 572 1670 ,
588 1606 975 1661 asseutationes
992 1623 1268 1678 respuens,
1290 1612 1340 1666 in
1359 1617 1809 1685 semetipso,teste

238 1694 539 1747 conscientia
564 1735 580 1759 ,
613 1709 708 1762 pro
735 1696 861 1749 boni
892 1697 1069 1765 eperis
1098 1703 1456 1768 reCOgnitione
1504 1707 1803 1774 plaudebat.

303 1782 426 1837 tttod
457 1801 583 1839 vero
616 1787 887 1842 libandum
920 1804 1038 1845 isse
1069 1805 1171 1846 non
1205 1794 1405 1860 abnuo,
1438 1798 1575 1865 quod
1606 1798 1803 1855 formo-

1159 412 1306 467 VITA
1348 415 1406 469 Β.
1454 418 1787 479 ΕΡΙΡΙΙΑΝΙΙ
1831 428 2136 487 EPISCOPI
2172 438 2350 496 TlCIN
2368 443 2575 503 ENSIS.

248 520 410 570 altero
433 557 445 577 ,
487 514 717 584 graviter
767 516 927 571 ferret
965 519 1273 589 subreptum
1312 527 1411 580 sibi
1447 528 1607 587 fuisse
1644 538 1808 589 servi«
1840 545 1886 598 Α
1919 544 2283 611 corripiendos

3397 466 3503 520 ‘210

2324 554 2565 624 singulos
2604 568 2919 622 auctoritate
2959 572 3177 640 plenus,
3211 579 3275 632 ad
3308 586 3502 635 exhu:‘

1926 634 2114 687 tandos
2144 653 2381 709 quosque
2420 654 2721 708 necessario
2758 657 2935 727 lepore
2983 664 3322 725 dulcissimus
3355 690 3364 723 :
3401 691 3499 729 γοῐ

1919 736 2110 777 sonora
2138 766 2152 790 ,
2197 744 2356 785 succo
2391 736 2557 793 virilis
2593 743 2867 813 elegantiae
2899 755 3106 809 condita
3134 798 3149 824 ,
3196 776 3294 816 nec
3324 774 3499 821 tamen

1918 815 2143 879 agrestis
2172 832 2235 871 ac
2276 826 2503 891 rustica,
2544 844 2641 885 nec
2679 833 2899 892 infracta
2940 846 3304 916 gradatimque
3332 870 3360 907 a
3388 872 3497 910 nta—

1916 903 2059 956 scula
2089 908 2357 967 soliditate
2389 914 2651 984 deposita.
2689 924 2837 980 Illum
2868 903 3169 1006 quicunque
3194 903 3347 1011 vidit,
3374 960 3494 1001 cum

1917 998 2144 1053 necdum
2178 1001 2495 1072 dignitatum
2524 1014 2737 1083 aliquod
2782 1019 2940 1076 limen
2984 998 3271 1094 intrasset.
3316 998 3494 1092 omnia

1914 1098 2034 1139 eum
2067 1092 2321 1149 transisse
2351 1101 2599 1167 credidit,
2630 1120 2750 1174 qua:
2780 1116 3140 1179 sequebantur
3171 1123 3418 1194 insignia.

1984 1177 2129 1233 Talis
2144 1181 2253 1248 jam
2282 1187 2347 1239 ad
2370 1187 2633 1246 decimum
2660 1177 2905 1255 octavum
2934 1207 3103 1262 relatis
3123 1225 3231 1264 suae
3253 1177 3493 1280 pervenit

1914 1281 2128 1324 annum.
2161 1272 2216 1327 ιιι
2248 1291 2373 1345 quo,
2401 1285 2637 1373 secundo
2664 1302 2690 1338 a
2733 1289 2906 1345 levitis
2946 1311 3167 1353 numero
3192 1301 3488 1373 dedicatus,

1912 1369 2097 1413 senum
2127 1364 2357 1421 coetibus
2388 1352 2519 1437 patir
2554 1374 2833 1443 adjunctus
2860 1394 2963 1438 est.
3011 1352 3513 1475 Stttpuer‘uwnt—pl‘u;

1913 1447 2055 1515 rimi,
2076 1453 2183 1506 sed
2208 1461 2436 1525 externi,
2468 1465 2553 1531 qui
2586 1482 2761 1523 mores
2792 1471 2930 1526 illius
2955 1490 3075 1529 cum
3106 1480 3277 1533 aetatis
3299 1480 3490 1537 imma-

1914 1540 2125 1596 turitate
2148 1543 2441 1615 jungebant
2465 1569 2477 1605 :
2505 1569 2677 1610 seram
2707 1560 2994 1618 credebant
3014 1566 3326 1634 dignitatem
3350 1572 3488 1628 hanc

1911 1628 2173 1691 redditam
2197 1650 2339 1702 esse,
2371 1642 2459 1709 qui
2492 1659 2767 1701 noverant.
2803 1653 2870 1705 At
2903 1655 2990 1709 ille
3026 1628 3343 1715 venerabilis
3358 1661 3487 1719 'Crl-

1910 1720 2093 1787 spinus
2122 1726 2403 1797 episcopus
2428 1773 2441 1795 ,
2489 1733 2683 1789 favoris
2725 1743 2935 1797 nescius
2960 1785 2974 1810 ,
3008 1748 3262 1815 pertinaci
3295 1760 3485 1809 tenens

1910 1809 2241 1871 districtione
2282 1833 2561 1878 censuram
2590 1866 2603 1889 ,
2634 1839 2687 1882 et
2714 1846 2870 1898 quem
2902 1850 3168 1905 nunquam
3212 1842 3313 1894 nisi
3346 1844 3481 1899 bona

2422 1873 2561 1878 κήν---
2590 1873 2603 1889 ,
2637 1873 2687 1882 τ-
2715 1873 2870 1898 ‘1‘“...-
2902 1873 3168 1905 uuuvluuul
3212 1873 3313 1894 uua]
3346 1873 3481 1899 "una

238 1873 359 1925 sitas
387 1875 434 1926 in
460 1874 548 1927 illo
581 1875 713 1928 locis
752 1892 1025 1946 corporeae
1056 1880 1213 1936 iudex
1244 1885 1433 1940 anima:
1461 1887 1578 1954 fttit,
1610 1898 1662 1944 et
1693 1900 1802 1947 tan-
1834 1887 1881 1947 B
1914 1907 2239 1961 conscientia
2267 1910 2415 1967 dum
2442 1915 2506 1969 ad
2535 1919 2778 1986 gratiam.
2810 1924 2884 1977 sic
2915 1941 3035 1980 eum
3067 1933 3331 1987 mwcehm
3358 1950 3481 1990 sem

243 1978 342 1990 I..-‘
370 1978 542 1990 -Α-.-Α
564 1977 657 1990 ..-I--
684 1969 808 1990 If--__-
839 1971 942 1990 EII?,,
1004 1974 1043 1990 l0,
1233 1978 1246 1990 I
1470 1981 1482 1990 ι
1548 1984 1559 1990 -

242 1978 343 2019 tum
363 1978 543 2021 contra
564 1969 812 2023 studium
837 1971 976 2026 illius
1003 1974 1186 2030 formae
1214 1978 1377 2033 decus
1398 1981 1601 2048 enituit,
1631 1997 1801 2043 utnec

236 2057 346 2109 furi
369 2058 481 2111 viro
507 2070 684 2125 posset
704 2072 1045 2130 Oppugnante
1063 2065 1318 2121 subverti.
1346 2069 1797 2143 Ridebantgeme,

236 2148 381 2201 ctiam
423 2164 545 2202 cum
583 2150 795 2205 animus
837 2154 1200 2209 mmstitudine
1251 2159 1537 2227 torpuisset
1571 2179 1583 2215 :
1636 2165 1799 2219 nitida

230 2240 369 2293 simul
409 2241 548 2296 labia
589 2243 1031 2298 commendabant
1070 2246 1354 2316 dupliciter
1399 2251 1554 2307 mella
1583 2267 1787 2309 sermo-

231 2348 341 2384 num
363 2350 376 2385 :
398 2349 607 2388 necnon
630 2350 946 2404 quocunque
968 2339 1209 2393 vertisset
1234 2341 1437 2408 oculos,
1458 2345 1799 2401 serenitatem

229 2424 403 2477 mentis
443 2425 728 2479 nuntiabat
773 2436 1024 2495 aspectus
1058 2446 1068 2479 :
1102 2428 1245 2483 frons
1292 2446 1465 2486 cerea:
1510 2435 1802 2502 pulchritu-

227 2516 378 2577 dinis,
416 2526 465 2567 et
503 2514 753 2569 candoris
794 2516 935 2571 illius
963 2532 1080 2585 qua:
1114 2520 1240 2572 solis
1271 2535 1420 2586 passa
1453 2523 1629 2577 radios
1657 2525 1802 2589 εοιο⁸

228 2624 325 2659 rem
371 2608 535 2660 traxit
580 2609 647 2662 ab
693 2608 894 2663 mtlterc
937 2628 949 2666 :
991 2627 1145 2664 nares
1193 2613 1243 2664 itt
1295 2624 1440 2668 tanto
1489 2620 1799 2674 naturaliter

226 2698 405 2765 splendv
430 2714 490 2752 re
523 2698 786 2765 formatae,
823 2710 877 2753 ut
920 2701 1036 2753 illas
1068 2704 1309 2771 nequiret
1337 2706 1653 2775 imaginibus
1679 2725 1797 2764 cor-

226 2805 336 2854 pora
380 2800 779 2859 repraesentans
816 2793 986 2861 pictor
1022 2795 1259 2850 aemulari
1294 2813 1308 2850 :
1343 2812 1529 2852 manus
1576 2811 1790 2865 teretes,

225 2882 394 2947 prolixi
416 2883 597 2951 digiti,
623 2883 691 2938 de
710 2884 902 2952 quibus
926 2886 1119 2955 aliquid
1147 2898 1199 2941 et
1219 2890 1512 2957 alienigena
1534 2894 1789 2960 gauderet

222 2972 466 3039 accipere.
495 2973 729 3027 Statum
759 2978 1046 3042 proceritas
1068 2977 1285 3043 decens,
1308 2997 1423 3048 qua:
1446 2984 1790 3043 eminentiam

220 3074 460 3117 secutura:
516 3063 791 3134 dignitatis
838 3069 1201 3136 prmtiguraret
1250 3072 1299 3125 in
1342 3074 1638 3141 membris;
1693 3093 1791 3133 nec

221 3161 377 3207 tamen
407 3155 627 3208 modum
665 3156 1018 3210 ornatissimae
1052 3160 1366 3225 prolixitatis
1394 3165 1712 3220 excederet.

1907 1992 2073 2058 sibus,
2100 2006 2157 2049 ut
2184 2000 2451 2058 morderet
2475 2006 2695 2073 obtutu;
2728 2020 2780 2065 et
2808 2014 2907 2068 sub
2937 2019 3115 2085 specie
3145 2020 3333 2077 frontis
3354 2026 3478 2095 rigi-

1906 2082 1988 2137 da:
2006 2086 2393 2147 clandestinum
2418 2096 2553 2150 circa
2579 2099 2893 2170 discipulum
2921 2082 3185 2163 nutriebat
3207 2112 3471 2170 affectum.

1905 2173 2229 2233 Pascebatur
2267 2183 2462 2239 alumni
2495 2190 2575 2242 sui
2607 2193 2823 2260 optabili
2867 2203 3271 2258 conversatione
3302 2216 3474 2276 pater,

1906 2277 1960 2320 et
1986 2274 2232 2328 omnibus
2261 2277 2375 2344 ejus
2422 2281 2627 2336 actibus
2674 2287 2858 2342 oculos
2905 2292 3225 2347 amomabat.
3271 2296 3323 2350 ln
3367 2314 3474 2368 quo

1906 2367 2081 2415 tamen
2135 2365 2221 2419 ille
2264 2367 2574 2425 subdiaconi
2628 2376 2815 2432 ordine
2860 2380 2989 2435 nihil
3047 2385 3271 2452 amplius
3313 2403 3472 2456 quam

1906 2452 2119 2509 biennio
2164 2472 2561 2529 commoratus,
2606 2470 2915 2525 meritorum
2978 2487 3193 2529 suorum
3250 2479 3473 2536 saltibus

1904 2554 2118 2600 evectus
2153 2550 2365 2605 exsiluit
2389 2594 2401 2613 ,
2445 2570 2542 2609 nec
2571 2570 2629 2611 se
2665 2558 2753 2613 diu
2796 2561 2927 2615 intra
2966 2567 3235 2633 angustias
3280 2572 3473 2627 modici

1904 2632 2122 2691 honoris
2148 2640 2321 2694 anima
2354 2656 2437 2697 est
2480 2646 2627 2701 dives
2679 2666 2827 2714 rassa
2859 2656 2976 2709 refr.
3000 2660 3134 2711 nari.
3169 2660 3473 2717 Festinabat

1902 2724 1965 2777 ad
2008 2726 2268 2781 leviticam
2311 2731 2546 2790 dignitat:
2569 2752 2618 2791 ιιι
2648 2743 2995 2807 conscientia,
3019 2762 3173 2815 quam
3203 2766 3470 2819 nunquam

1900 2826 2016 2869 Vota
2051 2834 2493 2890 pra‘sumpsevant
2527 2846 2537 2880 :
2568 2831 2811 2899 etigebat
2834 2841 3185 2905 conversatio,
3212 2844 3353 2911 quod
3379 2845 3473 2899 de-

1896 2904 2089 2959 sideria
2122 2910 2328 2975 penitus
2358 2913 2687 2981 ignorabant.

1966 2992 2116 3050 Circa
2151 3006 2318 3053 metas
2348 3010 2523 3057 tamen
2572 3007 2771 3074 prmfatl
2819 3010 3037 3067 honoris
3075 3025 3127 3069 et
3157 3023 3468 3089 terminum,

1897 3098 2057 3136 unum
2095 3085 2211 3153 ejus
2246 3092 2555 3157 opusculum
2590 3110 2800 3151 summo
2844 3112 2995 3157 tenus
3029 3105 3154 3160 libet
3184 3111 3466 3180 attingere.

1895 3170 1914 3199 ²
1941 3174 2204 3228 rummias
2233 3178 2495 3234 vocitatur
2524 3198 2668 3250 ager.
2700 3188 2787 3254 qui
2819 3190 2868 3242 in
2901 3207 2965 3248 eo
2999 3194 3095 3248 loci
3128 3200 3261 3251 situs
3290 3214 3391 3268 est,
3415 3203 3467 3258 in

2558 3246 2582 3250 -
2719 3246 2730 3254 .
2912 3246 2919 3248 ἡ
3060 3246 3094 3248 -γ
3129 3246 3150 3250 -
3181 3246 3195 3250 -
3226 3246 3260 3251 ν-
3292 3246 3391 3268 ν-..

279 3246 373 3300 Sed
405 3262 472 3301 ne
504 3246 622 3316 quis
663 3246 881 3303 forsitan
912 3251 1205 3306 malitiosos
1236 3255 1495 3324 interpres
1528 3259 1784 3328 iutempe-
1810 3251 1855 3313 C
1890 3274 1992 3328 quo
2017 3272 2286 3319 terrenum
2311 3271 2601 3339 marginem
2624 3276 2747 3343 gulo
2780 3292 2842 3331 us
2864 3279 3057 3335 Padani
3083 3288 3303 3355 gurgitis
3327 3306 3467 3346 mor-

217 3340 337 3393 stive
363 3340 595 3409 positum
640 3340 801 3408 iactet
827 3380 841 3402 ,
884 3344 935 3394 in
980 3343 1093 3397 viro
1138 3354 1399 3400 tantarum
1434 3349 1685 3404 virtutum
1718 3353 1785 3408 de

219 3430 383 3499 lepore
404 3431 586 3487 carnis
609 3432 799 3486 factam
828 3448 948 3488 esse
972 3437 1315 3503 mentionem,
1342 3455 1461 3493 cum
1495 3441 1545 3494 in
1579 3443 1661 3496 illa
1696 3460 1785 3499 ve-

216 3520 302 3575 t--ri
324 3522 695 3578 mandatorum
718 3524 1012 3579 antestium
1038 3527 1214 3581 radice
1242 3528 1308 3582 sit
1339 3530 1573 3595 insitum,
1598 3548 1781 3589 sacer-

214 3611 373 3667 dotum
405 3628 637 3682 corpora
670 3615 843 3683 sagaci
881 3616 1081 3671 debere
1118 3619 1477 3675 insinuatione
1518 3623 1730 3678 lustrari
1766 3644 1777 3679 :

212 3719 269 3754 ne
292 3704 409 3773 quid
451 3706 631 3759 debile
652 3707 780 3773 ,‘vel
813 3706 1054 3761 deforme
1076 3749 1089 3771 ,
1136 3726 1199 3763 ne
1229 3712 1351 3779 qttid
1396 3714 1509 3780 plus
1542 3716 1782 3772 minusve

211 3809 317 3849 esse
345 3798 657 3866 contingat,
690 3812 827 3851 neve
858 3798 1092 3852 inolitam
1134 3802 1353 3854 maculis
1386 3812 1559 3858 eutem
1591 3820 1778 3874 super-

212 3886 338 3939 ﬁcies
377 3888 517 3941 [reda
550 3887 841 3942 dedecoret
892 3888 1036 3957 (Lev.
1074 3906 1234 3956 svnt,
1268 3892 1328 3945 2i
1365 3894 1529 3962 mp);
1578 3910 1644 3949 ne
1676 3896 1780 3949 fra-

208 3986 337 4030 ctura
364 3994 576 4042 manus,
610 3989 698 4031 aut
731 3978 960 4032 fractura
996 3981 1142 4046 pedis
1170 3990 1258 4034 aut
1282 3983 1471 4050 gibbus
1503 3984 1775 4055 indignum

207 4067 439 4122 altaribus
488 4071 680 4124 reddat
724 4072 1017 4127 antistitem
1050 4088 1063 4126 :
1096 4084 1149 4127 et
1177 4073 1373 4126 clamet
1419 4074 1604 4129 doctor
1648 4092 1777 4147 gen~

208 4157 319 4211 tium
348 4173 397 4214 et
426 4163 709 4216 electionis
738 4178 831 4217 vas
860 4164 1035 4234 (Rom.
1074 4182 1179 4229 xtv,
1210 4166 1288 4235 2).
1322 4166 1591 4223 hominem
1624 4185 1775 4224 mun-

206 4246 316 4305 dum
355 4253 420 4307 ad
467 4254 730 4323 ejusmodi
773 4255 970 4310 debere
1009 4256 1242 4310 ofticium
1286 4262 1562 4326 pervenire
1592 4279 1604 4313 :
1634 4262 1772 4330 quod

207 4356 297 4397 non
322 4346 492 4399 solum
525 4346 592 4400 de
622 4347 836 4410 animm,
869 4348 961 4401 sed
991 4348 1149 4401 etiam
1178 4348 1244 4401 de
1274 4352 1513 4417 corporis
1539 4353 1773 4406 creditur

206 4438 359 4492 nitore
384 4440 609 4492 dixisse.
659 4439 756 4503 Qui
795 4440 1087 4493 deformem
1128 4456 1189 4492 ac
1226 4440 1456 4494 debilem
1498 4456 1525 4493 a
1568 4442 1771 4497 libami-

205 4530 341 4581 nibus
380 4532 498 4585 suis
544 4530 760 4583 mandat
801 4532 1005 4594 arceri,
1038 4532 1301 4585 invenitur
1329 4549 1423 4587 eos
1460 4535 1547 4601 qui
1594 4535 1769 4589 multi-

1888 3365 1978 3405 sus
2008 3355 2231 3425 arrodit,
2264 3367 2318 3411 et
2366 3358 2600 3416 ﬂexuoso
2643 3380 2866 3433 serpens
2916 3370 3106 3426 fluvius
3151 3375 3373 3445 largitur
3415 3382 3467 3435 in

1887 3443 2205 3509 compendio
2228 3446 2466 3511 alterius,
2494 3451 2633 3517 quod
2660 3452 2863 3508 furatur
2884 3458 2950 3510 ab
2972 3460 3170 3525 altero;
3203 3443 3468 3537 simulque

1889 3529 1945 3581 fit
1980 3530 2184 3584 lucrum
2216 3533 2424 3588 finititni
2455 3538 2626 3591 aliena
2657 3541 2949 3598 calamitas.
2982 3546 3055 3602 De
3094 3548 3245 3618 huju-
3284 3529 3466 3621 pne-dii

1887 3616 2080 3672 finibus
2123 3623 2334 3688 antiqua
2382 3640 2500 3677 cum
2542 3627 2751 3683 clericis
2794 3631 2961 3687 But-co
2992 3638 3201 3703 quidam
3234 3642 3325 3697 lite
3354 3660 3466 3699 cer-

1885 3710 2029 3760 tabat
2058 3725 2070 3763 :
2101 3710 2164 3761 ad
2196 3712 2335 3778 quod
2362 3712 2590 3780 iurgium
2623 3716 2977 3775 dirimendum
3007 3728 3173 3781 senile
3204 3732 3380 3796 nimis,
3413 3745 3466 3787 et

1884 3810 2078 3867 praeter
2115 3817 2272 3870 quam
2313 3806 2505 3873 coojici
2558 3810 2721 3875 possit
2759 3829 3016 3868 annosum
3051 3862 3063 3883 ,
3114 3821 3285 3875 adlme
3334 3842 3465 3891 puer

1884 3889 1983 3942 iste
2012 3889 2276 3959 dirigitur.
2309 3894 2519 3948 Electus
2552 3907 2635 3950 est
2662 3901 2826 3965 enim,
2856 3907 2942 3969 qui
2976 3915 3027 3957 et
3063 3910 3269 3963 fortiter
3302 3889 3464 3969 3illas

1884 3978 2205 4035 intentiones
2234 3984 2505 4051 exciperet
2526 4026 2538 4048 ,
2574 3996 2626 4040 et
2655 3992 2960 4045 maturitate
2991 3998 3196 4049 consilii
3231 3999 3463 4055 inferen-

1879 4067 1974 4121 das
2005 4079 2345 4139 temperaret.
2398 4075 2590 4127 Attulit
2624 4088 2798 4131 tamen
2825 4120 2837 4141 ,
2886 4082 3023 4147 quod
3063 4087 3190 4137 Sulci
3224 4089 3461 4145 omnium

1886 4170 2054 4212 mater
2084 4161 2328 4216 intentio.
2364 4162 2494 4216 Nam
2531 4180 2781 4230 processu
2810 4175 3091 4234 δμηιιοηὶς,
3120 4184 3167 4225 et
3203 4177 3461 4246 seandali,

1880 4251 1993 4319 ipse
2026 4253 2193 4306 Buteo
2222 4255 2308 4321 qui
2339 4257 2553 4309 malitia:
2579 4271 2687 4309 sum
2718 4260 2933 4313 sordido
2964 4263 3353 4319 lenocinaretur
3374 4284 3461 4323 as-

1878 4352 2061 4401 sensu,
2088 4356 2350 4394 sumnmm
2383 4342 2588 4396 facinus
2610 4346 2722 4397 sine
2747 4348 2923 4415 aliquo
2946 4352 3133 4404 timore
3156 4358 3421 4411 commisit
3445 4376 3459 4411 ε

1878 4444 1997 4483 nam
2031 4441 2273 4483 sanctum
2309 4432 2477 4485 virum
2529 4432 2596 4485 ita
2642 4433 2780 4488 fuste
2821 4440 3079 4504 percussit
3105 4482 3117 4502 ,
3164 4453 3215 4493 ut
3250 4451 3461 4514 sangn‘s

1878 4518 2029 4586 proli:
2057 4533 2116 4570 us
2139 4520 2407 4573 eliulliret.
2434 4521 2498 4573 At
2526 4520 2616 4573 ille
2639 4522 3000 4589 paratissimus
3024 4526 3153 4579 iram
3182 4535 3460 4597 repressit,

202 4621 393 4685 pliciter
417 4624 553 4692 grati
586 4633 738 4687 sunt,
772 4623 1055 4678 admittere
1090 4625 1317 4679 libenter
1351 4644 1361 4677 :
1399 4628 1693 4695 praesertim
1724 4628 1775 4681 in

1899 4626 1978 4662 tec
2012 4610 2257 4663 vindictae
2294 4626 2387 4679 spe
2419 4622 2733 4681 provocatus
2759 4614 3039 4679 efferbuit;
3089 4625 3461 4696 turbatumque

200 4726 292 4777 quo
320 4714 492 4768 lucem
529 4714 889 4769 membrorum
918 4715 1107 4768 animm
1138 4716 1255 4785 fulgr
1281 4732 1307 4770 r
1333 4729 1643 4785 exsuperat;
1678 4735 1776 4774 nec

198 4807 500 4861 naturaliter
541 4808 668 4861 illud
711 4816 978 4862 terrenum
1021 4810 1183 4863 decus
1223 4812 1488 4879 aliquibus
1536 4814 1775 4867 artiticiis

197 4895 486 4963 adjuvetur.

262 4987 586 5045 Prazstrictis
624 5007 753 5062 ergo
796 4993 877 5046 his
906 5008 1024 5062 qua:
1054 4994 1286 5062 eportuit
1328 5010 1429 5047 non
1470 4996 1671 5060 omitti,
1720 5008 1774 5049 ut

195 5086 268 5135 cui
299 5085 661 5141 innmesceret
688 5102 850 5155 opere
890 5089 968 5140 vir
1000 5090 1324 5149 immensus,
1360 5099 1772 5154 praisentaretur

193 5186 241 5228 et
267 5179 414 5232 vultu
445 5198 455 5231 :
486 5189 758 5233 transeam
790 5180 855 5233 ad
884 5180 968 5232 illa
999 5196 1115 5247 qua:
1138 5181 1205 5234 de
1225 5180 1515 5233 cultoribus
1546 5182 1634 5233 Dei
1667 5198 1769 5234 non

194 5268 526 5323 mediocriter
566 5269 831 5323 laudanda
866 5270 1038 5324 frente
1071 5279 1375 5324 narrantur.
1426 5270 1549 5323 Erat
1597 5272 1647 5323 in
1680 5287 1771 5325 co-

192 5356 304 5410 deut
350 5374 530 5413 sermo
568 5360 635 5413 ad
682 5359 979 5413 doctrinam
1026 5375 1287 5428 congruos
1315 5400 1328 5423 ,
1376 5359 1660 5413 tabricatus
1704 5362 1766 5414 ad

190 5444 498 5514 blanditias,
531 5453 545 5481 ¹
577 5452 641 5505 ad
682 5451 1092 5505 intercessiones
1129 5452 1236 5519 jam
1280 5460 1403 5504 tunc
1441 5453 1659 5515 artifex,
1703 5455 1767 5508 ad

256 5541 271 5572 ⁸
312 5543 392 5594 Ad
424 5544 797 5597 intercessiones
822 5549 938 5615 jam
979 5544 1193 5613 arti/ex]
1218 5545 1321 5627 _Ad
1364 5545 1767 5627 (leprccaliottes

186 5624 311 5671 quas
341 5628 440 5678 pro
468 5615 676 5667 miseris
704 5618 1057 5694 etpppressis
1095 5615 1230 5682 apud
1265 5618 1767 5694 petulantioresaulo-

187 5677 307 5731 bere
337 5685 543 5735 sub-bat
575 5677 934 5749 licttlesia','ttt
964 5677 1159 5737 dictum
1193 5677 1276 5737 est
1313 5687 1401 5735 lib.
1439 5701 1451 5737 t
1478 5728 1489 5749 ,
1522 5688 1677 5754 epist.
1711 5689 1762 5747 7,

188 5749 250 5799 tle
280 5752 475 5814 quibus
510 5756 676 5807 semel
718 5768 875 5822 atque
906 5756 1101 5832 iteruttt
1124 5756 1547 5832 panlo_iuf_erio_s_.
1610 5825 1617 5832 ι

252 5821 271 5849 ²
311 5822 572 5876 Saturnius
607 5824 741 5889 ager]
793 5821 973 5877 ‘l'irin"
1011 5823 1231 5877 viriuno.
1290 5825 1410 5876 l'mli
1463 5825 1761 5880 alluvioqu

1882 4702 2053 4769 potius
2079 4710 2133 4753 et
2161 4703 2443 4754 attonitum
2492 4718 2862 4770 percussorem
2898 4706 3240 4764 blandissima
3271 4716 3462 4768 delini-

1880 4791 1971 4844 bat
2008 4792 2192 4846 alTatn.
2254 4793 2398 4846 ll'ico
2444 4792 2691 4846 miseram
2729 4810 2786 4848 se
2827 4796 3092 4862 clamans,
3127 4811 3176 4853 et
3218 4805 3459 4859 orbitam

1879 4883 1987 4937 lilio
2014 4882 2082 4934 ob
2112 4885 2446 4934 atrocitatem
2496 4882 2616 4936 faeti
2648 4928 2661 4949 ,
2705 4884 2952 4951 Capraria
2998 4889 3251 4943 Ilurconis
3292 4908 3458 4946 mater

1878 4972 2125 5025 oet-nrrit.
2161 4970 2419 5024 Crederes
2449 4988 2567 5023 eam
2609 4974 2753 5025 circa
2788 4973 2939 5026 funus
2975 4976 3207 5042 pignoris
3238 4982 3317 5033 sui
3373 4984 3459 5034 illa

1877 5077 1979 5131 qua
2022 5064 2229 5129 fugatur
2259 5077 2415 5114 omne
2459 5064 2737 5115 consilium
2796 5064 2843 5115 iu
2890 5079 3133 5118 carorum
3175 5070 3455 5132 mortibus,

1878 5151 2257 5203 lamentatione
2289 5151 2501 5219 jactari.
2548 5153 2842 5207 Lambebat
2881 5157 3100 5223 vestigia
3139 5158 3456 5212 sanctissimi

1872 5245 2084 5312 juvenis
2108 5246 2313 5314 ejulans
2345 5258 2532 5311 mater,
2565 5258 2640 5311 et,
2670 5248 2852 5310 Parce,
2876 5250 3010 5301 clam
3051 5252 3157 5311 bat,
3178 5252 3271 5313 illi,
3299 5266 3454 5317 quem

1880 5354 2147 5406 nunquam
2181 5339 2243 5391 ad
2290 5340 2703 5409 indignationem
2737 5341 2814 5391 vis
2844 5342 2944 5393 ulla
2993 5343 3338 5409 compulerat.
3392 5348 3455 5396 At

1880 5429 1966 5481 ille
1998 5430 2381 5498 supplicantem
2423 5432 2773 5497 prohibebat,
2815 5448 2880 5484 ne
2922 5433 3019 5484 sibi
3062 5432 3323 5519 invidiam
3363 5448 3453 5488 ro-

1874 5530 2004 5581 scite
2037 5528 2320 5581 describit:
2356 5528 2420 5581 de
2450 5528 2641 5595 quibus
2670 5538 2723 5581 et
2753 5528 3023 5579 Lucanus:

2000 5618 2108 5664 Illos
2134 5626 2264 5665 terra
2287 5618 2409 5676 fugit
2431 5618 2666 5670 dominos,
2694 5616 2766 5662 Itis
2792 5628 2898 5659 rura
2922 5614 3101 5661 colonis

1997 5681 2245 5726 At'cetluut
2274 5680 2480 5726 donante
2510 5678 2652 5724 l’adn.

1941 5761 1958 5787 ³
1999 5762 2100 5811 Sch
2130 5771 2244 5811 -tttt~
2283 5772 2330 5811 et
2381 5758 2677 5809 llollatbltts.
2716 5755 2900 5804 'Hntas.
