3974 6366
457 396 560 467 sit

1585 379 1855 437 ENNODII
1900 371 2195 430 EPISCOPI
2237 369 2408 423 TlCIN
2421 368 2606 422 ENSl-S

3606 349 3711 406 ﬁli

456 506 635 570 gaude~
653 503 962 566 concitaret,
989 513 1053 554 ne
1074 514 1132 552 se
1161 512 1265 549 non
1300 503 1588 554 merentem
1618 494 1777 547 delati
1805 490 2022 550 honoris
2051 489 2100 546 Α
2131 483 2402 549 Scriptura
2450 481 2604 534 index
2647 479 2970 538 rcvclassel,
3010 473 3262 526 cmtinuo
3305 484 3366 524 ex
3409 484 3502 523 ore
3544 469 3710 570 ipsius

457 592 683 655 sarcinis
713 589 1010 656 impediret.
1046 586 1279 640 Turbata
1309 592 1390 638 est
1415 592 1632 651 repente
1658 581 1844 636 civitas
1878 600 1888 633 :
1919 597 2032 636 om-

461 684 612 741 nium
631 679 1050 735 Christianorum
1081 677 1130 729 in
1159 675 1392 728 furorem
1419 685 1587 734 versa;
1612 679 1838 724 mentes.
1865 671 2034 723 Burco

459 771 523 822 ad
553 769 771 822 exitium
803 765 1122 832 poscebatur
1144 804 1158 826 ,
1198 771 1252 816 et
1295 762 1346 814 in
1379 769 1522 814 tanta
1555 760 1827 812 hominum
1857 759 2034 811 multi-

462 859 641 913 tudine
664 869 819 910 nemo
838 853 1096 922 placidus,
1123 851 1221 904 nisi
1245 850 1332 916 qui
1357 849 1606 917 injuriam
1635 847 1802 902 fuerat
1823 859 2034 915 passus,

461 947 706 1000 iuventus
735 951 836 998 est.
871 942 1058 996 Flebat
1091 940 1334 1007 egregius
1365 935 1624 1006 pontifex,
1661 935 1728 990 de
1759 934 2038 989 infirmiu-

460 1035 598 1087 tbus
629 1034 741 1089 suis
777 1042 830 1086 et
870 1030 1130 1085 molestiis
1166 1028 1428 1098 gaudente
1458 1026 1742 1095 discipulo.
1789 1019 1918 1078 Nam
1968 1025 2037 1076 ita

460 1121 818 1176 satisfaciehat
844 1134 939 1187 pro
965 1133 1030 1172 eo
1063 1118 1150 1186 qui
1185 1117 1469 1184 putabatur
1497 1116 1760 1179 inimicus,
1795 1113 2035 1181 singulis,

461 1221 518 1264 ut
561 1226 659 1267 nec
705 1210 930 1278 gloriam
979 1208 1245 1276 parcendo
1285 1206 1550 1274 jactanter
1591 1213 1852 1273 qnmreret
1880 1244 1894 1266 ,
1943 1215 2041 1268 nec

463 1298 784 1354 vindicando
814 1297 1060 1351 mandata
1091 1296 1328 1350 cmlestia
1361 1295 1681 1363 przeteriret.

536 1387 688 1442 Brevi
717 1395 830 1454 post
863 1384 927 1437 ad
964 1383 1190 1440 diaconii
1221 1393 1442 1441 evectus
1474 1382 1666 1436 infulas
1687 1423 1701 1446 ,
1733 1380 2040 1441 vicesimum

462 1492 658 1530 annum
688 1475 861 1531 aetatis
887 1472 1164 1538 ascendit,
1194 1472 1326 1527 facie
1357 1486 1457 1525 nec
1483 1472 1606 1524 dum
1639 1470 1772 1522 bene
1803 1469 1836 1520 b
1871 1468 2041 1520 rhata.

462 1565 796 1621 Turbabatur
827 1563 1055 1629 suscepti
1090 1561 1307 1617 honoris
1330 1560 1576 1616 tirocinio
1609 1559 1790 1621 homo,
1821 1559 1907 1624 qui
1935 1556 2041 1622 jam

463 1654 652 1709 ducem
679 1662 884 1720 poterat
913 1650 1135 1720 implere
1163 1647 1520 1704 Christianum
1549 1668 1561 1702 :
1592 1647 1919 1716 singulorum
1950 1659 2046 1709 pro

462 1743 666 1811 pudore
695 1742 996 1796 declinabat
1043 1747 1293 1807 aspectus
1316 1778 1329 1799 ,
1360 1753 1517 1805 quem
1555 1738 1801 1789 universa
1833 1732 2044 1795 civitas,

2137 569 2374 622 dulciora
2409 569 2540 621 favis
2578 567 2735 618 verba
2777 565 3064 618 fluxerunt.
3115 562 3392 616 Postremo
3427 559 3554 629 quid
3597 557 3712 611 libri

2137 657 2468 719 docuissent,
2501 657 2603 708 vita
2629 654 2951 723 signabatur.
3573 707 3580 716 .

2209 745 2432 798 Domum
2463 744 2638 798 taliter
2664 743 2877 811 regebat
2909 741 3176 805 Eccle~im,
3203 747 3258 792 ut
3285 753 3381 792 nec
3410 737 3718 807 profusione

2141 833 2486 888 immoderata
2519 833 2856 886 commissam
2890 845 3084 899 penum
3109 827 3436 884 exhauriret.
3469 839 3566 880 nec
3594 817 3718 878 odia

2138 923 2376 977 sordenti
2411 924 2664 992 parcitate
2689 921 3046 976 contraheret.
3077 916 3520 972 Intercessionum
3554 914 3718 968 etiam

2143 1020 2266 1072 tunc
2294 1011 2581 1067 certamina
2619 1008 2947 1076 proludebat.
2993 1007 3121 1061 Nam
3163 1005 3466 1072 ubicunque
3495 1016 3592 1070 pro
3632 1015 3719 1054 re-

2143 1100 2330 1154 tnediis
2362 1101 2675 1154 miserorum
2704 1097 2937 1166 episcopi
2967 1097 3273 1149 mittebatur
3301 1095 3543 1162 imrerio,
3575 1101 3722 1144 tanta
3777 1077 3783 1083 ’

2142 1190 2387 1258 exigebat
2431 1188 2749 1242 beneficium
2793 1197 2905 1240 arte
2953 1184 3324 1254 supplicandi,
3366 1193 3422 1235 ut
3460 1181 3726 1236 sentirent

2143 1282 2243 1347 sibi
2286 1282 2337 1334 in
2377 1281 2554 1335 causis
2599 1279 2858 1346 profuisse
2900 1276 3277 1347 complurimi,
3324 1275 3492 1343 ipsum
3539 1289 3636 1342 per
3665 1286 3727 1327 se

2143 1371 2449 1439 episcopum
2475 1386 2578 1423 non
2602 1371 2832 1424 venisse.
2860 1368 3044 1436 Augeh
3079 1376 3166 1421 tur
3185 1367 3322 1420 circa
3348 1381 3467 1418 cum
3494 1379 3590 1431 per
3609 1363 3728 1417 dies

2145 1466 2381 1535 singulos
2437 1464 2708 1535 popularis
2767 1463 2986 1517 affectus
3035 1470 3086 1517 et
3134 1459 3338 1528 magnis
3387 1454 3729 1510 successibus

2145 1555 2514 1609 cumulabatur
2540 1568 2722 1619 amor,
2759 1552 2846 1620 qui
2877 1567 2942 1607 ex
2978 1551 3178 1620 judicio
3214 1547 3589 1602 descendebat.
3625 1544 3731 1598 De—

2146 1643 2478 1700 sideraliatur
2513 1645 2563 1696 in
2592 1657 2658 1698 eo
2685 1641 3034 1696 sacerdotium
3067 1683 3081 1704 ,
3113 1654 3231 1692 cum
3266 1650 3422 1691 nemo
3452 1634 3732 1687 nutritoris

2147 1736 2227 1789 sui
2257 1744 2466 1804 optaret
2505 1736 2798 1789 interitum.
2842 1735 3015 1803 Ipsum
3049 1743 3224 1786 tamen
3256 1744 3322 1784 ne
3349 1728 3482 1782 odor
3509 1725 3729 1800 quidem

463 1834 611 1900 quasi
633 1833 818 1886 salutis
839 1832 1046 1899 signum
1069 1827 1278 1897 aliquod
1306 1826 1633 1879 attendebat.
1660 1825 1860 1878 Interea
1884 1836 2040 1886 supra
2077 1842 2120 1901 Β
2151 1824 2304 1892 hujus
2333 1824 2597 1892 opinionis
2624 1820 2898 1886 amaverat
2924 1838 2937 1874 :
2969 1820 3327 1874 arbitrabatur
3345 1817 3410 1869 ad
3434 1813 3733 1883 profectum

461 1921 634 1974 dictus
671 1919 894 1975 antistes
943 1931 1154 1970 omnem
1199 1915 1576 1970 ecclesiastica:
1619 1910 2044 1967 conversa'innis

461 2008 812 2062 substantiam
846 2016 896 2060 et
928 2006 1136 2068 divitias
1167 2021 1456 2074 pauperum
1490 2019 1706 2058 suorum
1730 2005 1780 2055 iti
1809 2002 1922 2070 ejus
1953 2015 2046 2069 p0-

464 2106 654 2150 testate
691 2095 1017 2160 committit,
1063 2095 1250 2148 volens
1286 2105 1409 2147 ante
1449 2096 1812 2161 episcOpatum
1850 2107 2045 2159 cogno-

465 2197 642 2247 scere,
674 2185 883 2253 qnalem
919 2184 1106 2237 futuris
1140 2185 1464 2250 temporibus
1493 2191 1816 2252 prmpararet
1843 2183 2047 2251 episco-

465 2286 610 2338 pum.
646 2272 856 2326 Etcum
888 2271 976 2326 vix
1005 2274 1103 2336 sit,
1135 2282 1193 2326 ut
1221 2276 1287 2325 ab
1316 2288 1500 2327 eorum
1533 2274 1805 2342 personis,
1841 2273 1908 2328 de
1930 2273 2045 2341 qui-

465 2358 564 2415 bus
606 2360 960 2429 successionis
1019 2361 1215 2422 seritu‘r
1269 2361 1734 2432 quantulacunque
1790 2364 2044 2433 suspicio,

466 2447 662 2502 invidia
711 2458 1073 2517 temperetur;
1107 2449 1185 2504 ,iu
1233 2450 1384 2503 istius
1431 2451 1597 2517 gratia
1646 2451 1749 2504 sibi
1798 2452 2050 2514 credebat

468 2537 642 2604 perire
671 2539 685 2568 ¹
715 2548 933 2604 sanctus
964 2549 1148 2608 pater,
1181 2540 1436 2609 quidquid
1471 2541 1654 2597 fuisset
1694 2544 1870 2597 minus
1898 2543 2048 2612 exhi-

468 2627 632 2686 bitum
669 2645 689 2682 ε,
719 2631 961 2695 qnmdam
1005 2630 1056 2683 in
1097 2630 1188 2682 illo
1229 2646 1354 2694 sua,
1393 2633 1645 2698 qumdam.
1683 2633 1894 2688 Volebat
1929 2647 2048 2685 esse

469 2715 688 2784 majora.
725 2720 791 2770 At
823 2718 921 2773 iste
957 2718 1283 2787 quotidianis
1319 2719 1679 2788 profer-tibus,
1709 2723 1868 2776 etiam
1899 2724 2048 2788 cupi-

469 2806 673 2875 dissimi
697 2809 747 2861 in
771 2809 1012 2877 oratione
1040 2809 1294 2878 genitoris
1317 2819 1435 2861 vota
1470 2815 1888 2866 transcenderat.
1922 2812 2052 2878 Erat

469 2897 611 2966 enim
637 2899 870 2977 genitor,
897 2899 1049 2968 cujus
1078 2914 1198 2954 eum
1238 2915 1332 2967 per
1361 2899 1703 2969 Evangelinm
1733 2913 2048 2969 conceptum

469 2987 613 3046 verbi
643 2989 880 3044 caelestis
909 2990 1112 3052 semine
1163 2988 1266 3044 feta
1312 2989 1463 3042 alvus
1492 2989 1769 3047 effuderat.
1820 2991 1952 3044 Nam
1986 2991 2051 3046 de

468 3075 716 3146 pudicitia
761 3076 968 3146 juvenis
1006 3076 1110 3130 mei
1152 3075 1286 3144 quid,
1332 3077 1559 3144 loquar?
1602 3078 1653 3131 in
1691 3093 1796 3146 quo
1837 3079 2050 3132 domum

2146 1927 2298 1966 suum
2327 1912 2594 1976 sufficere,
2621 1912 2663 1966 si
2689 1927 2806 1966 cum
2837 1911 2970 1963 bona
3001 1925 3210 1978 semper
3238 1904 3589 1964 :cstimatione
3616 1916 3734 1955 ser-

2147 2003 2296 2055 viret.
2335 2001 2618 2070 Postquam
2651 2009 2828 2054 tamen
2862 1998 3091 2052 invalida
3125 2004 3404 2057 senectus,
3436 2003 3484 2047 et
3518 2006 3735 2060 semper

2145 2091 2212 2145 de
2242 2091 2640 2151 infirmitatibus
2671 2089 2890 2157 querula
2933 2087 3290 2140 venerabilem
3323 2084 3492 2136 virum
3525 2082 3732 2147 Crispi-

2148 2198 2271 2247 num
2304 2182 2604 2250 pontificem
2635 2181 2948 2248 occupavit,
2992 2179 3143 2234 istius
3185 2176 3582 2230 sustentabatur
3620 2190 3739 2227 ma-

2151 2270 2341 2335 nibtts,
2392 2271 2444 2324 in
2493 2271 2648 2336 hujus
2693 2273 2868 2325 nitens
2919 2270 3225 2339 erigebatur
3271 2267 3587 2336 amplexus,
3642 2279 3739 2332 pes

2149 2359 2288 2424 illius
2315 2369 2429 2414 erat
2449 2399 2465 2425 ,
2495 2359 2681 2413 oculos
2705 2402 2720 2427 ,
2750 2359 3001 2423 dextera;
3046 2357 3196 2425 cuius
3229 2355 3540 2417 ministerio,
3573 2353 3738 2423 quid-

2149 2448 2274 2516 quid
2327 2457 2565 2516 optasset
2615 2447 2769 2510 fieri,
2820 2455 2942 2500 ante
2984 2447 3276 2514 juss'onem
3322 2459 3469 2496 suam
3520 2442 3744 2495 videbat
3801 2467 3810 2478 -

2151 2537 2453 2606 impletum.
2508 2537 2867 2592 l’raesentiunt
2910 2536 3051 2588 enim
3101 2536 3253 2587 bona:
3297 2545 3502 2587 mentes
3546 2546 3739 2584 eorum

2150 2627 2446 2691 desideria,
2489 2627 2682 2696 quibus
2714 2641 2832 2680 cum
2869 2624 3171 2694 integritate
3210 2623 3550 2675 famulantur.
3590 2621 3744 2673 Talis

2152 2718 2203 2771 in
2235 2716 2538 2781 diaconalu,
2571 2731 2598 2768 a
2633 2714 2886 2784 vigesimo
2919 2713 3201 2776 incipiens,
3243 2724 3364 2765 octo
3413 2725 3581 2763 annos
3639 2726 3743 2764 cx-

2153 2805 2317 2874 plevit
2347 2822 2360 2858 :
2390 2815 2444 2858 et
2491 2805 2701 2874 quidem
2746 2813 2870 2858 tunc
2913 2813 3083 2856 status
3136 2804 3386 2856 Ece’esire
3435 2802 3744 2856 Ti«incnsis

2154 2896 2288 2950 bona
2317 2897 2632 2950 clericorum
2669 2894 2815 2961 fruge
2847 2895 3099 2961 pollebat.
3138 2893 3300 2944 Erant
3335 2892 3582 2945 cmlestes
3610 2892 3742 2952 viri,

2152 3002 2285 3058 quos
2314 2990 2412 3042 istc
2441 3002 2468 3039 a
2499 2987 2822 3055 perfectione
2871 2986 3125 3052 incipiens
3159 2986 3178 3014 ’
3207 2983 3419 3036 amabat
3449 3000 3459 3034 :
3493 2982 3589 3034 fuit
3637 2981 3745 3034 Sil-

2157 3088 2334 3132 vester
2365 3077 2773 3133 archidiaconus
2803 3091 2862 3130 ea
2896 3083 3232 3144 tempestate,
3266 3073 3424 3126 homo
3455 3074 3504 3125 in
3530 3081 3745 3125 vetusta

468 3167 576 3240 ﬁmi.
596 3175 858 3238 Slatuerat
893 3166 1146 3226 castitas,
1175 3175 1228 3218 et
1257 3167 1582 3220 continentia
1623 3169 1832 3223 radices
1862 3170 2045 3225 [iterat
2075 3189 2119 3250 ς
2157 3169 2554 3238 disciplinarum
2622 3167 2974 3226 instructione
3026 3165 3431 3234 probatissimus
3457 3178 3472 3225 ;
3500 3164 3747 3216 Boiiosus

469 3255 520 3309 in
549 3255 903 3324 profundum?
932 3255 1112 3310 Virum
1137 3269 1195 3308 se
1216 3269 1355 3316 esse,
1384 3257 1482 3309 nisi
1512 3273 1604 3325 per
1626 3258 1824 3327 laboris
1848 3264 2052 3330 patien-

470 3344 618 3416 tiam,
651 3343 928 3423 ignorabat
953 3360 964 3394 :
992 3357 1206 3410 carnem
1235 3343 1448 3408 habere,
1474 3346 1574 3400 n'si
1597 3363 1714 3401 cum
1737 3351 2051 3416 moriturum

469 3449 534 3497 se,
557 3450 678 3503 esse
708 3434 1064 3498 meminerat,
1106 3433 1397 3488 nesciebat.
1442 3435 1662 3501 Quoties
1693 3445 1869 3492 tamen
1905 3440 2050 3495 illum

471 3539 762 3594 corporeus
808 3523 1112 3592 appetitus,
1161 3522 1298 3576 sicut
1341 3523 1407 3576 ab
1456 3525 1571 3592 ipso
1599 3527 1796 3594 didici,
1841 3529 2054 3591 ludebat

473 3612 788 3683 imaginibus
835 3612 1207 3678 somniorum,
1263 3612 1404 3668 illico
1456 3613 1521 3667 ad
1568 3615 1776 3684 vigilias
1818 3627 2049 3685 sanctas,

474 3703 774 3768 continuata
816 3701 1058 3770 jejunia,
1111 3701 1286 3762 standi
1336 3703 1638 3760 diutissime
1682 3709 2051 3773 necessitatem

474 3793 625 3859 plena
652 3791 904 3846 aviditate
941 3793 1218 3856 currebat;
1260 3793 1525 3864 talemque
1555 3796 1796 3851 bellatrix
1834 3798 2052 3862 dextera

475 3884 666 3936 anima:
705 3882 817 3936 suis
860 3883 1242 3937 certaminibus
1290 3885 1544 3946 reddebat
1594 3902 1841 3953 carnem,
1885 3899 1939 3943 ut
1983 3890 2054 3943 il'i

475 3987 605 4041 opus
624 3983 768 4028 esset
789 3982 972 4043 postea
998 3991 1093 4044 pro
1113 3977 1434 4030 necessitate
1457 3981 1718 4032 succurri.
1747 3979 1854 4036 Nec
1881 3994 2054 4036 tamen

475 4065 672 4125 refecto
697 4065 1018 4131 corpusculo
1047 4065 1357 4134 indulgebat
1380 4068 1490 4119 otio
1514 4086 1526 4120 :
1556 4070 1804 4133 utebatur
1833 4072 2057 4126 lectione

477 4167 572 4219 pro
600 4153 817 4223 requie,
849 4152 1106 4204 librorum
1141 4154 1521 4207 venerabilium
1552 4171 1650 4224 pro
1679 4157 2058 4214 blandimentis

479 4249 827 4304 instrumenta
855 4241 1150 4308 suscipiens
1181 4259 1194 4292 :
1228 4243 1536 4297 memoriter
1560 4249 1722 4300 semel
1756 4257 2057 4302 transcursa

479 4328 731 4398 reddebat
764 4346 775 4380 :
809 4337 863 4383 et
892 4344 959 4384 ne
993 4330 1303 4384 crederetur
1339 4331 1730 4395 Svripturarum
1763 4334 2058 4389 divinarum

479 4420 742 4490 tramitem
776 4421 1057 4476 verborum
1103 4424 1471 4476 tantummodo
1500 4426 1772 4482 celeritate
1813 4434 2058 4490 transvo-

479 4511 652 4574 lasse,
691 4511 946 4579 pingebat
973 4513 1178 4568 actibus
1205 4513 1316 4567 suis
1348 4515 1592 4584 paginam
1632 4534 1786 4584 quam
1821 4519 2054 4589 legisset.

480 4600 533 4656 Si
558 4602 815 4672 prepheta
841 4603 1028 4658 fuisset
1049 4606 1098 4657 in
1129 4606 1393 4668 manilius,
1421 4610 1825 4677 prophetantem
1851 4611 2060 4665 videres

480 4694 666 4750 codice
706 4695 906 4749 amisso
947 4695 1200 4750 lectorem
1238 4715 1248 4748 :
1283 4699 1325 4750 si
1358 4697 1684 4752 Testamenti
1735 4700 1938 4765 Veteris
1976 4717 2060 4755 rc-

480 4786 780 4841 censuisset
810 4786 1098 4850 volumina,
1130 4788 1290 4858 Moysi
1319 4787 1513 4856 dignus
1543 4791 1820 4854 aemulator
1850 4792 2063 4852 incede-

481 4875 567 4929 bat
607 4893 621 4928 :
663 4875 839 4931 taliter
890 4891 952 4929 ac
999 4877 1042 4939 si
1093 4877 1235 4930 illum
1296 4879 1582 4942 Israelitica
1646 4897 1739 4947 per
1793 4883 2060 4937 desertum

481 4968 690 5033 agmina
717 4975 1096 5035 sequerentur.
1127 4968 1179 5022 Si
1204 4969 1551 5036 apostolicum
1588 4972 1666 5023 lac.
1698 4973 1982 5026 verborum
2012 4984 2065 5028 ct

484 5055 587 5107 mel
632 5055 913 5109 dominicm
966 5055 1227 5122 passionis
1257 5059 1597 5130 severitatem
1647 5062 1775 5129 legis
1804 5063 2066 5133 condiens

556 5174 577 5245 ‘_
612 5171 864 5245 Sanctus"
886 5171 1066 5245 pater]
1117 5171 1435 5245 Basilienses
1473 5183 1679 5227 sanctus
1723 5193 1853 5245 papa
1877 5217 1890 5235 .
1923 5179 2062 5245 quod

483 5242 581 5311 etsi
610 5243 661 5295 in
693 5241 812 5294 aliis
833 5242 965 5314 ferri
999 5251 1196 5314 posset,
1229 5241 1348 5314 quia
1385 5258 1530 5314 papa:
1561 5241 1750 5298 nomen
1789 5241 2066 5314 quibusvis

482 5313 749 5381 episcopis
794 5311 1037 5380 plerique
1079 5312 1420 5381 tribuebant,
1466 5313 1704 5367 Ennodio
1750 5311 1922 5370 tamen
1960 5334 2063 5371 non

482 5380 775 5448 convenit,
831 5381 916 5442 qni
968 5391 1021 5432 ιιι
1070 5381 1132 5432 ad
1184 5380 1434 5443 epistolis
1481 5386 1799 5447 docuimus,
1851 5389 2061 5448 unicum

486 5452 734 5519 lioitianm
765 5447 909 5504 Setls
947 5450 1248 5522 pontificem
1289 5466 1476 5519 papam
1523 5465 1694 5507 vocat.
1748 5455 1878 5522 Nam
1905 5447 2065 5522 quod

484 5522 642 5588 objiei
689 5531 910 5588 posset,
954 5518 1305 5588 Epiplianium
1340 5538 1548 5589 quoque
1601 5518 1795 5591 papam
1836 5518 1966 5578 infra
2015 5531 2065 5580 in

487 5591 873 5662 liocAOpusculo
913 5593 1202 5659 appellari,
1240 5593 1286 5644 id
1320 5593 1450 5645 nihil
1491 5594 1688 5661 efficit,
1735 5595 1855 5662 quia
1892 5596 2065 5649 Enrici

492 5659 648 5727 verbi
695 5671 817 5710 sunt
867 5678 981 5727 qum
1029 5677 1093 5715 eo
1145 5663 1259 5715 loco
1308 5664 1596 5715 recitantur
1625 5703 1638 5725 ,
1678 5659 1784 5715 non
1821 5667 2063 5720 litinoilii.

490 5725 1025 5799 ideinqttejndi'cium
1067 5732 1134 5784 de
1171 5733 1299 5783 Vita:
1345 5733 1529 5791 titulo,
1573 5735 1657 5784 tibi
1698 5751 1825 5799 papa
1876 5737 1905 5786 tl
1931 5736 2066 5788 cittit'

490 5796 821 5866 Epiphanius
858 5815 865 5845 τ
909 5815 1026 5851 nam
1067 5803 1349 5855 ascitititztn
1394 5802 1615 5863 videtur.
1681 5796 1860 5872 Itaque
1906 5810 2066 5874 patris

2159 3261 2458 3329 presbyter,
2506 3267 2610 3312 tam
2665 3258 2856 3311 nobilis
2905 3257 3188 3310 sanctitate
3236 3268 3394 3321 quam
3441 3251 3743 3320 sanguine;

2153 3349 2336 3404 Gallus
2361 3349 2573 3417 quidem
2606 3347 2874 3416 prosapia,
2906 3345 2996 3400 sed
3021 3344 3256 3398 cmlesus
3276 3341 3520 3409 indigena
3553 3357 3566 3392 :
3595 3341 3748 3394 fuere

2154 3439 2240 3492 alii
2276 3447 2331 3492 et
2364 3452 2586 3492 numero
2620 3438 2801 3504 plures
2833 3444 2888 3490 et
2916 3436 3113 3488 virtute
3151 3439 3482 3500 praestantes,
3513 3444 3748 3496 quorum

2157 3531 2354 3584 idcirco
2401 3529 2536 3582 facio
2582 3527 2905 3580 mentionem
2933 3566 2947 3589 ,
2993 3525 3111 3593 quia
3156 3536 3311 3588 parva
3354 3520 3510 3573 laude
3550 3518 3751 3586 dignus

2156 3632 2257 3684 est,
2288 3621 2375 3686 qtii
2409 3628 2614 3672 tantum
2647 3617 2858 3669 miseris
2888 3612 3203 3670 antefertur.

2226 3707 2376 3773 Circa
2419 3707 2574 3760 finem
2611 3717 2784 3759 tamen
2819 3705 2940 3758 vitae
2971 3717 3125 3771 quem
3177 3697 3365 3767 Spiritu
3416 3695 3753 3764 prmiidehat

2157 3809 2372 3855 sanctus
2402 3800 2624 3852 antistes
2647 3837 2662 3861 ,
2703 3795 3055 3850 Mediolanum
3096 3791 3321 3843 vicinam
3367 3787 3537 3855 expeti
3566 3795 3585 3836 t
3615 3785 3754 3837 civi-

2161 3901 2320 3945 tatem
2347 3931 2361 3953 ,
2391 3889 2478 3960 ubi
2512 3885 2765 3941 nobilium
2799 3883 3034 3954 germina
3067 3893 3242 3933 messe
3272 3878 3498 3944 quadam
3532 3891 3562 3924 n
3588 3873 3754 3926 unda:

2161 3985 2314 4051 iugen
2342 3980 2496 4032 iiiatis
2531 3983 2897 4032 excreverant.
2941 3974 3084 4041 Quos
3115 3968 3434 4023 visitationis
3462 3966 3630 4035 gratia
3669 3981 3756 4019 re-

2160 4070 2616 4137 quisitos,talibus
2637 4069 2716 4121 vir
2731 4067 2822 4121 Dei
2845 4063 3182 4119 sermonibus
3203 4061 3404 4129 appella
3418 4060 3508 4111 vit.
3539 4077 3558 4108 ι
3586 4059 3755 4122 Ecce,

2163 4162 2274 4223 lilii,
2303 4161 2411 4228 jam
2437 4176 2522 4212 me
2548 4167 2677 4211 :etas
2701 4155 2968 4225 compellit
2994 4155 3058 4208 ad
3092 4155 3392 4208 transitum.
3425 4153 3541 4205 Jam
3575 4151 3755 4220 origi-

2163 4253 2364 4307 nariam
2395 4251 2464 4306 ad
2487 4252 2574 4319 jns
2599 4265 2750 4304 suum
2783 4255 2999 4302 revocat
3027 4256 3165 4300 terra
3211 4245 3542 4311 particulam.
3580 4243 3758 4298 Com-

2164 4342 2356 4396 mendo
2387 4342 2655 4395 civitatem
2680 4380 2695 4403 ,
2727 4337 3045 4393 commendo
3077 4335 3396 4402 Ecclesiam,
3425 4336 3760 4391 commendo

2165 4432 2340 4497 hunc,
2383 4431 2534 4499 cuius
2565 4431 2731 4484 labori
2764 4439 2816 4482 et
2847 4429 3030 4496 gratia:
3061 4426 3230 4482 debeo
3257 4469 3271 4493 ,
3315 4429 3453 4498 quod
3483 4443 3659 4496 usque
3689 4429 3760 4483 ad

2166 4522 2267 4577 hoc
2295 4531 2504 4590 tempus
2528 4521 2654 4583 vixi,
2683 4527 2736 4575 et
2763 4518 3076 4588 grandmvus
3105 4527 3156 4571 et
3184 4517 3397 4572 debilis.
3430 4517 3450 4548 ³
3477 4516 3760 4584 Corpore:

2165 4613 2406 4666 soliditas
2437 4621 2488 4665 et
2520 4612 2688 4667 virtus
2717 4610 2909 4663 animae
2947 4608 3364 4667 imbecillitatem
3405 4622 3581 4662 meam
3629 4625 3762 4677 por-

2168 4705 2297 4764 tavit
2341 4704 2456 4760 sine
2508 4701 2765 4755 fastidio:
2799 4700 2949 4766 cuius
2995 4698 3259 4751 ambulavi
3311 4696 3563 4765 pedibus,
3607 4700 3763 4752 tenui

2169 4793 2363 4862 aliquid
2395 4793 2657 4856 inanibus,
2690 4791 2796 4844 vidi
2825 4792 3016 4855 oeulis,
3047 4790 3285 4844 ordinavi
3313 4804 3561 4844 sermone
3600 4807 3612 4841 :
3647 4791 3764 4845 duo

2170 4885 2477 4940 videbamur
2500 4885 2844 4948 intuentibus,
2869 4899 2988 4937 cum
3015 4899 3150 4936 unus
3169 4899 3262 4950 per
3286 4882 3628 4937 concordiam
3661 4885 3765 4938 tie-

2172 4987 2254 5032 ret
2299 4992 2364 5032 ex
2413 4976 2638 5030 duobus.
2679 4995 2696 5027 ι
2755 4975 2877 5030 [Lee
2917 4975 2939 5020 ἕ
2987 4975 3202 5028 Rustico
3242 4973 3433 5027 illustri
3466 4972 3584 5025 viro
3614 4975 3764 5028 dicta

2170 5070 2380 5138 penitus
2411 5069 2742 5130 insederunt,
2768 5068 2854 5136 qui
2889 5067 2938 5120 in
2969 5068 3116 5122 omni
3143 5066 3349 5120 dicendi
3377 5079 3574 5134 genere
3598 5081 3765 5120 exc-r-

2174 5193 2367 5233 nomeu
2403 5181 2502 5231 hoc
2540 5179 2658 5232 loco
2698 5177 3025 5232 reddidimus
3063 5191 3076 5227 :
3120 5179 3256 5247 quod
3293 5189 3538 5233 asserunt
3570 5191 3767 5237 vetera

2172 5250 2521 5316 exemplaria,
2547 5259 2600 5303 et
2625 5265 2741 5317 time
2769 5265 2886 5301 mox
2917 5260 3232 5318 sequuntur,
3259 5250 3385 5304 satis
3407 5250 3765 5312 confirmant,

2173 5319 2259 5372 tibi
2296 5320 2505 5385 genitor
2537 5329 2888 5384 nuncupatur.

2244 5389 2264 5419 ³
2308 5389 2617 5451 llollandus,
2653 5388 2891 5451 anteibat.

2249 5457 2268 5529 ἶ
2305 5458 2510 5529 ξοὶιιιιι.
2543 5468 2595 5529 et
2629 5459 2782 5529 lioll"
2817 5460 2962 5527 cujus
2990 5476 3247 5529 corporea.

2248 5527 2268 5558 ⁸
2309 5526 2522 5594 Rustico
2550 5528 2601 5583 l.
2644 5527 2728 5596 V.l
2763 5526 3094 5597 Illi,’opinor,
3128 5533 3212 5598 qui
3243 5530 3422 5596 paucis
3449 5539 3572 5583 ante
3599 5532 3764 5583 armis

2175 5598 2361 5668 consul
2397 5598 2566 5651 fuerat
2609 5614 2727 5652 cum
2773 5599 3029 5668 Olybrio,
3075 5615 3217 5654 anno
3256 5603 3459 5656 scilicet
3489 5600 3610 5653 462.
3659 5601 3766 5654 llic

2179 5667 2428 5738 Rusticus
2477 5667 2922 5735 Mediolanensis,
2977 5670 3111 5724 alter
3164 5671 3352 5725 eodem
3408 5681 3646 5738 tempore
3706 5672 3765 5723 iu

2178 5737 2346 5790 Gallia
2381 5737 2627 5790 Rusticus
2658 5739 3072 5804 Bnrdigalcnsis,
3104 5739 3166 5790 ad
3193 5757 3349 5808 quem
3381 5737 3565 5793 scribit
3596 5741 3764 5791 Sido-

2181 5810 2297 5860 nius
2327 5808 2414 5860 liii.
2451 5823 2506 5874 lt,
2536 5817 2586 5861 ei
2617 5809 2680 5861 de
2711 5826 2814 5878 quo
2847 5810 2968 5864 item
2999 5811 3088 5864 liii.
3125 5825 3212 5863 \‘lll
3236 5849 3250 5875 ,
3281 5811 3438 5879 epist.
3470 5810 3527 5861 Η
3563 5826 3574 5860 ε
3607 5808 3764 5865 Salii
