3974 6366
258 385 355 437 ⁸113

1183 375 1330 428 νΙΤᾹ
1376 375 1434 428 ll.
1481 372 1817 427 EPll‘llANll
1863 371 2169 429 EPISCOPI
2210 374 2601 430 TlClNENSlS.

3404 370 3507 423 ΞΗ

258 494 617 554 ειιιιιίςδίιιιιις,
655 493 741 545 tali
772 501 850 543 est
884 504 1033 543 orsus
1062 488 1293 557 eloquio.
1334 506 1351 537 t
1390 488 1619 553 Scimus,
1650 495 1833 540 sancte
1864 488 1911 545 Α
1941 487 2088 539 Vobis
2120 505 2329 540 cornuin
2374 491 2546 543 ioncm
2597 504 2745 542 serva
2789 487 2819 538 d
2859 503 2907 538 tn
2952 501 3071 539 cutn
3104 485 3246 537 omni
3294 486 3507 537 humili-

262 587 409 639 Pater
428 625 443 647 ,
472 585 705 646 scimus,
733 592 785 635 et
818 578 1072 649 profunda
1108 576 1537 631 consideratione
1565 575 1833 644 perSpexio

258 691 399 737 mus,
428 675 685 741 juvenem
718 674 875 725 istum
905 686 1009 723 non
1040 677 1285 736 oportere
1316 682 1412 735 pro
1442 670 1611 720 :etatis
1645 668 1829 719 imma-

258 766 462 819 turitate
484 764 693 816 censeri
713 803 728 827 ,
757 776 854 815 nec
874 760 1070 814 debere
1094 758 1268 828 gravis
1295 758 1507 811 concilii
1531 757 1831 812 hominibus

257 864 466 907 teneros
496 867 593 918 pro
618 850 845 919 quadam
872 848 1023 902 obice
1051 862 1219 901 annos
1246 847 1419 901 all'erri
1450 865 1463 901 :
1496 849 1577 901 vir
1604 863 1830 917 namque

255 956 375 995 cana
428 954 639 993 morum
691 938 994 1005 integritate
1047 937 1332 1005 probabilis
1373 940 1632 1005 geminata
1678 940 1830 994 laule

254 1034 437 1100 dignus
481 1039 605 1094 est,
648 1031 691 1082 si
732 1029 804 1082 illi
845 1029 910 1081 ad
966 1027 1270 1082 venerabile
1315 1030 1506 1083 mentis
1548 1031 1826 1094 imperum

255 1123 453 1191 puerile
502 1135 697 1188 corpus
746 1120 1097 1185 obtemperet.
1148 1118 1274 1172 Vive
1318 1128 1371 1172 ιιι
1422 1128 1631 1186 tamen,
1691 1123 1825 1183 vive,

254 1215 550 1279 exemplum
582 1222 635 1265 et
665 1211 831 1265 forma
872 1211 1133 1263 bonoium
1176 1226 1396 1278 operum
1416 1252 1430 1274 ,
1472 1220 1527 1265 et
1556 1211 1827 1266 uberioris

253 1308 297 1355 in
317 1318 408 1365 eo,
441 1304 485 1357 si
518 1303 691 1355 adhuc
720 1310 939 1367 possunt
962 1314 1228 1361 ere-evre,
1258 1300 1444 1354 lucida:
1468 1302 1827 1355 conversatio-

253 1394 323 1446 nis
354 1393 560 1445 l'ructus
602 1390 850 1460 adjunge.
893 1409 910 1441 ι
967 1390 1058 1443 llis
1099 1390 1255 1443 dlCtlS
1296 1390 1571 1444 conticuit.
1627 1392 1690 1444 At
1738 1393 1827 1446 ille

256 1485 517 1553 piissimus
549 1483 784 1552 pontifex
819 1483 1200 1537 benevolentiae
1228 1482 1343 1550 cjus
1373 1482 1684 1552 impendens
1707 1500 1825 1555 gra-

254 1577 381 1638 tias,
422 1574 564 1642 quod
616 1587 799 1626 secum
853 1573 961 1641 pari
1013 1572 1081 1625 de
1128 1572 1389 1640 discipulo
1434 1574 1826 1631 existimatione

259 1666 506 1727 sentiret,
538 1665 684 1717 dicto
713 1665 861 1729 va'e,
892 1664 1177 1727 discessit;
1222 1673 1379 1733 atque
1406 1664 1645 1720 Ticinum
1676 1670 1823 1736 quasi

258 1756 316 1808 ad
344 1758 649 1823 sepulcrum
686 1756 941 1809 festinans
974 1769 1249 1823 aegressus
1274 1765 1353 1809 est
1385 1770 1397 1807 :
1430 1758 1515 1821 qui
1547 1758 1825 1826 aliquantis

1938 589 2042 632 tate
2086 580 2370 645 potliceor;
2405 596 2575 646 neque
2608 579 2839 632 futurum
2881 594 3001 633 esse
3036 592 3381 647 quemquam,
3415 577 3505 642 qui

1936 689 2041 733 tne,
2070 672 2168 723 nisi
2196 687 2314 723 eum
2346 671 2454 725 Deo
2480 681 2683 736 nostro,
2710 672 2871 740 possit
2902 670 3170 723 oll’endere
3196 686 3209 721 :
3233 676 3505 722 auctorem

1936 763 2193 814 bonorum
2221 763 2457 813 omnium
2490 770 2706 815 servate
2754 761 3077 828 pudicitiam,
3110 768 3164 813 et
3191 774 3255 812 ne
3282 757 3506 825 iujurio-

1932 867 2048 904 sum
2122 853 2313 916 putetis
2364 852 2502 919 quod
2561 851 2873 919 grandtevos
2927 860 2981 904 et
3048 852 3389 919 presbyteros
3436 846 3505 900 de

1931 942 2258 997 continentia
2308 953 2359 996 et
2406 942 2708 1009 integritate
2752 942 3011 993 servanda
3059 957 3189 1009 puer
3231 939 3497 1007 appellat:

1930 1036 2287 1098 conversatio,
2324 1050 2425 1087 non
2456 1034 2601 1096 anni,
2632 1041 2721 1085 ant
2751 1032 3161 1085 adolescentiam
3192 1031 3383 1099 perit,
3411 1038 3502 1081 aut

1930 1133 2219 1177 senectam.
2246 1123 2599 1189 Spernlamini
2644 1139 2774 1175 mea:
2804 1122 3225 1175 conversationis
3268 1122 3496 1179 interna,

1928 1226 1978 1265 et
2009 1214 2050 1267 si
2084 1214 2353 1280 indignum
2384 1212 2580 1280 aliquid
2612 1212 2921 1281 agnoscitis,
2952 1220 3215 1265 coereete.
3252 1210 3417 1263 Nemo
3444 1219 3500 1260 ttt

1929 1304 2181 1357 Ecclesia!
2211 1304 2501 1371 principem
2533 1304 2821 1355 admonere
2868 1302 3070 1365 timeat,
3103 1301 3146 1353 si
3190 1300 3371 1366 probat
3414 1314 3499 1351 er-

1930 1404 2153 1446 rantem.
2179 1412 2195 1443 ι
2235 1393 2325 1446 llis
2353 1393 2423 1446 ita
2456 1392 2632 1455 dictis,
2679 1391 2951 1445 conticuit.
2989 1392 3354 1445 Surrexerunt
3383 1404 3499 1443 om-

1928 1498 2042 1548 nes,
2072 1494 2124 1537 et
2152 1500 2407 1544 eoosona,
2434 1486 2581 1551 qua-i
2614 1500 2677 1541 ex
2734 1484 2954 1552 pristina
3001 1483 3366 1542 meditatione,
3399 1479 3503 1533 sub

1926 1585 2292 1629 momentinea
2325 1588 2499 1630 tamen
2527 1591 2655 1631 voce
2690 1578 2940 1629 dixerunt
2970 1590 2983 1628 :
3008 1578 3165 1634 «Ave,
3200 1574 3353 1627 l’ater
3378 1586 3499 1641 pro-

1928 1665 2218 1725 batissime,
2246 1682 2343 1719 ave
2372 1665 2606 1733 pontifex
2636 1665 2951 1733 singularis:
2980 1666 3173 1717 bonum
3205 1672 3255 1716 te
3285 1662 3496 1731 quidem

1927 1756 2296 1809 universorum
2340 1757 2509 1809 sensit
2556 1755 2780 1819 electio;
2813 1754 2904 1808 sed
2936 1756 3191 1821 optimum
3221 1753 3379 1807 etiam
3410 1762 3497 1803 tua

258 1848 440 1902 diebus
471 1848 700 1900 emensis
738 1848 924 1900 morbo
960 1862 986 1899 r
1020 1849 1105 1912 gio
1133 1846 1405 1913 perfusus.
1437 1848 1607 1901 lucem
1635 1849 1813 1902 smenli
1850 1834 1894 1892 Β
1924 1855 2185 1899 testantur
2242 1846 2491 1909 alloquia.
2557 1844 2769 1899 Crescis
2827 1847 3025 1897 sauct's
3092 1844 3293 1896 meritis
3355 1842 3494 1910 apud

260 1936 415 1988 nostri
447 1948 674 2002 superna
719 1934 1043 1987 habitatione
1073 1934 1436 1987 commutavit.

318 2025 597 2091 Extemplo
627 2027 678 2076 in
711 2024 867 2077 istum
916 2024 1174 2076 bonorum
1215 2024 1451 2077 omnium
1500 2038 1817 2079 eonsettsnm

251 2114 520 2166 adducimr
563 2130 576 2163 :
620 2126 844 2180 magnus
898 2113 1037 2164 illico
1078 2112 1128 2164 in
1166 2120 1271 2165 tota
1315 2113 1445 2166 urbe
1482 2128 1772 2168 concursu~
1805 2134 1814 2166 :

251 2206 443 2273 rapitur
488 2218 517 2255 a
565 2204 946 2256 lamentatione
995 2202 1201 2255 funebri
1251 2202 1300 2254 in
1345 2203 1593 2270 gaudium
1641 2206 1817 2273 pepuli

250 2296 637 2351 eonsecmndus
688 2296 927 2348 anli-tes.
999 2294 1180 2348 FLebit
1241 2294 1339 2349 i~te
1404 2295 1819 2364 intemperanter

250 2390 424 2440 dolore
454 2388 647 2440 mortis
680 2396 931 2453 paternas,
967 2386 1049 2438 cui
1086 2385 1232 2437 reddi
1280 2385 1485 2439 debitas
1515 2386 1718 2454 aliquas
1747 2384 1818 2437 li-

250 2493 381 2548 ενι-ιιι
404 2494 447 2532 -s
481 2478 797 2544 promiscua:
831 2476 1181 2529 multitudinis
1223 2476 1398 2529 lmtilitl
1434 2491 1536 2529 non
1586 2477 1812 2530 sinebat.

251 2570 544 2623 Resistebat
576 2570 627 2621 in
660 2580 914 2637 quantum
962 2576 1187 2634 po'erat,
1222 2576 1275 2620 et
1312 2567 1584 2636 indignum
1626 2584 1683 2620 se
1710 2568 1815 2635 jam

251 2662 529 2731 apo-tolica
577 2661 875 2714 ituita'ione
922 2660 1225 2711 clamitabat
1254 2676 1264 2709 :
1291 2659 1381 2711 sed
1414 2667 1615 2711 tantum
1648 2660 1814 2726 magis

250 2755 485 2823 surgebat
517 2754 570 2807 iu
596 2768 661 2806 eo
691 2751 904 2805 dilectio
930 2759 1273 2813 cunctorum,
1303 2758 1553 2817 qttantum
1588 2749 1637 2801 iu
1683 2750 1818 2801 mul-

251 2847 461 2900 titudine
492 2860 677 2913 magni
705 2844 848 2896 sidus
878 2852 1012 2905 erat,
1037 2843 1124 2910 qni
1154 2856 1211 2894 se
1237 2840 1497 2894 vocitaret
1522 2841 1813 2909 indignum.

252 2938 383 2991 Nunc
422 2935 549 3001 quid
593 2936 831 3003 pluribus
869 2940 1006 2995 utar,
1042 2932 1129 2998 qui
1176 2932 1353 2984 omnia
1404 2931 1675 2997 explicare
1712 2946 1815 2984 non

252 3031 427 3081 valeo?
458 3027 833 3081 Finitimarum
888 3024 1157 3076 civitatum
1199 3021 1493 3090 junguntur
1538 3022 1731 3085 studia,
1766 3031 1818 3075 et

251 3122 525 3174 attrahitur
555 3128 699 3172 tanta
728 3133 757 3170 c
783 3117 995 3177 illecti",
1025 3131 1087 3167 ac
1109 3117 1150 3167 si
1174 3114 1463 3167 initiandns
1486 3123 1628 3167 esset
1656 3115 1817 3167 totius

252 3212 383 3263 orbis
398 3211 705 3277 episcopus.
729 3207 943 3259 Ducitur
961 3204 1312 3258 Mediolanum
1332 3203 1504 3257 adhuc
1527 3205 1815 3270 reluctans,

252 3312 295 3355 et
326 3318 511 3371 magna
544 3301 587 3354 si
617 3301 975 3353 dimitteretur
1023 3312 1239 3350 munera
1274 3298 1611 3365 promittens,
1642 3298 1728 3363 qui
1762 3307 1817 3350 ιιι

256 3398 410 3459 licret,
437 3396 611 3448 noluit.
636 3392 899 3461 spondere
932 3392 1010 3444 vel
1044 3391 1283 3444 minima.
1315 3389 1671 3444 Consecratur
1698 3406 1814 3444 eum

254 3490 384 3542 omni
414 3488 733 3541 celebritate
762 3495 1099 3539 cunctorum.
1148 3483 1455 3537 Exsultabat
1496 3483 1723 3537 mundus
1751 3483 1819 3538 de

255 3590 348 3633 tam
393 3590 600 3634 saneta:
654 3580 1007 3634 ordinationis
1058 3580 1370 3646 insignibus.
1434 3579 1816 3633 Extrauearum

253 3670 567 3725 habitatore
596 3673 805 3725 urbium
836 3680 981 3725 tanto
1006 3686 1061 3724 se
1088 3672 1317 3737 tripudio
1342 3671 1632 3737 jactabant,
1668 3670 1817 3739 quasi

253 3764 371 3831 ipsis
416 3766 637 3833 proprie
693 3764 998 3832 profuturus
1044 3765 1235 3817 infulas
1284 3765 1637 3818 saecrdota’es
1666 3778 1821 3817 exte-

254 3855 395 3920 perit.
420 3855 644 3924 Aliquos
674 3865 848 3909 tamen
884 3870 1191 3923 magnarum
1224 3856 1431 3908 urbium
1463 3855 1663 3907 incolas
1686 3855 1819 3908 edax

254 3946 596 4000 consumebat
644 3946 859 4005 invidit,
894 3945 1031 4012 quod
1077 3955 1276 3998 tantum
1319 3944 1497 4013 oppidi
1528 3944 1822 3997 Ticinensis

253 4039 482 4103 angustia
516 4037 713 4089 habere
737 4035 1018 4089 meruisset
1040 4034 1349 4096 artistitem,
1375 4050 1493 4087 cum
1517 4034 1653 4102 apttd
1681 4035 1823 4102 ipsos

254 4132 355 4180 sola
422 4129 705 4198 pontiﬁces
769 4128 1189 4196 metropolitanm
1244 4127 1513 4194 jartantia:
1570 4128 1820 4180 voeabula

254 4228 541 4274 tuerentur.

320 4312 521 4364 lixaeto
552 4324 683 4378 ergo
713 4309 1063 4364 dedicationis
1086 4314 1201 4361 sua:
1232 4307 1339 4372 die,
1368 4307 1611 4360 Ticinum
1645 4308 1820 4371 rciliit,

256 4403 665 4471 convocatisque
692 4401 957 4454 universis
989 4399 1315 4469 presbyteris
1341 4414 1403 4453 ac
1435 4398 1712 4465 ministris,
1749 4410 1826 4453 ta-

255 4496 380 4547 libus
407 4511 503 4549 eos
531 4495 781 4549 inStruxit
808 4505 853 4545 et
882 4493 1200 4547 eonl'ortaiit
1232 4492 1496 4562 alloquiis.
1522 4512 1538 4542 ι
1573 4492 1825 4559 Quamvis

254 4601 357 4647 me,
409 4585 605 4638 fratres
657 4584 953 4648 carissimi,
1007 4585 1142 4637 inter
1192 4584 1479 4651 primordia
1542 4585 1820 4636 immatura

255 4676 564 4728 titubantem
607 4674 787 4740 jndicii
823 4676 979 4727 vestii
1011 4686 1061 4728 et
1106 4685 1365 4742 ειι-ςιιριςιε
1395 4674 1667 4741 dignitatis
1696 4688 1825 4741 pon-

254 4766 347 4818 dus
378 4767 740 4836 oppresserit,
777 4781 824 4817 tn
866 4766 989 4817 mini
1025 4774 1197 4818 tamen
1244 4766 1366 4832 qttid
1412 4764 1596 4831 gratiae
1638 4773 1827 4817 vestra:

254 4858 499 4923 debeam,
527 4858 611 4912 cui
642 4857 867 4911 maxima
896 4857 1213 4911 contulistis.
1246 4857 1309 4910 Et
1335 4856 1453 4910 licet
1485 4855 1701 4925 parendi
1731 4871 1826 4909 vo-

257 4951 331 5003 bis
360 4951 533 5019 magis
577 4964 733 5016 quam
768 4946 985 5016 jubendi
1018 4946 1288 5001 habuerim
1334 4946 1679 5011 voluntatem,
1714 4962 1826 4999 mu-

255 5042 353 5092 tavi
379 5052 558 5093 tamen
586 5054 680 5107 per
705 5038 936 5091 o'l‘teium
969 5053 1249 5105 perseinatn
1276 5036 1564 5099 serviendi,
1594 5037 1830 5090 animum

257 5147 359 5183 non
405 5130 579 5183 amisi.
639 5130 819 5183 Estote
873 5110 1099 5196 paciﬁci,
1131 5136 1301 5181 estote
1352 5128 1659 5192 unanimes;
1697 5144 1835 5183 onus

214 5260 227 5273 .
259 5237 437 5273 uacum
469 5235 675 5273 mecum
699 5218 918 5271 dividite
946 5236 956 5269 ε
986 5218 1035 5270 lit
1064 5218 1202 5271 enim
1232 5218 1296 5270 ad
1326 5217 1638 5285 portandum
1669 5218 1837 5271 facilis

255 5312 683 5377 sareina,quant
736 5308 1023 5362 multorum
1075 5308 1211 5361 colla
1261 5318 1560 5361 sustentant
1603 5325 1619 5363 :
1666 5324 1835 5362 meam

260 5423 503 5482 factum,
530 5420 655 5472 Solo
682 5428 727 5471 et
754 5419 955 5470 nomine
981 5417 1237 5470 Ilusticnm
1261 5419 1443 5471 videto.
1478 5418 1667 5472 Verum
1700 5436 1833 5485 prte-

259 5492 433 5549 eipuzu
460 5502 593 5542 ttoltl:
619 5488 837 5542 Codices
864 5491 962 5539 hoc
992 5490 1105 5541 lttctt
1130 5488 1421 5541 llustic-nut
1456 5489 1649 5555 ngttnl.

332 5563 345 5589 ¹
384 5560 464 5610 Ad
488 5576 633 5611 aures
660 5556 949 5627 llicemeris]
976 5559 1206 5610 llieitner
1228 5562 1307 5611 An
1338 5558 1493 5611 ltemii
1518 5561 1650 5621 Aug.
1678 5562 1835 5615 ﬁliam

261 5644 484 5681 uxorem
514 5630 661 5680 duxit
689 5644 829 5681 anno
869 5628 994 5686 467,
1028 5641 1079 5679 ιιι
1114 5633 1269 5681 ιὀςυι
1310 5645 1406 5682 nos
1447 5628 1719 5690 Sidonius,
1750 5636 1835 5697 qtti

260 5703 360 5749 sub
388 5699 507 5765 ejus
534 5700 653 5751 attni
692 5700 847 5750 liuent
882 5698 1100 5751 limitant
1148 5697 1293 5757 ingre
1325 5715 1416 5751 sus
1447 5700 1644 5765 nuptiis
1676 5701 1837 5753 inter-

261 5769 434 5831 venit,
467 5769 551 5821 lib.
582 5784 616 5831 ι,
648 5769 802 5837 epist.
925 5768 1065 5821 Idem
1101 5768 1433 5822 Anthemium
1476 5786 1719 5825 socerum
1759 5772 1834 5825 ci-

1922 1936 2297 1988 conscientiatn
2319 1945 2576 1997 nostram,
2603 1945 2651 1988 et
2675 1935 2899 2002 aperiris
2929 1934 3045 1985 luce
3068 1957 3077 1977 ο
3105 1949 3310 1998 pernm,
3336 1947 3499 1997 supra

1921 2041 2077 2091 quem
2126 2026 2496 2094 porrigebatur
2547 2026 2790 2092 opinio.»
2841 2025 3045 2090 Quibus
3099 2023 3328 2075 breviter
3376 2037 3486 2089 per-

1921 2117 2137 2180 strictis,
2167 2126 2414 2185 Suscepto
2444 2132 2633 2183 omnes
2660 2132 2880 2170 munere
2910 2116 3006 2167 (llSt
3025 2126 3291 2169 essi-runt.

1993 2208 2108 2261 Mox
2140 2208 2239 2261 sibi
2270 2210 2451 2262 beatus
2480 2209 2706 2262 antistes
2753 2209 2969 2276 proprio
2999 2224 3091 2259 ore
3121 2207 3265 2271 leges
3303 2204 3497 2271 quibus

1920 2314 1977 2351 se
2004 2309 2179 2367 pesset
2206 2308 2407 2363 tenere,
2434 2300 2672 2355 dictavit.
2699 2300 2931 2353 Primum
2963 2301 3145 2353 statuit
3171 2312 3273 2351 non
3310 2299 3493 2350 lavati-

1919 2390 2062 2453 dum,
2095 2405 2160 2443 ne
2191 2391 2413 2444 nitorem
2445 2393 2635 2444 anima:
2662 2403 2709 2445 et
2748 2392 3018 2445 interioris
3066 2390 3296 2443 bom'nis
3344 2391 3496 2442 forti-

1918 2482 2151 2536 tudinem
2185 2483 2366 2536 balnea
2397 2485 2561 2550 magis
2589 2484 2835 2536 sordbus
2860 2484 3027 2536 amica
3060 2483 3490 2548 confringerent.

1922 2571 2119 2624 Deinde
2149 2572 2457 2625 decreverat
2490 2588 2756 2642 nunquam
2801 2588 2922 2626 esse
2967 2572 3365 2640 prandendum;
3400 2571 3501 2624 sed

1920 2677 1986 2716 ne
2033 2664 2283 2730 propo~iti
2336 2665 2653 2718 sententiam
2710 2665 3202 2733 supervenientiunt
3260 2664 3337 2715 vis
3389 2664 3491 2715 ulla

1920 2762 2223 2819 temeraret,
2250 2766 2301 2809 et
2332 2767 2419 2807 aut
2443 2756 2550 2819 ject
2569 2756 2710 2808 intia'
2734 2755 2961 2819 nebulis,
2981 2763 3071 2808 aut
3098 2754 3332 2808 avaritire
3355 2753 3503 2806 fama

1922 2844 2238 2907 l:rd.retnr,
2289 2845 2539 2898 difﬁuivit
2588 2860 2852 2913 nunquam
2900 2845 3001 2899 sibi
3041 2844 3395 2907 ecenandunt;
3438 2856 3495 2895 nt

1917 2938 2265 2987 commutatio
2305 2936 2577 2997 horarum,
2607 2949 2666 2985 ae
2697 2950 2791 3001 per
2820 2934 2921 2987 huc
2961 2935 3125 2987 semel
3171 2935 3223 2987 itt
3254 2934 3337 2986 die
3368 2933 3493 2987 reli-

1917 3026 2089 3079 ciendi
2134 3036 2341 3093 tempus
2392 3026 2626 3079 atl‘erret.
2660 3024 2815 3080 Cibos
2859 3026 3015 3094 jussit
3045 3025 3145 3078 sibi
3180 3027 3388 3093 placere
3417 3026 3493 3079 vi-

1918 3116 2099 3177 liores,
2153 3115 2393 3183 nihilque
2450 3117 2499 3169 in
2550 3116 2896 3184 apparatione,
2956 3116 3276 3169 ferculorum
3335 3131 3494 3169 nares

1845 3183 1889 3244 θ
1922 3220 2271 3273 saporemque
2302 3221 2454 3258 suum
2490 3219 2643 3272 posse
2671 3206 2963 3270 oll'endere,
2992 3206 3089 3259 nisi
3114 3207 3252 3273 quod
3286 3220 3491 3259 aroma-

1918 3295 2055 3347 tibus
2098 3295 2423 3350 condiretur.
2484 3297 2699 3349 Olcrum
2748 3307 2797 3349 et
2851 3297 3129 3364 leguminis
3181 3297 3496 3363 pascebatur

1917 3384 2116 3454 epulis;
2146 3384 2238 3439 sed
2272 3395 2512 3440 neutrum
2544 3387 2728 3440 horum
2773 3403 2938 3456 usque
2968 3388 3031 3439 ad
3073 3388 3372 3441 satietatem
3407 3403 3496 3441 ca-

1921 3478 2067 3544 picus
2093 3494 2105 3528 :
2127 3477 2230 3529 vini
2260 3477 2508 3545 quiddam
2541 3492 2921 3547 parum,quam
2946 3489 3120 3531 tamen
3151 3479 3490 3546 exiguitatem

1920 3582 1941 3616 τι
1956 3574 2105 3634 posto
2131 3566 2225 3619 iere
2246 3566 2625 3621 admonitionis
2648 3583 2852 3621 memor
2873 3571 3117 3622 sumebat
3138 3569 3205 3623 ob
3229 3569 3493 3623 stomachi

1920 3660 2209 3712 cavendam
2233 3659 2581 3714 debilitatem.
2603 3661 2998 3715 l‘rocedendum
3022 3662 3224 3715 censuit
3249 3661 3495 3715 omnibus

1922 3752 1975 3803 in
2006 3753 2239 3817 quolibet
2277 3750 2414 3804 aeris
2446 3760 2651 3803 terrore
2683 3752 2941 3804 maturius
2970 3770 2979 3803 :
3008 3752 3074 3805 ita
3109 3761 3165 3805 ut
3196 3754 3491 3821 vigiliarum

1924 3840 2145 3893 formam
2178 3840 2464 3895 lectoribus
2493 3841 2811 3895 antecedens
2856 3842 2919 3893 ad
2967 3843 3247 3895 ecclesiam
3294 3844 3499 3911 praebe-

1925 3942 2003 3985 ret
2048 3934 2348 3999 episcopus.
2394 3932 2680 4000 Postquam
2735 3945 2863 3983 vero
2908 3930 2973 3983 ad
3029 3932 3211 3985 altaris
3266 3934 3497 3987 conlinia

1928 4024 2273 4092 pervenisset,
2306 4010 2499 4075 nolam
2546 4021 2861 4078 deliberavit
2906 4023 3131 4076 luturam
3164 4038 3285 4078 esse
3316 4039 3500 4079 neces-

1924 4116 2159 4175 sitatem,
2197 4131 2295 4184 qua
2344 4114 2467 4168 inde
2520 4115 2617 4168 nisi
2668 4116 2900 4183 impletis
2950 4116 3276 4169 solemnibus
3324 4126 3503 4183 posset

1926 4208 2137 4261 abduci.
2170 4208 2374 4262 Juuctis
2414 4208 2637 4275 pedibus
2684 4223 2850 4273 118ι1110
2893 4207 2955 4258 ad
2987 4207 3515 4261 eouauntmationeut.

1929 4302 2135 4371 mystici
2168 4302 2343 4369 operis
2373 4310 2515 4354 stare
2543 4316 2600 4354 se
2628 4302 2827 4354 debere
2868 4303 3138 4354 constituit
3167 4320 3178 4351 :
3206 4302 3273 4353 ita
3305 4312 3360 4355 nt
3402 4302 3502 4355 hn-

1930 4408 2076 4446 more
2103 4393 2441 4459 vest’giornm
2475 4392 2648 4444 locum
2695 4406 2846 4444 suum
2898 4392 3232 4460 depingeret,
3264 4403 3313 4447 et
3346 4393 3505 4461 longe

1936 4484 2317 4554 aspicientibus
2366 4482 2643 4535 indicaret.
2698 4483 3146 4537 Interiessionutn
3180 4493 3377 4539 tantam
3407 4486 3505 4539 sibi

1940 4574 2213 4642 proposuit
2239 4587 2443 4640 coram,
2471 4583 2528 4627 ut
2556 4574 2725 4642 ipsum
2758 4588 2817 4627 se
2858 4573 3065 4627 miseris
3094 4575 3291 4629 inferre
3317 4576 3507 4630 crede-

1935 4675 2014 4720 ret
2034 4666 2351 4730 molestiam,
2370 4682 2527 4735 quam
2549 4680 2641 4735 per
2664 4667 3032 4735 negligentiam
3054 4682 3081 4719 a
3104 4669 3510 4739 quibuscunque

1940 4758 2263 4825 permisi-set
2310 4758 2516 4815 iul'erti.
2565 4758 2643 4812 Ad
2690 4758 2996 4827 patientiam
3048 4759 3243 4814 laboris
3274 4770 3511 4828 tempore

1938 4848 2069 4913 otii,
2107 4848 2407 4903 necessitati
2454 4857 2509 4902 ut
2547 4849 2845 4915 subiceret,
2892 4865 3083 4919 corpus
3138 4852 3356 4921 aptavit.
3403 4851 3511 4906 lloc

1939 4940 2038 4995 sibi
2072 4941 2282 4994 vivendi
2317 4941 2695 5009 pragmaticum
2727 4941 2807 4994 vel
2839 4940 3136 5009 disciplina:
3163 4943 3351 5012 dogma
3384 4959 3510 5012 pro-

1938 5034 2133 5099 posuit,
2163 5046 2447 5101 aggressus
2477 5041 2581 5097 est,
2610 5032 2866 5096 servavit,
2897 5033 3156 5101 implevit.

2012 5124 2132 5178 Mox
2160 5137 2289 5177 vero
2330 5138 2425 5191 per
2467 5124 2771 5179 universum
2818 5127 3070 5178 mundum
3106 5137 3342 5180 sanetam
3377 5126 3514 5178 illius

1940 5214 2404 5270 conversationem
2453 5215 2562 5278 illa,
2593 5231 2709 5286 qua!
2760 5217 2883 5271 licet
2937 5219 2987 5272 in
3029 5218 3273 5286 gloriosis
3312 5217 3514 5268 aetiluts

1943 5308 2143 5361 tardior
2173 5322 2293 5361 esse
2336 5307 2490 5371 solet,
2526 5308 2661 5361 fama
2702 5324 2805 5362 non
2852 5310 3036 5363 tacuit.
3078 5309 3182 5364 Sed
3222 5308 3328 5358 'ad
3360 5322 3515 5359 aures

1945 5423 2033 5476 vili
2066 5422 2207 5475 bello
2237 5421 2453 5475 adortus
2489 5422 2756 5476 interemit
2786 5438 2926 5477 anno
2964 5423 3087 5476 472.
3117 5422 3222 5475 Nec
3254 5427 3515 5484 posterior

1942 5494 2099 5559 igitur
2128 5492 2229 5545 hoc
2252 5507 2410 5555 anno,
2440 5509 2533 5544 nee.
2561 5494 2705 5561 prior
2734 5493 2825 5546 illo
2848 5495 3013 5560 potuit
3039 5506 3156 5561 esse
3181 5490 3389 5561 legatio,
3414 5505 3535 5558 qua.-

1952 5558 2230 5615 Rieitueris
2262 5562 2474 5615 nomine
2507 5558 2714 5615 inpetus
2750 5572 2829 5613 est
2851 5558 2928 5613 ad
2961 5558 3316 5613 Anthemium.
3362 5560 3515 5627 Sigo-

1943 5633 2083 5693 nius,
2123 5641 2175 5684 et
2204 5632 2290 5683 alii
2325 5633 2512 5698 partim
2551 5635 2613 5682 ad
2656 5647 2847 5682 anntutt
2895 5631 2989 5683 471
3040 5630 3294 5693 referunt,
3327 5635 3515 5696 partim

1943 5702 2006 5754 ad
2037 5710 2368 5767 sequentem,
2402 5701 2682 5767 perspicuo
2711 5699 3136 5753 auat-brutiismu.
3171 5702 3347 5754 Novus
3372 5704 3515 5755 enim

1944 5770 2113 5825 adhuc
2142 5772 2419 5838 eniseopus
2452 5782 2558 5822 uat
2589 5768 2932 5835 ip'ttlmnius,
2958 5770 3020 5825 ad
3052 5771 3346 5826 Ticineusis
3372 5773 3549 5826 urbis
