3974 6366
459 306 562 364 215

1587 300 1860 356 ENNlei
1896 298 2193 354 EDISCOPI
2237 299 2606 357 TICINENSIS
3572 307 3663 364 ἳὶΰ

457 420 792 484 Ricemeris,
821 420 908 488 qui
941 426 1063 471 tunc
1092 414 1336 470 secundis
1366 413 1433 466 ab
1473 413 1761 465 Anthemio
1795 414 2031 478 principe
2062 417 2104 470 Α
2140 426 2348 477 patente,
2396 416 2457 462 ad
2515 414 2842 466 Riccmercm
2893 415 3167 481 patric'ttm
3211 425 3434 483 perrexit
3470 436 3482 471 :
3521 434 3547 473 a
3574 437 3663 490 quo

461 512 687 566 habenis
725 509 1101 577 rempublicam
1146 505 1504 574 gubernabat,
1532 504 1737 557 detulit.
1773 502 1901 555 Nam
1933 503 2031 554 iut-

461 613 707 671 peratore
752 601 933 653 Romae
980 598 1171 665 posito,
1205 595 1548 649 seminarium
1596 595 1734 651 inter
1770 608 1864 647 eos
1902 592 2035 661 jecit

462 692 697 746 scandali
729 691 811 743 illa
855 703 971 757 qum
1008 687 1347 741 dominantes
1376 694 1696 753 sequestrat,
1729 684 1947 749 invidia,
1980 692 2034 737 et

462 796 559 850 par
586 780 812 850 dignitas
840 793 1004 831 causa.
1029 778 1335 832 discordize.
1379 777 1694 831 Surrexerat
1720 776 1860 829 enim
1890 782 2032 827 tanta

464 870 639 924 rabies
666 878 824 937 atque
855 868 1139 932 dissensio,
1171 877 1227 921 ut
1254 876 1436 920 mutuo
1466 865 1605 919 bella
1646 874 2032 933 prmpararent;

463 972 514 1015 et
546 968 898 1029 przeterquam
921 960 1073 1029 origo
1101 960 1295 1013 irarum
1327 959 1569 1027 proprios
1598 956 1915 1026 suggerebat
1943 955 2037 1008 sti-

463 1050 658 1114 mulus,
686 1050 748 1104 lis
776 1051 876 1103 ista
903 1050 1361 1107 circumstantium
1405 1049 1633 1102 consilto
1676 1047 2036 1101 nutriebatur.

462 1139 693 1194 Nutabat
748 1148 919 1195 status
974 1140 1321 1208 periclitantis
1370 1140 1556 1204 Italiae,
1601 1148 1657 1193 et
1704 1138 2038 1207 atﬁigebatur

463 1231 594 1299 ipds
623 1231 1021 1285 discriminibus
1063 1232 1298 1299 gravius,
1324 1230 1449 1284 dum
1493 1230 1836 1299 exspectabat
1864 1225 2038 1282 futura

464 1320 790 1373 discrimina.
825 1321 1027 1374 Interea
1057 1320 1198 1388 apud
1237 1320 1564 1375 Ricemerem
1597 1321 1894 1388 patricium,
1929 1318 2037 1372 Me-

466 1411 661 1465 diolani
694 1426 753 1464 ea
793 1419 1109 1477 tempestate
1146 1411 1491 1473 residentem,
1524 1411 1581 1463 ﬁt
1608 1410 1852 1464 enllectio
1883 1409 2041 1477 Ligu-

466 1518 583 1555 rum
616 1503 907 1556 nobilitatis
933 1521 942 1555 :
969 1504 1058 1571 qui
1089 1504 1238 1557 ﬁexis
1264 1504 1486 1573 genibus
1514 1503 1736 1571 soloque
1763 1501 2036 1570 prostrati,

470 1609 651 1660 pacem
682 1595 903 1649 orabant
932 1595 1248 1664 principum,
1277 1605 1331 1649 et
1355 1604 1410 1648 ut
1437 1595 1503 1648 ab
1531 1594 1780 1649 seandalo
1803 1602 2041 1661 utraeque

468 1694 648 1751 partes
676 1684 1003 1749 desinerent,
1030 1687 1339 1741 occasiones
1386 1687 1569 1755 gratiae
1616 1686 1682 1739 ab
1721 1700 1827 1739 uua
1858 1700 2042 1754 preca-

2136 502 2291 553 simnl
2327 504 2467 555 visus
2503 514 2557 556 et
2591 505 2793 558 electus
2825 514 2919 561 est.

2207 592 2450 646 Manda‘to
2479 609 2606 662 ergo
2654 594 2753 648 sibi
2802 596 3075 664 legationis
3116 596 3319 661 ordine,
3350 596 3555 652 Romam
3583 616 3662 668 pc-

2136 683 2235 737 tiit.
2292 683 2343 735 lu
2396 700 2501 752 quo
2545 684 2733 740 itinere
2779 687 2902 753 quid
2947 687 3302 740 molestiarum
3360 691 3664 755 sustinuerit,

2136 780 2331 846 quidve
2376 779 2624 834 virtutum
2672 781 2917 849 gesserit,
2950 781 3204 835 festinans
3232 781 3295 834 ad
3330 782 3518 850 majora
3554 800 3667 850 pra:-

2139 879 2304 923 tcreo.
2340 870 2455 922 Mox
2503 878 2675 924 tamen
2716 882 2773 925 ut
2812 886 2971 939 supra
3011 872 3164 925 dieue
3205 872 3348 926 urbis
3389 882 3556 939 portas
3596 876 3663 927 in.

2136 973 2349 1026 greSsus
2370 967 2469 1021 est,
2495 958 2629 1012 fama
2652 974 2771 1028 qua:
2791 960 3065 1015 absentem
3094 960 3240 1013 illum
3272 968 3445 1013 notum
3478 962 3672 1027 fecerat,

2138 1052 2301 1122 digito
2351 1054 2514 1123 cmpit
2567 1053 2869 1109 ostendere.
2943 1052 3194 1107 Conversi
3266 1054 3403 1108 illico
3461 1057 3672 1108 omnium

2140 1144 2300 1206 oculi,
2332 1153 2646 1213 stupuerunt
2676 1152 2882 1198 mentes
2925 1144 3186 1205 attonitae,
3210 1142 3350 1211 quod
3378 1152 3563 1196 tantum
3591 1144 3677 1198 sibi

2140 1235 2380 1289 exhiberi
2433 1234 2782 1289 reverentiam
2835 1233 3009 1301 imago
3055 1232 3168 1299 ejus
3216 1232 3369 1286 index
3412 1234 3679 1289 sanctita'is

2140 1324 2451 1391 requireret.
2491 1325 2509 1354 ³
2539 1324 2927 1392 lnexplicabilis
2967 1337 3023 1377 se
3061 1323 3227 1390 eulpae
3270 1338 3417 1377 reum
3447 1323 3680 1378 fatebatur

2142 1416 2363 1482 quilibet
2401 1424 2697 1483 potentum,
2729 1416 2774 1468 si
2825 1422 3024 1469 tantum
3073 1428 3241 1481 genua
3281 1413 3393 1482 ejus
3432 1416 3683 1482 amplexus

2142 1516 2222 1561 est
2262 1525 2273 1559 :
2310 1506 2589 1560 tollebatur
2625 1506 2829 1558 clamor
2877 1506 2930 1558 in
2974 1505 3163 1558 coelum
3207 1520 3221 1556 :
3261 1518 3415 1558 nemo
3460 1505 3593 1558 illum
3638 1505 3681 1557 in

2144 1597 2441 1651 mortalium
2474 1612 2697 1651 numero
2740 1594 3106 1663 computabat,
3135 1595 3217 1647 cui
3256 1595 3427 1647 omnia
3474 1595 3684 1648 ccclesiis

2144 1690 2324 1757 gratim
2355 1687 2604 1740 videbant
2648 1686 2780 1739 bona
2813 1695 3076 1739 constare.
3116 1684 3385 1738 Perfcrlur
3412 1686 3474 1736 ad
3508 1686 3680 1748 princi-

469 1775 662 1831 bantur
707 1776 905 1830 oﬁ‘erri.
957 1777 1091 1842 Quid
1132 1778 1282 1844 plura
1321 1777 1636 1831 contexam?
1662 1777 1925 1830 mulcetur
1950 1777 2043 1829 Ri-
2074 1770 2119 1830 B
2146 1794 2264 1847 pem
2295 1778 2655 1844 Anthemium,
2677 1776 2850 1829 studio
2874 1775 3150 1842 legationis
3170 1773 3477 1841 episcopum
3500 1774 3684 1827 venisse

468 1881 665 1929 cemer.
697 1877 751 1921 et
801 1868 939 1923 velle
986 1883 1043 1922 se
1088 1883 1338 1937 reparare
1382 1868 1721 1923 concordiam
1771 1878 2042 1936 permotus

470 1960 753 2012 multorum
786 1960 996 2014 ﬁetibus
1028 1961 1327 2027 pollicetur.
1353 1979 1369 2012 ι
1401 1961 1505 2015 Sed
1540 1961 1678 2030 quis,
1709 1960 1800 2023 ait,
1832 1959 2042 2028 potissi-

468 2065 613 2103 mum
645 2049 803 2117 hujus
831 2052 1107 2123 legationis
1156 2053 1357 2119 pondus
1397 2053 1659 2119 excipiet?
1698 2067 1854 2121 quem
1884 2060 2044 2106 tantae

470 2139 628 2192 mulis
656 2154 783 2192 cura
815 2144 1063 2195 maneat?
1106 2142 1224 2210 quis
1251 2154 1331 2196 est
1360 2143 1450 2211 qui
1484 2144 1497 2173 ¹
1527 2142 1767 2197 Galatam
1811 2142 2045 2196 concita-

472 2236 581 2280 tum
611 2243 865 2283 revocare
896 2231 1062 2298 possit
1083 2239 1137 2285 et
1159 2232 1487 2300 principem?
1515 2232 1645 2285 Nam
1669 2247 1898 2301 semper,
1922 2247 2044 2287 cum

473 2327 688 2387 rogatur
734 2321 1027 2388 exuberat,
1074 2324 1160 2391 qui
1212 2323 1342 2377 iram
1408 2325 1631 2378 naturali
1681 2325 2046 2381 moderatione

472 2427 577 2465 non
605 2413 873 2466 terminat.
907 2432 927 2464 ›
964 2413 1112 2468 Tunc
1143 2430 1248 2468 uno
1285 2430 1471 2468 omnes
1495 2430 1587 2469 ore
1610 2415 2005 2484 responderunt
2031 2434 2041 2467 :

481 2520 498 2551 ι
542 2500 735 2556 Vester
758 2504 1123 2558 tantummodo
1162 2506 1224 2557 ad
1258 2520 1437 2573 pacem
1461 2507 1754 2561 declinetur
1773 2522 2044 2563 assensus.

474 2590 571 2645 Est
600 2592 753 2646 nobis
794 2608 1017 2661 persona
1050 2609 1220 2661 nuper
1257 2594 1324 2648 ad
1370 2595 1725 2650 sacerdotium
1752 2596 2049 2650 Ticinensis

474 2683 619 2737 urbis
662 2683 883 2747 adscita,
909 2686 995 2739 cui
1034 2695 1088 2740 et
1125 2685 1317 2740 bellum
1361 2687 1558 2745 rabida:
1605 2688 1743 2741 colla
1771 2690 1789 2723 ²
1823 2688 2046 2742 submit-

475 2781 591 2827 tttut
617 2793 627 2827 :
657 2775 742 2829 cui
787 2785 910 2830 ante
954 2791 1141 2845 preces
1187 2777 1441 2832 oﬁ'eratur
1484 2778 1821 2843 beneﬁcium,
1849 2780 1986 2849 quod
2018 2795 2047 2834 a
2072 2775 2086 2790 ⁹

472 2864 707 2931 quolibet
749 2866 1010 2934 petiturus
1054 2867 1329 2921 advenerit
1354 2885 1364 2919 :
1386 2868 1468 2936 cui
1500 2877 1581 2922 est
1623 2868 1800 2923 vultus
1827 2870 1948 2924 vitte
1980 2870 2050 2924 si-

473 2952 636 3021 milis,
667 2969 825 3020 quem
854 2958 1094 3010 venerari
1128 2958 1294 3024 possit
1329 2959 1652 3027 quicunque,
1684 2960 1729 3013 si
1753 2968 1832 3012 est
1862 2961 2048 3014 catho-

474 3046 604 3099 licus
631 3055 685 3100 et
714 3046 1012 3110 Romanus;
1045 3062 1223 3102 amare
1266 3060 1430 3111 certe,
1460 3050 1505 3102 si
1555 3049 1734 3103 videre
1782 3058 2050 3103 mereatur

2143 1868 2388 1937 Ligurize,
2421 1868 2686 1921 hominem
2727 1882 2884 1935 quem
2942 1865 3114 1919 nullus
3160 1866 3329 1930 possit
3361 1866 3519 1918 etiam
3559 1864 3689 1917 dives

2144 1960 2353 2028 eloquio
2375 1958 2694 2012 sufﬁcienter
2714 1971 2997 2022 exponere.
3023 1955 3089 2009 At
3113 1955 3218 2018 ille,
3241 1973 3257 2005 ι
3287 1953 3480 2007 Callida
3505 1968 3688 2007 necum

2146 2049 2387 2105 Ricemer
2411 2058 2466 2104 et
2496 2050 2546 2101 in
2585 2047 2938 2116 legationibus
2966 2045 3076 2100 suis
3124 2054 3239 2099 arte
3283 2045 3513 2099 decernit
3541 2064 3552 2095 :
3578 2044 3693 2097 tales

2145 2142 2341 2210 dirigit,
2372 2142 2459 2209 qui
2493 2138 2878 2207 supplicatione
2905 2145 3228 2204 expugnent,
3266 2150 3397 2203 quos
3428 2135 3511 2187 ille
3549 2135 3695 2187 Iaces!

2146 2234 2218 2287 sit
2242 2232 2448 2300 injuriis
2476 2250 2486 2283 :
2514 2228 2784 2298 perducite
2815 2236 2987 2281 tamen
3036 2226 3099 2278 ad
3151 2242 3235 2279 me
3278 2226 3539 2278 hominem
3579 2224 3693 2277 Dci:

2146 2324 2232 2391 qui
2279 2323 2323 2377 si
2368 2321 2634 2388 possibilia
2690 2330 2964 2387 precatur,
3014 2317 3329 2381 admittam;
3370 2317 3410 2370 si
3456 2316 3693 2377 difﬁcilia,

2146 2414 2457 2482 supplicabo
2477 2428 2541 2467 ne
2564 2410 2959 2466 excusationem
2988 2423 3158 2463 meam
3179 2416 3431 2477 gravetur
3454 2408 3695 2475 accipere.

2149 2507 2341 2559 Dubito
2372 2516 2545 2558 tamen
2577 2520 2640 2556 an
2675 2504 2916 2556 Ricemer
2947 2501 3084 2568 apud
3115 2514 3221 2564 me,
3247 2499 3388 2568 quod
3414 2500 3592 2566 poscit,
3618 2498 3697 2549 ob-

2150 2600 2313 2651 tineat
2340 2618 2352 2651 :
2376 2596 2525 2665 eujns
2554 2595 2662 2648 scio
2689 2602 2929 2646 votorum
2974 2591 3420 2657 intemperantem
3450 2602 3561 2642 esse
3594 2598 3697 2656 per-

2150 2703 2368 2752 sotiam,
2417 2698 2467 2741 et
2520 2687 2571 2738 in
2625 2682 3020 2739 conditionibus
3085 2678 3448 2748 prononendis
3505 2676 3701 2731 rationis

2151 2780 2432 2835 terminum
2464 2794 2566 2831 non
2609 2788 2812 2831 tcuere.
2844 2773 2947 2828 Sed
2982 2773 3157 2827 veniat
3203 2772 3443 2824 directus
3479 2770 3700 2831 antistes,

2151 2879 2207 2926 et
2249 2870 2509 2923 laudatam
2547 2867 2863 2936 jampridem
2912 2871 3195 2933 prmsentet
3247 2862 3526 2931 efﬁgiem.»
3560 2859 3702 2928 Egre~

2152 2965 2369 3018 diuntur
2414 2963 2585 3015 ofﬁcia
2638 2962 2766 3016 urbe
2812 2970 2916 3015 tota
2972 2960 3223 3027 palatina.
3281 2958 3449 3021 Jube,
3482 2953 3700 3024 rogariS'

2156 3057 2403 3109 audiebat
2432 3056 2734 3122 episcopus.

474 3145 527 3191 et
559 3136 850 3192 Graeculus.
880 3139 997 3192 Jam
1030 3139 1072 3191 si
1119 3139 1183 3191 ad
1214 3154 1515 3195 sermonem
1564 3141 1705 3194 illius
1750 3142 2045 3208 veniamus,
2080 3136 2124 3198 C
2230 3148 2296 3200 At
2325 3145 2642 3200 venerabilis
2668 3154 2720 3198 et
2747 3143 2954 3197 satculis
2996 3142 3242 3195 omnibus
3276 3140 3523 3209 probatus
3551 3131 3705 3203 pontii

476 3240 743 3294 nunquam
770 3227 849 3280 sic
872 3227 1014 3282 diras
1043 3228 1253 3295 aspides
1281 3230 1560 3283 verborum
1604 3230 1781 3298 digitis
1812 3232 2048 3285 incanta-

477 3324 561 3370 tor
588 3315 875 3372 Thessalus
903 3318 1149 3372 violentis
1192 3319 1387 3387 poterit
1430 3334 1654 3375 evocare
1701 3322 2046 3390 carminibus,

478 3407 742 3475 quomodo
792 3408 882 3461 ille
932 3408 1178 3463 eﬁ‘ectum
1230 3411 1495 3477 petitionis
1541 3428 1648 3466 sua:
1699 3428 1725 3465 a
1776 3414 2049 3482 negaturis

477 3506 777 3565 extorquet.
803 3498 1002 3553 Pendet
1022 3498 1073 3553 in
1096 3500 1314 3554 arbitrio
1337 3500 1473 3567 ejus,
1492 3516 1611 3555 cum
1642 3502 1782 3572 loqui
1806 3504 2049 3571 coeperit,

480 3591 741 3644 sententia
788 3591 1075 3646 audientis.
1119 3592 1320 3647 Pendet
1344 3594 1432 3662 jus
1458 3609 1632 3658 suum,
1665 3597 1749 3665 qui
1795 3611 2053 3651 excusare

480 3682 762 3751 disposuit,
792 3684 835 3737 si
868 3683 944 3737 illi
990 3684 1252 3753 allegandi
1295 3688 1444 3755 copia
1493 3689 1866 3742 concedatur.»
1904 3689 2053 3743 Tune

482 3774 732 3842 patricius
780 3776 1026 3831 Ricemer
1074 3779 1141 3831 ita
1200 3780 1471 3847 reSpoudit
1505 3798 1515 3833 :
1546 3798 1565 3831 ι
1601 3782 1799 3835 Detulit
1850 3782 1914 3835 ad
1968 3796 2053 3836 me

478 3864 621 3919 hunc
664 3865 932 3922 hominem
963 3884 1118 3938 quem
1150 3870 1447 3938 exponitis,
1484 3871 1619 3925 fama
1649 3873 1937 3941 gloriosum
1963 3889 1977 3929 :
2002 3881 2055 3928 et

480 3957 531 4010 in
563 3957 663 4012 hoc
690 3959 859 4029 magis
903 3960 1240 4015 admirationi
1272 3962 1399 4016 tuibi
1431 3970 1533 4027 est,
1560 3964 1700 4032 quod
1746 3978 1931 4017 omnes
1962 3964 2054 4016 ha-

482 4046 604 4101 heat
652 4050 985 4114 laudatores;
1040 4052 1215 4104 nullos
1263 4053 1379 4119 ejus
1428 4053 1619 4119 quibus
1670 4068 1761 4120 per
1805 4052 2053 4106 invidiam

484 4138 758 4193 abundare
800 4139 939 4193 solet
970 4141 1196 4204 novitas,
1230 4142 1403 4208 prodit
1433 4142 1695 4196 inimicos.
1729 4144 1802 4197 Ite
1832 4158 1977 4209 ergo,
2004 4153 2057 4197 et

485 4239 663 4298 rogate
684 4230 953 4286 hominem
979 4232 1090 4297 Dei,
1112 4242 1169 4285 ut
1188 4234 1422 4287 ambulet
1447 4250 1461 4287 :
1483 4234 1688 4305 jungite
1713 4237 1873 4289 etiam
1908 4250 2053 4289 meas

486 4337 690 4390 preces.
718 4342 737 4375 ι
775 4323 988 4393 Egressi
1035 4324 1102 4379 de
1146 4325 1372 4379 consilio
1418 4327 1505 4393 (an
1555 4326 1837 4389 concilio?)
1879 4328 2054 4380 statim

488 4413 725 4470 Ticinum
757 4424 961 4484 petunt,
992 4432 1205 4471 causam
1252 4427 1489 4480 narrant,
1518 4419 1677 4482 fusis,
1712 4429 1767 4473 ttt
1798 4420 1951 4473 istum
1981 4419 2057 4471 la-

2158 3236 2263 3301 fex,
2299 3244 2636 3303 tosteaqnam
2669 3235 3022 3299 introgressus
3068 3243 3171 3297 est,
3200 3241 3259 3285 et
3292 3227 3584 3295 trofcrendi
3610 3238 3703 3279 ser«

2153 3328 2323 3380 minis
2367 3327 2591 3378 donatus
2640 3325 2868 3386 licentia,
2898 3324 3141 3391 quamvis
3176 3321 3411 3390 fugitiva:
3454 3313 3707 3387 potestatis

2155 3418 2411 3485 inSIgnia,
2453 3425 2654 3469 ostrum
2703 3428 3045 3484 gemmasque
3094 3414 3379 3466 rutilantes
3428 3402 3714 3463 reverenda:

2156 3510 2396 3577 imaginis
2431 3509 2635 3577 fulgore
2663 3506 3038 3575 compresserit
3065 3504 3287 3573 (etenim
3320 3502 3469 3569 quasi
3515 3498 3713 3551 absente

2156 3603 2507 3667 imperatore,
2541 3599 2608 3651 ita
2660 3599 2710 3651 iu
2760 3612 2818 3650 se
2866 3595 3051 3650 oculos
3102 3602 3338 3650 traxerat
3382 3581 3715 3657 singulorum)

2156 3692 2245 3743 tali
2308 3689 2607 3741 narratione
2665 3687 2952 3755 incipiens,
2997 3686 3209 3749 januatn
3273 3684 3386 3735 oris
3431 3676 3713 3734 rescravit:

2162 3802 2178 3834 t
2220 3784 2433 3837 Summa
2478 3782 2711 3835 cmlcstis
2761 3780 2989 3843 Domini,
3021 3776 3326 3831 venerande
3359 3774 3621 3844 princeps,
3651 3772 3718 3821 est

2156 3861 2489 3926 ordinatione
2520 3870 2851 3936 dispositum.
2884 3877 2939 3919 ut
2968 3868 3048 3920 cui
3082 3874 3240 3918 tantm
3273 3862 3579 3929 reipublicae
3606 3868 3718 3911 cura

2157 3961 2525 4023 mundabatur,
2561 3975 2652 4027 per
2682 3960 2951 4012 catholicae
2982 3956 3098 4011 fidei
3131 3954 3325 4023 dogma
3363 3954 3527 4005 Deum
3558 3958 3611 4002 et
3638 3960 3720 3997 au-

2157 4063 2356 4106 ctorem
2396 4062 2448 4104 et
2492 4064 2779 4103 amatorem
2816 4049 3022 4114 pietatis
3056 4053 3405 4113 agnosceret;
3444 4058 3537 4111 per
3580 4050 3722 4107 quem

2160 4144 2417 4195 bellorum
2449 4141 2677 4193 furorem
2711 4140 2853 4207 pacis
2880 4153 3025 4190 artua
3057 4135 3424 4201 confringant,
3454 4143 3507 4185 et
3532 4132 3724 4184 calcans

2159 4234 2293 4286 colla
2319 4231 2580 4300 superbire
2607 4229 2889 4284 concordia
2922 4235 3155 4295 Superat,
3175 4226 3318 4293 quod
3352 4222 3609 4277 Iortitudo
3635 4232 3726 4271 non

2162 4323 2431 4392 pr:evale'.
2462 4320 2549 4375 Sic
2580 4334 2807 4388 namque
2852 4316 3011 4371 David
3062 4315 3462 4385 prredicabilem
3495 4305 3729 4381 parcendi

2165 4416 2331 4481 magis
2361 4414 2575 4466 inimico
2603 4412 2809 4464 animus
2835 4407 3080 4470 reddidit,
3113 4422 3269 4475 quam
3304 4405 3538 4459 intentio
3567 4398 3729 4452 vindi-

487 4507 670 4561 borem
712 4507 1026 4575 susciperet,
1058 4508 1243 4562 beatus
1278 4510 1604 4577 Epiphanius
1648 4519 1859 4577 rogatur
1890 4510 2059 4580 lacry-
2090 4500 2134 4557 Ι)
2162 4507 2333 4558 candi.
2371 4506 2459 4559 Sic
2487 4502 2703 4570 perfecti
2730 4501 3043 4555 saeculorum
3090 4513 3241 4567 reges
3271 4506 3327 4551 et
3369 4496 3593 4555 domini,
3622 4503 3726 4555 sup-

460 4598 590 4651 .mis
616 4616 628 4651 :
654 4598 745 4667 qui
787 4613 853 4651 ne
894 4607 1205 4653 extenuaret
1243 4600 1588 4661 beneﬁcium,
1615 4600 1657 4652 si
1693 4599 1829 4652 ﬁlios
1857 4600 2059 4653 diutina

489 4690 873 4758 supplicatione
917 4698 1208 4758 torqueret,
1245 4690 1531 4745 antecessit
1569 4689 1829 4743 desiderTa
1875 4698 2057 4756 postu-

491 4781 687 4834 lantum
719 4797 730 4832 :
757 4794 891 4850 quos
921 4788 1094 4834 tamen
1127 4782 1304 4836 taliter
1332 4783 1593 4835 allocutus
1616 4791 1730 4835 est:
1764 4801 1780 4833 ι
1809 4781 2059 4846 Quamvis

491 4880 651 4927 tanta:
688 4871 765 4925 rei
805 4872 1095 4925 necessitas
1147 4874 1533 4938 probatissima:
1584 4889 1824 4943 persona:
1858 4872 2060 4941 pondus

492 4962 739 5031 inquirat,
773 4970 827 5015 et
856 4962 1045 5016 titubet
1070 4962 1167 5016 sub
1197 4964 1341 5033 gravi
1370 4964 1510 5019 fasce
1553 4966 1779 5033 portitor
1812 4964 2059 5017 immatu-

491 5067 601 5115 rus,
625 5052 873 5107 alfectum‘
895 5062 1069 5107 tamen
1093 5070 1249 5122 quem
1273 5054 1439 5108 debeo
1464 5057 1647 5122 patria:
1670 5073 1773 5112 non
1800 5054 2024 5123 negabo.
2042 5073 2059 5105 ι

491 5144 690 5213 Quibus
737 5145 968 5200 breviter
1019 5136 1285 5211 narratis,
1333 5146 1599 5214 quomodo
1650 5158 1765 5202 erat
1815 5149 2063 5218 loquendi

491 5260 797 5313 cathedram
830 5274 998 5327 nuper
1038 5258 1294 5312 adscitus.
1341 5260 1514 5324 Quare
1545 5275 1663 5313 cum
1706 5269 1923 5313 octavus
1952 5259 2065 5327 ejus

491 5347 682 5394 annus,
718 5340 773 5384 ttt
801 5341 978 5399 postea
1010 5329 1234 5391 dicetur,
1265 5330 1507 5383 inciderit
1538 5330 1588 5381 in
1623 5340 1855 5397 tempora
1888 5329 2063 5396 Nepo-

495 5405 577 5480 tis,
609 5402 831 5467 primatu
866 5400 1000 5454 hanc
1029 5400 1343 5467 legationem
1383 5400 1481 5452 sub
1522 5414 1715 5451 annum
1758 5402 1861 5453 468
1892 5400 2065 5452 conti-

510 5486 631 5524 :ISSC
663 5486 879 5524 IICCBSSC
906 5486 1007 5524 851.

494 5479 631 5537 gtsse
663 5485 879 5524 necesse
906 5479 1007 5525 est.

568 5541 581 5567 ¹
616 5538 848 5593 Galatam
877 5538 1200 5609 concitatum]
1225 5540 1559 5593 Anthemium
1585 5555 1737 5605 quem
1768 5539 2065 5590 Grzcculttm

499 5622 617 5659 mox
672 5619 841 5662 vocat.
903 5611 1151 5664 Sidonius
1203 5621 1325 5663 tletn
1384 5610 1454 5663 de
1506 5612 1752 5661 Arvando
1804 5610 2064 5664 scribens.

498 5678 716 5742 eiusque
747 5679 935 5733 litteris
963 5680 1025 5733 ad
1058 5682 1304 5734 Euricntu
1345 5681 1504 5737 IilL't.
1536 5683 1695 5746 epist.
1732 5680 1758 5730 7
1787 5697 1797 5728 ;
1834 5678 1951 5728 Ηιιτ
2004 5681 2069 5727 od

503 5762 666 5821 regem
706 5746 982 5802 (ﬁt/torua!
1024 5752 1199 5803 charta
1238 5751 1493 5803 ridebatur
1534 5753 1711 5812 emitti,
1740 5767 1909 5818 parum
1959 5766 2067 5799 cum

2170 4591 2483 4667 plicatitihus
2502 4594 2775 4657 indulgere
2791 4592 2996 4646 cmlesti
3014 4599 3125 4643 arte
3146 4590 3476 4643 didicerunt.
3492 4588 3729 4649 Stlperua'

2170 4703 2395 4754 namque
2424 4684 2798 4739 dominationis
2831 4685 2997 4737 instar
3044 4681 3300 4751 possidet,
3335 4680 3427 4748 qui
3472 4676 3726 4745 impeiun

2168 4794 2319 4831 suum
2362 4779 2550 4845 pietate
2599 4776 2865 4829 sublimat.
2915 4776 3027 4827 lloc
3057 4788 3183 4841 ergo
3217 4770 3369 4825 Italia
3408 4780 3588 4823 vestra
3622 4767 3737 4817 frctL'

2163 4868 2398 4936 judicio,
2453 4868 2530 4920 vel
2579 4867 2821 4920 Riccmer
2869 4864 3149 4934 patricius,
3202 4863 3529 4931 parvitatem
3584 4869 3737 4907 turam

2173 4962 2190 4991 ⁸
2220 4970 2372 5013 Oratu
2423 4958 2613 5012 direxit
2647 4974 2659 5009 :
2694 4956 3055 5009 indubitanter
3103 4948 3606 5020 conjici:-us,_quod
3656 4946 3737 4996 lion

2174 5068 2361 5105 manus
2387 5053 2406 5081 ⁵
2439 5052 2545 5103 Deo
2574 5065 2764 5103 munus
2809 5048 3024 5111 tribuat,
3055 5061 3212 5114 quam
3254 5054 3515 5111 precatur
3560 5055 3605 5093 et
3643 5039 3742 5089 har

2174 5146 2352 5203 barus.
2374 5144 2483 5199 Erit
2508 5145 2647 5198 enim
2678 5143 2974 5209 triumphus
2997 5139 3185 5193 vestris
3210 5142 3428 5206 proprie
3452 5133 3744 5204 prnfntm-ut

2173 5255 2351 5309 Gra'co
2395 5256 2695 5324 imperatore
2736 5252 3055 5324 dissuadens.
3103 5248 3347 5324 Graecum
3396 5242 3745 5324 namquedtu-

2177 5316 2476 5395 peratoreni
2508 5325 2755 5393 appellat,
2782 5339 2894 5395 ttut_t_
2916 5323 3143 5395 Leonem
3176 5316 3746 5395 principemOrientis.

2178 5387 2259 5447 cui
2286 5396 2360 5449 rei
2392 5396 2519 5448 nihil
2546 5387 2678 5446 erat
2707 5409 2824 5446 cum
2861 5392 3069 5451 Eurico,
3108 5389 3199 5440 sed
3233 5387 3588 5440 Anthemium
3622 5387 3704 5449 qui
3732 5395 3745 5427 ε

2181 5466 2380 5519 Gracia
2416 5480 2580 5531 nuper
2610 5472 2824 5515 exortus
2855 5462 3035 5513 Roma:
3077 5458 3349 5526 regnabat.

2250 5539 2268 5567 ³
2301 5536 2559 5595 Bullatid.,
2593 5534 2902 5585 submittant.

2254 5606 2271 5633 ³
2309 5606 2489 5657 Schol.
2516 5614 2563 5655 et
2597 5603 2857 5666 liollantl.,
2889 5599 3237 5668 lttexpt'ttbt'lis.

2250 5677 2266 5703 “
2298 5678 2476 5726 St'hot.
2512 5683 2558 5724 (ει
2595 5673 2745 5733 linit,
2781 5685 2995 5725 ora'ttm.

2254 5748 2269 5773 ⁵
2300 5748 2333 5799 li
2359 5750 2479 5797 lt'ttt.
2518 5744 2773 5794 Πυθιιὶηηδ.
