3974 6366
232 364 317 418 2n
1131 358 1284 412 ViTA
1328 358 1385 410 Β.
1421 356 1759 411 El'lPllANll
1803 359 2104 416 EPISCON
2144 365 2534 429 TICIN‘ENSIS.

3360 371 3460 426 218

233 478 509 541 annalibus,
540 476 585 530 si
631 477 749 530 sine
790 476 1049 545 sanguine
1094 475 1349 528 viceritis.
1394 474 1561 528 Simul
1606 473 1785 528 nescio
1815 476 1861 535 Α
1892 480 2279 547 disposueram,
2311 495 2404 549 per
2435 489 2484 533 te
2515 474 2717 548 primus
2743 479 2989 534 exhibeo.
3024 481 3285 536 Profunda
3316 486 3457 537 enim

232 588 334 641 quae
362 572 563 639 species
611 570 798 623 fortior
838 570 1004 636 possit
1043 583 1162 624 esse
1193 569 1471 632 bellorum,
1502 584 1658 635 quam
1689 570 1784 623 di-

231 667 406 716 micare
446 668 635 713 contra
682 660 1031 724 iracrrndiam,
1061 668 1115 713 et
1161 658 1473 713 ferocissimi
1507 658 1652 713 Geta:
1691 674 1781 727 pu-

229 762 392 806 dorem
420 766 647 804 onerare
680 750 968 803 beneﬁciis.
1019 750 1242 804 Gravius
1272 752 1413 805 enim
1456 752 1781 819 percellitur,

230 848 264 896 si
290 842 541 909 pussulata
588 842 863 908 impetret,
896 857 1053 910 quem
1082 841 1266 909 puduit
1294 841 1548 895 hactenus
1585 843 1783 911 suppli-

228 948 353 987 care.
384 932 713 984 Tractandus
740 932 933 985 deinde
965 946 1159 1001 anceps
1190 932 1419 986 bellandi
1446 942 1702 987 eventus:
1731 934 1781 987 in

228 1040 317 1089 qttu
341 1032 513 1074 tamen
557 1022 601 1074 si
652 1022 720 1074 ita
765 1022 1139 1088 prmvalucrint
1186 1032 1397 1089 peccata
1448 1024 1779 1086 certamine,

229 1122 385 1165 vestro
431 1126 597 1179 regno
653 1111 1088 1176 defraudahitur,
1138 1113 1277 1180 quod
1328 1122 1504 1181 partes
1548 1124 1784 1183 utraeque

229 1204 554 1273 perdiderint.
606 1203 736 1257 Nam
790 1218 1117 1272 quaecunque
1161 1206 1297 1272 apud
1348 1204 1702 1268 Ricimerem,
1739 1206 1782 1258 si

226 1298 407 1349 amicus
454 1304 558 1360 est,
601 1296 745 1348 salva
794 1305 936 1356 sunt,
963 1311 1082 1349 cum
1131 1298 1245 1364 ipso
1280 1313 1309 1349 a
1357 1298 1509 1349 vobis
1555 1298 1783 1351 Patricio

227 1387 567 1456 possidentur.
602 1385 841 1454 Cogitate
884 1387 1103 1455 pariter,
1130 1388 1253 1456 quia
1297 1389 1431 1441 bene
1471 1402 1644 1440 causa:
1672 1402 1784 1441 suae

227 1478 445 1531 ordinem
474 1476 675 1545 dirigit,
698 1477 787 1545 qui
821 1492 1001 1544 pacem
1030 1479 1229 1546 primus
1258 1478 1559 1531 obtulerit.»

288 1570 544 1623 tlactenus
567 1568 908 1623 admirandus
928 1568 1157 1636 pontifex
1180 1579 1517 1637 prosecutus,
1536 1567 1780 1637 loquendi

227 1658 367 1713 ﬁnem
397 1658 539 1712 fecit.
574 1658 722 1712 Tunc
751 1658 996 1728 princeps
1038 1660 1247 1726 erigens
1276 1660 1480 1717 oculos.
1511 1659 1779 1712 desertum

223 1764 275 1803 se
296 1750 523 1803 omnium
558 1749 691 1802 vidit
735 1751 1068 1817 aspectibus,
1102 1762 1259 1820 atque
1299 1752 1349 1803 in
1381 1767 1500 1805 eum
1530 1752 1783 1805 iuvit:rtus

1888 570 2269 623 deliberatione
2298 570 2626 637 compendiis
2657 570 2854 623 nostris
2884 570 2935 623 in
2967 570 3063 625 hac
3089 580 3238 638 parte
3266 588 3459 627 consuo

1889 663 2063 726 limus,
2092 662 2135 714 si
2169 661 2219 713 in
2253 662 2467 716 incertis
2497 661 2845 729 procellarum
2877 663 3143 717 crrorilnrs
3175 678 3359 718 navem
3390 681 3455 719 ex

1890 753 2003 807 veri
2048 752 2422 821 gubernatoris
2463 752 2796 806 ordinatione
2835 753 3128 807 ﬂectamus.
3163 756 3291 821 Quis
3316 758 3456 811 enim

1889 843 1980 897 tibi
2030 857 2289 897 excusare
2340 853 2625 911 praesumat
2669 842 2982 898 beneficium
3036 848 3341 915 postulanti,
3374 850 3458 903 cui

1885 944 2193 1006 Oportucrat
2230 946 2353 990 ante
2383 951 2569 1005 preces
2614 936 2827 990 offerri?
2851 957 2868 988 ι
2904 938 3024 991 Hrec
3056 939 3357 1007 imperator.
3390 944 3459 994 At

1887 1028 2204 1081 venerabil's
2226 1027 2516 1081 sacerdos:
2549 1045 2565 1077 ι
2606 1025 2813 1095 Gratias
2834 1067 2848 1091 ,
2882 1027 3079 1093 inquit,
3112 1030 3455 1098 omnipotenti

1891 1118 2019 1181 Deo,
2044 1117 2130 1185 qui
2156 1132 2337 1184 pacem
2369 1130 2516 1167 suam
2546 1115 2796 1182 principis
2823 1116 2983 1167 menti
3014 1116 3233 1171 inseruit
3261 1136 3272 1169 :
3300 1134 3455 1187 quem

1886 1207 1950 1261 ad
1983 1208 2147 1259 instar
2176 1206 2391 1275 superni
2422 1204 2728 1257 dominatus
2758 1204 3012 1257 vicarium
3046 1220 3153 1258 sum
3183 1209 3457 1275 potestatis

1886 1297 2051 1350 voluit
2078 1312 2196 1350 csse
2222 1295 2586 1349 mortalibus.»

1955 1384 2158 1449 Quibus
2203 1384 2436 1437 breviter
2481 1383 2736 1447 narratis,
2768 1392 2985 1450 accepto
3014 1382 3170 1436 etiam
3201 1400 3296 1449 pro
3324 1400 3455 1439 con-

1884 1476 2080 1530 Cordize
2112 1475 2358 1528 ﬁrmitate
2394 1474 2459 1526 ab
2486 1472 2773 1527 Anthemio
2804 1483 3158 1536 sacramento,
3189 1460 3455 1540 discessit,

1886 1565 2142 1620 festinans
2170 1564 2235 1617 ad
2268 1562 2532 1632 Liguriam
2565 1562 2778 1624 reverti,
2807 1562 3018 1630 quando
3049 1564 3457 1618 resurrectionis

1886 1662 2167 1713 dominicre
2198 1668 2404 1726 tempus
2432 1657 2660 1711 instabat
2687 1674 2698 1707 :
2725 1671 2817 1724 per
2846 1656 2983 1725 quod
3016 1658 3297 1710 maceratis
3319 1658 3455 1726 jeju~

1887 1750 2095 1803 niorum
2136 1763 2292 1803 cruce
2334 1747 2669 1815 corporibus,
2697 1760 2859 1799 carne
2910 1745 3093 1814 frigida
3124 1747 3338 1812 spiritus
3374 1748 3455 1800 tri-

225 1842 387 1894 vuttus
411 1856 528 1895 esse
557 1852 868 1896 cunctorum
898 1861 909 1893 :
934 1858 1092 1911 quem
1139 1843 1386 1896 admirari
1420 1858 1517 1897 nec
1549 1846 1659 1910 ipse
1688 1843 1781 1896 de-
1815 1831 1857 1888 Β
1888 1848 2011 1900 laris
2054 1847 2438 1908 recalesceret;
2472 1846 2594 1898 dum
2634 1860 2665 1897 a
2709 1844 3065 1913 Redemptore
3116 1852 3298 1897 nostro
3346 1856 3432 1894 ιιιο

226 1929 437 1982 sinebat.
471 1929 610 1982 Tunc
649 1930 756 1983 alto
788 1931 999 1983 trahens
1043 1933 1201 1986 verba
1248 1932 1495 1999 suSpirio,
1529 1932 1595 1985 ita
1628 1946 1781 1985 orsus

222 2028 366 2071 cst:r
397 2020 644 2084 Quamvis
687 2020 1068 2090 inexplicabilis
1112 2023 1274 2086 mihi,
1307 2033 1491 2076 sancte
1534 2024 1777 2086 antistes,

222 2110 456 2164 adversus
502 2112 826 2167 Ricemerem
857 2129 1013 2167 causa
1051 2116 1250 2169 doloris
1279 2116 1378 2179 sit,
1410 2123 1464 2168 et
1493 2115 1620 2168 nihil
1655 2132 1778 2182 pro-

224 2199 363 2253 fucrit
415 2202 667 2255 maximis
694 2216 812 2256 cum
836 2218 864 2255 a
896 2204 1049 2257 nobis
1080 2204 1330 2257 donatum
1372 2203 1530 2256 fuisse
1576 2204 1777 2257 bcnetio

220 2286 332 2352 ciis,
364 2304 519 2356 quem
551 2291 707 2342 etiam
742 2292 902 2357 (quod
935 2307 1038 2345 non
1084 2293 1199 2345 sine
1241 2293 1442 2360 pudore
1468 2303 1522 2347 et
1552 2294 1696 2361 regni
1726 2304 1779 2348 et

219 2379 467 2446 sanguinis
512 2380 677 2433 nostri
724 2381 1000 2433 dicendum
1050 2386 1163 2448 est)
1198 2384 1249 2436 in
1308 2383 1516 2437 familia:
1554 2396 1775 2439 stemma

221 2470 589 2533 copularimus,
621 2471 745 2523 dum
772 2471 1083 2525 indulsimus
1114 2475 1279 2527 amori
1305 2476 1607 2543 reipublicre
1636 2477 1777 2543 quod

222 2559 467 2612 videretur
515 2561 581 2613 ad
631 2573 930 2615 nosnorum
975 2564 1150 2616 odiuut
1200 2566 1464 2631 pertinere
1493 2582 1505 2618 :
1532 2568 1648 2633 quis
1679 2567 1778 2621 hoc

221 2664 424 2716 namque
458 2661 699 2703 veterum
750 2661 892 2705 retro
931 2653 1224 2721 principum
1269 2655 1392 2709 fecit
1437 2671 1688 2725 unquam,
1722 2667 1781 2711 ut

218 2736 337 2792 iuver
365 2756 583 2793 ruunera
602 2757 722 2809 quze
738 2744 752 2773 ¹
771 2744 947 2811 pellito
970 2742 1115 2798 Geta:
1138 2747 1263 2798 dare
1285 2762 1500 2800 necesse
1520 2757 1658 2813 erat,
1678 2764 1773 2815 pro

218 2830 371 2895 quiete
399 2832 673 2883 communi
720 2832 824 2885 ﬁlia
854 2836 1170 2901 poneretur?
1204 2834 1531 2888 Nesciiimus
1557 2851 1775 2904 parcere

216 2919 433 2986 sanguini
480 2932 690 2985 nostro,
722 2922 848 2976 dum
894 2939 1169 2978 servamus
1213 2927 1463 2979 alienum.
1502 2925 1671 2980 Nemo
1701 2936 1778 2981 ta-

214 3021 322 3059 men
349 3007 445 3062 hoc
475 3010 663 3062 credat
687 3012 916 3077 propria:
958 3027 1115 3067 causa
1152 3014 1345 3066 factum
1383 3028 1502 3072 esse
1541 3014 1776 3068 formidi-

216 3099 463 3154 nis:narn
499 3102 551 3155 in
578 3111 721 3177 tanta
767 3105 1243 3173 circumspectione
1287 3105 1474 3158 salutis
1513 3107 1772 3169 omnium,

1886 1938 2073 1992 riendo
2125 1953 2270 1990 mozs
2322 1938 2577 2000 vincitur,
2626 1944 2678 1989 et
2728 1935 2898 1987 ﬁdelis
2947 1935 3058 2002 spei
3102 1934 3232 1987 cibis
3283 1933 3454 1985 anima

1882 2033 2171 2087 sarinatur.
2205 2028 2468 2082 Vicesiruo
2499 2042 2528 2080 a
2554 2041 2632 2091 se,
2664 2040 2782 2080 cum
2817 2025 3034 2079 Romam
3064 2038 3310 2093 egressus
3352 2029 3453 2084 est,

1884 2118 2115 2171 futurum
2166 2118 2365 2169 Pascha
2398 2116 2511 2169 dies
2543 2114 2916 2185 promittebat:
2946 2124 3087 2167 tanta
3140 2122 3314 2165 tamen
3356 2114 3453 2165 iter

1883 2212 2157 2265 celeritate
2205 2208 2455 2270 confecit,
2493 2217 2547 2261 ut
2580 2215 2766 2276 quarto
2798 2207 3002 2260 decimo
3029 2206 3113 2258 die
3143 2204 3455 2269 improvisus

1882 2314 1934 2357 ει
1966 2303 2157 2356 fatuam
2209 2304 2558 2370 praeveniens,
2589 2300 2825 2353 Ticinum
2874 2297 3259 2367 ingrederetur,
3292 2295 3455 2349 cunti-

1885 2396 2023 2449 tibus
2052 2410 2179 2448 sane
2211 2394 2451 2461 plurimis
2495 2393 2545 2445 in
2578 2393 2657 2444 via
2684 2392 2972 2454 derelictis,
3006 2390 3124 2459 quia
3158 2404 3252 2442 nec
3294 2387 3455 2440 absti-

1884 2486 2113 2539 nentiam
2146 2486 2260 2552 ejus
2290 2484 2553 2538 sustinere
2584 2492 2850 2550 poterant,
2884 2497 2981 2535 nec
3028 2482 3282 2534 laborem.
3321 2479 3453 2532 Ecce

1882 2590 2175 2630 Concursus
2205 2574 2621 2640 pra-stolantium
2673 2573 2801 2625 tanti
2849 2570 3103 2624 antistitis
3143 2570 3448 2634 adventum,

1881 2668 2022 2719 domi
2052 2666 2277 2734 positum
2310 2664 2519 2726 videre,
2550 2678 2704 2731 quem
2754 2662 2986 2717 nondum
3023 2662 3242 2714 Romam
3272 2676 3452 2730 egres-

1879 2773 1996 2809 sum
2031 2757 2189 2809 fuisse
2221 2764 2596 2822 cognoverant.
2625 2754 2780 2808 Lacte
2804 2755 2947 2808 ttrbis
2974 2754 3201 2823 tripudia
3226 2754 3453 2807 attonito

1881 2846 2141 2901 fliccmeri
2191 2846 2489 2898 iudicantur
2517 2864 2527 2895 ;
2558 2860 2739 2913 pacem
2774 2844 2963 2897 factam
2996 2860 3230 2898 consono
3267 2859 3451 2898 omnes

1880 2953 1973 2991 οιε
2015 2937 2375 2990 clamitabant.
2426 2935 2721 2988 Exsultatio
2769 2935 2971 2987 inﬁnita
3020 2937 3448 3002 provinciarum:

1880 3041 1934 3083 et
1962 3033 2100 3083 sicut
2128 3030 2402 3081 hominum
2432 3043 2548 3081 mos
2576 3036 2677 3091 est,
2707 3028 2908 3094 gratius
2941 3024 3135 3081 habere
3163 3027 3303 3094 quod
3333 3027 3450 3081 red-

1880 3120 2054 3183 ditur,
2102 3133 2260 3187 quam
2303 3117 2347 3170 si
2395 3117 2612 3171 omnino
2672 3126 3045 3184 nonrpereat;
3092 3116 3296 3169 dulcior
3339 3124 3450 3171 erat

215 3190 365 3243 solum
415 3206 514 3259 pro
561 3191 714 3246 nobis
764 3193 949 3247 timere
994 3209 1097 3247 non
1149 3194 1411 3247 emimus.
1466 3194 1604 3248 Bene
1632 3196 1773 3249 enim
1806 3194 1851 3259 C
1881 3211 2166 3265 concordia
2216 3224 2334 3277 qua;
2377 3218 2494 3277 ροςι
2534 3208 2679 3262 [irem
2714 3206 3082 3268 revocabatur,
3112 3217 3166 3260 ει
3208 3221 3306 3275 pax
3337 3220 3452 3274 qum

214 3279 334 3345 apud
376 3295 473 3333 nos
505 3289 836 3349 cornpertrnn
878 3292 957 3335 est
978 3324 992 3346 ,
1026 3283 1197 3350 perire
1230 3285 1534 3349 imperatori
1568 3284 1775 3337 laudem

215 3384 311 3424 sua:
355 3372 588 3436 virtutis,
623 3372 710 3439 qui
754 3386 849 3437 pro
898 3373 1122 3425 aliorum
1169 3373 1374 3425 cautela
1421 3390 1524 3426 non
1563 3374 1772 3426 meruit.

216 3461 308 3516 Sed
346 3473 399 3517 ut
436 3474 543 3517 tua:
591 3463 919 3516 venerationi
962 3464 1025 3515 ad
1073 3464 1328 3531 liquidum
1371 3473 1594 3517 conatus
1636 3462 1776 3518 illius

214 3553 528 3616 aperiamus;
557 3552 804 3620 quotiens
836 3567 863 3603 a
904 3552 1058 3605 nobis
1088 3552 1377 3620 majoribus
1412 3552 1566 3605 donis
1592 3568 1777 3606 cumu-

214 3639 334 3696 latus
357 3652 436 3696 est
463 3643 736 3707 Ricemer,
770 3644 963 3697 totiens
990 3644 1203 3711 gravior
1231 3644 1475 3698 inimicus
1504 3646 1769 3713 apparuit.

213 3731 395 3795 Quanta
422 3743 613 3787 contra
644 3734 1027 3802 rempublicam
1062 3734 1197 3787 bella
1225 3736 1577 3802 przeparavit?
1608 3751 1773 3803 quan-

215 3833 281 3879 tas
306 3837 646 3880 externarum
687 3827 924 3894 gentium
960 3841 1052 3895 per
1084 3826 1230 3878 illum
1269 3826 1407 3879 vires
1447 3826 1593 3878 furor
1620 3842 1771 3880 acce-

213 3918 309 3983 pit?
337 3918 614 3972 Postremo
644 3919 822 3980 etiam,
850 3919 933 3970 ubi
967 3931 1163 3970 nocere
1192 3932 1295 3969 non
1329 3917 1515 3985 potuit,
1547 3920 1769 3972 nocendi

212 4014 365 4061 tamen
398 4007 630 4060 fomenta
659 4006 937 4074 suggessit.
976 4006 1104 4059 lluic
1134 4019 1230 4058 nos
1262 4019 1448 4073 pacem
1488 4006 1770 4062 dabimus?

212 4097 333 4153 hunc
362 4098 681 4152 intestinum
712 4098 811 4152 sub
852 4098 1165 4151 indumento
1208 4098 1561 4154 amicitiarum
1594 4101 1769 4154 inimi-

210 4202 313 4241 cum
354 4190 764 4254 sustinebimus,
814 4205 967 4257 quem
1010 4190 1076 4243 ad
1127 4189 1298 4243 fmdus
1336 4194 1632 4245 eoocordiaa
1669 4208 1768 4248 nec

209 4279 465 4335 afﬁnitatis
496 4281 710 4335 vincula
740 4280 1056 4334 tenuerunt?
1086 4280 1315 4335 Grandis
1340 4282 1514 4335 cautio
1543 4293 1643 4346 est,
1671 4284 1765 4337 ad-

209 4371 410 4423 versarii
433 4370 674 4423 animum
701 4372 1014 4439 cognovisse
1041 4388 1056 4425 :
1079 4372 1274 4426 etenim
1300 4373 1502 4426 hostem
1528 4373 1765 4441 prorinus

206 4461 439 4528 sensisse,
472 4476 759 4530 superasse
783 4469 865 4515 est
889 4479 901 4514 :
926 4464 1155 4533 perdunt
1197 4480 1410 4533 semper
1435 4465 1761 4532 deprehensa

1878 3302 1986 3370 jam
2017 3316 2151 3369 pene
2181 3299 2458 3367 desperata
2503 3298 2815 3367 contigerat.
2864 3297 2929 3350 Et
2969 3295 3257 3350 vocabatur
3305 3312 3452 3351 reve-

1882 3390 2077 3446 rendus
2105 3388 2359 3458 pontifex,
2385 3399 2441 3441 ut
2463 3388 2551 3440 diu
2579 3396 2943 3454 exspectatum
2972 3386 3453 3441 Mediolauensibus

1882 3489 2230 3549 praesentaret
2253 3489 2549 3547 aspectum.
2580 3480 2647 3532 At
2680 3479 2801 3542 ille,
2837 3494 2903 3532 ne
2930 3479 3074 3531 velut
3104 3477 3309 3531 debitas
3337 3491 3452 3545 gra~

1881 3575 2071 3627 tiarum
2121 3574 2361 3626 act'o;.es
2405 3586 2639 3639 prasens
2693 3572 2963 3625 videretur
3006 3570 3245 3637 exigere,
3277 3569 3453 3622 visita-

1882 3666 2053 3717 titmes
2093 3678 2278 3717 eorum
2313 3663 2413 3716 sub
2440 3662 2674 3715 colorata
2719 3663 2899 3729 specie
2945 3662 3267 3716 dctliuabat.
3296 3660 3452 3727 Igitur

1880 3771 2129 3824 processu
2164 3754 2418 3821 temporis
2440 3761 2496 3806 et
2522 3753 2740 3815 laboris,
2771 3753 3093 3820 quotidianis
3120 3753 3452 3806 successibus

1882 3846 2000 3899 vita:
2028 3847 2076 3898 iu
2101 3861 2221 3899 eum
2246 3850 2489 3898 meritum
2520 3844 2909 3912 geminabatur.
2945 3844 3070 3895 Erat
3097 3844 3171 3895 illi
3202 3858 3451 3910 germana

1877 3947 1999 3989 natu
2026 3936 2217 3999 minor,
2244 3935 2500 4001 religione
2530 3950 2633 3986 nun
2660 3934 2850 4000 impar,
2880 3936 2898 3963 '
2930 3932 3198 3985 llonorata
3221 3935 3432 3985 nomine

1872 4029 2021 4097 cujus
2052 4028 2209 4081 vitam
2240 4042 2331 4094 per
2357 4026 2562 4093 singula
2591 4026 2843 4079 virtutum
2872 4038 3063 4092 genera
3111 4025 3325 4091 longum
3358 4034 3443 4076 est

1870 4120 2067 4187 eloqui.
2120 4118 2324 4172 Snfticit
2371 4125 2545 4169 tamen
2588 4117 2651 4169 ad
2702 4116 2915 4189 laudum
2970 4116 3086 4181 ejus
3135 4113 3443 4176 cumulum,

1870 4210 2079 4278 dignam
2128 4208 2257 4262 tanti
2289 4208 2385 4262 viri
2417 4222 2653 4261 sororem
2682 4206 2901 4261 dixisse.
2950 4206 3093 4259 llanc
3121 4206 3170 4258 in
3203 4205 3317 4273 ipso
3346 4221 3449 4273 quo

1867 4300 1934 4353 de
1967 4300 2226 4367 legatione
2272 4298 2450 4362 rediit,
2482 4296 2813 4352 consecr’avit
2858 4312 2995 4350 anne
3024 4313 3037 4343 ε
3062 4312 3218 4365 quam
3266 4306 3441 4350 tamen

1864 4388 2203 4449 imbuendam
2252 4388 2547 4455 disciplinis
2588 4387 2910 4452 coelestibus,
2956 4388 3104 4454 quasi
3149 4396 3330 4439 sancta
3376 4388 3449 4442 illi

1867 4488 2208 4532 naturamon
2260 4477 2561 4539 sufﬁceret,
2615 4475 2913 4529 Lurninosm
2960 4475 3169 4528 cuidam
3236 4477 3447 4530 femina:

206 4551 310 4603 odia
352 4555 635 4619 stimulos,
673 4569 807 4623 quos
850 4558 1110 4610 occultata
1151 4566 1536 4626 conceperant.
1571 4559 1675 4615 Sed
1721 4561 1763 4614 si
1793 4557 1840 4616 D
1867 4568 2143 4636 stupenda:
2166 4566 2463 4621 sanctitatis
2493 4576 2545 4619 et
2571 4564 2855 4633 singularis
2882 4566 3116 4631 exempli
3145 4566 3444 4619 commisit:

206 4643 246 4695 in
270 4644 345 4698 his
371 4646 623 4699 omnibus
654 4648 948 4702 reverentia
994 4657 1104 4714 tua,
1138 4657 1190 4703 et
1221 4648 1369 4703 vadis
1408 4664 1455 4705 et
1503 4652 1764 4705 mediator

203 4739 409 4801 accedit,
444 4740 535 4808 qui
568 4750 716 4809 potes
742 4742 965 4810 spiritali
998 4743 1244 4814 indagine
1286 4745 1507 4799 consilia
1538 4746 1761 4799 nefanda

203 4822 450 4892 invenire,
492 4838 545 4881 ct
594 4830 804 4883 inventa
852 4835 1149 4899 eorrigerv;
1185 4848 1366 4900 pacem
1411 4850 1567 4902 quam
1612 4843 1665 4887 et
1711 4845 1762 4886 tu

203 4919 383 4983 poscis,
408 4934 605 4986 negare
636 4934 740 4971 non
770 4920 960 4973 audeo.
999 4920 1275 4976 Postremo
1316 4923 1358 4975 si
1402 4924 1569 4976 solita:
1612 4924 1763 4976 calli-

198 5012 363 5064 ttttatis
396 5014 592 5066 astutia
640 5014 798 5066 etiam
833 5024 885 5068 te
917 5014 1185 5079 fefellerit,
1217 5026 1487 5069 certamen
1512 5016 1621 5083 jam
1653 5017 1767 5068 vul—

200 5112 403 5153 neratus
453 5113 837 5159 assumatzme
884 5114 1085 5169 tamen,
1117 5116 1418 5171 statum-rue
1464 5108 1768 5176 reipubliczn

198 5191 289 5243 tuis
336 5194 619 5247 committo
672 5205 725 5247 et
763 5198 1082 5250 cornnrendo
1130 5200 1412 5265 manilnrs,
1446 5208 1498 5252 ct
1543 5203 1765 5267 gratiam

196 5291 340 5343 quam
370 5284 695 5351 supplicanti
727 5296 779 5339 et
810 5285 1024 5353 profuso
1056 5302 1147 5355 per
1188 5304 1245 5340 se
1279 5288 1538 5342 Bit'emeri
1575 5304 1765 5357 negare

260 5435 274 5463 '
310 5433 509 5508 Pellite
535 5435 675 5491 Geta:
705 5438 835 5508 [ilia]
866 5440 1009 5493 Fili:e
1056 5440 1344 5497 Anthemii.
1374 5457 1489 5507 qua:
1522 5442 1770 5495 Rir-imeri

197 5504 387 5579 nupsit,
418 5521 613 5559 nomen
640 5504 924 5563 incertum.
951 5510 1074 5562 Nam
1104 5510 1241 5579 qrrod
1278 5504 1503 5564 Asellam
1534 5511 1770 5565 nonnulli

192 5572 379 5626 dictam
415 5586 691 5640 putarun',
720 5593 869 5630 error
890 5590 990 5631 est.
1016 5572 1313 5643 Scripserat
1342 5596 1371 5633 e
1398 5582 1770 5635 conmlaribus

192 5642 420 5708 antiquis
462 5645 748 5711 Gregorius
787 5648 1111 5701 Turonensis
1157 5650 1245 5701 lib.
1280 5665 1312 5701 tt
1346 5650 1476 5702 llist.
1524 5667 1583 5701 es
1634 5651 1773 5703 Ilici-

194 5724 332 5767 ntcrc
364 5722 421 5766 et
454 5716 622 5768 Ascila
657 5727 836 5768 natum
868 5718 1290 5771 'I‘hetnlerncretu
1326 5735 1501 5783 regi-nt
1543 5720 1769 5772 l’runro-

193 5794 321 5834 rutn.
356 5784 420 5835 lli
458 5800 615 5838 ttttttttt
645 5788 997 5856 ettmdetttqttc
1020 5789 1333 5841 liii-interriti
1362 5800 1454 5840 -:ttt
1486 5800 1625 5853 sunt,
1652 5808 1767 5843 runt

1869 4659 2021 4727 Cujus
2043 4667 2311 4726 oporteret
2334 4658 2573 4711 fortaisis
2598 4657 2848 4710 natalium
2874 4657 3104 4710 culmina
3130 4657 3317 4725 relegi,
3343 4657 3445 4710 nisi

1872 4750 2126 4820 insignior
2154 4750 2339 4805 fuisset
2367 4752 2469 4804 vita
2504 4766 2660 4818 quant
2693 4734 2966 4817 sanguine.
3019 4751 3141 4803 llrec
3179 4750 3318 4803 enim
3354 4750 3449 4803 fuit

1874 4842 2017 4907 talis,
2046 4842 2111 4895 de
2142 4858 2244 4911 qua
2278 4856 2336 4895 se
2367 4842 2612 4895 crederet
2662 4841 2856 4895 habere
2885 4852 2935 4895 ct
2963 4842 3076 4909 ipse
3104 4842 3244 4909 quod
3275 4843 3447 4895 disce-

1875 4945 1975 4997 ret,
2008 4937 2094 5003 qui
2144 4934 2489 4989 erudiendam
2533 4946 2835 4988 consortem
2889 4935 3018 4989 uteri
3064 4934 3447 4988 committebat.

1875 5025 2005 5077 Nam
2059 5025 2204 5078 brevi
2244 5024 2380 5092 apttd
2432 5025 2567 5079 hanc
2612 5025 2909 5094 depositum
2962 5026 3209 5078 antistitis
3258 5026 3449 5094 pigrurs

1872 5115 2207 5178 effloruit,et
2246 5115 2311 5168 ad
2361 5117 2715 5169 maturitatem
2764 5116 2915 5169 bona:
2969 5115 3134 5183 frugis
3187 5116 3445 5183 plantaria

1870 5217 2055 5260 Onusta
2106 5206 2371 5274 perduxit.
2406 5205 2610 5259 Interea
2637 5221 2729 5270 per
2760 5208 3084 5275 pr0positum
3123 5206 3221 5259 sibi
3253 5206 3444 5257 callem

1870 5299 1988 5351 vitm
2031 5314 2188 5353 cursu
2241 5299 2456 5366 pra'peti
2500 5299 2751 5353 sacerdos
2796 5301 3111 5354 venerabilis
3143 5297 3443 5356 incedebat.

1876 5467 1970 5504 eos
2016 5461 2069 5505 et
2116 5462 2406 5521 temporum
2457 5454 2730 5507 intervalla
2772 5454 3113 5518 distinguant,
3144 5460 3195 5503 et
3235 5450 3439 5517 patriar.

1877 5522 2231 5589 Gregoriantts
2279 5524 2415 5575 enim
2448 5523 2678 5574 Francus
2726 5524 2854 5574 fuit:
2914 5524 2995 5573 hic
3047 5529 3225 5572 noster
3268 5521 3443 5574 Suevo

1877 5605 2043 5659 pure.
2078 5593 2256 5644 Getica
2289 5603 2454 5645 ntatre
2488 5603 2660 5653 natus,
2692 5601 2821 5642 tele
2854 5590 3089 5659 Sidonio.

1948 5664 1965 5691 '
2003 5662 2283 5727 Honoruml
2316 5664 2475 5726 “tlth
2506 5662 2610 5713 Ileo
2637 5662 2839 5711 devotae
2879 5658 3090 5715 virginis
3132 5657 3444 5714 Ticittettses

1879 5735 2186 5784 memoriam
2221 5734 2683 5801 rprotannis'agnnt
2719 5744 2769 5778 ιιι
2806 5727 2916 5779 idus
2944 5727 3241 5783 Jattuarias.
3296 5734 3308 5743 ’
