3974 6366
469 353 567 409 219

1573 349 1841 405 ENNODII
1886 347 2187 404 EI’ISCOPI
2230 346 2607 404 TICINENSIS

3617 349 3719 404 ‘52:)

473 461 826 530 CiCClIIOeyIIiS
870 459 982 514 sine
1027 455 1401 512 retractatione
1446 472 1662 526 operam
1703 459 1836 512 dans
1860 477 1871 510 :
1899 459 2038 525 quod
2070 463 2117 518 Α
2149 465 2388 525 talesque
2439 476 2543 512 non
2583 458 2784 512 valeam
2821 474 2912 526 per
2941 458 3185 512 ordinem
3235 459 3508 526 digerere;
3551 475 3650 514 nec
3677 465 3721 516 si

475 570 668 608 munus
725 549 1106 619 accipientibus
1161 548 1304 602 vultu
1365 557 1419 603 et
1463 548 1642 602 animo
1703 549 2048 604 blandissimo

476 643 879 699 commendabat
905 661 919 694 ;
944 643 1010 696 ita
1039 651 1097 695 ut
1123 625 1426 711 quicunque
1451 643 1712 696 sermonis
1739 642 1903 696 solius
1929 657 2048 710 gra-

481 735 605 786 tiam
637 731 1000 800 prtestitisset,
1035 745 1366 800 nequaquam
1398 747 1457 786 se
1487 731 1794 786 indonatum
1843 741 2053 801 putaret

477 819 766 874 abscedere
812 837 826 873 :
870 828 987 874 erat
1033 819 1174 873 enim
1222 833 1486 873 summum
1535 821 1843 888 prtemium,
1893 821 2050 874 talem

479 913 663 964 saltem
695 911 892 964 vidisse
919 910 1245 977 pontificem.
1278 909 1565 963 Crescebat
1594 913 1644 962 in
1675 911 1786 964 dies
1818 910 2053 978 singulm

481 1002 617 1054 fama
646 1001 895 1070 gloriosis
936 999 1290 1060 successibus,
1323 1007 1376 1052 et
1406 1009 1572 1052 totum
1617 1015 1751 1067 pene
1801 1003 2053 1054 mundum

481 1093 620 1144 illius
649 1090 1022 1157 praedicatione
1047 1088 1366 1156 complebat.

552 1181 566 1209 ¹
601 1178 859 1231 Defuncto
884 1189 1008 1230 tunc
1039 1177 1316 1231 [lit-emere
1349 1178 1429 1230 vel
1472 1177 1781 1240 Anthemio,
1802 1179 2060 1231 sucress't

479 1268 730 1338 Olybrius
759 1286 770 1319 ε
796 1267 884 1338 qui
929 1269 979 1320 in
1034 1268 1161 1334 ipsis
1191 1266 1426 1320 exordiis
1465 1267 1604 1320 diem
1645 1266 1839 1320 clau~it
1883 1277 2061 1320 extre-

482 1377 649 1416 mum.
698 1363 820 1413 l‘ost
849 1360 987 1413 hunc
1019 1357 1293 1428 Glycerius
1335 1359 1398 1412 ad
1432 1359 1665 1426 regimen
1709 1359 1909 1412 accitus
1937 1369 2054 1412 est:

481 1453 616 1518 apud
647 1467 803 1522 quem
833 1461 1025 1520 quanta
1056 1467 1150 1518 pro
1176 1449 1346 1503 salute
1374 1450 1656 1502 multorum
1688 1449 1931 1515 gesserit,
1950 1458 2060 1500 stn-

482 1545 570 1597 din
600 1544 872 1596 brevitatis
901 1542 1095 1596 incido.
1123 1539 1249 1592 Nam
1278 1550 1463 1592 sancto
1489 1540 1622 1602 viro,
1657 1538 1875 1590 inlatam
1905 1535 2058 1589 matri

482 1648 509 1683 a
547 1632 764 1685 ditionis
813 1648 920 1684 suze
963 1630 1267 1683 hominibus
1314 1629 1577 1681 eoneeSsit
1629 1627 1873 1695 injuriam
1904 1642 2060 1680 zeum

483 1721 618 1788 apud
650 1721 795 1774 illum
826 1719 1118 1774 reverentia
1155 1715 1359 1784 pra-fati
1403 1715 1590 1768 saccrd
1617 1715 1697 1767 -tis
1722 1722 1869 1768 esset
1901 1717 2059 1768 etiam

2152 547 2277 599 mihi
2309 558 2517 600 rentum
2561 548 2856 615 linguarum
2903 545 3206 598 llutnioibtn
3235 561 3330 614 per
3359 556 3562 600 meatus
3605 547 3724 600 irri-

2150 652 2284 704 guos
2331 639 2487 691 verba
2531 637 2837 689 fumlantur.
2885 635 3014 688 Nam
3058 649 3307 703 egressus
3334 635 3604 688 Tirinensi
3631 651 3725 703 op-

2153 733 2295 801 pido,
2326 734 2495 786 donec
2545 731 2609 784 ad
2658 731 2917 785 destinata
2973 731 3085 784 loca
3130 731 3472 799 pertingeret,
3509 730 3598 782 tali
3631 731 3726 784 via:

2153 835 2264 875 sua:
2307 821 2667 890 fatigationem
2721 831 2838 873 arte
2876 819 3194 886 geminavit,
3225 828 3282 871 ut
3324 818 3368 871 si
3411 819 3725 885 temperius,

2149 913 2517 982 jttmcnlorum
2541 914 2804 967 defectum
2832 911 3256 974 considerantes,
3282 911 3333 963 in
3368 909 3556 963 futurae
3581 925 3731 962 tuan-

2157 1009 2324 1061 sionis
2371 1007 2664 1062 diversoria
2713 1011 3120 1068 successerunt,
3168 1012 3362 1071 prteter
3404 1001 3730 1070 psalmorum

2157 1098 2657 1158 continuationem,
2707 1100 2901 1161 praeter
2949 1090 3194 1144 lectionis
3242 1090 3731 1159 perseverantiam,

2159 1202 2380 1254 quorum
2416 1185 2544 1238 nihil
2575 1185 2670 1235 nisi
2702 1180 2892 1234 Stando
2920 1177 3165 1241 faciebat,
3199 1177 3430 1246 eligebat
3458 1161 3734 1231 secessum

2162 1288 2439 1327 nemorosa
2489 1273 2673 1325 fronde
2703 1271 3033 1335 conclusum,
3069 1269 3153 1322 ubi
3192 1270 3450 1322 conuex's
3482 1268 3737 1321 arborum

2163 1363 2394 1416 brachiis
2442 1377 2544 1415 nox
2595 1360 2883 1414 domestica
2926 1357 3400 1426 texeretur:quod
3442 1359 3613 1412 Solum
3647 1373 3738 1412 re-

2162 1454 2315 1524 fugus
2360 1467 2450 1522 per
2500 1450 2811 1505 umbracula
2853 1463 3018 1516 Opaca
3065 1448 3142 1500 sol
3195 1448 3446 1511 nesciret,
3477 1456 3528 1501 et
3560 1457 3739 1500 torum

2163 1542 2417 1596 viridanti.
2444 1542 2646 1610 cespite
2686 1540 2851 1608 gratia
2889 1537 3146 1592 naturalis
3183 1547 3468 1592 sterneret.
3502 1537 3575 1591 lbi
3613 1556 3739 1606 pro-

2161 1634 2294 1688 fusis
2322 1635 2371 1686 in
2403 1633 2646 1686 oratione
2685 1629 2953 1684 continuis
2985 1627 3197 1680 fletibus
3226 1636 3494 1680 exsortem
3528 1627 3740 1692 pluvia-

2163 1741 2279 1779 rum
2311 1733 2506 1779 terram
2532 1721 2805 1776 oculorum
2829 1717 3089 1772 imbribus
3117 1715 3384 1781 irrigabat.
3419 1711 3740 1768 Reddeb'an-

481 1809 764 1862 decessore
808 1807 1108 1861 sublimior.
1159 1807 1285 1859 Post
1331 1820 1488 1872 quem
1521 1803 1585 1856 ad
1617 1819 1837 1872 regnum
1881 1804 2054 1871 Nepos

2165 1827 2248 1870 tur
2277 1829 2404 1869 arva
2433 1814 2519 1866 illa
2553 1810 2774 1865 fecunda
2819 1812 3119 1862 orationum
3168 1803 3340 1872 copia,
3364 1819 3483 1872 quae
3525 1799 3740 1872 frugu'm

479 1901 722 1954 300855".
756 1899 903 1952 Tunc
935 1901 1072 1951 inter
1099 1911 1219 1951 eum
1251 1904 1305 1949 et
1334 1897 1354 1926 ²
1387 1895 1600 1948 'I‘olosze
1623 1894 1871 1947 alumnos
1901 1893 2062 1948 Getas

479 2005 612 2059 quos
664 1991 832 2044 ferrea
879 1991 1106 2043 Euricus
1158 2003 1248 2042 rex
1302 1987 1666 2040 dominatione
1707 1987 2062 2054 gubernabat.

481 2092 595 2133 orta
617 2081 884 2133 dissensio
909 2090 992 2133 est
1017 2099 1028 2132 ε
1057 2082 1182 2133 dum
1213 2079 1286 2132 illi
1333 2078 1498 2131 Italici
1533 2079 1666 2132 fines
1693 2079 1898 2146 imperii
1928 2096 2062 2149 quos

483 2181 626 2225 trans
665 2171 962 2224 Gallieauas
1011 2171 1172 2238 Alpes
1219 2178 1560 2238 porrexerat,
1589 2169 1878 2221 novitatem
1911 2184 2063 2237 sper-

482 2252 670 2314 nentes
718 2276 822 2312 non
868 2259 1176 2313 desinerent
1219 2260 1582 2313 incessercze
1608 2257 1829 2312 diverso
1862 2259 2057 2328 Nepos,

481 2363 547 2402 ne
579 2350 629 2402 in
668 2365 822 2402 usum
875 2349 1216 2416 Ira-sumptio
1261 2347 1565 2402 malesuada
1612 2347 1921 2414 dtu-eretur,
1952 2351 2059 2404 dis-

481 2439 688 2492 trictius
725 2448 946 2508 cuperet
974 2440 1318 2493 commissum
1348 2440 1446 2493 sibi
1477 2456 1504 2490 a
1541 2439 1645 2491 Deo
1677 2441 1928 2508 regnandi
1958 2451 2064 2496 ter-

482 2530 680 2581 ruiuum
728 2528 1024 2583 vindicare.
1071 2529 1206 2583 llinc
1251 2515 1497 2595 utrinque
1564 2529 1734 2586 litium
1784 2544 2064 2600 coeperunt

481 2615 714 2674 fomenta
745 2633 1088 2689 consurgere.
1138 2620 1200 2673 Et
1233 2619 1358 2672 dum
1404 2628 1606 2672 neutrre
1647 2629 1823 2687 partes
1862 2636 2058 2676 conce-

482 2713 626 2777 ptum
673 2719 937 2763 tumorem
987 2709 1230 2763 vincemli
1263 2708 1441 2762 studio
1471 2709 1769 2777 deponunt,
1802 2711 1880 2763 sic
1907 2725 2059 2764 exsu-

479 2799 697 2868 perabat
723 2813 881 2852 causa
915 2798 1218 2851 diseordhe.

548 2888 809 2954 Atligerat
831 2887 939 2954 jam
975 2886 1313 2940 beati-simus
1339 2885 1419 2939 vir
1447 2893 1532 2938 oet
1556 2900 1693 2937 .vum
1728 2885 1778 2938 in
1810 2886 2062 2940 sacerdo-

479 2983 551 3034 tio
595 2996 822 3043 annum,
851 2995 971 3033 cum
1019 2990 1239 3048 repente
1282 2977 1505 3042 Nepotis
1540 2978 1775 3028 animum
1821 2990 2057 3028 summo-

477 3074 661 3127 vendae
691 3071 1045 3126 dissensionis
1084 3086 1236 3122 amor
1267 3070 1457 3121 infudit
1483 3086 1496 3120 :
1524 3078 1580 3119 ut
1623 3067 1836 3135 repulso
1877 3069 2064 3121 simul-

2165 1920 2284 1960 csse
2315 1919 2418 1957 non
2447 1908 2709 1971 poterant.

2237 2000 2349 2052 Tali
2397 1995 2656 2052 exercitio
2703 2007 2762 2046 se
2805 2003 3119 2052 macet-aus,
3168 1985 3489 2040 'l’olosanam
3538 1985 3590 2038 in
3634 2001 3742 2054 qua

2167 2095 2390 2149 Euricus
2415 2101 2539 2145 tunc
2561 2104 2650 2143 rex
2675 2087 2920 2153 degebat,
2948 2083 3130 2133 urbem
3161 2080 3429 2146 ingressus
3451 2087 3552 2145 est,
3581 2093 3744 2146 quem

2162 2188 2271 2253 jam
2304 2183 2498 2253 praevia
2535 2177 2716 2248 Opinio
2760 2176 3034 2230 Gallorum
3074 2169 3311 2230 amibus,
3342 2168 3513 2236 qualis
3559 2175 3744 2233 esset,

2167 2276 2503 2328 intimwerat
2528 2287 2540 2323 :
2566 2263 2934 2323 sacerdotibus
2985 2259 3249 2327 praecipue
3291 2257 3527 2325 rjusdcm
3570 2257 3744 2324 regio-

2167 2365 2270 2428 nis,
2296 2376 2428 2430 quos
2467 2356 2722 2411 attonitos
2750 2353 2816 2407 de
2857 2348 3261 2404 advenientibus
3308 2345 3582 2414 inquisitio
3615 2360 3744 2412 pro-

2169 2453 2326 2508 funda
2349 2449 2622 2505 sollicitat.
2643 2445 2769 2499 Erat
2797 2451 3051 2510 praeterea
3077 2452 3137 2490 ea
3159 2443 3473 2503 tempestate
3493 2433 3744 2487 consilio-

2166 2561 2282 2600 rum
2315 2541 2570 2613 principis
2596 2547 2652 2592 et
2683 2534 2985 2590 moderator
3016 2539 3070 2585 et
3108 2528 3305 2581 arbiter
3325 2527 3346 2557 ³
3371 2526 3484 2579 Leo
3505 2526 3744 2586 nomine,

2164 2651 2320 2706 quem
2353 2647 2447 2703 per
2486 2627 2806 2697 eloquentia:
2845 2621 3096 2676 meritum
3131 2633 3234 2671 non
3266 2630 3367 2669 una
3413 2615 3518 2682 iam
3556 2614 3746 2667 ‘decla-

2167 2702 2457 2783 motionum
2489 2722 2658 2791 palma
2686 2721 2991 2781 susceperat
3016 2727 3030 2764 :
3057 2709 3144 2778 qui
3167 2723 3286 2761 cum
3313 2719 3522 2758 summo
3549 2702 3748 2771 gaudio

2165 2820 2449 2873 adventum
2496 2809 2758 2881 pontificis
2789 2801 3041 2858 iudicavit
3080 2795 3283 2851 notitia:
3324 2794 3564 2863 pttb'ica‘.
3602 2791 3747 2844 Evo-

2163 2918 2313 2962 catnr
2334 2921 2396 2958 cx
2422 2911 2661 2968 tempore
2687 2894 2792 2964 regi
2819 2886 3217 2961 prwscutandus
3238 2881 3561 2943 antistes,ad
3583 2895 3749 2948 quem

2165 3000 2307 3052 illico
2355 3004 2412 3046 ιιι
2456 2993 2727 3057 ingressus
2778 2981 2944 3044 vidit,
2990 2976 3266 3038 sa'ulavit,
3313 2985 3594 3040 aggrcs-us
3641 2977 3750 3022 est.

2171 3107 2187 3138 ι
2212 3081 2463 3152 Quamvis
2489 3087 2562 3142 te,
2585 3073 2846 3142 stupende
2874 3079 3134 3124 terrarum
3165 3065 3430 3132 princeps,
3457 3060 3752 3112 multorum

479 3164 598 3216 tatis
628 3177 835 3216 veneno
864 3172 1100 3215 servaret
1133 3163 1273 3213 inter
1304 3175 1452 3227 reges
1496 3159 1713 3222 caritas,
1747 3157 1900 3224 quud
1923 3159 2054 3211 tueri

2165 3147 2383 3228 auribus
2428 3165 2616 3223 reddat
2663 3161 2876 3218 virtutis
2923 3159 3058 3211 fama
3107 3153 3432 3216 terribi'em,
3479 3162 3529 3202 et
3580 3147 3753 3216 gladii

478 3267 622 3303 arma
653 3251 737 3303 vix
773 3259 1037 3316 poterant.
1077 3249 1379 3302 Eme-antur
1407 3247 1470 3299 ad
1513 3246 1797 3298 consilium
1832 3244 2059 3316 ligur'a:

479 3340 700 3403 lumina,
731 3339 828 3392 viri
855 3339 1197 3400 maturi-tatis,
1223 3353 1447 3407 quorum
1479 3338 1643 3403 possit
1672 3336 2062 3392 deliberatione

477 3431 661 3484 labans
693 3429 1005 3498 reipublicze
1037 3438 1206 3482 status
1235 3428 1586 3481 reviviscere.
1617 3434 1670 3478 et
1703 3427 1752 3476 in
1785 3429 2057 3494 ant'qnnm

477 3520 723 3571 columen
773 3517 1012 3571 soliditas
1063 3517 1344 3581 desperata
1399 3515 1605 3568 re~titui
1653 3531 1664 3565 :
1709 3513 1948 3581 tantique
1993 3515 2057 3568 ad

478 3618 760 3661 tractatum
791 3608 973 3661 coiere
1001 3623 1063 3660 ex
1090 3606 1242 3673 jussu
1289 3603 1569 3673 principis,
1601 3601 1784 3670 quanti
1817 3610 2063 3668 poterant

477 3713 535 3750 es
566 3712 596 3748 e
626 3705 880 3749 rectores.
913 3694 1125 3749 Seritur
1146 3694 1211 3747 de
1232 3690 1528 3745 ordinanda
1555 3689 1820 3758 legatione
1847 3703 2056 3743 sermo:

476 3789 531 3840 itt
566 3787 928 3839 beatissimum
976 3786 1144 3837 virmn
1189 3781 1543 3851 Epiphaninm
1587 3787 1794 3832 mentes
1820 3780 2058 3831 omnium

475 3891 525 3934 et
547 3881 683 3935 oeuli
711 3880 1008 3948 diriguntur
1035 3896 1046 3929 :
1075 3878 1207 3929 fiunt
1233 3882 1542 3929 cunctorum
1576 3870 1879 3934 sententite,
1904 3869 2058 3937 quasi

474 3974 627 4024 unius
673 3979 727 4023 et
769 3985 864 4023 ore
911 3971 1278 4036 pro’errentur
1320 3974 1374 4018 ct
1407 3973 1643 4029 pectore.
1689 3959 1825 4025 Quid
1875 3958 2058 4024 plura?

474 4077 595 4114 cum
643 4059 823 4111 Letitia
871 4057 1069 4110 Christi
1125 4055 1282 4108 miles
1325 4051 1668 4105 occasionem
1711 4044 1910 4100 laboris
1943 4060 2059 4098 am-

475 4153 744 4221 plectitur,
774 4161 821 4204 et
856 4165 950 4218 spe
993 4149 1239 4202 effectum
1289 4144 1525 4214 praecipit
1551 4158 1564 4205 ;
1587 4141 1654 4195 de
1687 4139 1881 4206 negotii
1913 4139 2056 4190 :esbi-

477 4245 713 4297 matione
771 4239 1084 4299 confidens,
1133 4235 1324 4304 agendi
1390 4231 1627 4300 speciem
1685 4228 2062 4282 melioraturus

475 4332 693 4399 inquith
719 4350 730 4383 :
757 4330 1022 4384 actionem
1053 4342 1190 4396 pene
1219 4323 1609 4378 conclamatam
1649 4328 1706 4373 et
1738 4316 1889 4370 valde
1917 4314 2057 4369 diffi-

473 4422 630 4474 eilem
667 4421 906 4474 caelestis
952 4418 1200 4487 potentize
1249 4413 1502 4484 przes'dio
1547 4416 1924 4478 percunctatus
1951 4413 2054 4472 est,

472 4511 726 4578 suscepit,
755 4510 1015 4578 implevit.
1047 4507 1211 4572 Cujus
1255 4503 1459 4557 itineris
1507 4499 1784 4554 molestias
1825 4496 2055 4552 necessi-

545 4624 558 4652 ¹
594 4621 846 4688 Defnnrto
883 4621 1131 4674 Ricemere
1151 4620 1225 4671 vel
1253 4611 1542 4688 Anthemio]
1577 4610 2045 4688 ιιιιιλτιβῖὶεηῖεί-

471 4707 588 4746 mer
631 4680 773 4745 enim
827 4692 1200 4747 Anthemium,
1229 4697 1409 4740 creato
1449 4680 1557 4751 jam
1605 4685 1654 4735 in
1702 4681 1818 4747 ejus
1873 4680 2044 4751 locum

471 4763 710 4830 Olybrio,
737 4761 1036 4830 interemit:
1063 4760 1174 4822 ipse
1203 4760 1271 4813 60
1301 4767 1414 4824 post
1445 4749 1580 4812 dies.
1613 4762 1667 4830 nt
1697 4749 2048 4830 Qtssiotlprns

473 4819 744 4886 in'Fastis
784 4841 959 4894 notat,
992 4819 1270 4884 defunctus
1302 4819 1433 4891 est,
1467 4841 1532 4877 xv
1562 4824 1668 4880 cal.
1696 4819 2047 4894 Septembris.

475 4901 600 4972 Post
630 4901 745 4956 hmc
783 4889 1031 4972 Olybrius
1075 4899 1302 4972 septimo
1348 4889 1554 4972 imperii
1604 4908 1787 4972 mense
1821 4889 2052 4945 decessit

471 4971 656 5026 Romm
694 4989 724 5026 x
762 4965 869 5026 cal:
908 4971 1160 5025 Novemb.
1205 4967 1459 5035 Sequenti
1501 4979 1642 5017 anno
1683 4965 1788 5018 475
1832 4976 2048 5035 vacuam

471 5043 644 5096 aulam
681 5043 948 5097 ltavennze
976 5043 1258 5108 occupavit
1298 5031 1574 5108 Clyccrius
1603 5050 1656 5088 ιιι
1698 5031 2047 5108 ῐιοιιῆςΑΜειισ-

472 5114 593 5167 tias.
644 5112 787 5167 ldem
831 5111 1074 5181 proximo
1117 5102 1311 5181 dehinc
1350 5102 1768 5181 _antto__imperio
1809 5102 2048 5181 deiectus

469 5194 582 5308 |est,
615 5170 922 5252 levatnsque
963 5184 1252 5250 imperator
1280 5177 1451 5234 Julius
1490 5170 1663 5245 Nepos
1695 5189 1784 5228 vni
1817 5173 1918 5226 cal.
1950 5170 2052 5226 Ju-

493 5269 590 5307 ιεις.

493 5269 590 5307 ωδ.

541 5327 562 5355 ²
596 5323 799 5378 Tolosa:
827 5327 1060 5377 a’umnos
1094 5319 1270 5389 Getasl
1316 5317 1669 5380 Vesogothos,
1697 5327 1921 5389 quorum
1950 5324 2045 5364 rex

472 5394 574 5449 hoc
595 5405 836 5464 tempore
865 5395 960 5447 fuit
989 5393 1235 5454 Eurieus,
1263 5383 1464 5444 'Alarici
1483 5394 1683 5464 pater:
1711 5383 1798 5451 qui
1830 5397 1897 5463 es
1927 5395 2046 5436 cre-

471 5464 584 5520 bris
605 5452 899 5534 principum
927 5452 1287 5534 ananorum
1313 5452 1691 5534 mutationibus
1706 5452 2039 5534 occasionem

473 5523 676 5599 nactus,
709 5523 1086 5590 ut'Jornandes
1114 5545 1324 5602 quoqtte
1347 5533 1399 5602 in
1433 5527 1609 5602 “chus
1635 5523 1837 5602 βθιὶείε
1868 5529 2034 5602 Ιιοξξιιν

470 5589 739 5664 Λτνθτιίιιε
766 5589 1199 5674 oppugnabatxet
1233 5589 1377 5674 f'égui
1419 5595 1759 5674 suihlimitem
1801 5607 1895 5674 per
1936 5589 2042 5642 Rn-

471 5663 612 5728 tnatn
667 5663 870 5741 imperii
909 5663 1058 5728 'fines
1106 5663 1466 5740 promovebat.
1519 5666 1769 5741 Sidonius
1816 5663 1905 5716 lib.
1946 5675 2037 5741 vn,

469 5745 630 5811 opist.
671 5746 702 5795 li
727 5732 954 5798 {trimus
997 5732 1424 5808 roseae/mrum,
1466 5738 1600 5811 quod
1647 5734 1853 5811 limitem
1901 5732 2040 5811 regni

467 5803 571 5873 siti.
614 5826 763 5868 rnnto
806 5815 1148 5871 dissolutoque
1201 5803 1382 5875 [ειη-ιω·ιῖ
1439 5809 1677 5876 antiquo,
1729 5803 1802 5858 vel
1849 5810 2038 5856 tutatur

2164 3262 2358 3331 quibus
2395 3257 2649 3312 finitimos
2690 3251 2940 3308 continua
2980 3246 3223 3300 vastitate
3257 3242 3474 3307 premis,
3506 3248 3753 3306 segetem

2162 3329 2446 3423 quamdam
2471 3345 2666 3400 inimici
2689 3341 2941 3412 germinis
2964 3343 3200 3390 metant:
3227 3331 3425 3383 un'lam
3446 3329 3538 3382 tibi
3565 3339 3752 3383 tamen

2163 3442 2380 3512 superni
2430 3439 2654 3510 gratiam
2688 3432 2919 3489 muttinis
2958 3430 3071 3484 di.a
3113 3425 3344 3481 bellandi
3386 3431 3606 3493 przestat
3635 3439 3753 3476 am-

2167 3533 2330 3585 bitio:
2361 3545 2456 3582 nec
2507 3529 2702 3581 ferrum
2755 3525 2892 3576 lines
2936 3527 3116 3573 tuetur
3163 3515 3391 3584 imperii,
3420 3514 3463 3566 si
3507 3513 3756 3567 caelestis

2168 3620 2422 3673 Dominus
2451 3617 2770 3670 offendatur.
2804 3611 2998 3678 lit-gem
3033 3616 3084 3661 te
3112 3609 3121 3656 ι
3145 3607 3306 3659 abere
3335 3611 3629 3666 memento,
3666 3603 3754 3656 cui

2163 3720 2375 3781 oportet
2402 3707 2744 3762 considerare
2768 3702 2890 3772 quid
2915 3700 3120 3770 placeat
3147 3715 3158 3748 :
3181 3696 3268 3765 qui
3293 3709 3414 3749 cum
3437 3705 3757 3761 susceptura

2167 3801 2432 3856 hominem
2465 3803 2704 3867 portaret
2729 3793 2794 3845 ad
2838 3792 3054 3854 celum,
3085 3807 3178 3858 pro
3209 3791 3485 3844 immensae
3517 3787 3756 3840 Incredi-

2167 3894 2289 3948 tatis
2329 3904 2548 3945 munere
2577 3900 2759 3958 pacem
2790 3882 3064 3948 discipulis
3107 3882 3298 3934 iterata
3325 3877 3519 3947 srepius
3555 3877 3756 3930 admo—

2166 3985 2365 4038 nitione
2394 3977 2755 4034 commendat.
2787 3973 2949 4041 Cujus
2981 3985 3081 4024 nos
3122 3969 3371 4040 prmcepti
3411 3981 3642 4021 nvcesse
3672 3976 3758 4022 est

2140 4089 2284 4128 *csse
2311 4069 2598 4123 custodes:
2631 4062 2894 4135 prmeipue
2931 4075 3048 4114 eum
3082 4076 3132 4112 nc
3154 4060 3390 4113 verimus
3437 4056 3614 4109 virum
3656 4057 3759 4110 for-

2166 4179 2268 4219 tem
2303 4163 2404 4218 dici
2437 4175 2542 4214 non
2585 4171 2741 4225 posse
2771 4169 2926 4221 quem
2957 4151 3145 4205 vicerit
3191 4147 3503 4216 indignatio.
3538 4145 3760 4200 Deinde

2165 4272 2365 4327 pt‘l'pt‘ﬂ
2386 4257 2492 4308 ’ere
2520 4264 2616 4304 nos
2638 4247 2909 4306 convenit,
2933 4242 3072 4310 quod
3103 4256 3258 4295 nemo
3280 4238 3592 4307 diligentius
3625 4253 3761 4306 pro-

2163 4352 2272 4422 pria
2307 4358 2503 4405 tuetur,
2533 4355 2689 4410 quam
2719 4337 2807 4406 qui
2839 4337 3008 4389 aliena
3054 4350 3158 4388 non
3207 4332 3427 4401 appetit.
3476 4330 3759 4393 Quocirca

2163 4414 2356 4508 Nepos,
2381 4435 2462 4488 cui
2497 4431 2746 4500 regimen
2763 4425 2926 4480 Italia:
2952 4424 3214 4478 ordinatio
3239 4421 3418 4475 divina
3443 4422 3759 4486 commisit,
3837 4414 3840 4416 ’

2162 4533 2224 4584 ad
2268 4530 2382 4582 hazc
2425 4539 2522 4578 nos
2565 4516 2896 4588 impetranda
2945 4513 3259 4576 destinavit;
3293 4520 3348 4564 ut
3391 4509 3636 4564 reductis
3685 4511 3759 4563 ad

2151 4657 2408 4697 armorum
2449 4641 2570 4710 jure
2609 4634 2686 4688 ω’
2745 4626 3339 4710 ρν·οιιιοιορι,.οιεε,ιιοιιέ
3383 4625 3760 4703 peccatoribus

2151 4717 2233 4766 hic
2264 4697 2524 4771 accusare,
2549 4722 2638 4758 nec
2666 4697 2800 4757 vobis
2829 4701 3020 4754 armetis
3046 4697 3128 4749 hic
3157 4698 3417 4771 discutere
3433 4697 3761 4771 promissum

2281 4784 2403 4836 lltee
2449 4765 2605 4844 igitur
2636 4774 2820 4844 Nepoti
2879 4774 3012 4844 Aug.
3052 4783 3210 4821 causa
3233 4781 3344 4844 _cur
3375 4765 3759 4844 Epiphaniam

2154 4833 2383 4925 litigat—um
2410 4833 2641 4903 mitteret
2668 4833 2733 4898 ad
2764 4833 3038 4902 Euricuin,
3060 4849 3112 4891 ut
3139 4836 3339 4906 antiqui
3374 4833 3596 4890 findet-is
3620 4836 3708 4904 jtr
3727 4851 3759 4889 a

2155 4944 2228 4982 re:
2254 4931 2493 4975 ovarent.

2225 4996 2245 5026 δ
2274 4974 2627 5056 nomine]
2677 4984 2754 5056 At]
2800 4996 2968 5051 quem.
2995 4978 3246 5056 Sidonius
3295 4976 3433 5029 idem
3465 4974 3570 5056 .lih.
3625 4991 3758 5056 vni,

2155 5083 2242 5129 eo.
2270 5066 2326 5127 5,
2357 5063 2440 5116 his
2470 5046 2644 5112 verbis
2672 5073 2686 5109 :
2713 5046 2912 5123 Sepone
2953 5049 3293 5129 pereunda-tn
3333 5046 3762 5129 conclamatissi-

2157 5116 2704 5189 nt'rts'declantatinnes,
2731 5116 2856 5191 quas
2896 5116 2997 5175 oris
3041 5121 3165 5191 reg'i
3208 5120 3310 5191 vice
3342 5116 3573 5191 conﬁcis.
3605 5118 3761 5191 ρει-πμ.

2151 5185 2473 5261 ἑὶἰίἷιῖιιι-ιιιι
2525 5185 2759 5267 qttzestor
2808 5192 3006 5267 βυτ-ξεί.
3035 5185 3162 5267 _Sctl
3204 5189 3329 5267 aliis
3380 5187 3542 5267 eti-ant
3605 5185 3760 5241 locis

2151 5257 2407 5330 doctrinm.
2450 5257 2665 5324 nonnae
2702 5264 2945 5319 laudatur
2973 5276 3016 5313 a.
3031 5261 3286 5326 Sidonio,
3321 5267 3377 5312 ut
3408 5257 3500 5310 lib.
3539 5271 3614 5319 tv,
3650 5272 3756 5326 ep.

2151 5348 2240 5413 2'2,
2271 5354 2327 5401 et
2357 5345 2407 5398 in
2435 5341 2704 5395 Narbone.

2391 5433 2507 5482 Sive
2533 5429 2588 5478 ad
2612 5426 2866 5487 doctiloqui
2893 5422 3074 5487 Leonis
3093 5422 3242 5487 mdes,

2361 5496 2497 5558 οριιο
2515 5494 2595 5558 bi_s_
2610 5504 2706 5558 sev
2725 5483 2916 5558 tabidas
2933 5485 3140 5558 deferas
3154 5483 3303 5558 juris,

2393 5544 2528 5604 l‘iltro
2547 5551 2770 5602 Claudius
2796 5548 2974 5608 Appius
2995 5544 3193 5601 lateret,

2389 5618 2527 5665 Claro
2545 5615 2643 5660 obs:
2661 5613 2792 5660 urior
2813 5611 2858 5657 in
2881 5608 3232 5662 decemviratu,

2393 5679 2454 5727 At
2471 5677 2511 5724 si
2529 5677 2655 5722 dicat
2679 5686 2814 5732 epos,
2843 5677 3152 5727 metrumque
3180 5665 3414 5732 rhythmis

2397 5740 2578 5787 Fleclat
2603 5727 2896 5783 commaticis
2923 5736 3120 5778 tonante
3148 5727 3332 5788 plectro

2395 5799 2661 5849 Mordacom
2686 5797 2820 5844 faciat
2846 5794 2994 5842 silere
3021 5792 3042 5837 l'
3059 5790 3255 5838 lat-cum.
