3974 6366
244 395 342 448 eat

1169 392 1324 449 VITA
1368 393 1425 448 Β.
1470 390 1809 447 EPIPIIANII
1851 391 2152 447 El‘lSCOI’l
2191 391 2580 447 TICINENSIS.

3404 396 3511 450 ξιξ

250 511 410 560 litem
446 506 739 567 mentibus,
772 516 928 558 terrae
958 504 1057 557 sibi
1086 520 1342 557 convenat
1387 504 1689 559 dilectionis
1716 504 1830 569 iure
1859 503 1909 562 Α
1935 502 2177 568 cumulo,
2212 502 2480 556 humilitas
2518 505 2570 555 in
2598 518 2662 557 eo
2714 505 2911 572 pariter
2954 507 3217 562 sentiebat
3259 521 3509 576 augmen-

246 598 542 649 soeientur.
571 595 671 661 Qui
707 592 826 647 licet
854 594 1143 647 certamina
1178 610 1281 647 non
1310 595 1578 659 formidet,
1608 609 1828 647 concor-

246 689 387 736 diam
424 684 575 749 prius
606 690 838 750 exoptat.
887 682 1061 735 Nostis
1094 683 1144 735 itt
1176 683 1464 747 communi,
1489 697 1595 748 quo
1625 682 1694 734 sit
1732 681 1832 734 do-

248 779 520 829 minorum
553 774 843 840 antiquitas
873 772 1095 826 litnitata
1136 774 1368 827 eonfinio
1395 792 1406 824 :
1430 789 1529 841 qua
1560 772 1830 826 sustinue-

246 865 352 916 tittt
386 870 569 931 partes
597 863 714 913 ista:
737 861 943 914 illarttm
969 872 1205 915 reetorcs
1233 861 1519 914 famulandi
1552 862 1825 927 patientia.

245 952 490 1005 Sufficiat
517 952 658 1020 quod
690 951 870 1019 elegit,
896 960 984 1003 aut
1013 962 1159 1004 certe
1192 953 1205 982 ¹
1242 952 1437 1019 patitur
1462 952 1667 1003 amicus
1696 950 1823 1015 dici,

244 1046 331 1110 qui
364 1046 563 1097 meruit
603 1045 849 1097 dominus
897 1043 1171 1111 appellari.
1200 1064 1216 1093 ι
1252 1045 1373 1098 Hrcc
1414 1046 1494 1097 vir
1531 1046 1827 1113 insignem-

244 1150 362 1188 tntts
398 1135 749 1202 Epiphanius.

312 1228 381 1281 At
417 1228 663 1289 Euricus,
698 1225 896 1294 gentiie
938 1227 1118 1279 nescio
1161 1225 1299 1293 quod
1350 1240 1591 1279 murmur
1634 1226 1824 1281 infrin-

242 1333 393 1384 gens,
444 1317 704 1370 mollitum
754 1330 813 1369 se
855 1316 1314 1369 adhortationibus
1357 1319 1475 1383 ejus
1522 1317 1701 1370 vultus
1744 1318 1823 1369 sui

242 1410 532 1460 serenitate
570 1406 852 1475 significat.
908 1407 1015 1460 Leo
1063 1422 1190 1459 vero
1240 1411 1540 1461 nominatus
1582 1407 1826 1475 superius

245 1514 388 1555 tanto
416 1502 759 1554 allocutionis
791 1503 956 1569 ipsius
989 1502 1267 1555 tenebatur
1298 1502 1575 1565 miraculo,
1618 1508 1675 1553 ιιι
1703 1515 1825 1555 cre-

242 1597 389 1648 deret
418 1595 597 1647 verbis
631 1594 992 1660 hujuscemodi
1024 1594 1311 1661 expugnari
1342 1607 1499 1661 posse
1527 1603 1753 1659 mentes,
1778 1594 1827 1648 si

244 1690 319 1739 fas
344 1698 425 1739 est
447 1686 573 1750 dici,
607 1687 763 1739 etiam
800 1686 843 1738 si
873 1695 1057 1737 contra
1079 1686 1338 1752 justitiam
1383 1685 1690 1747 postularet.
1724 1685 1826 1739 Ta-

244 1775 364 1829 iiter
394 1786 570 1828 tamen
598 1776 767 1828 fertur
788 1776 851 1827 ad
881 1776 1223 1842 interpretem
1250 1789 1340 1828 rex
1362 1776 1567 1829 locutus
1592 1793 1604 1827 :
1631 1796 1647 1827 ι
1678 1776 1825 1831 Licet

1939 602 2069 647 tum.

2003 685 2160 750 Igitur
2222 682 2350 737 dum
2416 683 2608 737 talibus
2662 699 2720 739 se
2773 684 3070 754 disciplinis
3128 694 3183 739 et
3233 685 3506 741 laboribus

1930 775 2125 829 Christi
2169 782 2224 827 et
2273 774 2364 828 Dei
2416 777 2591 829 nostri
2643 778 2919 843 operarius
2966 787 3201 839 exercet.
3229 792 3353 832 ecce
3408 779 3498 832 i'le

1929 864 2123 932 quietis
2150 866 2358 919 nescius
2383 875 2434 919 et
2464 866 2720 919 scelerum
2747 877 2980 933 patrator
3008 868 3276 932 inimicus,
3305 884 3498 938 magna

1928 954 2172 1010 dolorum
2205 956 2528 1010 incrementa
2576 957 2928 1025 conglutinet,
2962 968 3015 1011 et
3062 960 3278 1027 inquirit
3309 961 3506 1027 quibus

1932 1047 2100 1099 virnm
2136 1047 2537 1114 integerrimum
2569 1047 2910 1115 passionibos
2955 1048 3255 1101 lacesseret.
3291 1048 3508 1104 Exerci-

1932 1148 2041 1193 tum
2088 1140 2344 1192 adversns
2372 1138 2392 1168 ⁸
2414 1140 2657 1193 Orestem
2705 1140 2985 1206 patricium
3016 1140 3192 1207 erigit,
3223 1154 3273 1193 et
3304 1141 3507 1194 discor—

1932 1231 1963 1283 d
1988 1247 2033 1284 te
2056 1232 2275 1284 crimina
2305 1231 2664 1285 clandestinus
2692 1231 3057 1299 supplantator
3084 1232 3372 1284 interserit.
3398 1233 3508 1298 Spe

1931 1336 2186 1374 novarum
2221 1337 2396 1373 rerum
2430 1321 2751 1388 perditorum
2800 1320 2955 1373 animi
2980 1335 3007 1373 s
3053 1320 3305 1388 inquietat
3330 1337 3344 1373 :
3369 1320 3504 1372 Odo-

1931 1427 2142 1466 vacrent
2195 1412 2259 1463 ad
2309 1410 2561 1480 regnandi
2608 1411 2863 1465 ambitum
2905 1392 3131 1465 exto'lit.
3183 1411 3250 1463 Et
3295 1420 3351 1461 ut
3394 1408 3507 1462 lucc

1932 1502 2195 1568 pernicies
2224 1503 2274 1553 in
2302 1501 2573 1555 Ticinensi
2618 1502 2832 1555 civitate
2874 1504 3228 1568 contingeret.
3262 1500 3505 1553 Orestem

1930 1592 1994 1644 ad
2041 1607 2157 1645 eam
2208 1592 2399 1645 fiducia
2444 1591 2753 1645 munitionis
2802 1592 3007 1644 invitat.
3053 1591 3347 1657 Episcopus
3384 1604 3505 1642 cum

1929 1683 2175 1738 omnibus
2205 1683 2268 1737 ad
2311 1698 2368 1736 se
2408 1682 2796 1750 pertinentibus
2843 1696 3078 1750 przcsens
3122 1682 3423 1733 invenitur:
3452 1680 3508 1735 fit

1934 1775 2195 1825 maximus
2237 1773 2289 1825 itt
2333 1773 2463 1825 urbe
2491 1786 2802 1832 concursus,
2837 1771 3108 1839 prardandi
3146 1771 3319 1823 rabies
3366 1769 3508 1821 inar-

247 1877 432 1934 pectus
466 1884 640 1920 meum
688 1868 849 1918 lorica
902 1868 984 1918 vix
1017 1866 1249 1925 deserat,
1282 1876 1331 1918 et
1361 1866 1575 1919 assidue
1604 1882 1817 1919 manum
1854 1871 1899 1930 Β
1927 1864 2093 1919 descit
2122 1884 2135 1917 :
2161 1866 2356 1933 ubique
2381 1864 2571 1930 luctus,
2605 1880 2768 1933 pavor
2797 1864 3017 1930 ubique,
3039 1873 3085 1916 et
3119 1860 3304 1914 mortis
3336 1862 3507 1928 imago

245 1959 388 2011 orbis
416 1967 607 2011 :erattts
639 1958 779 2010 inclu
804 1959 894 2021 lat,
931 1972 1133 2009 necnon
1179 1968 1232 2010 et
1277 1958 1412 2009 latus
1457 1957 1659 2011 muniat
1696 1958 1824 2014 ferri

243 2051 567 2121 prtrsidium,
602 2052 728 2103 inve
770 2051 783 2103 i
827 2060 1000 2104 tamen
1046 2049 1345 2107 hominem.
1380 2050 1469 2116 qui
1517 2066 1600 2103 me
1643 2065 1817 2103 arma-

243 2154 346 2195 tum
398 2144 566 2210 pos~it
615 2157 922 2210 expugnare
971 2142 1329 2194 sermonibus.
1386 2141 1598 2195 Fallunt
1626 2144 1712 2209 qui
1744 2142 1825 2196 di-

241 2242 362 2284 runt
410 2231 683 2284 Romanos
735 2232 784 2284 in
838 2231 1034 2299 linguis
1081 2238 1287 2283 scutum
1336 2230 1419 2283 vel
1470 2232 1673 2299 spicula
1720 2246 1823 2284 non

243 2323 456 2377 habere.
482 2323 689 2376 Norunt
716 2325 854 2376 enim
883 2331 937 2376 et
967 2323 1051 2374 illa
1075 2337 1192 2389 qua:
1218 2336 1313 2373 nos
1337 2321 1640 2375 miserimus
1664 2321 1822 2374 verba

244 2415 528 2482 repellere;
561 2423 616 2467 et
652 2428 769 2482 quae
801 2428 827 2464 a
864 2428 920 2465 se
950 2412 1269 2479 diriguntur,
1302 2411 1366 2463 ad
1402 2413 1421 2441 ⁸
1454 2410 1619 2464 caedis
1664 2424 1826 2477 pene-

244 2507 388 2560 tralia
431 2506 725 2560 deatioare.
779 2505 938 2558 Facio
977 2520 1125 2572 ergo,
1162 2503 1466 2558 venerande
1507 2518 1674 2571 papa,
1706 2519 1824 2572 qua:

245 2602 411 2663 poscis
440 2615 453 2649 :
479 2602 602 2667 quia
644 2597 894 2663 grandior
937 2606 1018 2649 est
1056 2595 1192 2662 apud
1243 2609 1328 2648 me
1375 2594 1529 2661 legati
1564 2608 1822 2659 persona,

244 2703 391 2752 quam
426 2688 663 2754 petentia
698 2685 1035 2737 destinantis.
1070 2682 1263 2750 Accipe
1295 2697 1432 2734 nunc
1463 2682 1619 2733 fidem
1652 2692 1704 2735 et
1728 2696 1824 2750 pro

245 2778 439 2845 Nepote
472 2777 748 2845 pollicere,
781 2776 920 2844 quod
967 2784 1143 2827 servet
1192 2775 1559 2851 intemeratam
1604 2787 1826 2825 concor-

244 2870 399 2928 diam.
433 2867 651 2936 quando
683 2875 731 2919 te
761 2866 1090 2933 promisisse,
1112 2862 1323 2931 jurasse
1350 2873 1483 2916 est.»
1522 2863 1615 2915 llis
1645 2863 1824 2927 dictis,

246 2960 371 3012 inito
401 2961 563 3013 etiam
592 2957 849 3026 ριοιίοιιὶς
880 2957 1115 3019 vinculo,
1147 2955 1413 3010 verendus
1441 2955 1671 3023 pontifex
1711 2956 1826 3008 vale

246 3049 383 3101 dcto
419 3048 693 3101 ili-cessit.
727 3045 805 3099 Ad
852 3062 1007 3112 quem
1057 3046 1233 3097 statim
1287 3052 1621 3111 precatorum
1672 3042 1822 3095 turba

246 3136 523 3204 ditigilttr,
569 3144 626 3187 ut
668 3142 917 3188 secuturo
967 3134 1053 3187 die
1099 3134 1238 3201 regis
1287 3132 1459 3201 epulis
1512 3132 1821 3195 interesset;

1930 1957 2153 2024 plurima
2210 1955 2561 2009 discurtehat.
2618 1955 2710 2008 ille
2769 1954 3027 2006 Sollicitus
3084 1952 3395 2018 poscebatur
3440 1952 3507 2004 ad

1931 2060 2163 2114 p'rnam,
2192 2044 2344 2112 cujus
2373 2044 2721 2097 sub~tatuiam
2770 2041 3026 2096 notiorem
3079 2041 3277 2093 fecerat
3321 2037 3502 2089 amici-

1929 2136 1966 2188 ti
1987 2150 2118 2187 srum
2150 2133 2279 2186 fides
2308 2134 2595 2199 antiquior.
2642 2132 2743 2184 Alii
2790 2133 3025 2183 flammas-
3059 2129 3275 2182 ruituris
3303 2127 3507 2179 mdibus

1927 2224 2451 2291 supponehantzalii
2501 2222 2565 2273 ad
2611 2222 2832 2274 esitium
2880 2221 3166 2288 poscebant
3211 2218 3505 2279 dominum,

1930 2330 2024 2382 pro
2066 2315 2219 2382 cujus
2262 2323 2583 2367 convenerat
2633 2314 2809 2366 salute
2863 2311 3104 2379 pugnari.
3163 2311 3395 2364 Currunt
3437 2308 3503 2361 ad

1926 2405 2168 2457 ecclesia:
2204 2404 2441 2467 domum,
2481 2404 2606 2455 totis
2632 2402 2947 2469 direptionis
2978 2399 3237 2453 incendiis
3280 2408 3505 2451 a'stuztn-

1928 2505 2025 2556 tes,
2059 2494 2185 2546 dum
2232 2508 2390 2562 quem
2439 2493 2688 2545 videbant
2733 2504 2951 2557 erogare
3003 2489 3246 2555 plurima,
3310 2488 3506 2555 peritu.

1926 2598 2103 2636 mensa
2152 2585 2520 2649 suspcabatur
2558 2580 2905 2634 ali-condere.
2954 2580 3099 2633 Proh
3142 2577 3319 2631 nefas!
3373 2577 3495 2629 tlte-

1924 2688 2111 2726 sauros
2136 2672 2296 2725 cruda
2346 2672 2622 2724 barbarirs
2668 2670 2943 2737 quzerebat
2972 2670 3021 2720 in
3053 2678 3226 2730 terra,
3254 2680 3386 2734 quos
3417 2667 3505 2720 ille

1924 2764 1989 2816 ad
2032 2764 2270 2817 cmleSIia
2328 2773 2535 2815 secreta
2591 2762 2986 2813 transmiserat.
3049 2758 3298 2825 Diripitur
3341 2757 3504 2810 etiam

1925 2861 2104 2905 sancta
2155 2850 2271 2917 ejus
2313 2864 2584 2918 germana,
2620 2858 2672 2901 et
2709 2864 2950 2903 seorsum
2981 2848 3048 2900 ab
3091 2864 3156 2901 eo
3186 2848 3505 2915 captivitatis

1924 2948 2067 2993 sorte
2106 2938 2426 2991 deducitur:
2454 2950 2640 2989 omnes
2672 2936 2925 2987 nobilium
2958 2951 2983 2984 a
3023 2935 3134 2987 suis
3178 2935 3391 2987 familia:
3420 2950 3503 2987 se-

1924 3037 2266 3097 questrantur
2294 3043 2308 3080 :
2337 3027 2650 3089 Lutninosa,
2684 3025 3062 3093 glotiosissima
3116 3024 3305 3076 femina
3355 3024 3504 3091 parili

1906 3114 2258 3173 ’uecessitatis
2275 3117 2579 3171 conditione
2595 3115 2992 3184 constringitur.
3009 3115 3051 3169 O
3065 3115 3242 3167 dolor!
3266 3131 3295 3165 ιι
3325 3129 3502 3181 neque

246 3242 394 3292 quem
420 3227 507 3278 ille
535 3225 643 3291 jam
665 3233 1001 3290 compererat
1025 3223 1219 3290 jugiter
1247 3239 1340 3290 per
1367 3220 1673 3274 sacerdotes
1696 3234 1821 3274 suos
1848 3222 1893 3283 ε
1923 3212 2162 3265 ecclesiae
2210 3210 2437 3263 ﬂammis
2485 3207 2766 3261 hostilibus
2812 3215 3219 3260 coneremantur
3249 3223 3263 3257 :
3293 3214 3399 3257 tota
3430 3208 3504 3256 c‘e-

246 3318 437 3384 pollttta
473 3315 671 3367 ltabt‘re
701 3313 947 3367 convivia
973 3328 987 3364 :
1012 3313 1097 3365 cui
1127 3313 1429 3374 excusavit,
1460 3310 1693 3375 dixitque
1721 3308 1821 3362 sibi

249 3424 345 3460 non
372 3423 493 3460 esse
524 3408 575 3458 in
608 3419 755 3458 more
797 3404 1027 3471 positum
1057 3402 1247 3455 alienis
1278 3400 1560 3469 a‘iquando
1590 3399 1825 3467 ptandiis

248 3499 380 3550 vesci
408 3514 419 3547 :
449 3494 674 3564 perinde
696 3509 752 3547 se
780 3493 958 3567 magis
978 3492 1111 3544 velle
1135 3488 1438 3559 proﬁcisci:
1463 3488 1601 3555 quod
1629 3488 1825 3541 consti-

246 3598 409 3641 totum
460 3586 749 3639 maturavit
792 3584 1045 3652 implere,
1076 3592 1129 3635 et
1157 3582 1404 3634 Tulosant
1455 3580 1613 3633 tantis
1660 3580 1825 3633 conti-

246 3677 474 3731 tantibus
498 3690 747 3744 egressos
770 3683 869 3741 est,
895 3683 954 3727 ut
978 3688 1110 3740 pene
1136 3674 1342 3725 desvrta
1370 3673 1496 3725 urbs
1517 3671 1825 3724 discedente

246 3775 425 3819 nostro
476 3764 729 3833 pontifice
769 3772 1100 3818 cerneretur.
1146 3762 1343 3815 Tantos
1388 3759 1528 3814 enim
1578 3758 1629 3812 in
1675 3758 1823 3812 brevi

245 3861 558 3915 devinxerit
592 3860 691 3912 sibi
723 3860 946 3912 caritate
991 3857 1222 3919 sincera,
1252 3865 1307 3908 ιιι
1333 3853 1690 3919 captivitatem
1725 3851 1823 3905 lle-

246 3959 377 4015 rent,
406 3948 549 4019 quod
597 3946 734 4015 apud
778 3946 999 4014 patriam
1042 3957 1320 3997 remanere
1372 3943 1664 3995 necessitas
1691 3956 1825 3994 con»

244 4040 556 4109 stringebat.
590 4039 717 4093 lntle
746 4051 920 4091 tamen
955 4034 1262 4103 regrediens
1292 4031 1498 4100 singula
1520 4039 1822 4083 sanctarum

246 4130 631 4183 habitationum
692 4128 801 4180 loca
857 4126 1106 4179 visita‘it.
1180 4122 1452 4177 Mediauas
1507 4121 1527 4152 ³
1580 4120 1823 4185 insulas,

245 4220 578 4284 Stoechadas,
614 4219 828 4279 Lerum,
864 4218 1135 4285 ipsamque
1183 4213 1442 4268 nutricem
1493 4225 1823 4264 summorum

246 4312 502 4364 montium
539 4310 752 4379 planam
784 4308 1033 4362 Lerinum
1063 4305 1213 4358 adiit.
1263 4302 1410 4357 linde
1438 4302 1676 4369 singulos
1707 4302 1825 4355 vitae

245 4402 495 4455 flosculos
525 4400 797 4468 decerpsit
829 4414 890 4452 ex
924 4397 1191 4459 omnibus,
1223 4408 1358 4463 quos
1386 4394 1435 4445 in
1467 4407 1524 4445 se
1556 4392 1675 4446 boni
1704 4407 1824 4459 ger-

246 4490 403 4544 minis
464 4490 636 4542 l'omes
691 4488 986 4547 insereret,
1037 4496 1091 4541 et
1136 4486 1200 4538 ad
1248 4483 1569 4538 maturitatis
1614 4491 1825 4550 tempus

1926 3306 2079 3367 vitas,
2109 3302 2255 3371 quasi
2288 3317 2422 3354 untts
2455 3314 2634 3368 rogus,
2663 3300 2966 3366 efl'ulgorat.
2995 3298 3321 3350 Cunctorum
3347 3310 3504 3347 voces

1924 3398 2256 3451 sacerdotem
2301 3392 2683 3462 requirentium
2730 3391 3239 3443 audiuutm-memo
3285 3387 3503 3454 periculi

1924 3486 2004 3539 sui
2055 3485 2372 3537 meminerat
2443 3481 2569 3534 dum
2619 3480 2788 3547 major
2841 3478 2909 3529 ah
2962 3478 3062 3530 illis
3106 3476 3291 3529 salutis
3336 3476 3549 3542 portio.

1924 3578 2272 3632 divideretur.
2301 3574 2394 3629 Cui
2426 3574 2669 3659 qu‘amvis
2698 3570 2916 3624 confusa
2946 3569 2997 3622 in
3025 3568 3351 3637 singulorum
3396 3567 3506 3618 cxi-

1927 3674 2055 3725 tium
2100 3671 2250 3723 turha
2301 3669 2570 3728 fremeret,
2607 3665 2780 3717 honor
2822 3673 2995 3716 tamen
3046 3671 3098 3714 et
3126 3664 3261 3713 intur
3302 3659 3507 3727 gladios

1926 3760 2348 3829 impendebatur.
2400 3758 2527 3811 Nam
2575 3756 2717 3808 illico
2763 3768 2865 3806 non
2911 3753 3142 3810 fuerunt,
3174 3765 3307 3817 quas
3338 3750 3506 3817 potuit

1927 3854 2107 3907 videre
2172 3852 2411 3920 captivos
2454 3866 2468 3901 ε
2516 3846 2874 3900 venerabilem
2940 3856 3246 3911 germanam
3313 3856 3505 3905 suam,

1927 3946 2226 4015 priusquam
2258 3944 2309 3994 in
2338 3952 2613 4005 ιέςιιπιιιιιιιι
2642 3935 2742 3988 diei
2792 3934 2934 3986 illius
2979 3931 3064 3984 lux
3116 3931 3319 3981 funesta
3352 3929 3498 3979 la‘e-

1928 4044 2093 4099 rcfttr,
2120 4033 2332 4101 eripuit.
2387 4030 2648 4084 Plurimos
2690 4026 2849 4080 etiam
2895 4021 3088 4077 civium
3120 4019 3349 4072 alisidvit
3386 4032 3506 4083 pre-

1926 4134 2044 4179 catu
2093 4138 2213 4187 suo,
2244 4130 2529 4189 antequam
2578 4116 2881 4171 durissima:
2928 4111 3252 4166 conditionis
3299 4107 3506 4160 vincula

1926 4218 2217 4272 sentirent:
2244 4221 2441 4265 matres
2484 4206 2711 4261 familias
2744 4204 3032 4274 prmeipue,
3067 4214 3199 4270 quas
3228 4197 3507 4254 immanior

1930 4310 1981 4363 in
2013 4308 2110 4361 hac
2140 4305 2460 4360 necessitate
2503 4309 2709 4369 poterat
2752 4312 2967 4350 mattere
2994 4293 3363 4347 commoratio.
3410 4289 3508 4342 Po-

1928 4410 2127 4452 stremo
2174 4404 2343 4449 status
2396 4392 2626 4445 civitatis
2683 4404 2839 4457 quem
2896 4384 3180 4439 multitudo
3232 4380 3505 4434 barbarica

1929 4489 2265 4552 succidebat,
2319 4465 2483 4539 unius.
2520 4482 2822 4536 fortissima:
2876 4478 3138 4530 columna:
3184 4482 3510 4528 sustentatus

241 4579 459 4641 gravida
493 4579 667 4645 pomis
716 4578 1025 4631 caelestibus
1069 4576 1231 4629 arbor
1279 4573 1588 4627 adduceret.
1624 4573 1823 4626 Interea

1934 4581 2246 4651 resurgebat
2287 4577 2526 4633 auxilio:
2554 4589 2653 4629 nec
2703 4581 2904 4626 tantum
2937 4570 3000 4622 ad
3033 4568 3317 4621 delendum
3360 4566 3510 4619 suffi-

240 4676 608 4735 cxspectatnm
659 4666 801 4719 ltalie
856 4666 1031 4720 lumen
1087 4664 1366 4725 redditur,
1416 4673 1469 4717 et
1524 4672 1826 4717 revertente

240 4755 498 4825 singulari
518 4755 795 4809 sacerdote
820 4769 913 4821 per
934 4753 1121 4807 sudum
1149 4754 1369 4805 rutilam
1388 4752 1543 4821 juhar
1565 4754 1821 4820 aperitur.

240 4846 333 4897 'lic
361 4861 487 4898 num
516 4846 607 4899 ditt
638 4844 969 4899 desideratus
999 4845 1290 4912 ingreditur
1316 4862 1329 4897 :
1358 4844 1546 4913 Nepoti
1577 4845 1822 4899 effectum

245 4945 477 5001 reruch
524 4936 807 5005 legationis
853 4935 1084 4990 insinuat
1128 4953 1143 4991 :
1178 4944 1233 4989 et
1277 4944 1556 4990 crescente
1611 4935 1821 4997 laudum

316 5069 330 5096 ¹
360 5067 546 5122 Schol.
561 5114 572 5128 ,
607 5068 847 5135 patiatur.

310 5139 331 5166 ²
364 5138 548 5191 Schol.
575 5151 627 5193 et.
660 5138 921 5203 Bolland.,
948 5140 1138 5193 cordis.

314 5207 338 5237 ⁸
370 5205 578 5261 Insulas
622 5207 949 5279 Sfmrltadas]
998 5212 1086 5263 Sic
1137 5211 1412 5279 legendum
1467 5213 1681 5273 censui,
1716 5225 1820 5273 non

241 5278 540 5348 Cycladas;
576 5279 717 5345 quod
763 5278 957 5333 habent
999 5278 1365 5347 manuscripti.
1411 5280 1688 5335 Stmchada
1722 5281 1826 5333 ΙἸί-

241 5347 369 5402 nios
401 5347 491 5401 lib.
520 5364 575 5401 ttt
596 5390 610 5411 ,
641 5364 759 5415 cap.
802 5349 855 5413 4,
889 5358 941 5403 et
984 5352 1268 5419 geographi
1304 5352 1355 5403 itt
1384 5365 1479 5404 ora
1511 5351 1829 5411 Massiliensi,

240 5420 446 5479 locant,
475 5420 776 5487 «foventque
824 5431 1038 5486 propter
1076 5422 1169 5473 ord
1197 5436 1316 5473 nent
1348 5435 1451 5487 quo
1480 5422 1594 5473 sitm
1620 5431 1745 5473 sunt
1774 5422 1821 5474 id

242 5503 444 5560 nomen
467 5504 596 5560 esse
612 5489 849 5541 sortitas.
882 5489 1154 5560 Στοιχάδες
1195 5491 1502 5544 ΡιιιΙοιιιπιο.
1537 5492 1634 5554 Qui
1681 5494 1823 5544 Sim-

239 5558 449 5630 eltadas
464 5559 665 5630 insulas
681 5558 1575 5630 ignorabata'titiquarius,Cycladas
1588 5562 1819 5626 scripsit,

241 5628 662 5698 quiawnotiorcs
714 5640 859 5681 erant
890 5628 1375 5698 ειιιιριιιιιιιιιιιιιΙλιιιι
1420 5630 1469 5683 itt
1511 5630 1825 5698 panegyrico

241 5690 507 5765 Cyrillum
539 5699 661 5750 item
697 5700 866 5765 st-rips
888 5690 1025 5751 -ινιιιιι
1054 5718 1146 5765 pro
1171 5700 1442 5760 Coi-hrilo,
1469 5690 1523 5752 et
1545 5690 1824 5767 tlyliiidros

244 5784 348 5833 pro
398 5768 695 5836 Cbclydns.
738 5768 873 5821 Sunt
919 5778 1117 5833 autent,
1150 5780 1201 5820 ut
1245 5772 1375 5830 (litt,
1418 5770 1728 5822 Stmehades
1771 5771 1821 5821 in

245 5862 259 5889 ι
285 5854 345 5891 ra
382 5835 695 5891 Massinenst
725 5854 737 5891 :
765 5847 816 5889 at
849 5839 1012 5893 Lcrus
1035 5850 1084 5893 et
1128 5842 1348 5894 Lerinus
1376 5856 1404 5892 c
1434 5839 1649 5907 regione
1676 5842 1824 5892 Auti-

1933 4672 2101 4727 ciebat
2161 4670 2460 4730 exercitus,
2507 4672 2763 4735 quantum
2827 4661 2890 4713 ad
2950 4658 3303 4728 reparandum
3356 4657 3510 4709 unius

1932 4775 2158 4831 persona
2192 4759 2472 4829 pontificis.
2504 4755 2722 4810 Sublato
2748 4760 2922 4805 tamen
2963 4750 3152 4803 Oreste
3206 4757 3258 4801 et
3294 4753 3510 4812 propter

1934 4848 2257 4904 Placentiam
2307 4846 2489 4899 urbem
2523 4843 2808 4903 exstincto,
2843 4836 3255 4906 depraedationis
3284 4834 3512 4900 impetus

1931 4939 2235 5009 conquievit

1934 5075 2087 5142 polis.
2121 5073 2317 5126 Omnes
2346 5069 2471 5142 olim
2487 5069 2724 5142 ‘referzte
2761 5062 3019 5142 emnobiis
3048 5077 3110 5116 ac
3139 5060 3347 5115 cellulis
3391 5073 3511 5111 ιιι-ι-

1935 5135 2256 5203 nacltortnu,
2288 5140 2426 5209 quod
2475 5137 2735 5209 Cassiani
2758 5135 3089 5209 collationes
3121 5140 3381 5209 testantur
3406 5139 3507 5209 :‘cx

1934 5214 2122 5281 quibus
2144 5197 2347 5279 septeni
2375 5220 2654 5281 postrema!
2675 5206 2738 5259 ad
2761 5215 2975 5259 sanctos
2992 5205 3093 5281 qui
3121 5203 3172 5253 in
3200 5197 3503 5281 struebatu-

1937 5270 2032 5336 lius
2060 5270 2222 5337 erant
2252 5280 2455 5345 insulis,
2490 5279 2697 5333 emissa:
2734 5285 2877 5342 sunt,
2911 5273 3129 5326 totidem
3176 5271 3237 5345 ad
3271 5270 3482 5345 lloqom

1935 5335 2046 5409 tum
2069 5335 2131 5406 et
2161 5335 2503 5411 Eucherium,
2522 5363 2745 5418 quotum
2775 5335 2910 5399 alter
2935 5352 3142 5405 auctor,
3174 5342 3308 5390 alter
3333 5335 3481 5385 alttm

1936 5440 2034 5478 nus
2065 5420 2367 5475 monasterii
2398 5420 2718 5473 Lerinensis.
2971 5482 2984 5484 4
3222 5475 3232 5484 .

2001 5493 2021 5523 ⁸
2047 5494 2274 5545 Orestem
2296 5488 2586 5562 patrii-inm]
2616 5484 2923 5562 Anno_l76.
2947 5482 3037 5562 llic
3060 5482 3507 5562 superiore

1934 5543 2226 5631 Augustulo
2275 5543 2382 5614 tilio
2427 5543 2727 5631 itttjiei‘tttttt,
2767 5557 2963 5631 fugato
2994 5543 3502 5631 Nepote-,Aletlerat.

1935 5614 2213 5685 litigatum
2242 5647 2383 5683 arma
2431 5630 2480 5682 itt
2503 5614 2569 5680 'ill
2598 5642 2635 5679 -s
2681 5614 2851 5678 movit"
2887 5619 3124 5672 Odoacer
3153 5625 3207 5667 et
3235 5614 3503 5679 Orestem,

1930 5703 2069 5770 quod
2096 5701 2362 5755 Ennoditu
2384 5700 2559 5760 docet,
2582 5695 2752 5770 _'I‘icini
2780 5689 3008 5770 obsedit,
3034 5695 3352 5755 captumque
3376 5697 3499 5736 cum

1933 5758 2128 5840 oppido
2162 5771 2439 5827 l'iacentite
2472 5758 2679 5819 tandem
2713 5758 2925 5813 οιι·ιι1ἰι.
