3974 6366
457 394 566 452 9:25

517 498 640 548 Post
668 506 820 560 quem
853 490 867 519 ¹
900 486 1137 539 adscitus
1177 483 1226 535 in
1278 495 1499 546 regnum
1545 477 1835 531 ()dovac‘ris
1876 480 2026 524 tanto
2053 469 2102 528 Α

453 587 590 637 rultu
637 583 894 647 insignem
941 576 1107 626 virum
1157 573 1320 638 Cthil
1369 570 1654 631 honorare,
1679 575 1735 619 ut
1782 563 2016 619 omnium

454 676 787 727 decessurum
836 681 1053 720 suorum
1105 663 1248 718 circa
1295 675 1422 713 eum-
1463 657 1642 712 officia
1676 652 2020 723 praecederet.

453 757 651 817 Interea
678 775 742 814 ne
767 758 855 812 diu
883 756 1075 809 lavillis
1101 753 1365 807 domicilia
1411 750 1594 803 divina
1628 751 2022 830 premerentur,

454 865 574 906 ante
589 849 854 918 gloriosus
879 845 1099 900 antistes
1127 840 1484 898 recediticandi
1513 836 1740 904 sumpsit
1761 833 2021 894 animum,

454 955 608 1010 quam
636 951 894 1005 expensas
916 945 1006 988 aut
1027 925 1378 988 substantiam
1406 925 1759 997 praeparandi.
1792 919 2028 989 Ingentis

453 1025 606 1098 pretii
637 1027 862 1081 fabricas
890 1023 1004 1077 sine
1035 1035 1369 1076 nummorum
1401 1017 1647 1071 attollere
1678 1013 1893 1066 condito
1921 1023 2034 1062 non

456 1119 688 1188 expavit,
714 1115 1018 1184 apostolicze
1050 1110 1428 1166 admonitionis
1473 1109 1610 1161 haud
1639 1104 1853 1165 inscius,
1888 1097 2027 1166 quod

456 1204 690 1262 crelestia
720 1220 875 1273 regna
901 1202 1258 1272 quaerentibus
1283 1197 1592 1252 iudeticiens
1611 1193 1807 1261 jugiter
1831 1200 2028 1244 census

457 1299 732 1357 exuberet,
763 1303 816 1348 et
845 1293 912 1346 de
962 1292 1119 1359 pleno
1160 1303 1371 1357 semper
1415 1284 1679 1353 impertiat
1737 1295 1892 1350 quem
1925 1292 2029 1332 non

459 1387 710 1457 opprimit
755 1389 805 1439 in
857 1369 1115 1453 largiendi
1156 1383 1432 1436 voluntate
1475 1385 1778 1447 paupertas.
1816 1372 2036 1426 Dicebat

460 1481 600 1532 enim
631 1496 642 1529 :
678 1477 774 1530 Vix
805 1488 883 1529 est
917 1483 975 1527 ut
1003 1474 1234 1528 animum
1273 1471 1492 1526 divitem
1532 1466 1852 1536 possibilitas
1880 1463 2032 1516 dese-

462 1579 564 1632 rat,
587 1577 640 1622 et
666 1567 1034 1622 difﬁcillimum
1057 1571 1115 1617 ut
1137 1571 1390 1630 sequatur
1413 1559 1734 1614 abundantia
1761 1555 2041 1609 hominem.

463 1668 638 1711 mente
681 1656 1000 1710 mendicum.
1033 1653 1148 1706 Jam
1186 1651 1402 1720 jamque
1439 1659 1613 1700 tamen
1660 1644 1868 1711 fastigia
1914 1656 2034 1708 per-

463 1747 705 1800 fectionis
744 1746 958 1814 majoris
1000 1743 1242 1797 ecclesiae
1271 1753 1404 1808 opus
1432 1739 1696 1804 attigerat,
1727 1733 1950 1788 aedilicio
1979 1742 2034 1786 et

1566 360 1834 420 ENNODII
1879 353 2179 412 ιεῐδιδιῖοιιι
2221 348 2599 404 'fICINENSIS

3597 339 3692 393 ‘2‘21

2203 465 2409 517 Interea
2461 477 2526 515 ne
2572 459 2701 512 Solis
2732 457 2998 511 civitatem
3051 453 3370 521 templorum
3403 450 3596 505 (edibus
3621 455 3693 506 vi’

2125 557 2343 609 deri-tur
2381 567 2627 617 ornasse,
2661 549 2814 603 fessis
2858 547 3098 616 ejusdem
3139 545 3284 602 urbis
3327 543 3694 599 habitatoribus

2127 645 2484 700 remediorum
2533 635 3106 706 utilitate-prospexit.
3143 634 3272 688 Nam
3313 633 3512 687 directa
3565 636 3693 702 lega-

2127 738 2271 790 tione
2298 736 2363 787 ad
2387 733 2738 794 Odor-acrum,
2770 731 2789 760 ³
2821 725 3170 798 quinquennii
3205 724 3532 778 vacationem
3563 723 3696 776 ﬁsca-

2130 825 2257 877 lium
2309 823 2626 876 tributorum
2681 814 3107 887 impetravitzad
3153 830 3269 883 qua:
3310 813 3566 868 beneficia
3609 829 3697 882 per

2129 914 2366 984 singulos
2411 910 2802 982 dispertienda,
2837 918 2983 962 tanta
3031 921 3092 961 se
3133 907 3384 962 castitate
3427 906 3694 970 continuit,

2131 1016 2186 1057 ut
2221 1019 2384 1060 nemo
2428 1018 2494 1058 ex
2531 1001 2616 1056 his
2659 1002 2833 1055 minus
2870 999 3160 1066 acciperet,
3195 1011 3352 1065 quam
3392 998 3436 1049 is
3475 1010 3577 1064 quo
3602 996 3698 1051 fue-

2131 1104 2250 1148 rant
2278 1095 2598 1163 impetrante
2625 1105 2899 1146 concessa.
2946 1087 3080 1142 Dum
3104 1088 3219 1140 hinc
3249 1096 3425 1140 tamen
3465 1100 3698 1153 gereren-

2133 1198 2235 1251 tur,
2270 1188 2322 1241 in
2351 1186 2639 1256 perniciem
2669 1183 2897 1252 Liguria:
2944 1193 3313 1250 possessorum
3344 1177 3365 1207 ‘
3395 1176 3590 1245 Pelagii
3618 1177 3698 1245 qui

2133 1297 2193 1335 ea
2249 1286 2563 1348 tempestate
2611 1277 2860 1346 pr.rturio
2912 1274 3192 1342 prielectus
3248 1280 3402 1334 erat,
3448 1270 3699 1338 repositus

2135 1369 2350 1424 militia:
2398 1366 2560 1422 ardor
2621 1365 2886 1420 efferbuit.
2929 1365 3058 1418 Nam
3106 1363 3499 1432 coemptionem
3551 1377 3698 1416 enor-

2136 1463 2317 1516 mitate
2363 1459 2678 1528 gravissima
2728 1458 2920 1512 tributa
2965 1457 3306 1525 duplicabat,
3356 1455 3700 1522 reddebatque

2135 1568 2273 1606 onus
2301 1553 2592 1623 geminum,
2616 1551 2760 1620 quod
2793 1551 3017 1619 simplex
3049 1549 3309 1604 sustinere
3338 1565 3440 1603 non
3482 1558 3698 1618 poterat.

2138 1643 2288 1702 Unde
2336 1656 2462 1694 mox
2513 1642 2578 1694 ad
2626 1651 2864 1694 sanctum
2918 1641 3089 1693 virum
3133 1651 3513 1707 oppressorum
3559 1638 3700 1692 turba

2138 1733 2426 1801 conﬂuxit;
2453 1732 2542 1801 qui
2570 1732 2718 1784 Iartus
2742 1729 3085 1784 succurrendi
3113 1729 3417 1784 occasiones
3443 1727 3702 1797 amplee'i-

462 1835 806 1890 dedicationis
839 1833 1131 1901 insignibus
1172 1831 1454 1884 adornato.
1491 1827 1772 1895 Extemplo
1813 1823 2034 1877 alterius
2069 1822 2110 1880 Β
2141 1831 2244 1887 t'ur,
2277 1834 2329 1878 et
2359 1839 2452 1890 pro
2480 1830 2790 1876 cunctorum
2842 1819 3158 1875 necessitate
3195 1820 3372 1873 alacer
3402 1819 3702 1882 ambulavit,

461 1928 699 1980 ecclesiae
751 1936 860 1978 tum
918 1925 1253 1978 columnatus
1300 1929 1520 1989 repente
1574 1920 1749 1986 paries
1803 1916 2036 1984 impulsu

461 2011 635 2071 caltidi
678 2015 938 2084 serpentis
968 2015 1172 2084 ejectus
1201 2021 1302 2066 est.
1334 2011 1516 2066 Voluit
1541 2007 1775 2077 experiri
1834 2007 1877 2059 si
1906 2003 2042 2058 mul-

465 2108 627 2172 tiplici
653 2108 766 2174 ejus
795 2105 964 2174 possit
993 2103 1273 2157 vexatione
1300 2099 1560 2154 subverti.
1605 2102 1674 2153 At.
1713 2097 1800 2150 ille
1837 2095 2042 2148 violeno

424 2232 427 2234 -
466 2201 586 2264 tior,
611 2212 678 2251 ne
707 2197 861 2249 malis
889 2195 1005 2260 ejus
1035 2194 1278 2255 cederet,
1307 2188 1641 2258 assurgcbat,
1678 2194 1733 2241 et
1761 2185 2040 2247 continuo,

465 2293 580 2345 sine
599 2290 824 2357 alicujus
850 2286 1110 2356 passionis
1132 2284 1346 2347 indicio,
1370 2282 1435 2336 ad
1459 2280 1849 2350 reparationem
1875 2277 2042 2341 iisius

468 2383 619 2450 plena
645 2395 702 2433 se
727 2377 979 2432 aviditate
1003 2375 1286 2430 sur-cinxit.
1311 2372 1484 2427 Nimio
1515 2379 1689 2424 tamen
1718 2367 2043 2422 universitas

469 2472 746 2525 tenebatur
773 2467 1066 2530 miraculo;
1095 2464 1236 2534 quod
1267 2465 1334 2518 ab
1372 2463 1490 2532 ipso
1520 2459 1701 2529 templi
1733 2459 1878 2511 tholo
1907 2456 2038 2510 arti-

469 2566 592 2616 lices
617 2577 736 2615 cum
768 2561 964 2628 ingenti
1007 2557 1249 2611 machina
1280 2564 1632 2609 corruerunt:
1661 2551 1836 2604 nullus
1864 2558 2038 2603 tamen

466 2665 648 2705 eorum
680 2658 772 2702 aut
795 2663 950 2703 crure
991 2646 1181 2700 debilis
1211 2646 1379 2698 factus
1419 2651 1520 2710 est,
1553 2650 1642 2694 aut
1669 2641 1842 2708 aliqua
1873 2654 2042 2692 mem-

467 2742 682 2795 brorum
715 2750 862 2809 parte
892 2745 1187 2792 truncatus.
1235 2735 1386 2801 Quod
1431 2731 1758 2788 orationibus
1804 2729 2040 2798 episcopi

465 2834 749 2902 contigisse
813 2840 1128 2885 cunctorum
1186 2826 1431 2881 sensibus
1485 2825 1685 2894 patuit;
1734 2833 1788 2876 ut
1843 2821 2036 2874 molem

467 2924 731 2992 propriam
786 2922 933 2976 ruina
983 2920 1298 2981 sustineret,
1331 2925 1386 2970 et
1433 2929 1465 2968 a
1507 2929 1632 2969 casu
1685 2929 1783 2968 suo
1836 2911 2040 2980 lapides

465 3013 933 3085 suspenderentur.
969 3007 1244 3080 Stupendo
1295 3018 1473 3062 tamen
1521 3002 1871 3060 ordinationis
1921 3003 2040 3068 ejus

465 3120 645 3171 cursu,
677 3120 835 3172 supra
858 3101 987 3156 dicti
1008 3101 1189 3168 Operis
1221 3098 1602 3168 perfectionem
1634 3096 1785 3149 labor
1808 3089 2068 3164 acct‘pit.‘

483 3198 596 3250 --'am
625 3202 995 3250 consummato
1023 3192 1240 3261 majoris
1279 3191 1521 3244 ecclesia:
1546 3191 1565 3220 ’
1599 3173 2037 3256 praeparationem
2069 3181 2114 3241 C

469 3286 691 3352 orditas,
725 3283 916 3354 raptim
946 3282 1012 3336 ad
1045 3281 1248 3350 fastigia
1295 3280 1481 3349 prisca:
1515 3279 1892 3333 incolumitatis
1919 3291 2038 3332 sur-

466 3377 670 3432 rexisse
713 3375 997 3444 conspexit
1039 3373 1255 3427 domum
1304 3372 1434 3435 Dei,
1485 3373 1573 3440 qui
1623 3371 1849 3426 necdum
1893 3385 2040 3425 com-

465 3479 678 3539 pererat
722 3467 1044 3522 inchoatam.
1093 3465 1296 3532 Quibus
1347 3475 1521 3520 tamen
1571 3465 1636 3520 ab
1681 3479 1747 3520 eo
1790 3463 2040 3519 celeriter

466 3562 690 3629 exactis,
718 3577 839 3616 mox
863 3575 922 3615 se
950 3559 1001 3614 in
1033 3560 1180 3614 illum
1206 3559 1416 3614 divinus
1445 3558 1594 3624 favor
1623 3556 1873 3612 ostendit.
1903 3555 2038 3610 Nam

465 3653 519 3708 in
549 3653 802 3722 ejusdem'
828 3653 952 3706 anni
991 3651 1258 3706 curriCUIo
1301 3665 1506 3704 summa
1551 3650 1854 3703 daemonum
1886 3647 2038 3701 turba

467 3747 532 3802 de
561 3747 793 3802 obsessis
832 3756 1111 3816 coeperunt
1153 3746 1386 3800 clamare
1415 3745 1749 3814 corporibus,
1777 3743 1953 3814 ﬂagris
1979 3758 2043 3800 se

465 3849 516 3894 et
542 3840 863 3895 cruciatibus
890 3839 1085 3902 nimiis,
1103 3843 1170 3892 ἰιι
1206 3839 1467 3908 fugerent,
1500 3839 1777 3892 Sacerdote
1801 3837 2037 3907 Epipha-

466 3931 556 3984 nio
588 3931 880 4000 imperante
909 3930 1181 4000 compelli.
1227 3931 1371 3995 Quos
1399 3932 1483 3983 ille
1525 3926 1729 3983 modica
1755 3943 1874 3983 cum
1914 3928 2038 3984 ﬂetu

464 4022 706 4076 oratione
737 4021 971 4090 profusa,
998 4023 1063 4074 ad
1093 4021 1286 4074 extima
1320 4030 1580 4073 terrarum
1613 4020 1838 4072 confinia
1869 4028 2040 4072 trans-

461 4115 744 4172 .mittebat,
777 4127 838 4164 ac
886 4111 1124 4182 diversis.
1152 4110 1374 4163 vocibus
1417 4110 1676 4175 ejnlantes
1727 4110 2038 4162 meritorum

455 4207 682 4257 suorum
715 4204 938 4272 urgebat
967 4203 1209 4272 imperio.
1255 4201 1358 4257 Sed
1401 4204 1675 4256 cum'talia
1707 4218 1804 4272 per
1845 4200 2039 4256 Christi

466 4295 904 4364 gratiamjugiter
937 4296 1153 4355 faceret.
1181 4293 1309 4347 nihil
1335 4294 1432 4348 sibi
1466 4294 1534 4347 de
1567 4294 2039 4363 prmsnmptionum

468 4387 676 4440 ﬂatibus
710 4388 1032 4442 assumehat.
1075 4385 1241 4441 Tollit
1269 4385 1409 4440 enim
1457 4385 1558 4439 illis
1591 4387 1710 4440 boni
1742 4386 1915 4440 meriti
1948 4401 2041 4455 p0-

469 4477 719 4538 tentiam,
769 4479 961 4546 quibus
1029 4477 1370 4546 supercilium
1439 4477 1627 4531 fiducia
1699 4472 2037 4547 benignitatis

469 4567 722 4622 attulerit.
2071 4551 2121 4610 Ι)

540 4731 552 4760 ¹
589 4727 823 4782 Adscitus
860 4729 911 4780 iu
951 4743 1164 4796 regnum
1203 4727 1494 4797 Odovacer]
1540 4728 1780 4796 Regnum
1811 4728 1905 4790 ait,
1936 4744 2040 4782 nott
2063 4718 2078 4734 ’

453 4800 789 4866 imperium:
821 4799 940 4867 quia
989 4799 1227 4854 Odoacer
1275 4801 1446 4866 ejecto
1494 4817 1543 4851 tn
1586 4799 1828 4851 exsilium
1868 4803 2037 4866 Augu-

471 4871 633 4933 stulo,
665 4869 946 4938 deletoque
979 4869 1332 4922 Romanorum
1385 4870 1628 4935 intrerio,
1654 4869 1790 4935 regis
1839 4879 2040 4922 tantum

471 4940 586 4992 sine
632 4955 858 5008 purpura
905 4948 958 4992 ct
1002 4939 1312 5005 in~ignihus,
1346 4956 1448 4991 non
1481 4939 1698 4998 Augusti
1733 4954 1922 4991 nomen
1952 4943 2040 4991 as;

471 5010 716 5074 sumpsit,
748 5025 917 5077 eoque
943 5019 1220 5063 contentus
1252 5010 1410 5062 Italia:
1444 5009 1646 5074 praefuit
1675 5023 1842 5061 annos
1877 5010 2042 5063 fettne

477 5080 560 5133 Η.
593 5079 755 5133 Vetus
778 5077 1098 5134 Chronicum
1134 5080 1411 5132 consulare
1446 5081 1670 5132 levatum
1707 5095 1884 5148 regem
1921 5094 2043 5144 pro-

471 5151 545 5200 ιΙι
579 5165 605 5201 x
638 5151 733 5201 cal.
784 5149 1133 5217 Septembris,
1174 5160 1224 5203 ct
1271 5150 1454 5218 quinto
1508 5161 1620 5217 post
1667 5150 1750 5203 die
1800 5152 2044 5204 Orestem

472 5219 520 5270 iu
550 5223 829 5273 erleetum.

544 5291 562 5318 ⁵
596 5289 799 5343 Scliott.
834 5297 887 5342 et
919 5288 1072 5350 Boll.,
1109 5290 1497 5358 rrpnratimicm.

543 5358 562 5386 ³
597 5359 945 5430 Quinqueiiuii
967 5359 1297 5430 vacationem]
1326 5361 1432 5430 Bon
1475 5377 1586 5412 tum
1615 5360 1910 5428 principum
1934 5373 2048 5413 mos

470 5439 570 5486 est,
602 5429 799 5482 attritis
848 5427 987 5482 bello
1025 5429 1110 5482 vel
1152 5429 1252 5481 alia
1282 5427 1384 5483 “ρ;ιι
1427 5427 1944 5483 ιιιίιςιισεἱνῖιςιιιιιιιδ
1981 5442 2043 5482 ac

475 5498 781 5564 provinciis,
806 5513 1030 5552 onerum
1060 5500 1311 5552 liscalium
1346 5504 1622 5551 vacatione
1650 5511 1732 5550 aut
1766 5499 2043 5562 indulgen-

475 5569 545 5638 tia
576 5568 878 5638 subvenire.
911 5569 997 5622 Sic
1043 5569 1167 5621 olim
1201 5571 1580 5622 Constantinus
1615 5567 1800 5620 AStlua‘!
1844 5568 2041 5620 cuitali

475 5636 702 5702 gnaviter
732 5639 851 5688 atIIit
873 5647 936 5690 ltl.‘
967 5641 1308 5706 quinquennii
1347 5641 1418 5691 rel
1446 5655 1544 5705 qua
1581 5639 1799 5689 rt-iuisit‘.
1847 5639 2040 5689 liumr-

389 5731 400 5745 η
477 5719 596 5753 mus
623 5708 800 5757 rhetor
826 5725 835 5756 ;
867 5711 1096 5773 Quinque
1121 5726 1369 5761 minorum
1401 5712 1541 5758 nolis
1571 5708 1758 5772 telique
1790 5709 2042 5758 remisisti.

478 5775 523 5826 υ
564 5775 774 5825 lustrum
820 5777 1048 5830 omittlms
1076 5779 1248 5832 lustris
1299 5779 1534 5846 felit'iitsl
1582 5777 1640 5829 Et
1687 5777 2046 5830 'I‘hcodcrit‘tts

2142 1912 2404 1982 poposcit,
2431 1911 2679 1966 obtinuit.
2705 1908 2809 1963 Sed
2833 1909 2954 1977 quid
2981 1908 3174 1962 frustra
3191 1911 3360 1978 gestio
3385 1907 3704 1976 singulorum

2140 2005 2347 2072 species
2392 2002 2630 2056 laborum
2676 2003 2791 2071 ejus
2833 2002 2916 2055 vel
2958 1999 3154 2053 formas
3191 1999 3388 2067 eloqui,
3412 1999 3538 2052 dum
3577 1999 3704 2066 quod

2143 2111 2246 2149 non
2289 2095 2522 2163 explicat
2566 2095 2910 2164 possibilitas,
2945 2089 3216 2160 praesumit
3253 2090 3496 2154 allectus,
3529 2089 3706 2158 datque

2143 2188 2424 2240 terminum
2488 2188 2673 2240 latiora
2725 2185 3065 2254 opinantibus
3113 2183 3377 2237 sermonis
3431 2180 3705 2250 angustia?

2145 2281 2376 2334 Fui-runt
2425 2290 2601 2334 tamen
2640 2282 2738 2333 ista
2784 2277 3129 2332 sacratissimi
3177 2277 3315 2330 vatis
3350 2276 3707 2338 desideria,'ut

2142 2388 2261 2424 cum
2305 2347 2716 2426 innumerabilia
2759 2370 2975 2435 faceret,
3005 2375 3214 2438 optaret
3243 2367 3310 2422 de
3339 2366 3582 2420 laudibus
3609 2367 3706 2418 suis

2142 2475 2228 2514 aut
2263 2461 2405 2515 nulla
2435 2470 2526 2514 aut
2556 2475 2721 2530 pauca
2760 2460 3064 2530 perstringi.
3113 2457 3262 2514 Unde
3300 2458 3344 2512 si
3386 2457 3512 2526 quid
3547 2461 3707 2510 minus

2143 2552 2318 2619 lingua
2362 2567 2564 2620 pauper
2601 2552 2808 2620 aperui,
2834 2550 3157 2605 audientium
3189 2559 3242 2604 et
3280 2550 3571 2619 Iegentimu
3600 2563 3706 2602 scn-

2143 2645 2288 2698 stbus
2309 2644 2646 2713 derelinquo.

2216 2737 2340 2788 I‘ost
2381 2737 2577 2790 multas
2617 2745 2793 2791 tamen
2835 2750 2965 2802 quas
2993 2735 3131 2804 apud
3163 2735 3499 2790 Odovacrem
3543 2748 3708 2803 regem

2146 2829 2437 2898 legationes
2486 2825 2745 2883 violentia.
2790 2827 3191 2896 snpplicatioois
3236 2827 3448 2896 exegit,
3492 2825 3711 2894 disposi-

2144 2922 2290 2975 tione
2329 2919 2563 2974 ccelestis
2611 2920 2817 2988 imperii
2849 2921 2913 2971 ad
2941 2918 3144 2972 Italiam
3178 2919 3197 2947 ⁸
3224 2917 3587 2971 Theodericus
3627 2930 3710 2969 rex

2143 3029 2260 3068 eum
2287 3014 2546 3067 immensa
2577 3012 2788 3067 roboris
2815 3013 2894 3065 sui
2922 3012 3259 3066 multitudine
3288 3011 3629 3076 commeavit,
3653 3012 3712 3064 ad

2142 3121 2297 3175 quem
2339 3105 2424 3158 vir
2452 3103 2846 3174 integerrimus,
2880 3103 3005 3156 dum
3047 3102 3328 3157 Mediolani
3364 3102 3474 3170 jam
3525 3102 3714 3171 positus

2143 3209 2306 3265 esset,
2337 3198 2591 3254 excurrit.
2625 3197 2792 3265 Quem
2834 3211 2953 3250 cum
3001 3196 3087 3249 ille
3131 3210 3315 3264 regum
3349 3193 3714 3264 phestantissi-

2144 3314 2261 3353 mus
2303 3296 2480 3352 cordis
2528 3295 2695 3350 oculis
2744 3295 3081 3360 inSpex‘sset,
3113 3302 3164 3345 et
3209 3291 3364 3345 solita
3406 3291 3592 3358 judicii
3638 3289 3712 3343 sui

2141 3389 2475 3444 Sacerdotem
2522 3369 2762 3442 nostrum
2812 3386 2942 3440 libra
2992 3392 3275 3453 pensaret,
3328 3383 3538 3438 invenit
3577 3384 3626 3436 in
3653 3396 3714 3436 eo

2143 3481 2350 3551 pondus
2381 3479 2616 3534 omnium
2660 3487 2910 3531 constare
2950 3476 3225 3541 virtutum,
3253 3474 3405 3542 cujus
3443 3474 3712 3543 integrita-

2142 3583 2247 3626 tem
2282 3572 2425 3625 velut
2468 3557 2740 3624 fabrilibus
2774 3570 2925 3624 lineis
2956 3571 3020 3623 ad
3059 3571 3494 3638 perpendiculum
3531 3573 3715 3627 mentis

2141 3677 2393 3717 emensus
2417 3671 2498 3716 est
2524 3679 2536 3712 :
2561 3660 2649 3729 qui
2673 3660 2760 3714 tali
2784 3661 2920 3730 apud
2951 3676 3078 3714 suos
3108 3661 3172 3715 de
3203 3661 3290 3714 illo
3317 3673 3571 3716 sermone
3599 3676 3717 3716 usus

2141 3762 2253 3808 ert:
2295 3772 2314 3804 ι
2353 3753 2492 3808 Ecce
2521 3753 2811 3817 hominem,
2841 3753 2923 3805 cui
2956 3761 3094 3805 totus
3121 3753 3309 3806 Oriens
3338 3753 3571 3807 similem
3617 3769 3714 3806 non

2144 3844 2301 3897 habet
2329 3861 2340 3896 :
2366 3858 2522 3911 quem
2555 3843 2770 3908 vidisse,
2804 3842 3078 3908 prmmium
3125 3850 3237 3905 est;
3266 3857 3384 3895 cum
3421 3859 3533 3910 quo
3572 3832 3718 3896 habi-

2145 3948 2278 3998 tare,
2303 3936 2585 3989 securitas.
2633 3933 2948 3988 Fortissimo
2988 3949 3144 3987 mttro
3189 3933 3486 3988 Ticineusis
3534 3936 3718 3990 civitas

2143 4025 2392 4078 incolumi
2426 4027 2526 4078 isto
2569 4025 2813 4089 vallatur,
2849 4039 2983 4094 quos
3027 4026 3426 4095 impugnantum
3471 4028 3617 4081 nulla
3647 4029 3720 4080 vis

2144 4117 2310 4184 possit
2367 4117 2499 4169 obtu
2538 4132 2626 4178 re,
2669 4131 2800 4183 quos
2861 4131 3192 4186 nequaquam
3256 4118 3489 4171 Balearis
3552 4119 3721 4172 funda“.

2145 4210 2520 4263 transe-ndant
2540 4223 2817 4262 excursus.
2845 4209 2898 4264 Si
2929 4225 3029 4277 qua
3063 4210 3354 4265 necessitas
3384 4212 3531 4264 iu'er
3560 4212 3722 4264 undis

2142 4304 2492 4357 certaminum
2542 4303 2849 4370 accesserit,
2883 4313 3048 4356 tutum
3096 4311 3178 4358 est
3223 4305 3360 4372 apud
3413 4306 3575 4358 istum
3619 4319 3722 4356 ma-

2147 4405 2278 4448 trem
2314 4393 2538 4448 familias
2591 4395 2899 4463 deponerc,
2950 4406 3001 4448 et
3055 4396 3354 4464 expeditum
3410 4397 3724 4449 excursibus

2147 4485 2375 4539 militare
2408 4484 2688 4538 bellorum.
2718 4503 2735 4534 ι
3480 4544 3487 4550 ,

2219 4577 2424 4629 Interea
2467 4572 2769 4628 perduelles
2809 4573 3014 4626 animos
3054 4572 3279 4628 dedititii
3315 4575 3587 4628 exercitus
3619 4589 3726 4625 mu-

2150 4731 2433 4797 prnvint'iae
2461 4728 2666 4796 Alpium
2690 4728 3003 4790 Cotti-trum,
3029 4729 3149 4796 quia
3177 4730 3441 4782 exercitus
3467 4745 3563 4795 per
3591 4731 3728 4782 illam

2151 4801 2456 4863 transierat,
2473 4800 2640 4852 tertiae
2655 4799 2956 4852 indictiouis
2975 4801 3170 4852 tributa
3192 4801 3464 4852 relaxavit.
3483 4804 3727 4854 CtISSIt-ti.

2149 4873 2220 4924 lib
2271 4887 2340 4937 ιη,
2371 4872 2524 4939 epist.
2558 4869 2644 4923 '56.

2156 4954 2159 4956 '
2220 4941 2240 4970 ’θ
2277 4941 2473 5012 Pelagii
2493 4942 2578 5009 qui
2602 4950 2840 5012 pruriat-to
2865 4939 3148 5008 profectus]
3188 4939 3563 4993 Pra‘lt-ictornm
3592 4941 3729 4992 enim

2151 5011 2525 5085 prartoriir’erat
2557 5011 2751 5085 tributa
2785 5014 3022 5085 exigere,
3058 5015 3172 5085 τοὺς
3213 5015 3521 5085 ῥττανταχοῦ
3549 5014 3730 5085 φόρους

2151 5083 2233 5154 διὰ
2257 5087 2355 5137 τῶν
2381 5084 2794 5154 ὐηηρετουμένων
2833 5083 3006 5154 αὐτοζς
3038 5084 3378 5154 εἰσπράττεινν
3413 5095 3466 5133 ιιι
3501 5083 3730 5147 loquitur

2153 5153 2398 5206 Zosimus
2440 5150 2533 5205 Itb.
2567 5168 2638 5204 tv.
2667 5151 2930 5204 Caeterum
2967 5150 3175 5218 Pelagio
3203 5153 3324 5204 huic
3350 5163 3504 5203 artae
3536 5169 3730 5217 snppar

2157 5223 2400 5291 Pelagius
2425 5224 2561 5276 alter
2591 5221 2860 5287 patricius,
2887 5222 2967 5273 vir
2991 5221 3232 5275 eximius.
3261 5231 3310 5274 et
3343 5223 3545 5286 poetica
3584 5222 3732 5273 laude

2155 5293 2352 5354 clarus,
2386 5308 2540 5360 quem
2571 5291 2716 5343 Zeno
2746 5291 3012 5354 Angustus
3039 5306 3178 5342 anno
3205 5293 3309 5346 tuo
3341 5292 3568 5344 necavit.
3600 5293 3732 5341 Mar-

2153 5363 2375 5416 cellinus
2421 5376 2634 5423 comes,
2670 5361 2906 5428 Longino
2962 5375 2993 5412 ll
3043 5371 3095 5413 et
3142 5361 3334 5414 Fausto
3383 5377 3556 5420 ωδε..
3594 5361 3733 5414 Zt-ua

2153 5435 2276 5501 imp.
2308 5431 2506 5504 Pelagii
2535 5433 2706 5500 gulam
2741 5433 2788 5482 in
2829 5429 2996 5483 imula
3025 5448 3138 5504 quin
3173 5431 3484 5483 Pauormum
3515 5433 3730 5496 dicitur,

2153 5503 2321 5571 frangi
2353 5517 2470 5566 prmi
2488 5501 2598 5570 ipit.

2224 5521 2320 5553 mu
2389 5521 2598 5554 rivum.

2224 5573 2243 5601 ⁵
2271 5521 2612 5624 i'ltiiodcricus
2646 5567 2756 5634 reri
2793 5571 2942 5624 Anno
2972 5571 3072 5625 489
3102 5569 3472 5633 Cassiodorus,
3509 5571 3732 5623 Prohinc

2153 5653 2196 5695 ct
2239 5641 2453 5694 Eusebio
2503 5656 2633 5694 coss.
2677 5643 2995 5706 felicissimus
3035 5651 3182 5710 atque
3217 5644 3516 5710 fortissimus
3558 5649 3618 5692 II.
3663 5643 3728 5693 Ν.

2155 5731 2239 5765 nar
2264 5711 2599 5764 Theodericus
2631 5713 2832 5763 intrarit
2861 5710 3084 5764 Italiam.
