3974 6366
250 301 256 307 ο
290 303 320 326 κ
1174 281 1325 336 VlTA
1365 281 1422 334 Β.
1467 279 1797 335 ΕΓΙΡΙΙΧΝΙΙ
1832 275 2132 334 ΕΡἸΞΟΟΡΙ
2171 277 2568 334 TlClNENSlS.

3406 281 3510 336 226

249 401 508 456 tationum
539 394 771 450 incendit
792 393 1011 446 ambitio
1037 411 1047 444 :
1075 408 1299 461 quorum
1327 401 1488 459 caput
1517 394 1529 422 ¹
1558 391 1686 444 Tufa
1714 390 1828 453 fuit,
1863 393 1908 448 Α
1938 390 2233 442 enarranda
2285 391 2456 456 lingua
2510 404 2611 441 nou
2665 389 2909 442 sufficiet.
2964 387 3121 441 Juvat
3167 392 3308 444 enim
3364 402 3508 445 certa

247 498 410 550 homo
442 494 494 546 in
530 492 865 561 perfugarum
896 489 1115 543 infamio
1147 490 1329 543 notitia
1363 492 1525 542 veteri
1562 487 1822 555 pollutus:

246 585 336 650 qui
382 584 636 650 concepit
680 589 873 642 mente,
905 589 962 633 ut
999 593 1059 633 se
1098 577 1394 646 desperatis
1435 578 1671 645 partibus
1707 591 1824 628 cum

245 675 444 742 ingenti
475 671 814 726 multitudine
838 671 1122 724 redderet:
1147 667 1285 736 quod
1318 667 1442 720 dum
1466 667 1828 720 Theodericus

245 781 337 818 rex
400 763 679 832 principali
741 760 1099 814 sollicitudine
1160 758 1522 825 cognovisset,
1573 756 1828 810 continuo

243 870 461 906 ornnem
495 854 636 906 illam
667 867 823 918 quam
868 859 1007 904 totus
1034 850 1232 905 Oriens
1271 849 1356 902 vix
1397 848 1666 916 sustinuit,
1699 861 1826 901 con-

244 945 407 996 traxit
455 959 705 1006 manum,
736 953 894 1010 atque
941 941 1006 995 ad
1056 940 1351 995 Ticinensis
1393 939 1618 994 civitatis
1663 953 1826 1007 angu-

240 1033 401 1086 stiam
449 1032 697 1088 contulit.
739 1031 956 1084 Videres
1005 1031 1189 1084 urbem
1233 1031 1547 1083 familiarum
1593 1029 1824 1083 coetibus

241 1132 542 1176 scatentem
572 1140 584 1172 :
609 1121 886 1174 domorum
907 1120 1214 1172 immanium
1239 1120 1466 1172 culmina
1491 1121 1538 1170 in
1565 1120 1820 1185 angustis-

240 1214 394 1266 simis
461 1221 701 1266 resecata
763 1212 1038 1279 tuguriis:
1083 1224 1328 1263 cerneres
1384 1225 1411 1262 a
1468 1208 1823 1261 fundamentis

241 1299 468 1355 :edilicia
511 1302 766 1355 immensa
807 1301 1061 1368 migrare;
1097 1315 1193 1354 nec
1222 1300 1286 1351 ad
1320 1297 1675 1365 recipiendam
1727 1297 1820 1351 ha-

244 1392 528 1446 bitantium
599 1391 917 1445 densitatem
984 1392 1156 1444 solum
1217 1389 1386 1458 ipsum
1456 1403 1610 1457 posse
1677 1387 1825 1441 suffi-

243 1498 387 1537 cere.

317 1575 460 1630 Inter
483 1574 598 1629 haec
627 1574 715 1628 ille
745 1575 798 1627 in
829 1574 979 1627 bonis
1011 1573 1089 1627 vir
1114 1573 1607 1640 exercitatissimus,
1642 1574 1693 1625 in
1717 1585 1823 1640 quo

243 1665 545 1720 animorum
603 1665 898 1734 amplitudo
942 1666 1148 1719 cunctis
1202 1663 1464 1732 pandebat
1511 1679 1819 1728 accessum,

1933 494 2157 546 qumque
2188 479 2496 546 decerpere,
2533 478 2619 531 ubi
2664 489 2788 532 sunt
2832 480 3008 532 omnia
3053 480 3358 533 admiranda
3390 497 3511 548 qua:

1931 566 2154 619 referas.
2200 566 2310 620 Sub
2365 567 2455 618 tali
2503 582 2662 621 cruce
2709 568 2996 620 triennium
3042 568 3224 630 duxit,
3261 568 3360 621 soli
3405 569 3510 620 υμο

1930 655 2175 707 dolorum
2221 669 2441 707 suorum
2490 665 2692 708 secreta
2746 655 3112 720 manifestans,
3141 673 3167 708 a
3197 673 3300 724 quo
3348 659 3506 712 mini-

1928 744 2085 796 strari
2110 743 2208 796 sibi
2239 743 2628 796 clandestinum
2657 745 2908 811 poscebat
2935 746 3205 798 auxilium.

2001 833 2128 887 Post
2177 835 2300 887 hinc
2345 835 2601 904 digressis
2643 834 2865 898 Gothis,
2911 835 2931 865 ³
2979 836 3162 890 civitas
3210 837 3512 892 Ticinensts

1930 922 2094 992 Rugis
2123 931 2204 977 est
2235 923 2446 986 tradita,
2477 922 2777 978 hominibus
2823 925 2968 978 omni
3010 925 3216 980 feritate
3255 942 3504 982 numam-

1929 1015 2028 1068 bus
2058 1057 2070 1078 ,
2097 1030 2231 1084 quos
2272 1025 2429 1069 atrox
2473 1026 2529 1070 et
2567 1016 2756 1069 acerba
2789 1015 2868 1068 vis
2897 1015 3193 1068 animorum
3227 1018 3290 1069 ad
3334 1020 3513 1086 quOti-

1926 1108 2083 1162 diana
2107 1108 2307 1162 scelera
2337 1107 2656 1161 sollicitabat
2684 1125 2695 1159 :
2721 1106 2862 1160 diem
2896 1108 3147 1172 putabant
3171 1112 3392 1176 perisse,
3418 1113 3511 1180 qui

1926 1193 2046 1250 illos
2073 1195 2186 1250 sine
2219 1197 2451 1250 facinore
2477 1214 2600 1251 casu
2629 1198 2805 1266 aliquo
2838 1198 3224 1251 interveniente
3260 1200 3496 1267 fugisset.

1925 1288 2067 1355 Quos
2097 1299 2269 1342 tamen
2302 1291 2640 1343 beatissimus
2679 1291 2905 1343 antistes
2941 1305 3246 1344 sermonum
3284 1309 3501 1346 suorum

1888 1427 1902 1438 ,
1928 1379 2085 1432 melle
2115 1379 2390 1446 delinihal,
2418 1389 2473 1433 ut
2498 1379 2658 1433 effera
2701 1379 2860 1434 corda
2892 1382 3197 1434 auctoritati
3225 1383 3508 1437 submitte-

1925 1485 2045 1530 rent
2075 1477 2390 1544 sacerdotis,
2419 1486 2472 1530 ct
2500 1491 2681 1532 amare
2708 1477 2980 1533 discerent
3032 1495 3258 1547 quorum
3287 1487 3505 1548 pectora

1925 1568 2063 1622 odiis
2093 1583 2304 1638 semper
2335 1569 2498 1624 fuisse
2527 1569 2767 1623 dedicata
2799 1570 3165 1638 cognovimus.
3208 1571 3400 1625 Mutata
3431 1579 3511 1625 est

1929 1673 2023 1727 per
2053 1659 2302 1712 meritum
2336 1660 2477 1714 illius
2509 1662 2828 1728 perversitas
2871 1661 3152 1727 naturalis,
3187 1663 3313 1715 dum
3354 1662 3509 1716 inho-

244 1766 608 1826 opportunum
636 1755 738 1810 sibi
769 1757 1060 1825 conjiciens
1108 1765 1314 1824 tempus
1356 1755 1568 1820 offerri,
1601 1771 1706 1824 quo
1731 1755 1824 1810 be-
1858 1750 1904 1810 Β
1932 1750 2075 1803 noris
2104 1750 2366 1804 mentibus
2404 1751 2550 1804 radix
2583 1751 2875 1818 peregrina:
2902 1750 3038 1819 apud
3069 1752 3190 1804 illos
3218 1752 3512 1806 affectionis

249 1848 526 1918 nignitatis
558 1863 667 1902 sua:
707 1849 862 1916 pleno
901 1857 1082 1902 austro
1113 1848 1228 1902 vela
1276 1848 1498 1912 laxaret,
1529 1858 1582 1901 et
1618 1855 1824 1915 portum

246 1937 437 2007 gloriae
490 1953 580 2006 per
620 1938 887 1991 variarum
939 1940 1177 1992 notitiam
1234 1938 1468 2008 gentium
1515 1948 1570 1993 et
1615 1949 1826 1992 actuum

244 2028 615 2083 celebritatem
664 2029 895 2083 secunda
947 2028 1283 2098 navigatione
1331 2029 1654 2098 pertingeret
1682 2045 1694 2080 :
1723 2026 1827 2095 pri-

247 2132 400 2172 more
433 2119 486 2172 in
532 2118 671 2183 loco,
694 2119 836 2186 quod
878 2118 1034 2171 nulla:
1072 2119 1271 2172 charta:
1316 2125 1575 2182 veterum,
1601 2117 1730 2170 nulli
1767 2117 1828 2170 li-

245 2210 464 2265 brorum
497 2212 566 2266 de
594 2227 913 2281 quocunque
945 2212 1232 2280 loquuntur
1259 2210 1509 2274 annales,
1540 2209 1680 2277 quod
1707 2225 1826 2264 cum

244 2313 466 2372 stupore
498 2304 699 2357 relator
727 2303 980 2370 affirmet,
1015 2304 1094 2357 vel
1125 2320 1246 2358 cum
1275 2303 1627 2357 admiratione
1664 2302 1830 2357 lector

244 2393 518 2458 admittat,
544 2404 600 2448 ut
621 2409 742 2449 cum
767 2395 1108 2466 sagacissima
1134 2407 1290 2462 gente
1314 2393 1574 2457 habitans,
1593 2401 1646 2446 et
1670 2407 1826 2460 quam

247 2483 390 2538 nulla
421 2485 785 2553 suspicionum
811 2501 937 2538 aura
965 2487 1326 2554 prmlervolat,
1357 2486 1407 2540 in
1439 2487 1597 2540 rebus
1628 2487 1824 2552 dubiis,

246 2575 458 2644 quando
484 2586 662 2630 metus
707 2576 925 2644 periculi
964 2577 1123 2630 etiam
1158 2577 1302 2631 milia
1348 2586 1530 2632 contra
1563 2579 1829 2647 quoslibet

246 2666 405 2721 corda
438 2668 710 2729 sollicitat,
737 2668 815 2723 sic
854 2667 953 2722 illis
1001 2669 1344 2723 fidelissimus
1384 2669 1604 2732 exstitit.
1637 2681 1694 2724 ut
1731 2671 1829 2724 ini-

249 2757 415 2811 micos
445 2773 633 2812 eorum
661 2768 770 2812 toto
796 2760 1070 2814 devinctos
1094 2769 1296 2815 teneret
1325 2759 1537 2825 affecm,
1559 2772 1610 2816 et
1641 2765 1659 2792 ²
1692 2764 1831 2817 inter

247 2850 574 2922 dissidentes
601 2851 868 2919 principes
900 2852 1044 2906 solus
1085 2861 1228 2906 esset
1271 2851 1359 2920 qui
1404 2867 1530 2920 pace
1562 2853 1830 2906 frueretur

249 2941 553 2995 amborum.
586 2937 901 3011 'Applieabat
941 2943 1081 2995 enim
1121 2943 1186 2995 ad
1231 2943 1605 3011 compendium
1651 2943 1825 3004 unius,

247 3030 504 3098 quidquid
555 3033 906 3100 praestabatur
944 3032 1010 3085 ab
1049 3036 1217 3087 altero
1253 3043 1340 3086 :et
1381 3035 1672 3088 reverentia
1707 3050 1825 3103 per-

1932 1841 2200 1896 inseritnr.
2232 1842 2361 1907 Quis
2400 1843 2516 1896 sine
2559 1842 2744 1911 grandi
2783 1852 2999 1910 stupore
3046 1842 3232 1896 credat
3262 1843 3512 1896 dilexisse

1929 1940 1984 1985 et
2019 1931 2258 1985 timuisse
2299 1929 2476 2000 Rugos
2503 1931 2836 1999 episcopum,
2867 1939 2921 1984 et
2963 1931 3279 1992 catholicum
3309 1940 3362 1984 et
3410 1931 3512 1984 Ro-

1931 2039 2169 2087 manum,
2197 2024 2283 2091 qui
2337 2038 2554 2089 parcere
2608 2023 2822 2091 regibus
2878 2022 2961 2076 vix
3014 2022 3333 2091 dignantur?
3378 2023 3508 2076 Cum

1929 2112 2123 2180 quibus
2152 2123 2326 2166 tamen
2359 2112 2620 2181 integrum
2647 2127 2782 2182 pene
2805 2111 3076 2165 biennium
3103 2113 3281 2182 exegit
3309 2112 3510 2178 taliter,

1932 2213 1989 2258 ut
2026 2204 2095 2259 ab
2133 2220 2198 2260 eo
2236 2205 2427 2259 flentes
2469 2205 2836 2266 discederent,
2871 2205 3030 2258 etiam
3072 2203 3139 2258 ad
3185 2213 3427 2271 parentes
3461 2215 3512 2259 et

1931 2297 2162 2350 familias
2201 2297 2518 2365 regressuri.
3002 2353 3003 2356 η

2003 2386 2288 2455 Postquam
2314 2402 2438 2440 vero
2466 2386 2742 2454 perfuncta
2771 2402 2854 2439 res
2881 2394 2963 2440 est
2987 2385 3182 2439 misero
3207 2384 3512 2453 exitialique

1932 2477 2098 2544 bello,
2124 2487 2178 2531 et
2217 2477 2344 2531 vicit
2387 2477 2432 2531 is
2489 2478 2640 2545 cujus
2694 2485 2812 2546 post
2865 2477 3186 2544 triumphum
3233 2475 3511 2542 spoliatum

1929 2567 2114 2636 vagina
2153 2566 2384 2636 gladium
2430 2567 2607 2619 nullus
2655 2566 2877 2631 aspicit;
2911 2565 3001 2634 qui
3047 2566 3512 2634 praesumptionem

1929 2661 2195 2714 exercitus
2239 2658 2321 2713 sui
2366 2674 2484 2712 cum
2537 2660 2720 2727 pra-lio
2752 2658 3093 2710 terminavit:
3121 2658 3260 2710 illico
3291 2671 3510 2725 aggres-

1930 2767 2022 2806 sus
2064 2763 2145 2806 est
2187 2751 2520 2806 venerandus
2569 2751 2803 2818 [lOIIIllt'X
2852 2749 2918 2803 de
2961 2749 3104 2803 urbis
3135 2764 3245 2803 sua:
3293 2763 3506 2815 repara-

1929 2845 2072 2896 tione
2113 2852 2560 2910 traetarezquam
2615 2851 2671 2895 ut
2721 2844 2948 2909 primum
2999 2840 3174 2905 dignis
3221 2839 3511 2906 compleret

1931 2935 2336 2998 habitatoribus,
2366 2934 2619 3001 spiritalis
2662 2934 2932 3000 prospexit
2967 2931 3354 2984 deliberatione
3379 2945 3508 2985 con-

1932 3026 2058 3080 silii.
2096 3027 2156 3079 Et
2188 3027 2308 3079 licet
2349 3040 2487 3088 eam,
2537 3034 2752 3090 precatu
2799 3022 2936 3075 illius
2977 3021 3220 3082 faciente,
3252 3019 3427 3072 nullus
3460 3021 3510 3073 in

247 3135 395 3174 sanae
421 3137 534 3175 sua:
560 3133 718 3190 atque
756 3122 1038 3178 dulcedine
1079 3126 1156 3179 sic
1198 3126 1468 3193 Iargientis
1500 3125 1828 3194 ternperahat
1853 3106 1898 3168 Ο
1933 3122 2230 3174 vastitatem
2292 3118 2600 3187 temporalis
2651 3117 2899 3186 procellzc
2958 3115 3114 3168 turbo
3176 3113 3507 3180 dispulerat;

245 3208 509 3277 animum,
541 3222 596 3266 ut
628 3214 932 3268 nullatenus
974 3219 1373 3280 accenderetur,
1407 3216 1453 3270 si
1482 3217 1680 3286 aliquid
1710 3233 1739 3270 a
1770 3231 1828 3271 se

245 3300 491 3358 beneficii
541 3321 638 3374 per
682 3307 988 3375 episcopum
1035 3317 1090 3360 et
1133 3308 1377 3360 inimicus
1418 3308 1703 3376 acciperet.
1737 3309 1828 3363 llle

247 3389 370 3458 fuit,
393 3394 535 3448 circa
566 3411 725 3464 quem
759 3411 889 3448 conc
931 3397 1097 3449 rdiam
1121 3405 1175 3450 ct
1201 3407 1494 3466 pugnantes
1523 3407 1822 3462 servarent,

245 3493 301 3535 et
326 3482 476 3548 cujus
504 3487 735 3550 quietem
767 3485 902 3538 bella
943 3503 1045 3538 non
1077 3486 1499 3554 ltcderent.Jam
1529 3489 1570 3540 si
1595 3489 1661 3542 ad
1697 3487 1824 3542 illud

246 3571 545 3637 veniamus,
575 3572 716 3642 quod
751 3574 1052 3642 quotidiana
1084 3586 1134 3626 et
1162 3576 1304 3643 ipsos
1355 3575 1601 3642 pascebat
1641 3576 1827 3630 burna-

246 3660 410 3714 nitate
457 3671 730 3729 raptores,
773 3675 826 3715 et
857 3663 984 3732 ‘illis
1029 3663 1166 3715 intra
1207 3663 1473 3718 civitatem
1522 3675 1825 3734 sumpturum

245 3755 550 3807 necessaria
580 3755 932 3819 ministrabat,
967 3755 1052 3824 qui
1101 3754 1231 3807 foris
1271 3755 1463 3822 prmdia
1497 3756 1636 3810 illius
1666 3760 1828 3810 conti-

247 3857 347 3896 nua
388 3845 641 3897 vastitate
682 3844 1008 3897 deleverant.
1045 3842 1174 3896 Nam
1218 3853 1292 3896 tot
1340 3843 1502 3896 millia
1552 3843 1824 3898 hominum

246 3947 350 3987 uno
399 3934 701 4001 eodemque
747 3944 1017 4002 tempore,
1069 3948 1188 3986 cum
1250 3932 1463 3986 diversa
1521 3944 1820 4002 poscerem,

247 4022 522 4078 reﬁciebat
570 4023 870 4090 blanditiis,
915 4022 1223 4075 humiliahat
1270 4022 1535 4090 alloquio,
1578 4020 1828 4089 pascebat

246 4115 580 4169 muneribus.
615 4114 672 4168 Si
699 4114 849 4180 cujus
887 4113 1040 4166 liberi
1083 4128 1347 4178 uxorque,
1380 4110 1608 4164 inimicis
1638 4125 1663 4161 a
1692 4127 1824 4171 qna-

246 4203 375 4260 libet
415 4213 566 4274 parte
621 4205 844 4258 fuissent
889 4203 1346 4270 intercipientibns
1394 4202 1654 4270 oceupati,
1688 4202 1825 4254 illico

245 4299 654 4366 supplicationis
698 4297 841 4350 illius
888 4295 1059 4362 pretio
1105 4294 1465 4349 reddebantur
1511 4296 1653 4357 suis,
1695 4307 1827 4361 quos

249 4391 362 4444 auri
387 4391 658 4444 redimere
688 4406 791 4441 non
821 4389 1079 4456 potuisset
1105 4387 1314 4440 effusio.
1342 4385 1466 4452 Regi
1498 4383 1822 4451 aptissimus,

1932 3226 2114 3280 parum
2163 3223 2337 3265 tamen
2376 3210 2627 3264 credebat
2673 3223 2828 3275 posse
2865 3206 3133 3268 sufficere,
3167 3206 3212 3258 si
3254 3213 3373 3273 post
3402 3205 3509 3259 rui-

1932 3318 2051 3356 nam
2085 3304 2318 3356 omnium
2352 3302 2577 3371 Liguria:
2603 3301 2872 3353 civitatum
2904 3297 3122 3350 Ticinus
3151 3297 3263 3349 suis
3290 3303 3494 3349 tantum

1929 3400 2176 3445 contenta
2255 3392 2516 3460 indTgeuis
2575 3391 2893 3444 exsultaret.
2968 3386 3147 3454 Cmpit
3215 3385 3507 3440 vicinarum

1931 3482 2137 3535 urbium
2169 3482 2421 3536 finitimos
2445 3495 2682 3550 ιιιιυειιιιρ
2713 3481 2777 3533 de
2803 3480 3006 3532 civibus
3032 3477 3283 3531 ﬂosculos
3307 3477 3506 3546 legere,

1929 3583 2089 3642 atque
2126 3574 2190 3624 ad
2236 3587 2362 3625 suos
2410 3572 2592 3624 hortos
2639 3571 2813 3624 cultor
2853 3570 2871 3599 ⁵
2920 3570 3203 3637 ιΙίΙεθιιιιτ
3253 3568 3507 3636 plantaria

1925 3664 2033 3733 jam
2093 3665 2311 3733 probata
2366 3663 2704 3731 portare,de
2756 3663 2948 3730 quibus
3006 3661 3140 3730 frugi
3187 3669 3242 3714 et
3287 3661 3507 3715 idoneus

1927 3757 2201 3825 aptissima
2232 3765 2449 3824 caperet
2479 3771 2632 3823 poma
2661 3769 2957 3822 possessor.

1999 3847 2205 3902 Interea
2229 3848 2400 3900 subita
2428 3847 2662 3900 animum
2697 3844 3119 3912 praestantissimi
3154 3843 3294 3910 regis
3326 3842 3505 3898 Theo-

1928 3939 2093 3994 derici
2123 3939 2437 3993 deliberatio
2466 3937 2762 4004 occupavit,
2796 3945 2850 3987 ut
2884 3934 2987 3986 illis
3018 3940 3219 3985 tantum
3257 3932 3507 3988 Romana:

1929 4031 2190 4086 libertatis
2232 4029 2319 4098 jus
2365 4029 2638 4091 tribueret,
2689 4040 2821 4094 quos
2869 4022 3104 4096 partibus
3153 4021 3318 4088 ipsius
3372 4023 3503 4074 fides

1929 4122 2227 4176 examinata
2255 4121 2518 4188 junxisset
2545 4137 2556 4172 :
2583 4119 2702 4174 illos
2739 4131 2864 4170 vero
2892 4129 3034 4183 quos,
3071 4112 3244 4181 aliqua
3278 4113 3506 4166 licet-ssi-

1930 4222 2010 4268 tas
2035 4214 2308 4277 diviserat,
2341 4213 2405 4266 ab
2448 4213 2594 4265 omni
2631 4209 2790 4278 jus-it
2813 4217 2866 4262 et
2893 4205 3118 4261 testandi
3149 4218 3198 4260 et
3229 4206 3507 4258 ordinatio-

1931 4320 2056 4357 num
2086 4320 2300 4357 suarum
2329 4319 2391 4356 ac
2427 4305 2754 4354 voluntatum
2789 4299 3005 4352 Lcentia
3036 4297 3359 4350 submoveri.
3393 4298 3504 4363 Qua

1929 4395 2189 4448 senten'ia
2234 4393 2582 4462 proinnlgata,
2614 4402 2667 4444 et
2707 4391 2908 4459 legibus
2942 4389 3080 4442 circa
3120 4388 3377 4455 plurimus
3415 4389 3502 4440 tali

244 4492 299 4536 el
341 4497 450 4550 pm
495 4481 699 4535 sanctis
751 4480 998 4533 omnibus
1054 4476 1372 4532 venerabilis
1430 4475 1725 4538 εκίειϐὺθι,
1774 4487 1829 4529 ιιι
1856 4471 1906 4530 D
1933 4484 2048 4555 lege
2075 4485 2310 4547 calca'is,
2341 4485 2584 4537 universa
2611 4481 2756 4547 Italia
2795 4479 3120 4533 lamentabili
3149 4478 3351 4545 justitia
3382 4478 3506 4532 sub-

241 4587 598 4643 quo-cunque
629 4570 989 4624 Romanorum
1036 4569 1263 4623 bellandi
1313 4568 1522 4621 licentia
1556 4566 1827 4621 hominum

241 4665 361 4733 ejus
392 4665 608 4719 iecisset
640 4677 758 4717 esse
786 4662 1044 4730 (aptivns,
1071 4677 1193 4714 mox
1223 4659 1295 4712 illi
1322 4659 1641 4720 restitueret,
1672 4673 1827 4726 quem

241 4754 359 4808 sola
421 4754 755 4819 intelligebat
806 4753 1029 4806 aliorum
1091 4752 1333 4806 libertate
1389 4750 1566 4804 ditari.
1630 4749 1830 4804 Deinde

240 4861 570 4901 enumerare
590 4860 848 4914 nequeam
867 4854 1062 4914 quanta
1086 4845 1175 4899 ille
1197 4845 1596 4912 subjugatorum
1619 4843 1829 4913 agmina

241 4939 363 4991 solo
389 4938 608 5006 proprio
640 4936 899 5002 reddidit;
931 4947 1147 5005 quanta,
1178 4953 1243 4989 ne
1272 4947 1613 4996 vexarentur,
1655 4934 1828 5002 impo-

237 5030 370 5082 suit.
402 5027 518 5080 Jam
553 5027 596 5080 si
628 5026 714 5081 illa
762 5039 1018 5091 retexam,
1052 5042 1181 5096 quas
1208 5027 1353 5079 inimi
1391 5043 1541 5079 orum
1583 5024 1832 5079 sustinuit

237 5120 597 5186 ittSoleatias,
646 5123 837 5190 quibus
883 5122 1140 5175 laboravit
1193 5119 1640 5184 immissionilms,
1688 5119 1832 5185 quali

236 5215 510 5285 procellas
550 5215 906 5284 peSsimorum
953 5214 1145 5268 virtute
1198 5212 1552 5281 contempsit,
1599 5212 1663 5264 ad
1717 5212 1832 5263 hazc

310 5348 328 5378 '
366 5345 531 5417 Tufa]
563 5347 790 5416 Liguria:
817 5355 972 5410 atjne
1001 5345 1233 5400 AEmilire
1263 5344 1581 5417 consularis,
1615 5352 1832 5417 utnon-

233 5418 374 5474 ttulli
409 5414 646 5470 tradunt.
681 5418 870 5470 Incidit
899 5418 1016 5484 ejus
1063 5418 1288 5470 defectio
1321 5416 1372 5468 in
1404 5430 1599 5467 annum
1635 5414 1756 5468 490.

263 5556 278 5567 ο
309 5491 332 5519 ³
369 5485 518 5539 Inter
547 5488 849 5542 dissidentes
871 5485 1147 5556 princines]
1179 5487 1475 5540 Odoacrem
1507 5495 1561 5539 et
1585 5485 1831 5538 Theode-

365 5574 442 5609 m.

231 5571 358 5659 Πομ
363 5626 558 5683 Civitas
580 5626 864 5682 Ticinensis
895 5627 1049 5694 lingis
1081 5637 1150 5678 est
1179 5625 1386 5679 tradiIcl
1430 5625 1448 5653 ‘
1469 5641 1566 5656 """
1607 5623 1702 5656 ’Μ

307 5696 337 5733 δ
365 5700 576 5754 δριιυιι.
608 5710 661 5754 et
696 5697 960 5761 Bolland.,
997 5697 1226 5766 diligens.

1926 4575 2160 4644 jacobat.
2196 4577 2215 4606 ⁸
2246 4575 2356 4629 ltur
2409 4589 2592 4629 rursus
2621 4572 2707 4626 ad
2763 4571 2907 4624 illum
2953 4570 3041 4638 qui
3094 4585 3251 4622 manu
3304 4569 3506 4623 mrdica

1935 4666 2162 4732 publicis
2207 4672 2559 4719 rousneverat
2618 4661 2903 4714 subvenire
2951 4657 3258 4711 vulneribus
3304 4674 3316 4708 :
3359 4657 3506 4723 cujus

1933 4751 2075 4808 fonte
2105 4769 2459 4808 aerumnarum
2487 4767 2630 4820 saepe
2662 4753 2832 4803 fuerat
2861 4747 3019 4802 ardor
3055 4747 3368 4802 exstinctus.
3407 4746 3506 4812 Qui

1933 4850 2057 4904 dum
2082 4867 2140 4904 se
2166 4850 2368 4903 diceret
2400 4829 2567 4901 solum
2600 4845 2664 4898 ad
2707 4853 2904 4897 tantam
2947 4841 3209 4896 sarcinam
3239 4845 3507 4894 sustinen-

1933 4942 2054 4997 dam
2090 4956 2194 4995 non
2225 4954 2380 5008 posse
2408 4937 2675 4999 sufficere,
2708 4943 2923 5002 rogatur
2961 4932 3156 5001 pariter
3187 4931 3508 4985 venerahi'is

1929 5031 2253 5094 Laurentius
2281 5025 2686 5086 Mediolanensis
2705 5023 2986 5092 cpiscopus
3012 5037 3022 5072 :
3049 5021 3135 5088 qui
3163 5019 3381 5086 profecti
3407 5031 3506 5070 una

1939 5099 2246 5172 Ravennam
2275 5119 2434 5170 etiam
2462 5117 2660 5184 pariter
2690 5121 3072 5184 pervenerunt,
3100 5109 3332 5176 suscepti
3358 5122 3506 5160 reve-

1935 5223 2137 5268 renter.
2189 5212 2472 5278 Pestquam
2521 5208 2628 5262 illis
2678 5205 2866 5274 agendi
2913 5203 3088 5257 aditus
3136 5200 3374 5254 l‘tClllSllS
3405 5204 3505 5258 cst,

2007 5348 2026 5378 ¹⁵
2061 5345 2172 5398 Itur
2197 5359 2372 5396 rursus
2402 5348 2467 5394 ad
2504 5339 2668 5409 illum]
2698 5339 2871 5410 Tertia
2903 5338 3017 5389 lttec
3047 5329 3326 5410 βιιίῐιιιῑιηίί
3361 5327 3504 5392 ίνέπ·

1935 5419 2032 5479 tio,
2063 5418 2112 5468 in
2151 5430 2252 5482 qua
2286 5414 2540 5482 collegam
2565 5405 3150 5482 habuitLaurentium
3198 5405 3505 5482 episcopum

2534 5480 2939 5533 Theodericum.
2970 5475 3036 5526 (le
3066 5465 3365 5531 abroganda
3394 5465 3512 5544 lt'ge

2564 5553 2752 5603 tulerat
2798 5547 2883 5613 qui
2935 5546 3241 5595 steteranta
3271 5533 3509 5604 partibus

1983 5627 2212 5682 doacris.
