3974 6366
516 294 608 351 251

1631 288 1898 342 ENNODII
1942 286 2241 341 EPISCOI'I
2281 284 2649 339 TICINENSIS

3641 287 3739 345 952

521 416 643 467 tium
681 412 829 466 turba
875 410 1127 465 confluxit
1164 427 1175 461 :
1205 407 1295 477 qui
1335 406 1533 461 affatim
1582 406 1930 460 admiratione
1983 422 2069 458 ca-
2106 411 2147 464 Α
2180 405 2335 458 debat
2374 405 2652 472 displicere
2678 418 2858 472 posse,
2891 403 2934 455 si
2964 401 3226 468 perderet.
3255 401 3311 454 tu
3334 408 3732 470 summamcapti

522 505 817 571 piebantur,
852 506 988 569 quod
1025 502 1107 553 illa
1137 509 1211 554 tot
1255 499 1549 567 linguarum
1599 500 1735 553 fama
1768 508 1871 551 tam
1916 499 2085 551 mino-

522 604 627 647 rem
651 607 708 646 se
738 594 787 644 in
822 591 942 653 isto,
967 589 1205 656 quamvis
1225 597 1365 642 esset
1386 589 1583 656 ampla,
1614 597 1972 641 monstraret:
2002 588 2086 640 cui

522 697 787 747 nunquam
834 680 1097 733 sufficeret
1133 687 1438 747 paupertate
1482 693 1809 741 sermonum,
1851 678 2089 748 quamvis

521 773 674 825 ditior
699 772 838 838 justo
864 779 1006 823 esset
1034 773 1085 822 in
1108 770 1346 839 reliquis.
1378 768 1706 823 Constitutus
1727 782 1853 836 ergo
1879 767 2091 822 videndi

521 875 695 929 regem
728 859 844 912 dies
878 875 889 909 :
926 860 987 911 ad
1019 874 1175 927 quem
1221 874 1340 913 cum
1386 860 1653 927 ingressus
1688 866 1790 922 est,
1821 857 2089 921 salutavit,

522 959 575 1002 et
595 963 687 1001 sua
716 959 937 1016 uterque
966 949 1169 1003 visione
1194 949 1354 1002 laetati
1381 958 1522 1003 sunt.
1563 948 1717 1002 Dedit
1744 961 1952 1000 Summo
1976 946 2093 1000 viro

520 1033 720 1099 Victori
778 1036 1066 1101 licentiam,
1112 1040 1153 1091 si
1202 1038 1409 1105 juberet
1439 1038 1574 1106 ipse,
1608 1037 1921 1105 principium
1951 1036 2093 1104 lega-

526 1127 688 1180 tionis
729 1127 894 1181 ordiri
923 1144 937 1180 :
963 1128 1051 1195 qni
1087 1128 1149 1180 ad
1176 1129 1321 1181 illum
1353 1143 1510 1181 omne
1546 1128 1751 1195 pondus
1792 1127 1991 1193 retulit,
2034 1134 2093 1179 ut

521 1213 622 1269 fuit
652 1216 716 1268 ad
748 1227 991 1269 cunctam
1017 1216 1368 1270 humilitatem
1400 1218 1783 1286 paratissimus.

590 1306 633 1359 E
660 1307 883 1374 vestigio
912 1308 1072 1360 decus
1104 1308 1267 1361 Italia:
1290 1310 1513 1361 antistes
1543 1318 1726 1361 noster
1751 1306 1943 1361 talibus
1974 1322 2093 1359 ver-

521 1396 605 1451 bis
629 1412 805 1466 regem
834 1398 996 1465 coepit
1025 1399 1172 1451 affari
1203 1417 1214 1449 :
1249 1417 1265 1449 ι
1296 1399 1695 1467 lnexplicabilis
1725 1398 1853 1451 mihi
1873 1398 1978 1465 jam
2000 1397 2095 1449 du-

524 1484 671 1549 dum,
721 1487 1095 1554 probatiSsime
1134 1488 1396 1556 princeps,
1434 1488 1592 1541 vestri
1623 1503 1771 1541 amor
1818 1488 2090 1555 imposuit,

524 1587 621 1639 per
649 1573 748 1626 iter
779 1574 916 1626 istud
954 1584 1136 1628 contra
1168 1584 1407 1629 naturam
1436 1585 1489 1629 et
1520 1586 1726 1645 tempus
1753 1577 1891 1630 bella
1918 1576 2092 1629 susvi-

525 1676 671 1731 pere,
694 1674 744 1718 et
774 1668 990 1719 crustati
1025 1668 1218 1721 montis
1246 1670 1479 1737 pericula
1514 1685 1617 1723 non
1648 1671 1834 1723 timere
1860 1686 1872 1720 :
1903 1669 2094 1737 quibus

2188 507 2330 559 sunt,
2356 511 2487 563 quos
2509 510 2664 548 nemo
2687 493 2944 561 fugientes
2965 493 3185 546 invenit.
3219 491 3576 558 Agricolarum
3600 490 3731 546 labo-

2192 585 2349 637 riosae
2382 586 2595 649 stirpes,
2626 592 2679 635 et
2706 581 2855 635 duris
2889 580 3193 634 exercitata:
3238 579 3493 645 ligonibus
3521 580 3728 643 soboles,

2197 688 2329 741 quos
2372 688 2463 741 per
2496 681 2688 725 terram
2712 684 2861 723 suam
2897 668 3063 737 pascit
3088 666 3397 720 infabricata
3424 667 3726 733 simplicitas,

2190 781 2308 819 cum
2342 765 2471 818 loris
2499 763 2630 816 colla
2658 770 3018 823 necterentur,
3055 768 3109 812 et
3135 759 3338 827 palmas
3366 759 3587 811 vinceret
3606 768 3729 812 arcta

2193 856 2479 917 connexio,
2507 853 2638 906 nihil
2660 866 2753 919 pro
2774 849 3086 905 defensione
3108 863 3200 901 sua
3228 847 3366 900 aliud
3387 847 3726 901 clamitabant:

2193 950 2421 1011 Scimus,
2462 956 2512 999 et
2551 946 2830 1000 evidenter
2872 942 3247 1011 agnoscimus:
3282 954 3458 993 nonne
3495 954 3584 992 vos
3622 939 3734 991 estis

2194 1039 2597 1107 Burgundiones
2629 1036 2836 1089 nostri?
2878 1033 3084 1096 Vidvte,
3139 1046 3202 1084 ne
3245 1039 3368 1083 ante
3396 1018 3549 1096 'pium
3581 1044 3735 1096 regem

2195 1144 2313 1197 quae
2339 1127 2533 1189 facitis,
2557 1125 2850 1187 excusetis;
2883 1132 2935 1177 et
2962 1123 3047 1174 illa
3077 1123 3397 1173 urbanorum
3424 1118 3738 1171 consuetudi-

2196 1234 2262 1272 ne
2288 1217 2510 1270 crimina
2558 1214 2922 1283 supprimatis.
2968 1212 3185 1278 Quoties
3216 1226 3346 1277 quas
3376 1211 3535 1278 ligare
3564 1212 3741 1276 praesil-

2196 1310 2367 1374 mitis,
2404 1322 2589 1359 manus
2632 1306 2853 1359 domino
2897 1303 3165 1357 communi
3215 1302 3408 1354 tributa
3455 1300 3739 1353 Solverunt?

2197 1399 2457 1453 Novimus
2485 1398 2606 1466 quia
2642 1397 2731 1449 ille
2761 1395 2874 1449 fieri
2908 1394 3010 1447 ista
3057 1409 3160 1445 non
3186 1392 3363 1459 jussit.
3396 1391 3501 1443 llac
3535 1390 3740 1443 auctori-

2201 1501 2307 1543 tate
2340 1489 2514 1542 miseri
2540 1502 2635 1556 pro
2661 1485 2862 1539 solatiis
2890 1485 3192 1538 utebantur.
3221 1483 3411 1535 Multos
3435 1492 3601 1534 tamen
3624 1481 3743 1534 inle-

2195 1582 2399 1650 gritatis
2440 1591 2541 1633 ture
2572 1579 2760 1631 fiducia
2800 1576 3195 1638 fecitinterimi,
3226 1575 3350 1627 dum
3394 1573 3528 1640 capti
3576 1586 3744 1639 Super-

2199 1673 2315 1725 bius
2362 1670 2767 1737 reSponderunt.
2816 1665 2998 1720 Redde
3044 1680 3171 1733 ergo
3216 1663 3458 1717 res’daos
3523 1662 3690 1729 patria:
3727 1676 3739 1723 ;

525 1754 649 1806 dum
683 1757 735 1808 in
786 1758 1053 1810 metallum
1107 1773 1269 1827 aquas
1298 1761 1603 1824 arctaverit,
1655 1761 1989 1830 coagulatum
2029 1776 2090 1814 ex
2127 1765 2171 1823 Β
2201 1765 2362 1818 redde
2392 1761 2608 1830 origini,
2660 1759 2827 1814 redde
2854 1759 3037 1826 gloria:
3065 1740 3493 1823 tuxe.'Atttiqttus
3519 1754 3742 1807 dominus

526 1843 731 1912 liquore
772 1849 1003 1902 minatur
1031 1851 1271 1905 exitium.
1304 1852 1631 1908 Transcendi
1677 1855 1866 1908 alienis
1895 1854 2093 1909 mensi-

525 1931 621 1985 bus
652 1936 933 2004 ninguidos
957 1940 1124 1993 saltus
1152 1955 1166 1993 :
1197 1943 1347 2009 posui
1374 1957 1586 2012 gressus
1608 1961 1739 2013 quos
1760 1948 1812 1998 in
1831 1948 1941 1999 suis
1966 1946 2097 1998 locis

525 2025 603 2072 vis
634 2020 842 2090 frigoris
872 2025 1164 2096 obligabat.
1197 2029 1474 2083 Postremo
1517 2044 1741 2086 mortem
1774 2050 1878 2089 non
1912 2035 2093 2098 timui,

526 2115 583 2160 ut
627 2110 720 2163 tibi
762 2114 905 2165 celer
946 2118 1220 2181 praemium
1251 2130 1466 2173 azternze
1498 2122 1630 2175 lueis
1659 2124 1925 2177 atferrem.
1963 2126 2100 2179 Inter

527 2195 659 2249 duos
687 2201 917 2266 optimos
948 2219 1099 2272 reges
1132 2210 1489 2263 testimonium
1520 2212 1570 2264 in
1602 2214 1910 2267 cmlestibus
1932 2215 2101 2269 dictu-

528 2299 618 2373 rus
642 2288 920 2357 adhibeor,
952 2292 996 2345 si
1025 2294 1162 2362 quod
1194 2296 1283 2350 ille
1321 2299 1733 2355 misericorditer
1761 2306 2011 2373 postulat,
2046 2316 2099 2360 tu

527 2372 819 2429 clementer
855 2381 1183 2436 commodes.
1219 2384 1405 2440 Munus
1452 2392 1881 2456 repromissionis
1926 2372 2101 2448 domi-

530 2461 663 2552 nica:
694 2480 840 2533 aequa
874 2467 1027 2523 lance
1056 2470 1278 2527 dividite
1306 2492 1319 2528 :
1354 2486 1407 2529 et
1434 2494 1554 2531 cum
1575 2483 1732 2533 ambo
1760 2485 1988 2552 amplius
2013 2485 2103 2538 ha-

534 2550 776 2618 bueritis,
806 2555 998 2611 damna
1045 2576 1200 2614 nemo
1243 2563 1461 2633 lugebit.
1498 2567 1730 2635 Certate,
1759 2550 1922 2627 duces
1972 2574 2103 2627 invi-

532 2640 777 2708 ctissitni,
832 2655 885 2698 et
932 2642 1246 2705 alterutrum
1306 2670 1398 2708 vos
1447 2659 1788 2725 exsequendo
1842 2674 2101 2730 prtecepta

506 2734 755 2802 .mystica
794 2746 1064 2805 superate.
1092 2740 1147 2793 ln
1186 2757 1286 2811 qua
1306 2745 1693 2801 conflictatione
1740 2750 1817 2803 sic
1863 2751 2101 2804 bravium

532 2822 704 2877 victor
741 2826 984 2894 accipiet,
1014 2839 1069 2882 ut
1098 2833 1266 2886 victus
1296 2838 1572 2902 prandium
1616 2854 1717 2891 non
1755 2842 1981 2895 amittat.
2008 2841 2104 2896 Se-
2136 2846 2139 2849 ’

532 2912 755 2977 quimini
785 2916 1065 2970 consilium
1095 2935 1291 2986 meum,
1325 2934 1379 2977 et
1407 2925 1563 2977 ambo
1589 2929 1911 2994 superiores,
1945 2934 2103 2983 ambo

532 3016 685 3067 pares
733 3006 1030 3061 exslabitis.
1080 3009 1361 3066 Redimere
1403 3016 1549 3082 rupit
1598 3018 1687 3070 ille
1729 3021 2012 3086 captivos:
2048 3029 2104 3073 tu

2198 1854 2524 1923 provinciam
2553 1850 2747 1919 diligit,
2781 1864 2938 1919 quam
2980 1857 3034 1900 et
3073 1846 3361 1899 modernns
3407 1844 3740 1911 amplectitur.

2197 1945 2430 1998 Remitte
2457 1941 2698 2011 quamvis
2725 1940 2789 1994 ad
2834 1941 3061 1994 alienam
3090 1937 3367 1999 ditionem,
3402 1935 3491 2002 qui
3519 1948 3572 1986 se
3600 1943 3649 1987 et
3684 1933 3742 1985 ibi

2198 2034 2351 2104 positi
2383 2043 2500 2087 tuos
2528 2046 2647 2085 esse
2676 2038 3023 2099 cognoscant.
3057 2029 3245 2081 Parum
3274 2026 3415 2078 enim
3464 2024 3635 2091 gratiae
3662 2023 3743 2080 im.

2200 2124 2486 2194 pendimus
2517 2123 2654 2175 illius
2685 2120 2929 2186 imperio,
2953 2120 3104 2185 cujus
3134 2115 3511 2170 misericordize
3534 2113 3651 2168 nihil
3670 2114 3744 2165 de-

2199 2216 2335 2268 hem
2361 2230 2407 2269 s.
2446 2212 2616 2265 Vacua
2646 2211 2883 2264 sentibus
2924 2209 3069 2262 illam
3100 2223 3255 2275 quam
3287 2206 3427 2260 bene
3456 2204 3586 2258 nosti
3613 2203 3744 2271 Ligu-

2203 2306 2358 2367 riam,
2401 2314 2456 2357 et
2480 2304 2623 2369 reple
2653 2301 2894 2355 culturis.
2928 2302 3195 2367 Quantum
3237 2299 3470 2351 obnoxia
3496 2296 3561 2349 sit
3587 2309 3745 2348 mune

2204 2396 2352 2448 ribus
2376 2397 2476 2446 tuis
2503 2392 2766 2460 intelligit,
2798 2392 2839 2443 si
2874 2390 3060 2443 faciem
3082 2403 3232 2441 suam
3263 2386 3545 2455 aliquando
3577 2398 3746 2453 cogno-

2202 2485 2355 2538 verit.
2392 2484 2747 2536 l)omesticum
2776 2480 2867 2533 tibi
2915 2494 3128 2545 semper
3173 2487 3256 2532 est
3283 2477 3553 2544 indulgere
3576 2474 3745 2543 suppli-

2203 2575 2390 2637 cibus,
2442 2573 2582 2625 sicut
2636 2572 2895 2638 supcrbos
2945 2568 3267 2636 opprimere.
3318 2565 3410 2621 Sic
3457 2568 3505 2617 in
3549 2574 3747 2629 utroque

2205 2664 2544 2728 fortissimos,
2577 2662 2647 2716 ibi
2679 2677 2770 2730 per
2802 2659 3057 2729 gladium,
3115 2658 3200 2712 hic
3232 2672 3321 2725 per
3373 2654 3747 2723 temperantiam

2204 2752 2500 2821 triumphos
2520 2753 2784 2821 acquires.
2814 2750 3021 2804 Nostris
3045 2751 3066 2781 ²
3097 2757 3397 2802 nostrorum
3443 2758 3747 2800 commovere

2205 2844 2435 2898 fletibus.
2465 2844 2555 2896 Sic
2584 2845 2633 2896 in
2665 2841 3007 2896 successione
3033 2841 3177 2909 regni
3206 2841 3355 2892 istius
3378 2838 3641 2907 legitimus
3669 2835 3747 2887 tibi

2208 2936 2377 2989 haeres
2404 2944 2694 2999 accrescat,
2739 2942 2793 2987 et
2822 2948 2917 3000 per
2952 2945 3098 3000 Spem
3127 2930 3321 2983 adultae
3352 2928 3373 2958 ⁸
3406 2924 3747 3009 progenies-ad

2206 3027 2639 3095 Burgundionum
2680 3024 3033 3093 gubernacula
3076 3022 3477 3078 reviviseas:et
3518 3020 3632 3073 licet
3666 3018 3749 3069 hoc

529 3093 644 3148 sine
695 3098 865 3163 pretio
896 3100 1057 3153 redde
1104 3105 1423 3169 genitalibus
1469 3110 1660 3175 glebis.
1708 3110 1830 3164 Mihi
1877 3114 2099 3177 credite,
2128 3109 2173 3169 C
2210 3093 2334 3170 1)ρο-
2362 3116 2582 3181 tribuas,
2638 3115 2805 3182 adjice
2853 3124 2905 3168 et
2937 3114 3107 3177 illud;
3154 3113 3293 3180 quod
3324 3127 3428 3165 nec
3474 3108 3749 3163 hominibus

529 3197 686 3236 nemo
734 3185 947 3240 uberius
979 3188 1029 3239 in
1064 3189 1161 3243 hac
1206 3207 1386 3257 causa,
1448 3211 1603 3248 nemo
1635 3198 1803 3263 majus
1848 3200 2097 3268 accipiet,

526 3286 681 3339 quam
713 3274 801 3341 qui
851 3275 979 3328 nihil
1011 3281 1275 3346 acceperit
1313 3298 1327 3333 :
1364 3283 1764 3339 defraudabitur
1819 3290 2095 3356 praemium

526 3362 688 3425 partis
714 3362 882 3426 illius,
914 3375 1073 3433 atque
1103 3369 1166 3420 ad
1201 3380 1284 3421 tua
1313 3373 1625 3440 compendia
1664 3376 1866 3429 lucrum
1910 3380 2099 3432 transit

526 3449 767 3514 alterius,
798 3453 841 3505 si
887 3469 1019 3521 quos
1065 3464 1119 3510 et
1161 3460 1389 3514 vendere
1426 3462 1714 3529 gloriosum
1758 3478 1860 3530 εει,
1896 3466 2098 3522 donare

528 3541 801 3607 diSponas.
829 3544 930 3597 Pro
951 3558 1204 3615 quantum
1228 3551 1492 3618 dispendii
1525 3554 1590 3606 de
1618 3554 1995 3622 pollicitatione
2018 3558 2097 3610 di-

527 3631 649 3681 vina
695 3630 934 3687 offerenti
978 3651 1163 3690 autum
1198 3640 1247 3691 in
1280 3644 1379 3692 hoc
1413 3644 1650 3710 negotio,
1685 3646 1727 3697 si
1774 3652 2094 3711 remittatur,

526 3718 754 3787 indiget;
789 3724 869 3776 vel
901 3737 1149 3792 quantam
1183 3734 1507 3801 pauperiem,
1559 3738 1603 3788 si
1634 3737 1975 3804 sUSt-ipiatur,
2006 3755 2097 3808 ap-

525 3816 725 3879 portat!
763 3815 959 3871 D.vites
990 3823 1259 3876 exercitus
1292 3836 1405 3877 tuus
1436 3827 1587 3879 faciet
1609 3837 1911 3896 contempta
1938 3845 2095 3898 pecu-

522 3901 629 3965 nia,
678 3905 935 3971 a‘cquisita
978 3911 1273 3964 mendicos.
1324 3915 1463 3966 Audi
1510 3915 1754 3969 Italorum
1795 3919 2093 3986 supplicum

522 4005 699 4056 voces,
742 4002 795 4045 et
822 3993 888 4046 de
913 4006 963 4049 te
994 4012 1406 4063 prmsumentum
1436 4018 1621 4071 preces
1652 4020 1873 4058 serenus
1904 4008 2090 4060 admit-

524 4089 592 4131 te.
621 4080 756 4133 Audi
782 4081 977 4133 lt'aliam
1008 4100 1273 4152 nunquam
1297 4103 1323 4139 a
1351 4098 1401 4141 te
1426 4090 1671 4155 divisam,
1698 4101 1745 4145 et
1778 4096 1998 4146 multum
2027 4095 2093 4149 de

523 4166 683 4218 animi
717 4167 787 4218 tui
829 4167 1110 4223 clementia
1150 4176 1504 4230 confidentem
1536 4196 1547 4230 :
1578 4195 1692 4246 que
1734 4182 1778 4234 si
1820 4198 1922 4235 una
1967 4199 2094 4239 voce

523 4262 780 4319 uteretur,
814 4255 927 4309 lui-c
951 4257 1176 4316 diceret.
1211 4264 1429 4326 Quoties
1462 4282 1679 4334 prome,
1712 4270 1754 4323 si
1784 4272 2093 4328 reminisce-

521 4344 614 4407 ris,
655 4343 906 4400 ferratum
940 4356 1123 4417 pectus
1153 4352 1393 4409 hostibus
1438 4360 1710 4415 obtulisti?
1740 4366 1949 4432 quoties
1992 4383 2088 4436 pu-

519 4443 691 4509 gnasti
743 4447 987 4511 consilio,
1029 4466 1095 4506 ne
1138 4451 1271 4506 bella

518 4544 699 4627 eorum
722 4534 1005 4591 duceretur
1031 4541 1081 4595 in
1109 4559 1418 4616 quacunque
1445 4555 1590 4606 orbis
1614 4567 1761 4622 parte
1801 4534 2039 4627 captivus
2064 4566 2086 4612 Υ

520 4617 667 4683 Quos
711 4638 849 4676 nunc
880 4626 1112 4695 detines,
1161 4643 1213 4686 tu
1242 4639 1453 4692 nutristi
1483 4660 1493 4692 :
1520 4643 1705 4699 dolose
1749 4617 1879 4702 mihi
1923 4654 2089 4706 virtus

519 4716 606 4760 tua
635 4710 946 4768 beneficium
973 4723 1239 4787 pra‘stitit,
1265 4728 1309 4780 si
1339 4745 1471 4797 quos
1496 4735 1561 4786 ab
1588 4742 1857 4793 extraneis
1888 4753 2087 4799 tutatus

516 4806 599 4851 est
621 4810 819 4865 custos,
844 4803 1055 4859 invasit.
1078 4809 1206 4873 Quis
1232 4825 1536 4874 catenarum
1558 4827 1783 4880 nexibus
1803 4831 2086 4898 impeditus

516 4892 664 4947 dura:
686 4901 815 4952 sorti
848 4916 951 4954 non
982 4904 1256 4960 uberiores
1278 4909 1540 4983 lacrymas
1562 4920 1859 4991 exhiberet,
1879 4892 2003 4978 cum
2027 4942 2083 4981 se

504 4987 581 5051 ad
624 4992 979 5049 conditionem
1010 4997 1265 5053 liberator
1294 5002 1626 5070 impelleret?
1654 5014 1771 5078 quis
1800 4987 1857 5069 se
1886 5017 2085 5071 subdu-

514 5088 680 5142 ceret,
713 5094 831 5135 cum
873 5098 1140 5139 armorum
1173 5097 1380 5143 tuorum
1428 5096 1663 5161 crepitus
1692 5103 1985 5168 audiretur,
2027 5107 2080 5161 in

514 5185 618 5237 quo
642 5173 691 5225 in
717 5178 1118 5231 neocssitatihus
1140 5182 1462 5236 tutissimum
1488 5185 1717 5245 ltabuere
1742 5196 2080 5260 prmsidinm?

516 5260 677 5314 Elisis
716 5265 853 5318 collo
902 5268 1145 5321 manibus
1186 5280 1424 5325 matrona
1455 5277 1721 5343 sublimis,
1753 5298 1870 5335 cum
1904 5287 2075 5340 trahe-

513 5370 658 5414 retur
684 5362 749 5415 ad
782 5364 1011 5428 vincula,
1054 5367 1297 5433 promisit
1324 5369 1421 5421 sibi
1452 5371 1712 5427 vindicem
1747 5385 1793 5429 te
1827 5378 2075 5434 futurum.

516 5449 675 5515 Virgo
695 5453 761 5507 ab
781 5457 1101 5523 stupratoris
1128 5456 1334 5512 insidiis
1368 5461 1619 5527 pudorem
1651 5477 1801 5517 suum
1829 5467 1920 5519 tibi
1964 5484 2083 5523 crc-

586 5580 600 5611 ¹
633 5583 894 5650 Bolland.,
922 5600 1264 5651 subrepercnl.

584 5651 603 5680 ⁸
633 5654 813 5730 Sciunt.
841 5670 891 5708 et
925 5658 1077 5730 Boll.,
1115 5673 1494 5730 nostrorumque
1525 5680 1735 5719 movere.

636 5719 821 5789 fidem,
853 5729 1123 5796 progrniei.

2202 3206 2440 3259 externis
2471 3205 2610 3258 istud
2639 3205 2919 3272 impendis.
2952 3204 3067 3258 Jam
3093 3203 3185 3256 tibi
3218 3202 3381 3255 italia:
3413 3196 3749 3255 dominus‘et

2203 3297 2611 3351 necessitudinis
2639 3296 2898 3350 affinitate
2920 3296 3256 3364 coniungitur
3282 3312 3293 3346 :
3316 3295 3381 3347 sit
3410 3295 3501 3346 filii
3527 3293 3594 3346 tui
3618 3306 3750 3358 spon-

2200 3404 2255 3441 sa
2284 3388 2962 3457 Latialargitas,absol'ttio
2982 3388 3312 3455 captivorum
3347 3404 3358 3435 :
3394 3386 3580 3438 offerat
3605 3380 3750 3451 pacta:

2199 3494 2311 3533 sua:
2352 3496 2558 3543 munus,
2605 3480 2744 3548 qucd
2774 3488 2830 3533 et
2857 3479 3100 3532 Christus
3141 3478 3384 3545 accipiat.
3429 3498 3447 3528 ι
3494 3477 3609 3530 Hac
3647 3488 3750 3527 cum

2198 3570 2439 3633 dixisset,
2476 3571 2801 3623 eommonito
2824 3578 3009 3623 sancto
3040 3570 3241 3637 collega
3280 3569 3493 3623 Victore
3522 3566 3747 3625 surrexit,

2198 3670 2250 3714 et
2274 3676 2443 3729 usque
2471 3662 2534 3713 ad
2562 3672 2741 3727 pectus
2772 3660 2974 3727 regium
3016 3660 3388 3729 lacrymantes,
3422 3668 3477 3713 et
3506 3673 3618 3712 cum
3656 3672 3753 3708 om-

2200 3752 2356 3804 nibus
2388 3764 2600 3818 propter
2632 3750 2925 3802 astantibus
2947 3749 3114 3817 capita
3148 3750 3532 3802 submiserunt.

2267 3841 2414 3894 Tunc
2462 3857 2553 3894 rex
2587 3840 3018 3907 probatissimos,
3067 3848 3126 3893 ut
3161 3847 3275 3891 erat
3307 3839 3469 3891 fando
3518 3836 3749 3905 locuples,

2197 3943 2253 3986 et
2287 3948 2353 3985 ex
2384 3932 2698 4000 eloquentiae
2726 3933 2873 3984 dives
2901 3931 3115 3998 opibus,
3145 3940 3196 3983 et
3225 3929 3483 3982 facundus
3514 3937 3747 3986 assertor,

2200 4023 2376 4076 verbis
2404 4025 2581 4076 taliter
2610 4023 2773 4076 verba
2806 4023 3042 4091 reposuit
3068 4038 3081 4075 ε
3116 4040 3133 4071 ‹
3172 4023 3296 4075 Belli
3318 4022 3441 4088 jura
3473 4021 3615 4089 pacis
3643 4034 3752 4071 sua-

2195 4126 2285 4164 sor
2311 4113 2522 4178 ignoras
2541 4154 2556 4177 ,
2590 4122 2643 4166 et
2672 4112 3009 4167 conditiones
3036 4112 3207 4180 g'adio
3234 4113 3441 4165 ded-‘35
3470 4108 3692 4166 concord
3714 4122 3751 4159 ω

2194 4211 2380 4256 auctor
2405 4206 2669 4257 evisceras
2699 4220 2710 4255 :
2738 4205 2821 4258 lex
2850 4214 2931 4257 est
2957 4204 3274 4256 certantium
3323 4218 3481 4271 quem
3507 4212 3653 4271 putas
3680 4215 3748 4251 cr-

2197 4308 2370 4347 rort-m
2406 4312 2416 4344 :
2454 4294 2656 4348 frenum
2682 4296 2923 4347 nesciunt
2953 4293 3272 4358 inimiCitim,
3318 4309 3477 4362 quem
3513 4303 3587 4356 ttt,
3617 4289 3753 4342 (ὲΙιιίο

2193 4385 2381 4438 stiana:
2432 4386 2562 4438 lucis
2598 4386 2769 4448 iubar,
2820 4386 3079 4440 ostendis.
3117 4385 3321 4438 Praeliis’
3363 4381 3751 4452 temperantiam

1317 4458 1331 4485 ¹
1362 4460 1735 4527 s"mitterent?
1783 4483 1849 4519 ne
1896 4470 2089 4537 aliquis
2117 4462 2166 4520 D
2193 4476 2366 4529 nullus
2407 4476 2662 4540 annectit,
2697 4491 2813 4543 qua:
2841 4478 2951 4529 oris
2983 4478 3054 4529 tui
3099 4478 3293 4540 nitore,
3337 4477 3549 4545 egregie
3583 4472 3751 4527 mode-

2195 4576 2361 4629 rator,
2393 4567 2673 4619 attollitur.
2699 4568 2904 4621 Statuta
2934 4579 3055 4620 sunt
3088 4568 3481 4632 dimicantium,
3515 4568 3669 4635 quidq
3707 4563 3751 4615 id

2194 4672 2299 4711 non
2335 4658 2477 4721 licet,
2508 4668 2631 4712 tunc
2666 4659 2843 4712 licere.
2878 4660 2977 4712 Ista
3008 4660 3145 4715 forte
3174 4662 3322 4729 quies
3353 4661 3613 4725 vindicet,
3646 4672 3753 4725 qua:

2194 4751 2419 4804 narrasti
2450 4768 2463 4802 :
2495 4752 2701 4804 lto-tem
2737 4766 2887 4804 suum
2920 4754 3007 4818 qui
3036 4770 3137 4806 non
3170 4754 3321 4814 itcril,
3349 4753 3589 4820 adjuvat.
3633 4751 3753 4803 l’au-

2190 4839 2339 4895 latim
2368 4841 2706 4895 adversarius
2736 4859 2762 4894 a
2793 4844 2936 4911 regni
2970 4844 3049 4895 sui
3098 4845 3235 4896 mole
3268 4842 3580 4907 succiditur,
3612 4840 3753 4907 cujus

2191 4934 2396 5004 imperii
2442 4938 2644 4991 radices
2674 4938 2694 4969 '
2729 4939 2925 4992 viribus
2968 4948 3326 5008 amputantur.
3376 4938 3606 5007 ltepo-ui
3651 4936 3751 5001 regi

2190 5027 2415 5092 partium
2450 5027 2661 5079 illarum
2713 5030 3111 5093 Contumeliam,
3146 5044 3302 5097 quam
3350 5041 3502 5096 putas
3535 5029 3747 5081 illatam.

2192 5115 2511 5170 Ludifieatus
2554 5121 2731 5186 specie
2765 5119 2982 5173 fcedetis
3022 5120 3147 5173 nihil
3182 5120 3264 5189 egi
3296 5121 3413 5173 szud
3439 5120 3608 5183 osios,
3658 5118 3748 5170 nisi

2192 5217 2247 5259 ut
2282 5209 2418 5273 quod
2447 5218 2525 5262 est
2567 5212 2807 5273 Catttnlm,
2843 5221 3054 5279 apertos
3096 5212 3339 5267 inimicos
3388 5226 3748 5280 agnoscerem.

2189 5297 2461 5351 Cuncedat
2498 5309 2670 5353 tamen
2714 5300 3002 5355 divinitatis
3050 5318 3319 5365 assensus,
3369 5315 3422 5354 ut
3474 5302 3750 5354 solidatam

2187 5385 2325 5438 inter
2356 5403 2450 5441 nos
2477 5387 2648 5441 fmdus
2678 5389 2827 5457 longa
2853 5402 3009 5445 aetate
3030 5404 3273 5447 servetur
3301 5411 3310 5444 :
3344 5394 3614 5445 invenient
3641 5405 3753 5457 par-

2186 5484 2264 5530 tes
2294 5478 2396 5530 illai
2426 5490 2753 5532 constantem
2790 5481 2839 5533 in
2872 5484 3123 5548 amicitia,
3159 5501 3312 5552 quem
3346 5492 3633 5539 senserunt
3654 5480 3750 5536 sibi

2257 5610 2276 5638 ⁸
2309 5610 2492 5674 fiderit,
2525 5615 2694 5665 etiam.

2259 5680 2277 5709 ⁵
2310 5681 2573 5747 Bolland.,
2606 5686 2807 5737 ritibus.
