3974 6366
280 293 376 354 255

1128 346 1141 373 κ
1210 301 1366 360 VITA
1410 300 1469 358 Β.
1510 301 1853 361 EPlPllANll
1892 294 2198 359 EPISCOPI
2236 298 2633 360 TlClNENSlS.

3445 304 3562 369 254

278 415 646 489 perniciosum
679 414 845 473 fuisse
873 415 999 473 dum
1025 416 1279 488 litigatur.
1309 418 1417 474 Vos
1461 428 1659 485 tamen,
1690 422 1861 475 sancti
1888 423 1944 482 Α
2047 417 2169 471 Post
2204 427 2527 487 praeceptum
2561 418 2851 475 venerandi
2883 420 3025 491 regis
3053 420 3277 492 impiger
3305 422 3395 480 ille
3430 437 3560 483 ver-

278 509 401 571 viri,
437 508 507 561 ad
538 508 736 562 domos
768 508 820 563 in
870 508 1061 578 quibus
1105 510 1331 564 manetis
1374 511 1490 566 sine
1532 511 1875 568 tribulatione

280 598 542 656 discedite
566 618 579 652 :
605 599 735 654 dum
756 616 855 671 ego
883 602 1075 656 anima:
1103 618 1237 658 mea:
1256 613 1310 659 et
1331 605 1478 674 regni
1508 605 1739 660 utilitate
1764 605 1876 660 dis-

276 706 455 756 cassa,
487 708 611 763 quae
644 709 730 748 me
751 696 1029 749 conveniat
1055 704 1309 764 praestare
1333 698 1694 768 pronuntiem.
1733 717 1753 751 ι
1778 698 1875 755 His

276 783 477 839 auditis
511 784 800 855 pontifices
828 786 1224 842 abscesserunt.

351 876 532 932 Atille
560 886 756 933 vocato
790 880 806 910 ³
837 878 1088 946 Laconio,
1118 882 1201 935 cui
1230 890 1282 936 et
1309 897 1487 937 rerum
1515 891 1569 938 et
1590 882 1873 939 verborum

276 968 412 1025 ﬁdes
439 970 511 1026 ab
542 970 637 1025 illo
666 986 879 1042 semper
904 981 1014 1026 tute
1036 972 1286 1027 mandata
1318 984 1401 1030 est
1421 1015 1439 1043 ,
1470 990 1627 1045 quem
1656 984 1709 1030 et
1736 990 1874 1045 pra:-

274 1063 521 1132 rogativa
566 1063 851 1130 natalium,
903 1071 957 1119 et
985 1079 1205 1119 avorum
1236 1066 1451 1121 curules
1481 1080 1577 1136 per
1604 1067 1874 1135 magistrae

275 1156 566 1228 probitatis
623 1156 849 1227 insignia
902 1156 1290 1225 sublimavere,
1345 1174 1468 1214 cum
1518 1176 1624 1230 quo
1663 1158 1875 1216 confert

274 1248 490 1318 quoties
513 1256 567 1303 et
599 1248 686 1318 pia
714 1258 766 1303 et
790 1248 1036 1319 religiosa
1066 1250 1351 1305 meditatur
1375 1268 1391 1317 ;
1424 1262 1476 1307 et
1500 1253 1637 1307 sicut
1659 1268 1767 1307 non
1792 1264 1875 1310 est

274 1357 397 1397 cum
428 1342 578 1397 vitiis
607 1342 809 1398 sociata
841 1343 1107 1410 nobilitas,
1142 1359 1242 1399 nec
1268 1345 1578 1416 astringitur
1602 1346 1669 1401 ad
1691 1347 1873 1403 illece-

274 1432 401 1489 bras
430 1434 523 1488 lux
555 1442 797 1499 naturae;
827 1436 868 1489 si
893 1434 1017 1505 quid
1050 1435 1138 1491 ille
1159 1435 1387 1507 benigne
1411 1436 1587 1493 facere
1616 1439 1868 1508 voluerit,

275 1525 545 1596 duplicari
594 1527 695 1582 iste
747 1526 991 1582 hortatur
1046 1527 1337 1583 adhibitus.
1378 1548 1397 1581 ι
1435 1527 1532 1585 Cui
1578 1531 1866 1603 princeps,

272 1616 446 1688 Vade,
482 1620 691 1688 inquit,
741 1618 962 1685 Laconi,
994 1630 1047 1675 et
1077 1630 1185 1675 tota
1233 1633 1476 1677 votorum
1508 1632 1719 1679 tuorum
1749 1624 1868 1679 vela

275 1712 575 1783 suspende.
606 1712 671 1767 Et
700 1712 956 1769 sacerdos
996 1729 1024 1767 a
1049 1713 1203 1769 nobis
1233 1724 1287 1769 et
1317 1715 1505 1770 beatus
1536 1715 1868 1785 Epiphanius

276 1802 523 1860 libenter
546 1803 755 1859 auditus
776 1813 898 1861 est:
928 1805 1078 1875 cujus
1110 1815 1159 1860 te
1189 1806 1436 1875 precibus
1460 1807 1626 1863 fuisse
1656 1822 1873 1877 permo-

285 1904 427 1966 tum,
456 1912 579 1953 cum
601 1897 736 1968 apud
769 1912 867 1953 nos
898 1897 1061 1953 verba
1084 1898 1304 1962 faceret,
1336 1899 1635 1954 animorum
1666 1899 1870 1957 indices

276 1989 543 2061 lacrymae
572 1990 919 2046 testabantur.
954 1990 1121 2056 Vade,
1158 1991 1313 2059 pleno
1339 2003 1555 2061 pectore
1583 1992 1721 2047 dicta
1744 2008 1869 2047 sen-

274 2083 493 2149 tentias,
530 2100 628 2154 per
648 2099 781 2155 quas
811 2083 1072 2154 pactionis
1099 2084 1238 2139 illius
1279 2083 1566 2140 durissime
1597 2100 1767 2141 nexus
1797 2087 1872 2141 ir-

274 2187 517 2245 rumpas.
550 2176 733 2233 Liceat
761 2176 905 2231 Italis
941 2178 1212 2242 omnibus,
1245 2194 1594 2247 quoscunque
1624 2178 1870 2250 Burgun-

274 2267 494 2325 dionum
520 2280 828 2326 nostrorum
846 2277 1019 2326 metus
1043 2271 1370 2341 captivitatis
1402 2273 1526 2327 fecit
1552 2287 1675 2327 esse
1701 2274 1872 2344 capti-

275 2376 410 2429 vos,
442 2377 581 2433 quos
612 2362 767 2419 famis
796 2364 1108 2433 necessitas,
1162 2378 1295 2434 quos
1326 2364 1681 2432 periculorum
1710 2366 1871 2422 timor

274 2454 520 2522 advexit,
551 2465 828 2527 postremo
857 2471 1205 2527 quoscunque
1234 2457 1501 2512 concessit
1546 2465 1639 2511 aut
1664 2456 1871 2514 addixit

271 2561 573 2604 consensus
600 2548 858 2619 principis
896 2548 999 2614 sui,
1040 2558 1223 2605 noster
1252 2548 1495 2603 absolvat
1523 2566 1534 2600 :
1560 2559 1614 2603 at
1646 2564 1868 2619 paucos,

272 2655 410 2713 quos
436 2641 593 2711 quasi
643 2642 841 2696 ardore
864 2641 1142 2712 praeliandi
1172 2650 1298 2696 tunc
1326 2642 1391 2695 ab
1439 2640 1868 2699 adversariorum

271 2747 499 2789 suorum
530 2733 897 2789 dominatione
927 2742 1241 2804 rapuerunt,
1267 2748 1364 2801 pro
1386 2732 1492 2787 illis
1516 2731 1673 2802 pretii
1698 2747 1871 2803 quan-

272 2827 668 2898 tulumcunque
702 2828 1038 2898 percipiant,
1081 2841 1148 2882 ne
1177 2826 1523 2882 detestabiles
1565 2827 1703 2897 apud
1746 2828 1870 2885 illos

271 2919 414 2974 ﬁant
443 2920 790 2977 certaminum
806 2937 983 2989 casus,
1004 2936 1231 2991 quorum
1260 2936 1383 2976 cum
1411 2919 1721 2978 discrimina
1751 2936 1871 2979 sus-

266 3010 566 3085 tinuerint,
596 3015 746 3071 lucra
772 3030 881 3070 non
903 3013 1153 3069 sentiant.
1191 3032 1211 3067 ι

351 3125 644 3210 ξέαεοηὶο]
677 3127 759 3183 Ad
797 3142 955 3199 quem
998 3136 1179 3183 ternas
1206 3125 1435 3182 vidimus
1472 3125 1730 3195 epistolas
1755 3126 1868 3184 En-

264 3198 651 3339 nog‘gingulas
694 3270 843 3324 urbes
900 3269 1202 3340 Sapaudiaz]
1231 3267 1497 3337 Sapaudia
1524 3269 1634 3338 jam
1665 3269 1868 3325 dudum

266 3339 745 3409 Burgundionibus
777 3354 1036 3395 concessa
1083 3339 1277 3407 fuerat,
1313 3349 1433 3406 post
1461 3342 1867 3397 memorabilem

268 3410 491 3481 illorum
531 3411 765 3477 cladem,
799 3420 854 3465 et
876 3410 1153 3481 victoriam
1185 3411 1347 3465 Aetii.
1381 3410 1509 3464 Tiro
1558 3411 1789 3481 Prosper
1816 3414 1870 3468 in

265 3480 565 3546 Chronico,
626 3482 891 3551 Sapaudia
946 3480 1380 3551 Burgundionum
1435 3480 1663 3551 reliquiis
1698 3480 1873 3535 datur

264 3568 395 3607 casm
424 3553 677 3621 indigenis
698 3552 992 3607 dividenda.
1017 3552 1151 3620 Quae
1174 3552 1332 3607 hodie
1360 3551 1622 3607 Sabaudia
1647 3552 1868 3621 dicitur,

263 3623 482 3679 veteris
532 3624 813 3690 Sapaudia:
842 3632 1050 3692 partem
1082 3632 1285 3678 tantum
1341 3624 1557 3677 retinet.
1588 3622 1720 3677 Nam
1752 3624 1872 3679 lon-

260 3697 397 3765 gius
424 3693 979 3765 olimporrigebatur,
1011 3709 1133 3765 cum
1166 3696 1219 3749 in
1251 3694 1447 3749 Notitia
1482 3694 1693 3761 imperii
1720 3696 1867 3751 occi-

263 3764 515 3819 dentalis
547 3764 890 3819 Ebreduuum
935 3764 1152 3832 Alpium
1198 3765 1585 3825 maritimarum
1616 3776 1776 3833 caput
1815 3767 1867 3822 in

261 3834 569 3907 Sapaudia_
599 3835 932 3907 collocetur,
982 3836 1217 3907 itemque
1247 3834 1443 3892 Cularo
1482 3834 1857 3905 Allobrogum,

259 3915 397 3977 qua:
422 3915 509 3977 est
533 3905 945 3977 Gratianopolis.

343 3976 369 4006 ³
393 3976 576 4048 Avitus
616 3974 916 4048 Viennensis
937 3974 1252 4048 episcopus]
1295 3976 1557 4048 Doctrina
1572 3986 1636 4048 et
1671 3977 1871 4046 pietate

256 4045 629 4109 clarissimus,
657 4047 899 4102 Alcimus
932 4045 1179 4102 Eodicius
1203 4045 1391 4102 Avitus
1417 4045 1872 4105 omnibus’nomio

257 4118 433 4172 nibus
455 4117 756 4189 appellatur
784 4118 836 4171 in
865 4132 959 4189 sua
984 4120 1151 4186 ipsius
1198 4119 1449 4186 epistola,
1483 4134 1584 4186 qua
1620 4128 1867 4189 poemata

255 4202 364 4272 ina
400 4186 616 4272 quibus.
636 4190 690 4242 in
718 4189 903 4272 codice
939 4188 1005 4272 S.
1043 4188 1275 4270 Victoris
1324 4186 1668 4272 prdaligiturgn
1702 4191 1869 4259 Apol-

259 4257 432 4330 linari
462 4257 618 4314 fratri
646 4273 763 4326 suo,
804 4259 1057 4316 Valentia:
1091 4257 1345 4330 episcopo
1372 4257 1585 4317 dedicat
1617 4261 1701 4317 his
1741 4257 1867 4317 ver-

261 4328 353 4386 bis
382 4347 398 4385 :

336 4467 613 4523 "Domino
643 4476 820 4523 sancto
872 4469 927 4522 in
969 4469 1171 4524 Christo
1197 4469 1429 4539 piissimo
1470 4486 1531 4524 ac
1574 4469 1865 4525 beatissimo

250 4538 566 4612 Apollinari
594 4542 829 4612 episcopo
856 4540 1085 4594 Alcimus
1116 4538 1358 4612 Ecdicius
1385 4541 1563 4595 Avitus
1590 4542 1771 4611 frater.

333 4608 532 4675 Nuper
550 4608 961 4681 quidem'paucis
998 4609 1328 4665 homiliarum
1355 4608 1599 4666 mearum'
1620 4616 1673 4665 in
1705 4630 1859 4667 unum

245 4695 463 4750 corpus
494 4682 728 4746 redactis,
761 4680 965 4735 hortatu
1009 4683 1290 4735 amicorum
1319 4682 1591 4736 discrimen
1622 4684 1861 4738 editionis

242 4752 486 4807 intravi.
519 4751 621 4806 Sed
652 4754 822 4805 adhuc
849 4762 897 4806 te
935 4757 1137 4823 majora
1173 4754 1439 4819 suadente,
1469 4754 1525 4807 in
1553 4756 1861 4808 cothurnum

239 4823 630 4894 petulantioris
657 4824 891 4896 audacia
916 4824 1132 4877 edurata
1159 4827 1327 4894 fronte
1346 4826 1589 4896 procedo.
1614 4823 1862 4896 Injungis

240 4908 514 4967 namque,
543 4904 594 4946 ut
622 4894 667 4949 si
686 4895 964 4967 quidquam
988 4896 1051 4967 de
1077 4896 1354 4967 quibusque
1376 4895 1544 4967 causis
1570 4894 1717 4950 metri
1746 4894 1863 4967 lege

237 4962 624 5036 conscriptum
641 4962 744 5036 est,
763 4964 855 5035 sub
879 4966 1190 5033 professione
1218 4966 1451 5036 apusculi
1474 4976 1636 5019 vestro
1660 4962 1863 5020 nomini

1979 508 2166 565 borum
2191 512 2413 565 saltibus
2441 512 2781 583 indulgentiae
2806 515 3014 585 species
3043 525 3134 570 aut
3164 516 3362 572 formas
3389 533 3564 590 expo-

1976 603 2103 668 suit,
2133 610 2186 657 et
2211 600 2427 658 chartas
2458 603 2523 657 ad
2556 604 2815 673 insignem
2852 605 3146 663 antistitem
3177 606 3400 665 detulit:
3424 624 3562 681 quas

1976 692 2067 748 ille
2089 708 2210 748 cum
2242 696 2702 764 exspectatissima
2744 697 3027 755 devotione
3066 703 3327 773 suscepit,
3358 710 3413 758 et
3438 719 3565 773 por-

1978 783 2193 838 titorem
2225 786 2354 838 tanti
2386 785 2513 840 doni
2535 787 2837 844 ambienter
2863 792 3143 862 amplexus
3163 804 3267 851 est.
3282 794 3380 863 Qui
3407 804 3561 864 post-

1976 890 2133 945 quam
2159 877 2617 945 rumor'innotuit,
2661 888 2805 936 tanta
2837 883 2994 941 istius
3016 887 3127 955 jam
3156 887 3338 943 liberte
3378 887 3563 943 multi-

1976 968 2178 1023 tudinis
2209 969 2507 1041 frequentia
2533 972 2714 1027 subito
2739 975 2928 1042 astitit,
2956 986 3013 1031 ut
3043 977 3281 1034 desolata
3310 980 3561 1036 crederes

1976 1077 2099 1117 esse
2127 1064 2288 1118 etiam
2332 1063 2521 1118 incolis
2552 1081 2676 1120 rura
2705 1065 2978 1122 Gallorum
3015 1087 3025 1121 :
3060 1085 3180 1124 nam
3213 1072 3363 1126 testis
3405 1072 3565 1141 hujus
3602 1098 3622 1129 ι

1976 1157 2055 1210 rei
2085 1172 2186 1227 ego
2216 1172 2355 1224 sum,
2388 1174 2484 1227 per
2519 1160 2673 1228 cujus
2702 1176 2894 1215 manus
2932 1162 3155 1232 pictacia
3200 1165 3264 1218 ad
3291 1165 3566 1222 clausuras

1972 1246 2146 1319 jussio
2175 1248 2468 1304 sacerdotis
2496 1250 2701 1317 elicuit,
2746 1253 3166 1324 quadringentos
3206 1257 3448 1311 homines
3479 1257 3567 1314 die

1975 1357 2077 1395 una
2107 1342 2175 1396 de
2198 1342 2308 1397 sola
2344 1341 2691 1413 Lugdunensi
2723 1346 2938 1402 civitate
2969 1347 3237 1403 redituros
3266 1349 3332 1403 ad
3364 1348 3570 1405 italiam

1974 1433 2142 1489 fuisse
2171 1434 2444 1490 dimissos.
2476 1435 2771 1493 identidem
2821 1454 2916 1509 per
2946 1441 2966 1470 ¹
3000 1441 3237 1511 singulas
3282 1442 3441 1499 urbes
3468 1438 3570 1496 Sa.-

1975 1525 2205 1595 paudize,
2238 1527 2319 1581 vel
2353 1526 2579 1583 aliarum
2611 1529 3007 1599 provinciarum
3040 1532 3237 1588 factum
3259 1533 3570 1589 indubitan-

1975 1624 2057 1673 ter
2086 1618 2418 1687 agnovimus.
2450 1620 2526 1674 lta
2552 1628 2609 1674 ut
2642 1621 2865 1676 istorum
2891 1638 3025 1693 quos
3059 1624 3189 1678 sola:
3221 1639 3409 1694 preces
3440 1624 3571 1680 bea-

1974 1708 2167 1763 tissimi
2184 1709 2284 1763 viri
2304 1710 2619 1776 liberarunt,
2645 1714 2762 1781 plus
2780 1730 2937 1783 quam
2962 1730 3059 1769 sex
3084 1715 3249 1769 millia
3267 1718 3571 1773 animarum

1903 1805 1953 1868 Β
1981 1798 2138 1853 terris
2161 1800 2394 1869 propriis
2416 1801 2793 1857 redderentur.
2819 1802 3019 1857 Eurum
3041 1821 3169 1859 vero
3194 1807 3285 1877 qui
3304 1805 3571 1877 redempti

1976 1904 2110 1945 auro
2139 1901 2286 1958 sunt,
2317 1910 2597 1949 numerum
2626 1895 2689 1949 ad
2719 1896 2977 1964 liquidum
3017 1901 3299 1967 agnovisse
3343 1916 3449 1954 non
3475 1914 3569 1968 pod-

1975 1982 2053 2036 tui
2086 2000 2098 2034 :
2129 1984 2253 2053 quia
2283 1985 2425 2039 inter
2454 2001 2547 2041 eos
2578 1988 2741 2040 etiam
2772 1987 2966 2043 multos
2997 1987 3116 2059 fuga
3142 1990 3358 2059 eripuit.
3383 1991 3470 2045 Sic
3498 1990 3569 2047 fa-

1974 2082 2118 2130 ctum
2158 2084 2265 2143 est,
2300 2089 2356 2132 ut
2382 2086 2508 2133 tunc
2542 2079 2609 2133 ad
2641 2080 3015 2137 liberationem
3042 2085 3281 2139 omnium
3313 2085 3569 2155 subjuga-

1975 2176 2152 2224 torum
2192 2173 2512 2228 transeundi
2554 2175 2767 2230 occasio
2791 2184 3049 2232 conCessa
3095 2179 3387 2235 sufficeret.
3415 2181 3569 2237 Post-

1974 2276 2134 2331 quam
2177 2270 2357 2319 tamen
2409 2267 2757 2335 pecuniarum
2790 2267 2880 2323 ille
2926 2271 3173 2325 cumulus
3215 2273 3415 2328 effusus
3444 2282 3569 2344 cst,

1973 2356 2231 2411 continuo
2262 2356 2325 2411 ad
2349 2373 2615 2429 expensas
2644 2360 3028 2429 redemptionis
3071 2366 3342 2434 suggessit
3386 2380 3569 2422 neces-

1973 2448 2114 2502 saria
2154 2448 2264 2516 illa,
2293 2465 2413 2521 quae
2440 2451 2511 2506 ibi
2549 2461 2631 2506 est
2661 2452 2942 2510 thesaurus
2984 2454 3261 2518 Ecclesim.
3296 2459 3518 2529 Syagria
3551 2477 3568 2515 :

1974 2539 2127 2608 cujus
2158 2543 2422 2611 prolixam
2456 2545 2653 2613 quierit
2689 2544 2794 2599 vita
2825 2546 3187 2603 narrationem
3218 2566 3233 2605 :
3260 2552 3457 2606 sufficit
3485 2561 3569 2607 ta-

1976 2645 2098 2685 men
2117 2639 2173 2687 ut
2190 2648 2255 2687 ex
2285 2634 2538 2702 operibus
2560 2647 2896 2704 agnoscatur,
2924 2653 3080 2707 quam
3104 2636 3267 2696 verba
3294 2651 3569 2699 transcen~

1974 2723 2127 2779 dunt.
2163 2726 2315 2780 Dedit
2333 2729 2493 2782 etiam
2517 2730 2991 2798 prmstantissimus
3022 2732 3161 2787 inter
3185 2732 3366 2789 Gallos
3387 2736 3407 2765 ³
3437 2737 3569 2793 Avi-

1976 2822 2065 2869 tus
2094 2814 2417 2872 Viennensis
2446 2819 2752 2889 episcopus,
2788 2822 2841 2875 in
2879 2838 2985 2891 quo
3008 2839 3065 2878 se
3102 2825 3305 2893 petitia,
3340 2828 3483 2883 velut
3513 2830 3571 2889 in

1978 2907 2282 2964 diversorio
2334 2911 2525 2966 lucidas
2579 2912 2774 2966 domus
2824 2913 3060 2969 inclusit.
3107 2916 3243 2982 Quid
3285 2919 3569 2988 pluribus!

1976 3013 2110 3055 auro
2141 2999 2355 3055 illorum
2402 3017 2469 3057 ex
2500 3005 2731 3058 maxima
2765 3012 2917 3073 parte
2944 3016 3120 3061 actum
3151 3017 3253 3074 est,
3300 3024 3367 3065 ne
3397 3011 3568 3071 Gallis

1975 3115 2101 3185 quia
2142 3115 2317 3185 jubes,
2350 3116 2444 3168 etsi
2475 3116 2673 3169 o'bscuri
2701 3126 2840 3181 sunt,
2881 3126 2967 3173 tuo
3015 3122 3185 3175 saltim
3212 3124 3416 3178 nomine
3441 3124 3568 3181 ξηαπ

1898 3190 1945 3257 ε
1976 3185 2323 3265 strabuntur:
2355 3203 2645 3265 quanquam
2671 3190 2879 3265 qui-libet
2924 3207 3041 3244 acer
3068 3192 3156 3244 ille
3182 3193 3457 3265 doctusque
3476 3200 3566 3265 sit,

1884 4569 1940 4632 D

1974 3258 2021 3310 si
2056 3258 2317 3335 religionis
2348 3260 2623 3335 proposita!
2664 3259 2854 3335 stglum
2896 3277 2998 3314 non
3041 3265 3208 3317 minus
3250 3258 3383 3332 ﬁdei
3412 3258 3568 3335 quani

1976 3328 2128 3407 metri
2175 3329 2282 3398 lege
2329 3332 2617 3407 servaverit,
2668 3332 2754 3407 via:
2781 3342 2932 3407 aptus
2984 3348 3092 3407 esse
3140 3328 3361 3401 poemati
3388 3328 3566 3407 queat.

1977 3398 2183 3467 Quippe
2202 3400 2548 3478 cum-licentia
2572 3404 2876 3478 mentiendi,
2892 3420 3007 3471 qua:
3032 3398 3308 3472 pictoribus
3329 3424 3389 3461 ac
3400 3398 3570 3478 poetis

1972 3485 2119 3547 teque
2146 3469 2465 3547 conceditur,
2492 3472 2615 3547 satis
2641 3474 2819 3540 procul
2841 3469 3191 3529 decausarum
3216 3469 3447 3533 serietale
3467 3482 3569 3547 pcl-

1974 3538 2127 3593 lenda
2151 3541 2238 3616 sit.
2268 3539 2335 3594 In
2363 3542 2600 3616 saculttri
2628 3538 2841 3616 namque
2866 3559 3098 3597 versuum
3120 3564 3272 3616 opere
3295 3538 3565 3605 condendo

1973 3620 2117 3664 tanto
2145 3613 2843 3689 quisperitiorappcllatur,
2868 3626 3060 3685 quanto
3090 3613 3392 3687 elegantius,
3436 3624 3566 3689 imo,

1972 3691 2028 3735 ut
2069 3685 2472 3763 perendicantus,
2502 3685 2723 3763 ineptius
2766 3686 2903 3763 falsa
2953 3685 3212 3763 texuerit.‘
3240 3690 3405 3745 Taceo
3446 3685 3567 3763 jam

1974 3752 2137 3829 verba
2154 3753 2247 3806 illa
2270 3754 2352 3829 vel
2381 3754 2607 3819 nomina,
2635 3752 2916 3829 quteinobis
2946 3774 3036 3829 nec
3062 3760 3113 3810 in
3142 3761 3322 3813 alienis
3353 3752 3564 3829 quidem

1973 3824 2207 3886 operibus
2253 3828 2603 3892 frequentare,
2640 3841 2703 3878 ne
2743 3827 2909 3879 dicam
2941 3828 2994 3879 in
3038 3830 3223 3883 nostris
3250 3824 3565 3887 conscribere

1974 3893 2089 3972 licet
2112 3910 2274 3972 aqum
2392 3896 2692 3972 compendia
2730 3907 2995 3972 poetarum
3016 3894 3160 3972 aliud
3189 3916 3252 3953 ex
3274 3902 3376 3954 alio
3396 3904 3564 3972 signi-

1971 3962 2185 4042 ﬁcantia
2204 3964 2481 4042 plurimum
2505 3962 2688 4042 valent.
2726 3962 3564 4042 Quocirca.steculdriumjudicio,
3638 3992 3643 3997 '

1973 4035 2061 4101 qui
2089 4043 2179 4087 aut
2229 4035 2497 4105 imperitia:
2534 4044 2623 4088 aut
2652 4037 2867 4105 ignavia:
2901 4038 3089 4092 dabunt
3120 4057 3223 4094 non
3254 4035 3350 4094 uti'
3377 4059 3469 4098 nos
3496 4035 3565 4098 li;

1973 4106 2141 4159 centia
2170 4115 2456 4184 poetarum,
2491 4108 2607 4184 plus
2645 4109 2864 4184 arduum
2895 4126 3055 4184 quam
3084 4112 3405 4184 fructuosum
3434 4131 3563 4184 Opus

1972 4177 2221 4245 aggressi,
2255 4178 2479 4230 divinant
2512 4179 2658 4248 longe
2691 4179 3019 4235 discrevimus
3040 4177 3100 4235 ab
3131 4182 3357 4237 humana
3386 4177 3565 4240 existi-

1972 4249 2196 4327 niationc
2238 4264 2507 4327 censuram
2534 4265 2553 4304 :
2584 4250 2836 4327 quoniam
2868 4252 2922 4303 in
2971 4255 3256 4327 asserendis
3283 4257 3564 4327 quibusque

1969 4317 2142 4381 rebus,
2172 4319 2248 4371 vel
2278 4320 2430 4371 etiam
2458 4317 2609 4394 prout
2636 4322 2857 4389 suppetit
2884 4323 3221 4392 explicandis,
3257 4317 3305 4378 si
3330 4317 3569 4394 quacun-

1970 4402 2066 4455 que
2092 4404 2154 4440 εει)
2184 4397 2328 4456 parte
2376 4390 2690 4458 peccandum
2720 4400 2812 4458 est,
2857 4390 3114 4447 salubrius
3144 4390 3351 4450 dicente
3376 4399 3577 4455 clerico.

1971 4473 2075 4511 non
2103 4458 2355 4535 impletur
2388 4476 2575 4535 pompa
2595 4475 2756 4535 quam
2784 4463 2985 4535 regula,
3017 4472 3064 4535 et
3093 4466 3249 4519 tutius
3279 4470 3403 4521 artis
3437 4472 3564 4535 pede

1971 4544 2125 4595 quam
2152 4531 2380 4583 veritatis
2426 4532 2636 4601 vestigio
2659 4532 2998 4589 claudicatur.
3033 4534 3157 4589 Non
3204 4540 3339 4591 enim
3366 4531 3444 4593 est
3474 4558 3568 4595 ca:-

1967 4609 2142 4655 cusata
2183 4601 2558 4674 perpet‘ratione
2602 4604 2796 4672 peccati
2836 4604 3039 4659 libertas
3077 4607 3285 4674 eloquii.
3335 4609 3474 4665 Nam
3513 4613 3563 4667 si

1966 4686 2059 4746 pro
2089 4673 2227 4724 omni
2259 4671 2407 4746 verbo
2434 4671 2754 4745 otioso'quod
2785 4674 2940 4730 locuti
2987 4671 3180 4746 fuerint
3209 4678 3438 4735 homines
3474 4699 3563 4738 ra-

1969 4742 2157 4818 tionem
2185 4743 2452 4818 redhibere
2479 4742 2744 4818 cogentur,
2775 4742 2994 4816 agnosci
3009 4750 3061 4801 in
3086 4762 3325 4818 promptu
3355 4762 3446 4817 est,
3492 4755 3560 4808 il-

1968 4813 2058 4866 lud
2086 4814 2422 4891 periculosius
2468 4813 2671 4891 (cedere,
2701 4813 3133 4891 quodtractatuin
3159 4813 3308 4891 atque
3349 4813 3563 4879 medita-

1968 4893 2078 4965 tum
2098 4892 2147 4937 et
2167 4884 2508 4955 antepositum
2532 4887 2730 4941 vivendi
2757 4888 2950 4959 legibus
2973 4887 3215 4961 loquendi
3224 4884 3344 4964 'lege
3363 4910 3565 4965 praesu-

1967 4964 2144 5009 mitur.

206 5032 555 5109 .dedicetur.
591 5033 778 5109 Recolo
804 5032 1038 5104 equidem
1065 5032 1312 5109 nonnulla
1352 5051 1433 5109 me
1472 5052 1616 5091 versu
1643 5038 1855 5109 dixisse,

232 5108 402 5177 adeo
422 5114 481 5157 ut
503 5106 544 5177 si
564 5107 919 5159 ordinarentur
940 5122 1043 5159 non
1064 5106 1270 5177 minimo
1288 5107 1543 5160 volumine
1564 5108 1749 5177 stringi
1768 5123 1861 5177 po-

232 5176 424 5231 tuerit
453 5176 875 5245 epigrammatum
904 5178 1196 5230 multitudo.
1225 5176 1374 5241 Quod
1394 5178 1514 5229 dum
1538 5176 1726 5245 facere,
1748 5176 1859 5231 ser-

227 5258 385 5301 vato
416 5261 685 5299 causarum
724 5255 771 5299 et
812 5255 1090 5316 temporum
1121 5246 1319 5312 ordine,
1343 5248 1638 5316 meditarer,
1686 5250 1860 5302 omnia

227 5332 397 5390 pene
421 5318 483 5390 in
495 5318 583 5369 illa
604 5318 879 5390 notissimte
902 5317 1292 5390 perturbationis
1315 5318 1608 5390 necessitate
1629 5320 1862 5387 dispersa

224 5386 405 5442 sunt.
442 5386 570 5449 Quae
598 5388 841 5456 quoniam
871 5387 1137 5457 sigillatim
1166 5397 1254 5440 aut
1282 5389 1473 5456 requiri
1502 5386 1729 5458 difficile,
1774 5398 1865 5443 aut

224 5457 498 5529 invenire
516 5458 829 5525 impossibile
849 5459 997 5524 foret,
1030 5460 1191 5529 abjeci
1220 5474 1277 5511 ea
1299 5462 1362 5512 de
1379 5457 1701 5523 animo'meo,
1727 5476 1857 5529 quo-

221 5545 375 5583 nun
401 5527 529 5580 mihi
556 5530 632 5581 vel
658 5530 913 5583 ordinatio
938 5527 1214 5595 salvorum,
1240 5530 1316 5583 vel
1337 5530 1683 5598 dispersorum
1706 5527 1859 5600 repa-

221 5600 398 5655 ratio
428 5600 564 5651 dura
585 5601 861 5654 videretur.
893 5600 1099 5668 Aliquos
1130 5616 1250 5653 sane
1272 5600 1466 5653 libellos
1494 5602 1633 5669 apud
1678 5618 1856 5670 quem-

219 5677 378 5725 dam
419 5671 733 5741 familiarem
763 5687 929 5726 meum
950 5680 1123 5741 postea
1144 5672 1308 5740 reperi
1330 5686 1350 5725 :
1373 5672 1462 5741 qui
1488 5672 1602 5725 licet
1633 5672 1859 5725 nomini-

218 5751 339 5796 bus
381 5743 613 5808 propriis
636 5745 892 5811 titulisque
916 5743 1275 5812 respondeant,
1304 5752 1350 5795 et
1378 5743 1508 5794 alias
1541 5752 1712 5812 tamen
1734 5758 1861 5796 cau-

215 5814 571 5874 sarinventa
593 5814 820 5868 materia
835 5811 1218 5882 opportunitate
1233 5814 1597 5886 perstringunt.
1618 5811 1692 5869 lli
1710 5827 1855 5885 ergo,

748 5906 1022 5976 Punon.
1053 5904 1279 5975 LXIII.

2037 5087 2117 5159 Ex
2149 5088 2250 5159 hac
2270 5088 2494 5159 epistola
2525 5092 2805 5159 docemur,
2830 5094 3085 5152 homilias
3106 5097 3268 5153 etiam
3299 5098 3368 5153 ab
3399 5100 3559 5154 Avito

1966 5157 2138 5239 editas
2170 5157 2355 5239 fuisse.
2394 5163 2459 5216 Et
2480 5164 2693 5239 quidem
2726 5157 2840 5239 sola
2870 5182 2977 5221 una
3006 5179 3173 5223 restat
3201 5169 3269 5225 de
3298 5169 3557 5239 Rogatio-

1967 5230 2124 5305 nibus
2162 5244 2195 5305 _a
2234 5230 2511 5305 Mamerto'
2538 5236 2654 5303 ejus
2685 5237 3086 5305 praedecessore
3131 5230 3410 5294 institutis:
3446 5239 3554 5293 Sed

1966 5300 2331 5423 pduscularum
2372 5300 2668 5373 fragmenta
2686 5300 2753 5361 'in
2780 5309 3133 5376 antiquissimi
3165 5310 3286 5363 libri
3314 5309 3557 5377 reliquiis

2020 5410 2032 5422 .
2067 5372 2105 5423 I.
2139 5370 2253 5423 δέπα.
2283 5370 2505 5423 Αυαιιειί
2533 5376 2736 5423 Tlnmni
2772 5378 3087 5423 nmnlissimi
3118 5390 3336 5423 senatus
3369 5382 3555 5423 nrmsi-

2020 5410 2032 5422 .
2067 5372 2105 5424 l.
2139 5370 2253 5447 duc.
2283 5370 2506 5443 Augusti
2533 5376 2737 5431 Thuani
2772 5370 3089 5446 amplissimi
3118 5390 3336 5433 senatus
3369 5370 3555 5447 priesi—

1966 5441 2049 5495 dis
2104 5441 2561 5501 vidimusz‘unam
2596 5450 2646 5500 in
2697 5441 3050 5503 conversione
3100 5449 3295 5502 dictam
3348 5441 3557 5507 dotnini

1961 5512 2221 5587 Segisrici
2252 5513 2527 5583 Lugduni,
2574 5519 2835 5586 postridie
2867 5533 3024 5586 quam
3075 5534 3228 5572 soror
3274 5519 3437 5587 ipsius
3484 5537 3556 5579 ex

1962 5584 2160 5638 Ariana
2210 5583 2413 5639 liatrese
2444 5597 2526 5641 est
2562 5583 2773 5655 recepta
2799 5606 2811 5652 ;
2843 5583 3067 5641 alterum
3100 5590 3152 5640 in
3180 5583 3394 5645 basilica
3426 5608 3555 5647 sau-

1963 5662 2172 5709 ctorum
2200 5657 2626 5723 Agaunensium,
2670 5659 2722 5711 iu
2750 5658 3095 5713 innovatione
3127 5664 3439 5719 monasterii
3470 5666 3555 5735 ip-

2028 5755 2484 5834 ‘ffaneepistotam
2526 5757 2811 5834 sumendus
2848 5766 3015 5834 postea
3042 5762 3198 5816 edidit
3235 5766 3367 5820 inter
3402 5780 3552 5834 Opera

1963 5818 2022 5871 S.
2046 5818 2180 5873 Aviti
2205 5818 2452 5883 aliquanto
2476 5818 2880 5875 emendatiorem.

2223 5988 2325 6004 ,φειδ
