3974 6366
429 250 535 311 255
1551 240 1821 300 ENNODII
1862 236 2168 299 EPISCOPI
2205 233 2583 294 TICINENSIS
3599 236 3699 294 εδδ

428 370 629 429 diutius
658 366 940 426 servitium
979 366 1147 437 pubes
1189 361 1444 434 Ligurum
1470 359 1774 417 duceretur.
1806 358 1915 415 Nec
1964 357 2019 414 in
2045 359 2100 421 Α
2124 356 2276 421 tifex,
2308 364 2396 411 tua
2453 354 2576 424 plus
2613 352 2723 424 egit
2761 350 3038 419 absentia,
3089 358 3347 424 quantum
3377 351 3702 425 ‘imperavit

431 478 543 522 uno
570 464 690 520 loco
713 472 953 517 summus
986 458 1068 513 vir
1097 458 1148 512 in
1179 455 1267 511 illa
1298 453 1515 525 regione
1540 468 1599 509 se
1638 452 1918 518 continuit,
1950 466 2019 507 ne
2123 448 2399 506 humilitas
2423 445 2791 516 deprehensa;
2825 444 3005 499 dicant
3026 442 3128 511 illi,
3159 458 3294 514 quos
3325 444 3391 500 de
3437 447 3699 505 exsulibus

432 556 658 614 forsitan
684 556 736 610 in
762 553 1048 622 longinquo
1063 550 1319 619 degentes
1345 547 1688 602 dominorum
1713 545 1893 600 feritas
1918 543 2020 599 im-
2121 544 2421 602 ditissimos
2445 540 2749 599 reddidisti.
2775 538 2939 611 Igitur
2960 539 3138 594 omnia
3160 555 3280 611 quae
3300 555 3329 593 a
3362 538 3597 611 piissimo
3625 557 3704 600 re-

430 652 666 724 pediret.
712 648 834 704 Fuit
874 645 1127 713 Genavae,
1179 642 1271 699 ubi
1303 643 1319 675 ¹
1353 640 1689 714 Godigisclus
1731 653 2019 713 germanus
2120 638 2190 712 ge
2211 651 2309 709 pro
2332 636 2551 692 miseris
2574 650 2670 706 per
2700 635 2947 705 paginam
2980 634 3134 703 petiit
3154 633 3440 704 singularis
3466 636 3702 707 antistes,

433 746 580 817 regis
602 746 767 799 larem
790 748 1091 796 statuerat:
1119 738 1208 810 qui
1229 740 1251 770 ¹
1274 738 1469 793 famam
1493 736 1744 792 fraternae
1764 733 2021 790 delibera-
2122 728 2504 790 incunctanter
2526 728 2781 785 obtinuit.
2806 727 3041 784 Serenus
3080 728 3331 799 praestitit
3358 729 3566 798 copiam
3592 746 3708 803 sup-

433 838 597 894 tionis
628 843 867 903 secutus,
916 833 1075 889 bonis
1095 831 1345 903 Operihus
1368 831 1484 901 ejus
1513 844 1573 885 se
1600 827 1808 885 socium
1849 826 2019 883 dedit.
2127 826 2376 900 plicanti,
2411 824 2498 881 cui
2530 839 2627 896 pro
2655 822 3093 893 compensatione
3123 820 3322 877 laboris
3351 823 3432 877 sui
3469 820 3569 878 hoc
3595 838 3706 880 cre-

434 931 596 989 Brevi
648 939 825 984 tamen
879 936 1041 983 tantte
1090 927 1439 983 liberatorum
1489 922 1782 995 phalanges
1807 921 2021 978 emissa:
2128 918 2356 975 ‘debatur
2386 930 2546 988 posse
2576 914 2848 979 sufﬁcere,
2874 912 3133 986 quidquid
3164 929 3258 987 per
3294 914 3445 972 illum
3475 915 3710 972 beneficii

436 1033 578 1090 sunt,
601 1032 659 1077 ut
676 1019 1077 1091 videresllonge
1102 1020 1313 1089 lateque
1328 1017 1631 1089 agminibus
1660 1014 1923 1072 ferventia
1946 1013 2026 1067 iti-
2128 1009 2443 1081 redemptus
2465 1018 2519 1064 et
2549 1022 2752 1079 pauper
2778 1006 3069 1078 acciperet.

435 1130 569 1173 nera
600 1130 721 1169 cum
745 1113 903 1169 laude
930 1113 1046 1180 Dei,
1074 1121 1183 1167 tum
1206 1111 1367 1166 etiam
1395 1105 1817 1177 splendidissimi
1845 1120 2029 1161 sacer-
2216 1103 2502 1172 Postquam
2537 1108 2713 1155 tamen
2751 1113 2939 1153 omnes
2981 1098 3068 1171 qui
3110 1099 3344 1153 revocati
3376 1096 3615 1165 fuerant,
3642 1098 3714 1154 in-

366 1228 379 1241 ’-
438 1209 583 1263 dotis
612 1207 917 1277 Epipltanii,
940 1205 1096 1276 cujus
1125 1202 1426 1260 ministerio
1455 1210 1613 1271 atque
1642 1200 1826 1257 labore
1855 1194 2029 1268 erepti
2133 1192 2283 1249 dultu
2309 1190 2628 1261 prteferendi
2660 1190 2917 1261 principis
2941 1189 3061 1259 jure
3092 1204 3189 1245 suo
3218 1189 3400 1245 donati
3430 1198 3575 1256 sunt,
3606 1206 3715 1261 per-

439 1298 675 1365 fuerant,
707 1298 1072 1354 redeuntium.
1120 1296 1186 1351 Et
1226 1311 1296 1351 ne
1328 1293 1459 1349 tanti
1496 1293 1587 1347 lux
1620 1300 1798 1346 nostra
1829 1299 2032 1356 "‘0me
2133 1284 2372 1342 functam
2430 1284 2796 1339 molestiarum
2857 1297 3075 1338 suarum
3136 1283 3334 1338 molem
3398 1283 3717 1340 admirabilis

439 1393 683 1449 muneris
704 1393 1030 1462 privaretur,
1050 1398 1209 1461 atque
1235 1389 1302 1444 ab
1322 1388 1493 1445 oculis
1516 1387 1751 1457 ipsorum
1782 1383 2032 1455 pulcher-

441 1486 641 1544 ~fimum
672 1485 1037 1557 spectaculum
1069 1484 1377 1552 tolleretur,
1405 1484 1522 1553 ipse
1551 1495 1673 1536 cum
1713 1478 1797 1533 his
1826 1491 2033 1532 remea-

443 1580 544 1634 vit.
577 1578 801 1634 Videres
822 1578 947 1633 duci
969 1578 1021 1632 in
1047 1575 1331 1645 triumphis
1352 1572 1664 1631 caelestibus
1685 1570 1876 1641 vulgus
1903 1568 2035 1623 libe-

445 1682 586 1736 rum,
614 1679 666 1724 et
687 1684 783 1740 pro
814 1667 1217 1724 mactandorum
1241 1664 1498 1737 sanguine
1526 1674 1726 1719 terram
1758 1655 2035 1715 madefieri

2136 1376 2395 1433 eensehat
2424 1376 2711 1445 episcopus
2742 1391 2757 1430 :
2788 1389 2909 1430 cum
2950 1373 3177 1431 necdum
3212 1374 3427 1430 biennio
3459 1386 3663 1444 exacto,
3693 1392 3719 1432 a

2135 1470 2449 1527 deliberata:
2484 1469 2679 1539 quietis
2708 1468 2936 1541 gremio,
2996 1476 3248 1539 tanquam
3279 1485 3309 1524 a
3356 1480 3516 1539 portu
3544 1471 3720 1542 cymba

2140 1565 2264 1621 aliis
2297 1565 2458 1619 inlata
2488 1571 2807 1634 tempestate
2844 1563 3177 1633 propellitur.
3214 1562 3344 1618 Nam
3382 1564 3613 1620 infirmis
3636 1565 3720 1622 Li-

2142 1673 2336 1731 gurum
2363 1666 2417 1714 et
2443 1656 2748 1713 labantibus
2780 1657 3020 1713 humeris
3043 1658 3131 1713 vix
3162 1657 3380 1714 ferenda
3411 1658 3722 1715 tributorum

445 1758 700 1833 lacrymis
732 1760 1119 1816 exsultantium
1162 1778 1175 1813 :
1217 1773 1338 1813 cum
1382 1757 1517 1813 Elite
1556 1769 1771 1810 currum
1813 1754 2036 1808 istarum
2066 1767 2118 1830 Β
2142 1751 2350 1807 sarcina
2384 1748 2761 1806 mandabatur.
2797 1750 3003 1805 Rursus
3028 1749 3095 1805 ad
3127 1760 3211 1818 te,
3258 1750 3582 1807 afﬂictorum
3610 1767 3723 1809 cou-

446 1853 750 1909 cohortium
781 1852 974 1908 ductor
1005 1850 1319 1916 scanderet,
1351 1856 1405 1903 et
1430 1846 1801 1917 quadriiugum
1829 1843 1895 1898 ad
1925 1857 2040 1897 ce-

444 1944 599 2002 leStia
628 1960 728 2016 pro
750 1946 943 2001 merito
963 1958 1061 2001 suo
1086 1950 1367 2011 raperetur
1393 1955 1643 1997 excursu.
1672 1937 1789 1993 Non
1817 1936 1895 1991 sic
1922 1934 2044 1990 Pel-

445 2037 581 2095 laeus
607 2038 857 2108 princeps
888 2035 1218 2103 Alexander,
1250 2049 1407 2104 quem
1440 2042 1748 2103 pacatorem
1778 2028 1924 2084 orbis
1951 2042 2044 2083 νο·
2076 2022 2083 2031 ’

448 2129 593 2184 ‘cavit
618 2143 758 2184 vana
786 2128 1052 2192 laudatio,
1080 2135 1292 2197 captum
1327 2124 1565 2195 gentium
1600 2121 1752 2176 duxit
1794 2133 2045 2185 examen,

448 2230 513 2278 ut
540 2223 641 2278 iste
665 2224 960 2280 revocavit.
989 2221 1131 2277 Ecce
1156 2219 1281 2275 hinc
1306 2216 1668 2290 comperimus
1712 2221 2043 2269 armatorum

449 2323 667 2371 mentes
712 2315 1003 2370 sanctitate
1060 2320 1359 2382 superatas,
1408 2319 1460 2365 et
1510 2309 1741 2363 cessisse
1794 2302 2045 2376 precibus

455 2412 614 2469 electi
645 2410 964 2483 principem,
1002 2407 1090 2479 qui
1131 2406 1344 2461 obvium
1385 2419 1600 2473 semper
1630 2400 1829 2457 lanceis
1858 2407 2046 2469 pectus

452 2506 699 2579 ingessit.
726 2506 995 2572 Quantum
1019 2502 1119 2559 fuit
1139 2500 1346 2558 acutior
1376 2500 1690 2565 verborum,
1731 2512 1889 2569 quam
1919 2490 2048 2552 ferri

454 2600 685 2666 lamina,
715 2597 841 2654 hinc
871 2597 1042 2653 lector
1070 2609 1302 2666 agnosce
1334 2612 1345 2646 :
1382 2592 1712 2663 expugnavit
1740 2604 1937 2658 sermo,
1961 2589 2048 2644 cui

454 2694 517 2749 'sc
550 2692 708 2763 gladii
738 2690 1123 2746 subduxerant.
1171 2687 1303 2743 Dum
1346 2700 1476 2756 ergo
1508 2684 1666 2740 tertio
1694 2697 1881 2739 mense
1925 2696 2047 2737 eum

454 2787 549 2844 'tali
580 2796 782 2857 tropteo
802 2784 1048 2839 Ticinum
1082 2789 1347 2838 remearet
1378 2779 1625 2845 antistes,
1653 2788 1711 2831 ut
1742 2774 1762 2807 ³
1783 2772 2047 2831 Taranta-

453 2882 593 2939 siam
614 2880 762 2935 venit
787 2878 889 2950 (sic
919 2877 1061 2932 enim
1092 2874 1358 2930 vocitatur
1387 2871 1639 2943 oppidum
1668 2868 1893 2941 Alpibus
1917 2867 2050 2923 vici-

454 2974 634 3045 num),
684 2972 758 3028 ibi
807 2970 1049 3043 quaedam
1098 2968 1289 3023 mulier
1330 2965 1479 3037 gravi
1528 2962 1788 3019 immundi
1828 2961 2049 3032 spiritus

454 3066 743 3123 vexatione
764 3062 1081 3118 laborabat:
1114 3074 1233 3130 quae
1274 3057 1530 3113 continuo
1555 3062 1801 3125 percepta
1831 3050 2051 3107 benedi-

2146 1844 2370 1911 solator,
2418 1843 2733 1897 accurritur.
2765 1840 2788 1874 ⁸
2817 1842 3053 1898 Doceres
3094 1842 3285 1898 frustra
3316 1842 3615 1899 reddidisse
3644 1859 3723 1916 pa~

2148 1936 2266 1990 triae
2311 1936 2488 2000 cives,
2540 1933 2583 1988 si
2613 1933 2719 1990 illis
2746 1933 2798 1987 in
2829 1933 2945 1988 solo
2982 1933 3122 1988 avito
3177 1931 3725 2002 periclitantibusnon

2150 2030 2387 2085 adesses.
2420 2028 2486 2082 Et
2515 2026 2638 2098 quia
2686 2026 2825 2097 apud
2872 2037 2921 2083 te
2949 2042 3220 2096 nunquam
3253 2024 3508 2100 fatigatus
3539 2028 3725 2096 estqui

2148 2121 2382 2192 rogavit,
2424 2121 2709 2189 suscepisti
2747 2133 2937 2175 causas
2968 2118 3281 2185 infelicium,
3314 2128 3369 2174 et
3404 2129 3453 2175 te
3498 2120 3728 2190 protinus

2150 2212 2217 2270 ad
2249 2213 2483 2270 recidiva
2524 2230 2687 2269 onera
2738 2214 3071 2285 praeparasti.
3118 2212 3425 2269 Ravennam
3455 2230 3559 2284 pro
3588 2217 3728 2271 nobis

2151 2296 2335 2382 rege-tn
2375 2317 2658 2380 rogaturus
2687 2308 2961 2374 excurris;
2992 2323 3151 2378 quam
3185 2322 3251 2363 ne
3282 2315 3333 2363 te
3366 2307 3435 2362 ibi
3461 2308 3728 2380 quisquam

2150 2414 2275 2478 post
2320 2404 2588 2458 Gallicana
2645 2401 2871 2474 insignia
2919 2388 3192 2468 laudaret,
3234 2400 3526 2472 effugeras.
3574 2400 3727 2458 Minas

2153 2496 2310 2561 caeli,
2345 2495 2811 2567 procellarumque
2847 2494 3197 2562 discrimina,
3243 2494 3416 2551 adhuc
3458 2496 3611 2567 quasi
3640 2496 3731 2555 τι)γὶ

2152 2588 2391 2659 integer,
2435 2597 2527 2642 aut
2565 2586 2797 2642 valentia
2840 2587 3083 2656 corporis
3121 2588 3390 2656 munitus,
3424 2602 3728 2659 exsuperas.

2153 2670 2437 2750 Nunquam
2485 2678 2579 2734 tibi
2624 2678 2690 2733 ad
2740 2676 2977 2733 officium
3034 2680 3333 2734 animorum
3388 2694 3447 2735 se
3506 2679 3731 2737 membra

2154 2772 2403 2842 quamvis
2426 2769 2661 2825 invalida
2683 2769 3083 2826 subduxerunt:
3107 2771 3288 2842 frigus,
3308 2771 3527 2842 pluviae,
3548 2773 3729 2840 Padus,

2151 2864 2384 2937 jejunia,
2417 2862 2724 2935 navigatio,
2770 2860 3095 2935 periculum,
3145 2866 3397 2932 tonitrua,
3442 2866 3566 2922 sine
3602 2874 3733 2923 tecto

2158 2958 2365 3014 mansio
2410 2959 2461 3013 in
2512 2958 2641 3027 ripis
2688 2956 2960 3026 ﬂuminis,
2994 2958 3183 3014 incerti
3230 2974 3367 3031 pene
3424 2960 3549 3016 sine
3603 2967 3735 3019 terra

2158 3061 2371 3122 portus,
2404 3051 2587 3105 virtuti
2611 3062 2714 3105 tua:
2740 3049 2913 3107 dulcia
2945 3050 3180 3119 fuerunt,
3202 3062 3255 3108 et
3281 3060 3427 3123 grata
3452 3052 3733 3109 successui.

455 3158 636 3213 ctione
665 3155 908 3210 absoluta
938 3151 1207 3207 discessit.
1240 3149 1359 3219 Ipse
1388 3158 1567 3203 tamen
1602 3146 1716 3202 suis
1741 3144 2050 3215 inopinatus
2078 3159 2128 3231 α
2158 3144 2181 3176 ⁶
2210 3143 2570 3199 Contristatus
2599 3152 2682 3199 est
2710 3142 2777 3199 de
2799 3144 3077 3214 praesentia
3108 3143 3187 3199 tui
3224 3151 3279 3199 et
3307 3143 3399 3200 ille
3432 3144 3736 3201 eminentis-

454 3262 561 3308 nec
590 3247 973 3318 suspicantium
1006 3243 1175 3298 oculis
1204 3240 1395 3297 astitit.
1424 3239 1591 3297 Visus
1634 3247 1719 3297 est
1744 3237 1944 3305 subito,
1981 3235 2052 3293 de

455 3356 569 3414 quo
598 3342 689 3395 vix
716 3338 1035 3395 credebatur
1061 3335 1253 3405 aliquis
1283 3348 1445 3404 posse
1472 3347 1658 3388 rumor
1689 3329 1887 3385 audiri.

534 3433 652 3489 Mox
687 3441 863 3486 tamen
890 3437 951 3484 ut
976 3428 1160 3494 rediit,
1190 3426 1337 3482 curis
1377 3440 1445 3482 ex
1474 3438 1625 3480 more
1655 3423 1894 3478 animum
1928 3420 2052 3475 fati-

465 3532 585 3596 gat,
633 3539 701 3580 ne
736 3522 876 3578 forte
908 3520 1102 3592 quibus
1149 3518 1542 3576 absolutionem
1592 3516 1733 3573 Deus
1764 3530 1859 3585 per
1901 3513 2051 3570 illum

460 3615 721 3693 dederat,
770 3614 975 3685 proprii
1027 3626 1225 3669 census
1280 3612 1622 3681 possessione
1664 3608 2051 3670 turbarentur;

458 3708 734 3780 praecipue
762 3709 833 3763 ob
854 3706 1117 3762 nobilium
1147 3702 1633 3761 considerationem
1656 3714 2009 3773 personarum
2035 3715 2050 3751 :

460 3801 658 3873 quibus
688 3800 973 3855 immanior
999 3798 1141 3870 apud
1171 3812 1300 3853 suos
1320 3804 1531 3868 poterat
1560 3803 1809 3851 constare
1835 3791 2057 3848 calami-

458 3905 564 3961 tas,
589 3894 633 3951 si
663 3895 823 3951 vitam
852 3895 1064 3964 inopem
1091 3892 1322 3949 reduces
1346 3890 1700 3954 sustinerent,
1729 3894 1786 3943 et
1810 3885 1879 3941 de
1900 3899 2057 3955 pere-

458 3990 779 4061 grinationis
836 3986 1192 4043 incommodis
1250 3985 1365 4041 sola
1413 3981 1806 4041 misericordia:
1861 3978 2056 4034 solatia

457 4081 844 4154 perdidissent.
894 4078 974 4133 Ad
1004 4093 1187 4148 regem
1217 4076 1631 4133 invictissimum
1663 4070 2055 4129 Theodericum

463 4183 570 4243 per
592 4186 651 4226 se
682 4186 806 4225 mox
829 4171 907 4225 ire
931 4169 1099 4224 noluit
1129 4185 1141 4221 :
1169 4184 1237 4224 ne
1264 4167 1404 4224 forte
1432 4167 1631 4222 laboris
1678 4166 1760 4220 sui
1786 4163 2056 4219 vicissitu-

463 4262 646 4318 dinem
675 4262 727 4316 itt
754 4260 1024 4317 relatione
1049 4259 1366 4331 gratiarum,
1388 4268 1481 4316 aut
1505 4258 1561 4314 in
1582 4256 1914 4314 exhibitione
1937 4270 2058 4310 mu-

462 4365 654 4411 nerum
671 4366 853 4408 coram
877 4352 1087 4421 positus
1106 4349 1383 4407 videretur
1412 4348 1665 4421 exigere:
1692 4348 1893 4420 flagitat
1912 4345 2057 4403 enim

461 4444 619 4514 quasi
655 4443 888 4499 debitam
919 4443 1352 4510 retributionem,
1404 4442 1495 4514 qui
1526 4441 1821 4513 profligatis
1849 4440 2056 4512 princi-

2157 3237 2327 3299 simus
2362 3253 2477 3304 rex,
2503 3238 2593 3308 qui
2634 3247 2687 3293 te
2724 3239 2910 3295 videre
2950 3238 3251 3296 ambienter
3289 3239 3536 3309 optabat.
3570 3239 3738 3309 Expo-

2156 3332 2310 3388 suisti
2341 3330 2693 3387 necessitates
2715 3340 2929 3388 nostras
2955 3331 3184 3387 adventu
3216 3342 3325 3400 tuo,
3357 3340 3642 3404 antequam
3668 3331 3739 3387 dk

2155 3436 2331 3486 ceres,
2355 3429 2410 3476 et
2426 3421 2612 3493 quales
2642 3432 2817 3478 tecum
2850 3422 3203 3478 habitantium
3233 3425 3483 3499 lacrymaz
3519 3436 3571 3481 te
3605 3438 3737 3481 com-

2157 3516 2416 3590 pulerint,
2445 3515 2743 3573 docuerunt
2782 3526 3032 3587 superata
3074 3517 3407 3574 discrimina.

2166 3600 2167 3603 “
2229 3613 2330 3666 Ast
2349 3609 2438 3664 ubi
2469 3610 2533 3663 ad
2560 3608 2853 3679 principem
2884 3620 3058 3665 tamen
3079 3610 3360 3682 ingressus
3378 3618 3489 3676 est,
3515 3613 3585 3667 ita
3608 3609 3740 3679 loqui

2158 3703 2343 3773 cmpit.
2378 3720 2398 3754 ‹
2427 3701 2620 3773 Solita,
2648 3717 2742 3758 rex
2764 3703 3105 3769 venerabilis,
3138 3704 3335 3760 mentis
3366 3704 3745 3774 tranquillitate

2160 3792 2481 3852 famulorum
2516 3810 2706 3867 preces
2735 3795 2973 3866 intellige
2996 3813 3009 3850 :
3035 3805 3089 3852 et
3117 3811 3203 3850 me
3223 3795 3289 3851 ad
3319 3795 3641 3865 postulanda
3662 3809 3745 3851 πιθα

2160 3890 2418 3955 cessaria,
2446 3900 2501 3945 et
2532 3904 2625 3944 vos
2656 3889 2722 3944 ad
2755 3889 3036 3944 tribuenda
3068 3903 3197 3944 usus
3228 3889 3505 3946 informat.
3528 3889 3635 3945 Lex
3669 3898 3747 3942 tua

2160 3991 2270 4048 est,
2298 3980 2493 4037 ductor
2530 3982 2745 4048 invicte,
2774 3976 3017 4036 misereri
3058 3980 3255 4051 iugiter
3290 3999 3300 4033 :
3334 3988 3389 4035 tu
3419 3989 3636 4052 semper
3662 3995 3746 4035 nu-

2162 4074 2303 4129 tristi
2327 4089 2478 4144 spem
2508 4074 2913 4130 intercessionis
2944 4075 2996 4129 in
3038 4081 3333 4143 posterum,
3355 4073 3484 4129 dum
3521 4088 3750 4145 praesen-

2163 4164 2309 4223 tibus
2338 4180 2445 4221 non
2484 4168 2695 4222 reslstis
2729 4184 2741 4219 :
2797 4166 2935 4222 viam
2964 4165 3343 4236 supplicationi
3373 4175 3586 4222 nostrae
3615 4172 3749 4237 patec

2162 4258 2292 4314 fecit
2321 4259 2387 4315 ad
2416 4259 2637 4329 reliqua,
2664 4273 2881 4329 semper
2912 4258 3050 4329 apud
3079 4273 3176 4314 vos
3217 4258 3464 4315 beneficii
3496 4260 3634 4315 fides
3661 4258 3751 4313 im-

2164 4351 2378 4422 petrati.
2416 4350 2700 4422 Liguribus
2730 4351 2837 4405 tuis
2873 4351 3073 4421 largire
3100 4350 3242 4421 quod
3276 4350 3559 4420 proferas:
3590 4350 3751 4405 tribue

2165 4442 2307 4513 quod
2329 4458 2562 4514 reponas
2587 4460 2600 4497 :
2630 4442 2930 4499 futurorum
2951 4455 3188 4513 quaestus
3211 4454 3315 4509 est,
3334 4445 3660 4514 temporalis
3684 4445 3753 4496 ln-

462 4546 596 4605 pum
634 4534 983 4603 iussionibus,
1012 4536 1126 4606 ipse
1158 4534 1285 4607 quid
1315 4544 1494 4591 actum
1526 4536 1599 4590 sit
1626 4543 1813 4591 auctor
1846 4547 2061 4588 annun-
2086 4555 2145 4620 ι)
2166 4533 2460 4605 dulgentia.
2515 4534 2647 4589 Boni
2704 4535 2963 4606 principis
2994 4549 3111 4589 mos
3157 4543 3263 4602 est,
3309 4549 3432 4590 cum
3474 4535 3754 4591 virtutibus

463 4628 588 4683 tiat.
648 4627 761 4685 Hoc
805 4642 936 4699 ergo
962 4628 1054 4684 ille
1100 4629 1267 4685 totius
1307 4628 1568 4683 acuminis
1607 4627 1690 4681 vir
1723 4626 2063 4696 prospiciens

466 4720 743 4776 declinare
792 4720 1073 4791 gestiebat.
1122 4718 1351 4791 Scripsit
1399 4729 1600 4786 tamen,
1651 4726 1708 4775 et
1746 4733 1866 4788 quae
1910 4724 2065 4787 gesta

466 4820 616 4879 sunt,
646 4810 794 4881 loqui
818 4810 1089 4870 commisit
1112 4811 1387 4882 epistolis;
1420 4825 1490 4868 ne
1527 4818 1622 4866 aut
1661 4808 1894 4865 tacendo
1931 4822 2064 4864 con-

465 4915 724 4974 temntor,
765 4914 859 4962 aut
894 4905 1233 4962 occurrendo
1273 4921 1369 4976 per
1401 4904 1764 4977 arrogantiam
1812 4917 2057 4973 pronun-

469 4996 694 5053 tiaretur
714 4998 1095 5067 intemperans.
1116 4996 1382 5063 Quantum
1406 5005 1533 5052 tunc
1585 4995 1899 5051 admirando
1922 5009 2054 5065 pono

469 5133 613 5195 aius;
644 5131 859 5187 tertiam
890 5145 945 5186 tn
968 5132 1364 5186 restauratione
1407 5129 1707 5199 baptisterii
1741 5130 1797 5185 in
1846 5132 2063 5188 civitate

469 5218 567 5259 sua
596 5202 839 5268 Vienna;
866 5209 1111 5274 quartam
1133 5202 1433 5274 inibasilica
1461 5203 1518 5274 δ.
1551 5201 1716 5268 Petri,
1743 5216 1904 5272 quam
1930 5216 2061 5274 san-

468 5284 589 5329 ctus
618 5273 907 5345 episcopus;
932 5273 1259 5345 Tarantasiae
1299 5273 1573 5339 condidit;
1605 5276 1851 5345 quintam
1876 5274 1931 5328 in
1962 5273 2059 5329 de-

469 5340 738 5402 dicatione
756 5340 989 5400 basilicae
1012 5344 1265 5411 Genevae,
1280 5359 1438 5413 quam
1470 5340 1649 5399 hostes
1664 5342 2017 5399 incenderant
2040 5361 2058 5411 ;

472 5424 527 5471 et
546 5417 679 5472 alias
700 5431 821 5486 qua:
842 5416 927 5470 vel
950 5416 1389 5484 inscriptionibus
1412 5416 1541 5485 ipsis
1557 5416 1779 5470 nimium
1801 5424 2056 5484 quantum

464 5487 555 5541 .sui
598 5488 923 5543 desiderium
955 5486 1214 5550 excitant,
1266 5487 1698 5555 reliquorumque
1730 5486 1867 5540 beati
1913 5487 2058 5542 Aviti

480 5570 695 5628 operum
726 5574 843 5628 quae
876 5566 1161 5628 recensent
1192 5554 1426 5628 Isidorus
1452 5566 1508 5612 et
1536 5558 1655 5612 Ado
1681 5556 2017 5612 Viennensis.

548 5626 943 5700 ‘__Godigiaclua]
973 5626 1049 5682 Ita
1076 5626 1485 5700 scribuntlibri
1518 5643 1729 5700 omnes,
1755 5642 1859 5683 non
1883 5628 2058 5700 Δςὶοιιί-

473 5696 801 5771 εἱείιιιιη,ίῃι
821 5696 1045 5767 vulgatae
1074 5698 1271 5754 habent
1302 5699 1562 5755 editiones
1595 5697 1837 5771 Gregorii
1880 5698 2055 5757 Turo-

476 5770 659 5824 nensis
687 5770 1040 5836 aliorumque.

518 5842 546 5869 "
580 5842 765 5895 Schot.
796 5853 847 5895 et
880 5839 1141 5903 Bolland..
1175 5841 1415 5896 formam.

2171 4640 2353 4683 amare
2380 4626 2608 4694 famam;
2639 4636 2693 4684 et
2744 4642 2964 4702 regnum
2999 4629 3073 4684 ita
3100 4630 3373 4699 ordinare,
3407 4639 3665 4702 tanquam
3696 4627 3757 4683 ad

2172 4721 2357 4793 stirpis
2403 4735 2514 4777 suae
2563 4730 2807 4790 posteros
2861 4723 3231 4778 transiturum.
3266 4722 3535 4780 Nutantes
3564 4719 3758 4779 domini

2173 4819 2291 4875 haec
2331 4825 2537 4873 tantum
2566 4833 2686 4889 qua:
2718 4816 3005 4889 accipiunt,
3045 4817 3313 4890 diligunt:
3347 4816 3644 4873 firmissimi
3674 4816 3758 4871 illa

2173 4910 2375 4982 potius,
2417 4925 2534 4981 qua:
2564 4908 2856 4965 dimittunt.
2889 4910 2979 4968 Sic
3008 4910 3166 4966 terris
3193 4910 3396 4966 semina
3425 4924 3595 4980 parva
3621 4922 3758 4966 com-

2173 5004 2457 5072 mittimus,
2488 5012 2547 5059 ut
2574 5003 2920 5074 multiplicata
2946 5003 3258 5075 capiamus:
3309 5003 3466 5061 fenus
3495 5007 3618 5061 sine
3657 5002 3791 5079 cri-v

2245 5134 2266 5165 ⁸
2297 5132 2677 5209 ΤαῙαῃιαεὶαηι]
2702 5134 3014 5209 Tarantasia
3044 5136 3179 5193 olim
3204 5136 3387 5209 oppidi
3416 5152 3644 5204 nomen,
3673 5134 3760 5193 Al-

2170 5203 2317 5275 pium
2348 5206 2629 5262 Graiarum
2659 5203 2839 5274 caput.
2867 5207 2956 5263 Sic
2984 5210 3128 5265 enim
3158 5220 3211 5264 et
3240 5203 3294 5265 in
3320 5217 3504 5266 vetere
3532 5203 3760 5264 Itinera-

2170 5275 2253 5332 rio
2284 5275 2507 5351 Ethici,
2536 5288 2589 5351 et
2610 5278 2661 5351 in
2691 5277 2831 5351 A_viti
2874 5279 3090 5351 homilia
3136 5295 3295 5351 quam
3327 5281 3485 5336 modo
3515 5295 3758 5351 comme-

2170 5347 2705 5421 moravimus.Hodie
2722 5348 3087 5406 Tarantasiam
3107 5347 3344 5407 vocitant
3359 5368 3461 5408 non
3476 5350 3759 5421 oppidum,

2169 5418 2266 5491 sed
2298 5433 2488 5491 pagum
2519 5420 2714 5489 ipsum,
2768 5430 3101 5491 tractumque
3124 5422 3286 5479 totius
3315 5418 3650 5479 Ceutronum
3687 5420 3761 5475 ci-

2174 5490 2587 5565 v_ita_t_is._lta_que
2615 5502 2799 5565 contra
2825 5492 2900 5547 illi
2930 5490 3123 5549 accidit
3151 5510 3311 5564 quam
3344 5494 3618 5565 plerisque
3643 5491 3761 5565 aliis

2174 5559 2357 5615 Gallina
2382 5562 2547 5636 locis,
2566 5571 2621 5617 ut
2646 5564 2893 5636 princeps
2923 5559 3184 5635 oppiduni
3204 5559 3409 5636 regioni
3434 5559 3641 5621 nomen
3660 5562 3758 5619 da-

2169 5640 2276 5708 ret,
2296 5647 2411 5708 non
2440 5634 2717 5708 regio‘seu
2744 5634 2933 5708 civitas
2961 5634 3182 5708 oppido.

2241 5701 2265 5733 ⁸
2292 5701 2563 5771 Bolland.,
2594 5704 2902 5773 impetravit.

2244 5773 2265 5803 ⁵
2295 5772 2460 5839 Idem,
2500 5772 2716 5830 deceris.

2244 5843 2267 5875 ⁸
2296 5842 2558 5901 Baronius
2584 5862 2647 5901 ex
2682 5845 2803 5903 Vat.
2832 5848 2957 5906 cod.
3011 5851 3307 5910 consolatus
