3974 6366
228 414 331 474 237

1159 414 1318 473 VITA
1356 416 1416 473 Β.
1458 414 1803 474 ΕΡΙΡΗΔΝΙΙ
1838 413 2146 474 EPISCOPl
2187 413 2590 474 TICINENSIS.

3406 412 3515 479 258

230 546 378 602 mine
417 545 481 596 tit
534 537 902 610 triplicatum:
944 532 1071 592 boni
1114 536 1453 604 imperatoris
1482 544 1566 591 est
1612 533 2192 605 posses-Adicorum.
2254 532 2482 588 Stabant
2534 532 2877 589 mussitantes
2918 540 2971 589 et
3031 533 3241 590 attoniti
3290 536 3514 606 populi,

229 639 373 695 seris
400 635 705 705 opulentia.
727 630 975 689 Concede
1001 627 1398 686 immunitatem
1428 633 1553 684 anni
1591 643 1827 698 praesen-

228 729 298 785 tis
315 726 686 799 Liguriae,!qui
697 738 792 781 eos
819 722 1057 779 externis
1077 721 1169 791 qui
1196 721 1520 794 supplicant,
1538 721 1824 778 reduxisti.

228 822 403 891 Quam
436 820 664 875 uberem
704 826 1024 888 praesentem
1072 816 1401 870 nativitatem
1456 813 1824 883 habuerimus,

132 974 141 993 ε
225 915 527 971 clementia
558 919 740 966 vestra
768 916 1008 964 astantes
1033 907 1345 979 interroget.
1378 905 1548 963 Nemo
1570 906 1645 961 illi
1676 920 1828 961 men-

226 1011 382 1072 titur,
406 1006 497 1062 cui
523 1004 768 1060 serviunt
795 1002 884 1073 qui
897 1000 1239 1055 convincant.
1255 1019 1273 1051 i
1298 1000 1377 1054 Ad
1393 1000 1507 1055 haec
1538 998 1820 1069 princeps:

229 1101 420 1157 «Licet
437 1112 541 1155 nos
558 1095 871 1153 immanium
897 1106 1258 1164 expensarum
1291 1091 1498 1161 pondus
1523 1091 1750 1156 illicitet,
1772 1098 1828 1146 et

226 1211 329 1267 pro
361 1195 609 1264 ipsorum
642 1189 820 1261 quiete
858 1186 1046 1258 legatis
1076 1184 1442 1240 indesinenter
1472 1197 1690 1238 munera
1718 1183 1827 1237 lar-

221 1289 469 1360 giamur,
516 1294 698 1339 tamen
750 1281 830 1335 vis
877 1280 1194 1334 meritorum
1245 1286 1457 1331 tuorum
1513 1274 1826 1330 tractatibus

226 1381 433 1437 nostris
455 1384 769 1435 reverenter
792 1373 1099 1429 intervenit.
1132 1371 1279 1442 Opus
1306 1379 1390 1425 est
1421 1371 1534 1424 fieri
1565 1369 1824 1439 quidquid

226 1472 567 1547 injunxeris:
605 1471 757 1541 juvat
785 1483 943 1523 omne
992 1465 1130 1536 quod
1176 1462 1461 1535 praecipis:
1496 1462 1824 1518 aestimamus

226 1570 371 1625 enim
394 1560 737 1633 compendiis
757 1558 956 1615 nostris
977 1556 1159 1627 adjici,
1175 1556 1313 1626 quod
1335 1557 1447 1625 ipse
1464 1554 1820 1624 decerpseris.

224 1658 372 1716 Nihil
404 1666 461 1712 tu
506 1652 661 1725 quasi
706 1667 772 1707 ex
803 1648 1062 1704 accidenti
1098 1647 1427 1717 depreceris,
1457 1648 1547 1716 qui
1592 1646 1757 1701 habes
1792 1662 1823 1701 a

226 1750 384 1809 nobis
422 1750 658 1821 plurima
698 1759 818 1815 qua:
856 1755 1129 1812 reposcas.
1164 1740 1304 1795 Duas
1335 1748 1511 1793 tamen
1543 1739 1824 1809 praesentis

227 1842 542 1902 indictionis
586 1837 784 1893 liscalis
810 1833 999 1891 calculi
1052 1840 1229 1903 partes
1258 1833 1549 1894 cedemus;
1604 1830 1821 1885 tertiam

1929 639 2110 681 casum
2140 626 2193 681 in
2217 640 2323 681 uno
2345 626 2559 683 homine
2585 627 2747 683 totius
2771 628 3058 697 provinciae
3083 629 3511 699 considerantes,

1928 726 1984 772 et
2016 720 2169 774 funus
2196 718 2380 773 mundi
2419 728 2744 775 metuentes.
2771 719 3013 789 Septimo
3054 731 3228 776 tamen
3270 722 3360 777 die
3398 722 3518 777 ino-

1931 812 2172 879 pinatum
2204 812 2413 881 scelus,
2449 808 2731 867 inefl‘abilis
2768 814 3076 883 calamitas,
3119 814 3515 883 inexplicabilis

1928 902 2103 959 luctus
2128 905 2379 963 accessit.
2413 903 2519 959 Sed
2550 917 2671 958 cum
2716 904 3058 960 beatissimus
3095 917 3339 961 cerneret
3384 920 3515 974 pon-

1929 994 2089 1059 tifex,
2120 996 2329 1049 sarcina
2367 996 2545 1050 carnis
2585 995 2794 1065 abjecta
2834 999 3091 1050 maturius
3134 1012 3192 1051 se
3226 996 3291 1050 ad
3323 1012 3514 1065 purum

1929 1087 2147 1143 aetheris
2168 1089 2387 1143 evolare
2409 1087 2672 1158 fulgorem
2698 1105 2712 1146 :
2744 1087 2895 1157 cujus
2919 1104 3018 1142 vox
3045 1089 3131 1143 illa
3159 1104 3369 1157 semper
3394 1090 3512 1156 fuit,

1937 1176 2070 1231 Mihi
2100 1180 2265 1235 vivere
2322 1179 2557 1235 Christus
2604 1188 2675 1234 est
2697 1222 2711 1249 ,
2754 1189 2800 1234 et
2830 1182 2959 1234 mori
2989 1179 3187 1234 lucrum
3220 1180 3441 1251 (Philip.
3472 1196 3513 1246 ι,

1925 1268 2044 1337 21),
2063 1270 2188 1324 laeto
2213 1272 2392 1326 animo
2420 1286 2481 1325 ac
2507 1271 2654 1325 vultu
2678 1285 2872 1326 sereno
2900 1269 3019 1326 illos
3040 1272 3334 1327 versiculos
3358 1271 3515 1327 Davi-

1927 1360 2075 1415 dicos
2112 1363 2308 1430 saepius
2346 1362 2621 1432 repetebat
2652 1380 2664 1415 :
2699 1361 3078 1416 Misericordia:
3109 1371 3243 1431 tuas,
3276 1360 3513 1429 Domine,

1926 1452 1979 1502 in
2008 1462 2254 1505 aeternum
2289 1453 2529 1507 cantabo.
2564 1451 2627 1505 In
2682 1454 3008 1522 generatione
3046 1464 3092 1507 et
3136 1455 3371 1526 progenie
3398 1470 3517 1525 ργο-

1925 1542 2172 1596 nuntiabo
2193 1543 2452 1597 veritatem
2476 1556 2613 1598 tuam
2634 1544 2687 1597 in
2709 1560 2795 1598 ore
2818 1560 2927 1599 meo
2952 1543 3121 1615 (Psal.
3151 1561 3403 1610 Lxxxvut,
3438 1545 3516 1618 i).

1928 1633 1999 1688 Et
2024 1634 2187 1689 illud:
2223 1635 2286 1689 In
2317 1653 2501 1692 manus
2528 1648 2660 1704 tuas,
2694 1638 2928 1704 Domine,
2956 1642 3247 1695 commendo
3277 1642 3517 1712 spiritum

1925 1740 2095 1779 meum
2125 1725 2298 1797 (Psal.
2330 1744 2433 1783 xxx
2457 1771 2471 1796 ,
2510 1729 2588 1801 δ).
2620 1728 2729 1785 Nec
2762 1746 2867 1786 non
2914 1731 3197 1801 adjiciebat
3224 1732 3290 1788 de
3338 1734 3517 1805 perfe-

1924 1816 2107 1873 ctione
2129 1832 2387 1876 securus:
2414 1821 2783 1891 Conﬁrmatum
2807 1834 2878 1878 est
2900 1840 2986 1877 cor
3007 1841 3173 1878 meum
3197 1826 3247 1879 in
3272 1823 3516 1893 Domino,

232 1931 609 1994 tantummodo
628 1926 955 1997 suscepturi,
979 1939 1046 1979 ne
1065 1932 1156 1978 aut
1178 1922 1351 1977 aerarii
1378 1922 1546 1977 nostri
1575 1921 1821 1990 angustia
1851 1910 1900 1972 B
1926 1922 1973 1970 et
2003 1915 2287 1970 exaltatum
2318 1927 2389 1972 est
2434 1935 2595 1973 cornu
2640 1936 2808 1975 meum
2836 1922 2888 1975 in
2919 1920 3029 1976 Deo
3076 1922 3293 1977 salutari
3322 1938 3431 1976 meo
3462 1918 3517 1993 (ι

229 2026 496 2086 Romanis
524 2022 695 2095 pariat
724 2021 927 2089 majora
955 2017 1252 2087 dispendia,
1278 2024 1367 2069 aut
1390 2015 1711 2085 supplicatio
1734 2024 1823 2071 tua

227 2127 537 2190 exspectata
563 2113 749 2186 patriae
777 2110 967 2183 gaudia
994 2125 1099 2164 non
1126 2116 1382 2178 reportet.
1407 2107 1661 2164 r'l‘aliter
1692 2123 1824 2179 prae-

227 2209 337 2267 fato
358 2210 477 2281 regi
521 2207 633 2277 egit
670 2206 871 2277 gratias
902 2215 1143 2257 summus
1188 2202 1413 2254 antistes
1456 2217 1468 2253 :
1513 2214 1542 2253 a
1572 2213 1677 2264 quo
1706 2201 1823 2256 vale

227 2303 410 2359 dicens
439 2296 725 2355 abscessit.
756 2294 868 2350 lien
897 2293 1247 2362 dolor‘atque
1276 2291 1502 2362 gemitus
1528 2293 1540 2345 ξ
1572 2292 1821 2349 omnibus

227 2394 376 2466 quasi
418 2391 663 2463 supremi
715 2388 877 2444 officii
919 2387 1002 2443 vel
1053 2384 1249 2440 ultimae
1284 2384 1604 2441 visitationis
1642 2385 1821 2441 studio

227 2487 453 2558 impiger
477 2482 820 2540 occurrebat.
850 2479 916 2535 Et
944 2494 1065 2534 cum
1088 2478 1279 2533 domus
1310 2476 1479 2547 ipsius
1501 2476 1821 2535 Christianae

224 2578 593 2637 multitudinis
634 2573 817 2630 turbas
868 2581 1173 2641 evomerct,
1229 2572 1344 2640 ipse
1372 2578 1551 2627 tamen
1580 2574 1820 2629 omnium

226 2674 526 2747 penetralia
578 2669 795 2725 adibat:
829 2665 1033 2723 nullum
1063 2666 1310 2721 humanae
1342 2667 1539 2721 mentis
1567 2669 1821 2723 crassitu-

225 2767 349 2824 dine
379 2766 693 2821 hebetatum
727 2761 979 2830 tangebat
1009 2767 1114 2814 tam
1148 2758 1359 2814 funesta
1392 2759 1647 2828 suspicio,
1678 2758 1818 2830 quod

224 2858 457 2916 instaret
480 2855 738 2912 transitus
768 2852 906 2923 ejus,
935 2866 1091 2921 quem
1125 2851 1215 2906 ille
1240 2850 1461 2920 spiritus
1491 2850 1820 2906 revelatione

224 2952 505 3007 cernebat.
536 2945 805 3016 Ninguido
833 2940 978 3011 aere,
1005 2953 1061 2999 et
1102 2942 1244 3013 quali
1276 2942 1449 2997 solent
1480 2942 1722 2999 homines
1751 2944 1819 2999 ad

220 3052 367 3101 tecta
418 3040 744 3111 confugere,
786 3038 1095 3093 Ravennam
1144 3050 1397 3105 egressus
1452 3043 1571 3102 est,
1612 3046 1667 3091 et
1725 3052 1822 3107 per

222 3150 418 3193 omnes
460 3132 701 3189 Emiliae
741 3130 986 3185 civitates
1034 3130 1181 3183 celer
1228 3129 1411 3193 venit,
1464 3137 1713 3199 tanquam
1750 3129 1817 3185 ad

221 3227 467 3299 sepulcri
504 3222 899 3294 receptaculum
924 3236 1252 3292 properans:
1290 3222 1540 3277 omnibus
1566 3223 1821 3280 sacerdo-

1926 2007 2059 2080 Reg.
2088 2024 2145 2075 lt,
2178 2009 2270 2081 i):
2302 2019 2361 2065 ut
2395 2010 2609 2083 hymnis
2639 2022 2695 2069 et
2731 2013 2954 2069 canticis
2982 2022 3037 2069 et
3066 2014 3119 2069 in
3166 2024 3338 2070 morte
3367 2029 3516 2069 reso-

1926 2118 2064 2159 uans
2101 2104 2168 2159 ad
2196 2105 2379 2161 sedem
2408 2120 2561 2161 suam
2592 2108 2827 2163 cmlestis
2851 2109 3029 2164 anima
3059 2118 3321 2164 remearet
3351 2127 3364 2161 :
3393 2123 3515 2177 quae

1922 2197 2427 2269 quinquagesimum
2465 2199 2486 2231 ⁸
2516 2208 2762 2257 octavum
2806 2204 2981 2257 aetatis
3017 2217 3213 2257 annum
3252 2194 3402 2255 duxit
3447 2202 3517 2255 ad

1922 2292 2233 2348 tumulum:
2284 2294 2502 2364 triginta
2541 2292 2595 2350 in
2642 2296 2741 2351 hac
2779 2295 3130 2363 sacerdotali,
3176 2295 3421 2367 qualem,
3460 2304 3517 2349 et

1923 2384 1969 2439 si
2000 2389 2291 2457 cxcerptim
2324 2388 2494 2445 lector
2523 2389 2757 2446 attendis
2786 2391 3075 2463 scalptam,
3105 2390 3515 2446 conversatione

1924 2482 2145 2536 exemit.

1995 2570 2128 2627 Illud
2160 2587 2391 2643 namque
2425 2572 2639 2629 silentio
2673 2574 2952 2646 praeterire
2998 2590 3104 2629 non
3151 2573 3341 2642 debeo,
3372 2572 3517 2646 quod

1923 2662 2043 2733 ejus
2064 2675 2267 2720 sanctas
2292 2667 2535 2737 reliquiae
2558 2682 2728 2738 usque
2756 2669 2807 2722 in
2833 2670 2973 2723 diem
2998 2670 3238 2737 tertium,
3262 2684 3367 2739 quo
3393 2684 3517 2727 cum

1924 2768 2135 2810 summa
2169 2760 2514 2813 veneratione
2540 2759 2829 2814 reconditae
2857 2759 3229 2828 dinoscuntur,
3257 2769 3401 2816 tanto
3436 2762 3515 2816 Iu-

1925 2849 2071 2904 mine
2107 2862 2171 2905 ac
2200 2849 2395 2906 decore
2424 2853 2631 2908 vestitae
2662 2862 2976 2907 cunctorum
3006 2854 3135 2909 visae
3166 2863 3290 2909 sunt
3322 2856 3494 2910 oculis

1926 2950 1983 2995 ut
2013 2942 2361 3012 splendorem
2396 2944 2518 2999 vitae
2549 2945 2724 2999 vultus
2753 2946 2989 3015 signaret
3029 2946 3299 3014 defuncti,
3340 2957 3395 3003 et
3422 2949 3515 3004 de~

1926 3036 2155 3103 positam
2186 3034 2411 3105 gloriam
2438 3036 2546 3106 jam
2586 3052 2727 3093 nunc
2770 3040 3074 3108 percepisse
3101 3039 3391 3108 gloriosum
3423 3056 3515 3094 vas

1926 3128 2261 3197 crederetur,
2313 3130 2367 3184 in
2407 3145 2514 3199 quo
2543 3144 2669 3186 vere
2715 3130 2815 3186 fuit
2844 3132 3128 3187 thesaurus
3156 3132 3335 3205 magni
3374 3136 3517 3205 regis

1926 3220 2332 3291 inclusus.Qu:e
2351 3221 2423 3277 ibi
2453 3223 2664 3279 fuerunt
2692 3222 2910 3279 ﬂumina
2940 3227 3516 3298 lacrymarum,quanti

220 3296 440 3383 tibusin
464 3321 657 3375 itinere
680 3318 867 3390 positis
888 3318 1196 3381 munificus,
1221 3318 1545 3389 communis,
1567 3316 1819 3387 aﬂ‘abilis,
1850 3296 1898 3360 δ
1928 3313 2194 3382 PlanClus.
2213 3314 2407 3380 είΙεῢος
2430 3329 2497 3370 ne
2520 3326 2639 3385 P051
2660 3330 2828 3371 annos
2858 3331 2920 3372 ac
2949 3318 3212 3373 curricula
3246 3320 3517 3375 novellum

221 3426 282 3471 et
304 3414 460 3485 quasi
486 3415 504 3445 ¹
534 3411 826 3483 exagellam
860 3412 1190 3481 relinquens,
1220 3424 1279 3465 se
1314 3411 1429 3479 ipso
1459 3411 1819 3480 praestantior.

223 3505 301 3563 Ut
339 3505 585 3559 Parmam
608 3515 787 3558 tamen
816 3502 1054 3571 ejusdem
1085 3501 1185 3555 via:
1226 3503 1497 3570 ingressus
1526 3511 1605 3556 est
1634 3502 1818 3556 civita-

222 3609 363 3661 tem.
395 3599 655 3653 continuo
678 3612 799 3652 eum
826 3595 1136 3665 coagulatus
1168 3596 1217 3649 in
1240 3595 1485 3650 vitalibus
1519 3596 1708 3650 humor
1737 3595 1821 3650 in-

222 3691 387 3761 ludit,
411 3706 573 3762 quem
599 3689 903 3745 catharrum
938 3689 1127 3743 medici
1152 3700 1379 3745 vocant:
1411 3690 1498 3760 qui
1529 3704 1589 3743 se
1616 3688 1823 3745 medul-

224 3784 360 3839 litus
384 3787 630 3839 inserens
656 3782 709 3836 in
734 3783 939 3836 ruinam
972 3783 1235 3852 publicam
1260 3783 1548 3839 serviebat.
1568 3782 1671 3839 Sed
1695 3783 1821 3854 quid

221 3873 492 3932 formidas
524 3874 695 3929 oratio
722 3873 745 3926 ἱ)
792 3873 921 3943 quid
952 3874 1095 3929 velut
1124 3877 1143 3903 '
1180 3874 1329 3928 navis
1361 3874 1538 3944 fragos
1569 3875 1822 3944 scopulos

222 3965 646 4039 perhorrescis?
678 3964 847 4030 Vclis,
878 3966 1039 4033 nolis,
1072 3972 1125 4019 et
1156 3966 1197 4019 si
1242 3966 1491 4031 strictim,
1522 3965 1675 4035 cujus
1710 3965 1821 4020 vita

221 4059 372 4115 dicta
402 4064 506 4125 es't,
538 4059 833 4114 narrandus
864 4070 947 4113 est
976 4060 1154 4114 obitus
1182 4076 1195 4112 :
1247 4062 1498 4129 quoniam
1530 4058 1671 4113 nulla
1700 4073 1823 4127 pro-

221 4153 483 4208 tensione
544 4149 752 4217 libelli,
812 4151 972 4205 nullis
1020 4151 1420 4206 dilatationibus
1473 4150 1820 4220 promulgatae

223 4246 427 4311 laudis,
446 4246 701 4300 transitus
734 4245 901 4316 ipsius
940 4248 1137 4316 poterit
1160 4246 1437 4302 occultari.
1472 4246 1538 4299 Et
1575 4243 1821 4314 quamvis

225 4337 382 4391 velut
422 4336 684 4408 Scyllacos
724 4352 887 4393 canes
924 4348 978 4393 et
1028 4339 1237 4408 patulas
1272 4338 1572 4409 Charybdis
1603 4339 1819 4404 fauces,

224 4434 447 4505 fragosa
504 4434 815 4490 discrimina
867 4450 1138 4491 murmure
1182 4434 1491 4490 minitantes
1548 4434 1821 4489 veliticans

218 4528 419 4583 carina
448 4526 706 4597 diti‘ugiat,
737 4527 914 4582 obitus
940 4528 1055 4597 ejus
1091 4528 1419 4599 naufragium
1462 4544 1571 4583 non
1597 4530 1817 4583 omittit.

217 4617 371 4687 Quid
402 4617 558 4673 fletus
585 4632 805 4675 narrare
832 4628 1034 4687 metuo,
1059 4635 1193 4691 quos
1217 4621 1468 4676 continua
1496 4635 1710 4690 semper
1736 4634 1822 4675 ne-

1926 3405 2168 3460 dolorem
2226 3407 2455 3475 scriptor
2505 3406 2783 3462 incutiam.
2839 3409 3180 3481 Quaecunque
3221 3411 3292 3466 ibi
3346 3424 3517 3468 mater

1926 3498 2092 3563 venit,
2126 3498 2407 3553 liberatum
2452 3500 2701 3554 clamavit
2730 3500 2796 3555 ab
2828 3501 2917 3556 illo
2950 3502 3153 3569 tilium;
3185 3519 3517 3575 quaecunque

1926 3605 2084 3657 uxor,
2114 3602 2403 3659 maritum;
2441 3608 2774 3664 quaecunque
2802 3608 2977 3661 soror,
3009 3598 3260 3664 fratrem;
3292 3600 3379 3669 qui
3404 3615 3513 3654 ca:-

1928 3686 2065 3751 lehs,
2101 3702 2159 3741 se
2188 3687 2379 3756 ipsum.
2400 3688 2681 3743 Postremo
2707 3688 2759 3741 in
2785 3689 2873 3743 illa
2907 3698 3048 3743 tanta
3076 3690 3349 3747 hominum
3378 3695 3519 3748 illul-

1928 3780 2154 3835 titudine
2204 3791 2256 3835 et
2313 3790 2616 3850 conventu,
2671 3789 2727 3835 ut
2772 3782 3030 3837 audenter
3086 3782 3258 3838 dicam
3288 3824 3303 3849 ,
3354 3788 3515 3843 totius

1926 3872 2073 3929 orbis
2109 3887 2268 3929 nemo
2305 3872 2405 3929 fuit
2439 3873 2528 3944 qui
2562 3874 2839 3930 beneﬁciis
2870 3874 3011 3930 illius
3050 3874 3247 3946 aliquid
3286 3893 3390 3933 non
3423 3880 3515 3934 dc~

1927 3967 2096 4023 heret.

1997 4060 2104 4117 Sed
2142 4076 2325 4131 quaeso
2350 4058 2460 4131 jam
2502 4070 2863 4131 temperemus
2900 4076 2930 4115 a
2978 4061 3255 4117 luctibus:
3295 4070 3517 4118 contra-

1924 4161 2064 4209 ctam
2098 4153 2311 4208 tristitia
2344 4155 2678 4210 resolvamus
2711 4153 2961 4210 frontem.
2996 4156 3217 4211 Excelsa
3248 4171 3368 4211 cum
3399 4156 3514 4212 Deo

1926 4248 2195 4318 possidet,
2233 4249 2303 4303 ob
2343 4249 2495 4318 cujus
2531 4250 2733 4304 obitum
2769 4266 3061 4306 mteremus
3106 4252 3156 4305 in
3196 4252 3374 4307 terris.
3407 4252 3514 4309 Sed

1927 4341 2050 4411 quid
2071 4340 2443 4412 faciam,quod
2470 4341 2846 4397 remediatoris
2862 4342 3023 4396 vestri
3054 4342 3319 4412 singultus
3348 4343 3515 4400 verba

1924 4430 2221 4485 difficiunt?
2252 4431 2504 4501 lacrymm
2534 4445 2626 4486 ora
2665 4426 3030 4501 profun'dunt?
3070 4432 3329 4504 mugitum
3361 4449 3513 4489 reso-

1924 4531 2019 4578 nat
2046 4538 2210 4578 omne
2237 4523 2380 4593 quod
2410 4524 2675 4594 eloquor?
2701 4532 2754 4579 et
2788 4525 3029 4596 intelligo
3056 4526 3194 4597 quod
3236 4541 3511 4599 nunquam

1925 4614 1991 4670 ad
2021 4615 2237 4671 flentem
2267 4616 2401 4672 flens
2431 4616 2567 4671 bene
2602 4616 2783 4671 veniat
2811 4618 3135 4673 consolator.
3170 4617 3295 4673 Haec
3322 4608 3514 4677 sancto

215 4679 386 4769 ἔθεε-»ε
416 4720 581 4766 estut
623 4721 887 4767 monstret
914 4679 1149 4769 eliusio?
1198 4715 1337 4785 Ergo
1364 4713 1493 4771 dum
1534 4729 1595 4770 se
1615 4679 1821 4785 Ioppido
1846 4679 1902 4742 Β
1925 4709 2070 4765 Patri
2088 4719 2139 4765 et
2160 4710 2366 4765 doctori
2400 4710 2725 4780 peritissimo
2748 4711 2970 4767 idoneus
2991 4711 3183 4767 atiectu
3214 4728 3318 4769 non
3337 4718 3512 4774 scien-

214 4806 529 4870 Ticinensi,
552 4822 691 4862 nunc
713 4808 936 4875 misero,
968 4808 1367 4878 propinquavit,
1390 4810 1542 4878 quasi
1571 4809 1749 4864 alacer
1770 4818 1824 4864 et

215 4914 399 4955 sanus
432 4900 680 4969 apparuit
712 4916 728 4954 :
781 4900 921 4972 quod
950 4900 1075 4955 licet
1111 4916 1231 4955 cum
1264 4901 1285 4932 ³
1313 4901 1559 4957 omnibus
1586 4901 1825 4957 exsulta-

212 4993 473 5048 tionibus
519 4992 590 5047 ob
635 4992 865 5048 reditum
901 5008 1056 5049 suum
1101 4993 1395 5063 introisset,
1440 4995 1582 5050 illico
1626 4994 1821 5064 gaudia

206 5087 395 5142 vertit
425 5087 479 5139 in
513 5086 804 5158 lacrymas,
853 5102 1053 5158 aegrum
1085 5103 1145 5144 se
1174 5103 1296 5146 esse
1340 5087 1455 5157 ipsa
1490 5088 1578 5144 die
1613 5088 1821 5157 signifi-

206 5193 381 5241 cans,
400 5176 567 5232 altera
587 5180 910 5249 graviorem.
934 5179 1142 5236 Etcum
1168 5178 1421 5249 grandior
1446 5194 1541 5248 per
1566 5178 1682 5235 dies
1704 5178 1820 5233 sin-

202 5273 384 5341 gulos
415 5280 699 5340 appareret
726 5273 1035 5340 infirmitas,
1064 5272 1243 5342 adjuta
1283 5280 1368 5328 est
1411 5270 1675 5343 imperitia
1706 5286 1818 5327 tne-

1926 4803 1995 4859 tia
2014 4803 2272 4873 impendi,
2292 4815 2347 4860 ut
2362 4804 2568 4875 aliquos
2586 4804 2651 4860 de
2672 4808 3076 4862 conversatione
3100 4806 3236 4861 illius
3254 4806 3511 4869 ﬂosculos

1925 4897 2222 4968 relegerem
2253 4913 2267 4963 ;
2301 4904 2357 4952 ut
2394 4907 2477 4952 est
2508 4897 2723 4969 longum
2763 4898 2865 4953 iter
2892 4898 3170 4969 agentibus
3196 4899 3247 4953 in
3281 4916 3378 4956 usu
3410 4919 3509 4973 po-

1923 4990 2111 5056 situm,
2141 4990 2232 5059 qui
2275 5004 2381 5045 non
2413 5004 2601 5045 omnes
2644 4990 2828 5045 obvios
2857 4989 3215 5044 consalutent.
3249 4991 3326 5047 Tu
3353 4996 3507 5063 inihi,

1922 5082 2102 5137 anima
2132 5082 2274 5152 apud
2306 5082 2722 5154 Redemptorem
2770 5093 3009 5137 nostrum
3043 5092 3367 5154 praepotens,
3410 5091 3507 5143 tri-

1923 5180 2052 5246 hue,
2077 5188 2136 5233 ut
2155 5192 2281 5234 cura
2304 5193 2504 5233 vacuus
2528 5187 2582 5234 et
2608 5186 2825 5249 pectore
2849 5177 3006 5245 liber,
3031 5177 3227 5233 munda
3254 5180 3347 5234 tibi
3371 5180 3508 5235 sicut

1923 5272 2190 5331 debentur
2219 5274 2485 5343 praaconia
2506 5274 2737 5328 mundus
2759 5270 3058 5329 exsolvam.
3081 5271 3157 5327 De
3182 5281 3381 5327 caetero
3411 5274 3507 5327 ha-

277 5413 294 5442 ¹
339 5406 656 5479 Exagettam
694 5409 1011 5536 relinquens];
1060 5409 1172 5465 Hoc
1205 5418 1322 5479 est,
1354 5417 1410 5465 ut
1459 5410 1812 5482 interpretor,

278 5494 475 5535 rmam
511 5490 563 5535 et
593 5482 918 5536 exemplum.
1010 5482 1267 5536 xattellam
1305 5481 1449 5536 enim
1505 5483 1812 5536 antiellasse

200 5494 475 5536 normam
511 5490 563 5535 et
593 5482 918 5551 exemplum.
963 5481 1267 5552 Exagellam
1305 5481 1449 5537 enim
1505 5481 1813 5550 appellasse

196 5555 481 5609 videntur
531 5552 719 5606 libram
751 5566 845 5607 seu
886 5554 1158 5620 trutinam,
1196 5553 1262 5608 ab
1301 5566 1367 5607 eo
1406 5553 1611 5608 scilicet
1660 5553 1805 5611 fonte

193 5639 379 5695 aquo
411 5632 467 5677 et
488 5623 698 5693 aginam
718 5634 777 5695 et
806 5624 1075 5694 exagium.
1111 5625 1165 5678 In
1204 5625 1422 5694 antiqua
1453 5624 1805 5692 inscriptione

190 5694 329 5766 qua
372 5696 621 5769 continet
665 5694 898 5749 edictum
946 5695 1240 5765 Aproniani
1280 5694 1339 5769 Ρ.
1375 5696 1435 5749 ν.
1474 5697 1572 5769 s_ub
1613 5697 1806 5769 exagio

192 5763 421 5839 pecora
470 5763 735 5839 vendere,
778 5774 859 5839 est
905 5763 1434 5839 appensaivendere.
1484 5766 1637 5839 Zeno
1679 5763 1805 5825 itém

186 5836 472 5909 sermone
516 5836 553 5909 λϐ
588 5836 653 5909 ad
703 5837 1021 5907 necphytos,
1056 5838 1301 5909 Habetis,
1348 5838 1540 5909 inquit,
1573 5839 1807 5909 aginam:

186 5906 462 5976 mgium
495 5905 673 5973 facite,
698 5905 1124 5974 quemadmodum
1153 5907 1303 5964 uultis
1331 5905 1627 5980 ponderate.
1665 5910 1805 5966 Exa-

1921 5415 2065 5486 gium
2096 5414 2273 5471 facere
2295 5421 2381 5471 est
2400 5413 2735 5486 ponderare:
2762 5413 2958 5471 trutina
2982 5427 3083 5485 qua
3116 5411 3502 5485 ponderamus,

1918 5486 2502 5638 exggﬂilimaviffagos.

1986 5625 2007 5659 ⁸
2037 5629 2164 5692 Alii,
2198 5625 2446 5682 omnium.

1984 5697 2005 5727 ‘
2030 5699 2519 5772 Quinquagesirnum
2567 5694 3114 5772 octavum_]‘l)_ecessit
3150 5694 3337 5772 beatus
3374 5696 3497 5772 Epic

1911 5769 2140 5840 phanius
2168 5787 2240 5825 ιιι
2267 5767 2371 5825 cal.
2397 5770 2652 5840 Februar.
2688 5768 2810 5840 anni
2837 5767 2959 5840 497,
2991 5782 3131 5821 anno
3162 5770 3337 5823 aetatis
3364 5768 3497 5823 duo-

1909 5837 2313 5904 desexagesimo
2354 5839 2589 5893 nondum
2618 5837 2851 5902 expleto.
2886 5837 3061 5904 Quare
3089 5850 3246 5896 natus
3287 5840 3495 5895 videtur

1909 5928 1999 5967 an.
2033 5908 2159 5975 439,
2190 5920 2403 5967 creatus
2432 5911 2719 5979 episcopus
2748 5922 2890 5965 anno
2919 5908 3051 5964 467.
