3974 6366
498 300 608 359 259

1634 310 1908 369 ENNODII
1949 312 2254 374 EPISCOPI
2294 315 2669 380 TICINENSIS

498 424 716 481 bentem
746 423 799 479 in
834 432 887 480 te
914 437 1035 497 post
1068 425 1231 480 Deum
1263 426 1509 483 fiduciam
1548 443 1655 485 non
1686 431 1994 502 relinquas,
2034 441 2086 489 et
2123 413 2179 475 Α
2203 438 2378 493 vinam
2407 439 2880 510 repromissionem
2908 436 3075 495 redde
3104 439 3441 514 participem.

497 531 656 587 quem
682 517 959 589 religionis
990 517 1157 574 titulis
1186 518 1479 591 insignisti,
1515 522 1895 594 religiosorum
1928 524 1980 579 in
2012 524 2095 579 di-

494 649 3761 681 MM

1425 744 2171 831 OPUSCULUM
2241 740 2886 853 QUARTUM.

1204 883 1221 913 ⁸
1242 888 1342 939 ΒΕ
1380 887 1556 940 νιτΑ
1589 887 1816 939 ΒεΑτι
1852 885 2063 937 ANTO]

2192 882 2549 935 ιιοκΑσιιι
2592 882 3029 935 ωιωιεκειι
3056 881 3102 935 ’-

1092 1038 1480 1098 PREFATIO.

566 1133 637 1190 Ut
658 1132 963 1204 praliantes
986 1145 1272 1207 assurgunt
1292 1134 1531 1192 buccinis
1547 1152 1561 1203 ;
1580 1143 1638 1191 ut
1658 1150 1917 1208 equorum
1931 1136 2075 1193 cele-

493 1226 630 1282 ritas
660 1227 728 1282 ad
761 1228 1026 1297 potiorem
1056 1242 1272 1283 cursum
1318 1229 1512 1283 ferrata
1540 1228 1691 1284 calce
1719 1237 2071 1299 provocatur:

494 1319 569 1376 ita
597 1320 723 1375 dum
761 1320 1024 1390 majorum
1073 1320 1244 1376 virtus
1292 1320 1575 1388 sollicitat,
1620 1320 1831 1391 ingenia
1862 1319 2075 1376 novella

495 1413 784 1467 confortat.
818 1411 920 1480 Qui
948 1426 1079 1468 cana
1105 1410 1365 1469 exercitia
1393 1420 1449 1469 et
1487 1422 1725 1469 veterum
1756 1422 1903 1483 gesta
1932 1412 2075 1469 rele-

491 1503 590 1573 git,
624 1503 692 1557 ad
717 1503 1117 1573 disciplinarum
1138 1503 1343 1575 frugem
1378 1505 1664 1575 propositis
1693 1505 1908 1560 laudum
1938 1519 2076 1575 pra-

488 1593 613 1648 rniis
636 1593 945 1651 inardescit.
977 1596 1157 1667 Imago
1183 1596 1537 1667 praecedentis
1566 1596 1769 1668 gloria,
1802 1605 1863 1651 ut
1888 1596 1954 1651 ad
1987 1611 2074 1667 po-

488 1694 667 1741 steros
693 1687 898 1754 veniat,
932 1688 1227 1759 linguarum
1257 1700 1445 1748 catena
1476 1690 1739 1745 retinetur
1767 1706 1782 1744 :
1811 1704 1919 1745 non
1947 1689 2075 1745 licet

2184 1046 2418 1091 nustem.
2459 1035 2799 1092 Benedicitur
2834 1037 3065 1093 indivisa
3113 1038 3350 1097 Trinitas
3390 1043 3532 1101 Deus
3562 1057 3771 1118 uoster,

2180 1130 2273 1201 qui
2302 1144 2515 1185 servum
2539 1145 2693 1184 suum
2719 1129 3033 1200 Antonium,
3059 1141 3206 1187 tanta
3232 1134 3487 1191 virtutum
3518 1140 3646 1196 dote
3682 1156 3775 1198 su-

2179 1222 2423 1290 blimem,
2455 1222 2599 1279 circa
2617 1222 2845 1278 Danubii
2869 1224 3104 1280 ﬂuminis
3133 1226 3273 1296 ripas
3294 1228 3348 1283 in
3375 1230 3594 1287 civitate
3614 1232 3774 1290 Vale-

2181 1313 2297 1380 ria,
2336 1313 2644 1369 Secundino
2682 1321 2835 1382 patre
2875 1313 3011 1369 lucis
3054 1314 3211 1385 hujus
3242 1317 3461 1387 jattuam
3495 1321 3660 1389 jussit
3692 1324 3775 1379 in-

2183 1412 2349 1461 trare.
2380 1405 2483 1473 Qui
2512 1405 2756 1477 quamvis
2785 1404 2853 1461 de
2881 1406 3167 1476 splendore
3192 1410 3447 1467 natalium
3486 1415 3775 1471 conscien-

2183 1498 2269 1553 tiae
2296 1498 2453 1568 jubar
2479 1499 2741 1564 hauserit,
2782 1506 2962 1554 tamen
2990 1499 3249 1571 fulgorem
3271 1504 3455 1574 Stirpis
3485 1509 3772 1578 pracipua

2180 1604 2391 1646 morum
2422 1589 2588 1645 radiis
2616 1589 2979 1658 obumbravit,
3008 1593 3232 1648 vincens
3261 1594 3513 1651 decorem
3544 1602 3772 1669 sangui-

2179 1683 2265 1738 nis
2290 1682 2491 1754 ingenii
2519 1681 2798 1747 claritate;
2838 1681 2963 1737 dum
2993 1695 3363 1741 coruscantem
3404 1690 3661 1759 germinis
3686 1692 3772 1747 sui

486 1789 584 1845 per
609 1785 794 1833 atates
822 1779 1014 1848 perire,
1034 1778 1078 1833 si
1102 1778 1229 1849 quid
1260 1779 1420 1836 lectio
1440 1780 1647 1836 serenis
1668 1780 1874 1836 actibus
1900 1781 2075 1837 amica
2101 1770 2153 1833 B
2178 1776 2481 1847 lampadam
2518 1784 2731 1831 actuum
2777 1776 3068 1833 serenilale
3098 1780 3465 1848 transcendit;
3498 1792 3551 1838 ει
3579 1782 3758 1839 ἴϐεως

484 1870 808 1940 susceperit.
866 1872 1048 1942 Itaque
1083 1872 1407 1944 eloquentia
1442 1873 1793 1943 diuturnitas,
1828 1876 2073 1932 mortalis

486 1969 692 2015 natura
721 1961 837 2017 sine
858 1963 1258 2035 congressionis
1288 1965 1529 2033 periculo
1556 1964 1724 2021 vincit
1744 1969 2071 2035 angustiam,

484 2065 584 2121 per
606 2068 763 2122 quam
792 2055 1115 2124 Optimorum
1142 2058 1501 2126 conversatio,
1526 2058 1656 2128 ipsis
1676 2058 2070 2131 decidentibus,

487 2144 664 2199 nescit
706 2158 979 2202 occasum.
1023 2146 1357 2205 Restituetur
1385 2150 1601 2219 quidem
1631 2165 1828 2222 corpus
1856 2153 2071 2225 origini,

486 2245 541 2291 et
568 2236 863 2295 destinatus
887 2255 919 2295 a
946 2242 1155 2312 superis
1184 2242 1407 2313 spiritus
1436 2244 1502 2298 ad
1534 2246 1812 2315 proprium
1842 2246 2075 2304 recurrit

485 2338 760 2386 auctorem
796 2348 809 2385 :
848 2346 1081 2403 quorum
1129 2343 1309 2393 tamen
1354 2337 1592 2407 probitas
1622 2339 1777 2395 libris
1819 2342 2071 2399 mandata

483 2420 665 2489 fuerit,
692 2436 879 2479 eorum
911 2423 1091 2481 vitalis
1120 2435 1205 2482 est
1235 2427 1434 2484 obitus.
1461 2429 1614 2485 Dicat
1650 2429 1878 2487 forsitan
1906 2434 2074 2488 inter-

480 2526 608 2583 pres
649 2516 961 2572 austerior:
1009 2517 1237 2589 Abjurat
1282 2521 1680 2591 praedicationis
1731 2524 2070 2583 dulcedinem

480 2604 765 2672 perfuncta
790 2620 944 2662 mens
968 2610 1190 2676 saculo,
1230 2618 1285 2667 et
1310 2614 1488 2669 carnis
1518 2615 1749 2671 vinculis
1794 2617 2071 2676 absolutus

481 2708 591 2751 non
613 2696 885 2755 desiderat
899 2717 1016 2770 qua
1033 2702 1171 2758 inter
1187 2705 1389 2760 incerta
1411 2708 1595 2763 mundi
1616 2709 1801 2779 gessit,
1817 2712 2033 2781 agnosci
2051 2728 2069 2769 :

481 2789 580 2844 sed
611 2790 732 2847 illos
761 2791 1027 2850 humanus
1059 2810 1268 2865 carcer,
1299 2797 1417 2854 sine
1468 2799 1729 2857 libertatis
1759 2801 2069 2872 dispendio,

480 2883 680 2939 refudit
705 2886 923 2955 opifici:
955 2888 1083 2944 dum
1125 2891 1264 2947 inter
1296 2893 1496 2963 polluta
1526 2894 1799 2965 gradiens,
1834 2896 2068 2955 nitorem

480 2992 637 3034 suum
687 2981 865 3037 anima
904 2980 1015 3039 Deo
1047 2996 1232 3041 nostro
1270 2987 1475 3043 intenta
1510 2991 1841 3059 geminavit;
1873 3001 1931 3047 et
1971 3007 2069 3063 per

478 3071 853 3128 mandatorum
896 3075 1195 3133 caelestium
1252 3078 1420 3135 lineas
1468 3080 1863 3138 lenocinantem
1903 3084 2065 3155 hujus

2177 1879 2260 1926 est
2281 1871 2451 1925 victor
2474 1868 2773 1925 stemmatis
2790 1869 2892 1935 sui,
2917 1883 3013 1938 per
3028 1869 3170 1940 quod
3193 1873 3474 1929 universos
3497 1874 3772 1931 nascendo

2177 1960 2470 2032 superavit.
2518 1959 2620 2026 Qui
2649 1959 2774 2014 dum
2815 1959 2990 2015 adhuc
3028 1960 3097 2016 de
3135 1962 3320 2017 matris
3349 1964 3609 2033 penderet
3637 1967 3772 2022 ube-

2175 2056 2349 2118 ribus,
2380 2068 2538 2123 quem
2568 2052 2837 2121 prascivit
2868 2051 2960 2107 Dei
2997 2054 3198 2123 gratia,
3231 2070 3338 2109 non
3370 2055 3615 2126 reliquit:
3661 2072 3771 2113 nec

2174 2161 2336 2218 passa
2364 2155 2448 2201 est
2474 2145 2686 2215 inopem
2718 2143 2915 2200 favoris
2953 2146 3184 2201 existere
3224 2144 3553 2216 dispensatio
3596 2148 3766 2205 coele-

2174 2237 2300 2302 stis,
2330 2250 2488 2306 quem
2518 2234 2947 2297 remunerandis.
2958 2235 3175 2305 plenum
3210 2237 3400 2293 studiis
3427 2238 3767 2309 approbavit.

2173 2325 2277 2395 Qui
2302 2340 2371 2381 ne
2399 2326 2572 2382 sancti
2618 2326 2859 2381 instituta
2897 2328 3155 2397 propositi
3180 2342 3275 2398 per
3300 2339 3579 2399 parentum
3611 2331 3769 2387 blan~

2172 2417 2413 2474 dimenta
2435 2416 2728 2488 frangeret,
2751 2432 3015 2473 annorum
3040 2416 3207 2474 ferme
3236 2430 3357 2474 octo
3386 2421 3647 2491 genitoris
3682 2433 3768 2478 tu-

2173 2511 2280 2567 tela
2303 2510 2535 2566 nudatus
2564 2520 2647 2566 est
2670 2527 2684 2564 :
2710 2526 2832 2566 mox
2860 2520 3036 2567 tamen
3064 2511 3130 2567 ad
3153 2511 3569 2570 illustrissimum
3590 2517 3767 2575 virum

2171 2600 2491 2658 Severinum
2523 2602 2710 2673 ignara
2746 2602 2855 2658 fuci
2893 2612 3027 2659 atas
3058 2605 3323 2660 evolavit:
3355 2608 3443 2678 qui
3475 2608 3603 2664 dum
3635 2625 3763 2667 eum

2172 2695 2433 2751 mulceret
2451 2696 2671 2762 osculis,
2698 2694 2872 2751 futura
2892 2696 2944 2750 in
2966 2711 3134 2766 puero
3154 2698 3291 2753 bona
3312 2701 3464 2769 quasi
3487 2711 3767 2764 transacta

2170 2789 2469 2859 relegebat.
2495 2789 2618 2845 Fuit
2636 2789 2798 2856 enim,
2823 2789 2974 2861 cujus
2995 2791 3197 2847 meritis
3220 2792 3351 2848 nihil
3374 2803 3519 2851 esset
3540 2796 3765 2853 abscon-

2172 2882 2366 2938 ditum.
2398 2883 2493 2938 ille
2524 2883 2665 2939 hunc
2694 2882 2797 2939 sibi
2824 2882 3056 2940 futurum
3078 2885 3414 2957 participem,
3438 2886 3525 2957 pia
3555 2888 3764 2959 ubique

2171 2990 2308 3032 voce
2333 2975 2700 3046 pradicabat:
2728 2976 2913 3048 credo,
2942 2987 3002 3034 ut
3022 2978 3328 3051 incipientis
3356 2974 3601 3039 tirocinia
3632 2996 3765 3055 spes

2170 3070 2487 3124 annuntiata
2525 3068 2803 3125 solidaret.

479 3162 613 3220 lucis
642 3180 749 3220 non
775 3163 944 3223 sensit
972 3185 1231 3226 errorem.
1254 3171 1418 3227 Nobis
1442 3188 1567 3227 vero
1590 3174 1693 3230 ista
1721 3176 2060 3245 reviviscant,
2086 3158 2136 3225 ο
2241 3161 2346 3218 Sed
2373 3169 2650 3231 βοειαυεηι
2682 3163 2867 3218 bemus
2894 3162 2974 3219 νίι·
2999 3162 3247 3219 humanis
3277 3165 3438 3222 rebus
3467 3178 3763 3239 exemptus

479 3257 635 3313 nobis
663 3259 935 3329 profutura
967 3273 1280 3332 serventur;
1321 3266 1515 3337 quibus
1562 3269 1607 3323 si
1638 3284 1668 3324 a
1699 3271 1877 3326 studio
1906 3271 2061 3330 deest

479 3354 670 3408 sectari
694 3353 942 3426 meliora,
975 3357 1042 3413 de
1072 3358 1286 3414 illorum
1314 3362 1406 3431 qui
1434 3361 1605 3418 facem
1636 3367 2061 3423 conversationis

478 3459 589 3501 suae
623 3448 1137 3517 praferunt,veuire
1165 3452 1325 3509 debet
1351 3457 1617 3527 exemplo.
1638 3457 1717 3513 'l‘u
1750 3469 2062 3525 autcm,ve-

478 3539 731 3596 nerabilis
759 3541 923 3624 abbas
954 3542 1163 3614 Leonti,
1194 3547 1282 3617 qui
1310 3546 1361 3602 id
1393 3548 1522 3602 mihi
1545 3552 1724 3618 operis
1755 3552 2057 3624 injunxisti,

478 3630 669 3700 adjuva
705 3612 946 3689 oratione
971 3612 1321 3703 titubantem,
1352 3646 1402 3693 et
1444 3612 1738 3697 siccitatem
1768 3612 1895 3714 sfyli
1925 3612 2058 3700 san;

478 3733 681 3780 ctarum
716 3742 930 3797 precum
951 3729 1125 3786 imbre
1150 3730 1448 3802 locupleta:
1479 3734 1643 3790 facies
1665 3736 1831 3803 enim,
1853 3746 1910 3792 ut
1933 3752 2059 3793 con-

476 3818 601 3888 fido,
637 3823 844 3877 meritis
875 3825 1201 3895 praecipuum
1221 3868 1236 3893 ,
1264 3826 1406 3897 quod
1436 3831 1655 3902 aggredi
1687 3845 1774 3886 me
1804 3831 1919 3901 ipse
1942 3832 2061 3902 jus-

475 3913 614 3969 sisti.
633 3914 867 3971 Pronum
895 3928 995 3986 est,
1013 3918 1285 3975 beatudini
1315 3931 1415 3977 tua
1436 3924 1672 3993 jejunam
1694 3925 2056 3995 eloquentiam

473 4004 717 4061 fecundis
747 4008 1070 4065 innocentia
1099 4009 1312 4068 ferculis
1345 4015 1602 4084 ampliare
1627 4032 1641 4071 :
1671 4018 1871 4074 credite
1900 4019 2053 4086 mihi,

474 4112 572 4151 vos
598 4098 849 4167 respiciet
872 4110 1094 4155 extorta
1122 4113 1213 4157 aut
1238 4106 1412 4174 culpa,
1439 4115 1531 4161 aut
1557 4109 1744 4178 genius
1772 4110 2052 4167 dictionis:
2132 4128 2135 4131 ‘

475 4189 627 4259 cujus
664 4190 769 4244 nisi
822 4192 1174 4250 substantiam
1214 4197 1462 4269 religiosa
1509 4202 1827 4259 auctoritate
1874 4204 2055 4261 firma-

475 4281 638 4347 veris,
670 4281 939 4339 videbitur
962 4284 1149 4355 judicii
1178 4289 1254 4343 tui
1283 4289 1471 4345 clauda
1503 4291 1633 4348 fides
1661 4293 1926 4366 delegisse
1952 4298 2055 4353 mi-

475 4386 574 4427 nus
600 4373 975 4446 idoneum,cui
1003 4381 1296 4437 venerandi
1322 4382 1519 4441 laboris
1548 4387 1877 4458 provinciam
1904 4406 2056 4449 com-

474 4464 690 4519 misisti.

544 4552 710 4623 Igitur
745 4555 889 4613 beati
917 4559 1133 4618 Antonii
1170 4574 1481 4635 narraturus
1520 4571 1785 4644 insignia,
1822 4590 2051 4645 primum
2078 4553 2136 4617 D

473 4643 704 4713 Spiritus
734 4650 903 4704 sancti
947 4653 1076 4708 mihi
1106 4656 1359 4727 majestas
1396 4662 1688 4719 invocanda
1736 4643 1840 4737 eSt,
1875 4669 2055 4739 utqui

474 4736 622 4793 illum
654 4741 814 4797 rebus
842 4743 1057 4802 divitem
1089 4748 1237 4819 fecit,
1264 4768 1348 4808 me
1381 4753 1434 4810 in
1464 4755 1547 4812 his
1588 4759 1923 4831 explicandis
1958 4736 2056 4833 per

471 4829 668 4901 lingua
698 4834 845 4892 frena
880 4840 1208 4909 moderetur,
1240 4856 1295 4901 et
1319 4848 1581 4910 labiorum
1610 4829 1799 4912 sordes
1823 4829 2055 4930 prophe-

472 4920 562 4976 tici
587 4923 834 4981 carbonis
864 4928 1071 5007 diluere
1092 4941 1321 4992 maturet
1336 4939 1605 5013 incendio,
1621 4964 1688 5004 ne
1708 4920 2055 5011 conscientia

470 5012 681 5071 nebulis
713 5017 884 5074 lucem
914 5028 1339 5083 conversationis
1368 5032 1531 5100 illius,
1562 5012 1654 5093 aut
1700 5043 2050 5111 amplissimis

468 5118 761 5175 pauperem
788 5108 980 5169 faciam
1010 5114 1275 5189 laudibus,
1309 5132 1399 5178 aut
1418 5123 1641 5184 infantia
1670 5108 1858 5191 arente
1889 5138 2055 5196 deve-

541 5217 955 5323 13.231315fﬂf
979 5228 1210 5316 Antonii]
1240 5234 1457 5323 Deatum
1490 5241 1635 5323 hunc
1664 5248 1857 5317 virum,
1890 5268 2053 5323 quem

506 5298 809 5385 :post
846 5298 1462 5385 obitum_annis_pri_mt_ts
1489 5298 1733 5373 omnium
1754 5298 2055 5385 Eéiéti‘rBVii

785 5366 908 5451 jure
928 5371 1157 5459 quodam
1182 5362 1285 5432 sib'i
1305 5362 2048 5459 yindiciti’i'iiéé"pi3ﬁﬁbi5e'§

466 5433 1244 5541 2f‘2333"§31233.2°99:se
1256 5450 1394 5541 rit-2v.
1410 5433 2046 5541 ,ρρτιςι.η-¹ιέῖῖδῖἓίίὶίῖῖῖιὲ

466 5507 521 5611 ξι
547 5517 727 5584 sacras
771 5507 1013 5593 corporis
1061 5518 1279 5574 exuvias
1326 5507 2041 5611 Gatiia‘i'tviit'dfiiiiﬁ'ﬁéﬁ',

515 5571 673 5611 alarm
716 5575 1003 5611 Dan-nun...
1079 5596 1230 5611 μη.--
1275 5605 1295 5611 Α
1326 5591 1443 5611 ι--.
1511 5597 1545 5611 η
1683 5603 1694 5611 .
1876 5608 1886 5611 _

374 5611 384 5624 .
467 5567 676 5679 latina
716 5567 1233 5679 Eapmonia,natque
1271 5591 1483 5677 abeatu
1511 5567 2038 5679 Sevéano“B}'ii'rfu'.{:

465 5639 1345 5751 ἱξῗξὶῗξξίνεξέξῖίὲιέξ,ἐίίῖοηὲιτξηιῑο
1382 5669 1646 5751 ,ερὲξοορο
1682 5639 2040 5751 ιὲιιέὲὲἕέἱέἓέ

466 5719 663 5794 patruo
687 5728 784 5769 suo
814 5721 1105 5805 institutus,
1135 5729 1260 5787 inde
1300 5736 1351 5789 itt
1380 5719 2036 5818 trittaiﬁ'g,;r;;;;;~::tst

466 5789 623 5821 nlmm
650 5798 702 5821 in
736 5791 869 5821 valla
897 5792 1095 5821 'l‘..t|.....
1152 5818 1239 5821 η---
1291 5809 1339 5821 ..
1382 5811 1392 5821 .
1497 5814 1523 5821 -
1603 5817 1612 5821 -
2018 5806 2033 5821 ο

465 5789 623 5849 atque
649 5784 703 5840 in
736 5791 869 5847 valle
897 5784 1121 5869 Tellina,
1146 5784 1255 5873 qua

2166 3262 2283 3319 est,
2313 3249 2611 3306 Constantii
2634 3252 2888 3308 antistitis
2915 3266 2974 3307 ea
3009 3262 3326 3324 tempestate
3355 3255 3761 3331 florentissimi,

2160 3342 2379 3413 junctus
2408 3342 2681 3413 obsequiis
2700 3384 2717 3410 ,
2745 3343 2993 3413 gloriosis
3019 3345 3273 3415 operibus
3299 3345 3422 3402 vitae
3452 3348 3763 3408 rudimenta

2162 3434 2431 3490 dedicavit
2474 3452 2486 3487 :
2528 3436 2618 3504 qui
2659 3448 2781 3489 eum
2822 3434 2959 3489 inter
2998 3436 3391 3493 ecclesiasticos
3430 3449 3758 3511 exceptores

2161 3527 2440 3583 calestem
2475 3525 2721 3581 militiam
2748 3526 2905 3596 jussit
2943 3528 3108 3583 ordiri
3158 3548 3170 3581 :
3213 3539 3329 3585 erat
3356 3533 3497 3586 enim
3528 3547 3761 3587 venera-

2162 3617 2287 3672 bilis
2318 3617 2572 3672 sacerdos
2615 3617 2832 3671 Antonii
2861 3619 3031 3674 nostri
3067 3630 3309 3689 patruus.
3341 3622 3446 3678 Sed
3478 3639 3759 3695 nunquam

2161 3706 2256 3763 illc
2286 3708 2585 3777 magisterii
2626 3709 2857 3777 rigorem
2899 3712 3376 3780 consanguinitatis
3414 3712 3531 3783 lege
3578 3716 3760 3771 molli-

2161 3798 2236 3853 vit
2268 3815 2283 3853 :
2317 3812 2417 3853 nec
2446 3797 2573 3853 fecit
2614 3813 2862 3855 securum
2899 3800 2967 3856 de
2996 3804 3391 3859 necessitudine
3430 3804 3759 3877 discipulum

2160 3903 2270 3944 non
2315 3889 2543 3955 timere,
2584 3890 2671 3945 cui
2710 3892 2936 3960 gratiam
2972 3890 3210 3948 doctoris
3248 3893 3353 3949 nisi
3381 3909 3617 3952 censura
3650 3914 3759 3956 non

2160 3981 2427 4050 prastitit.
2482 3980 2684 4035 Tantus
2736 3982 2837 4036 fuit
2891 3984 3032 4039 circa
3077 3994 3399 4044 sectatorem
3458 3990 3758 4061 diligentia

2158 4072 2381 4136 modus,
2406 4078 2664 4141 quantum
2688 4071 2885 4141 judicia
2907 4074 3251 4133 contulerunt
3275 4094 3289 4131 :
3316 4080 3570 4136 meritum
3594 4097 3758 4139 suum

2157 4160 2211 4217 in
2231 4161 2366 4216 facie
2396 4162 2682 4217 monitoris
2712 4165 2947 4233 agnovit.
2979 4166 3086 4223 Sed
3111 4168 3217 4239 jam
3245 4182 3590 4239 peccatorum
3627 4191 3758 4230 con-

2156 4252 2445 4307 summatio
2477 4252 2765 4309 Pannoniis
2794 4256 3096 4312 minabatur
3124 4260 3413 4317 excidium.
3445 4262 3582 4320 Nam
3624 4280 3753 4321 suc-

2156 4343 2267 4398 cisa
2291 4342 2472 4399 radice
2493 4344 2805 4401 substantia
2826 4348 3061 4418 regionis
3086 4350 3225 4406 illius
3247 4362 3414 4409 status
3438 4354 3491 4409 in
3516 4372 3757 4424 pronum

2157 4433 2470 4489 deflexerat.
2498 4434 2601 4490 Per
2623 4435 2869 4493 incursus
2889 4438 3032 4494 enim
3061 4442 3325 4498 variarum
3351 4446 3596 4515 gentium
3622 4461 3757 4517 quo-

2160 4524 2359 4579 tidiana
2401 4525 2701 4595 gladiorum
2736 4542 2891 4599 seges
2921 4545 3149 4587 messem
3182 4535 3472 4593 nobilitatis
3500 4538 3757 4595 abscide-

2157 4625 2275 4682 rat,
2300 4625 2354 4671 et
2379 4616 2633 4673 fecundas
2662 4618 2877 4676 humani
2906 4627 3120 4693 generis
3146 4635 3317 4685 terras
3356 4631 3428 4685 ira
3455 4634 3759 4702 populante

2159 4706 2465 4799 desolabat.
2499 4707 2619 4764 iam
2661 4712 2886 4782 Franci,
2935 4716 3147 4789 Heruli,
3179 4720 3449 4792 Saxones,
3482 4728 3757 4799 multipli-

2158 4809 2249 4851 ces
2267 4796 2642 4855 crudelitatum
2662 4802 2875 4871 species
2894 4804 3191 4864 belluarum
3214 4826 3360 4868 more
3384 4796 3755 4886 parageba'nt:

2159 4902 2280 4957 qua
2333 4889 2609 4946 nationum
2660 4892 2941 4952 diversitas
2995 4902 3380 4970 superstitiosis
3436 4912 3755 4980 mancipata

2159 4978 2415 5051 culturis,
2439 4981 2570 5037 deos
2591 4996 2720 5041 suos
2744 4986 2971 5046 humana
2998 4994 3285 5052 credebant
3305 5000 3451 5056 caede
3474 4978 3713 5061 mulceri
3736 5022 3753 5061 ;

2157 5086 2261 5128 nec
2289 5089 2523 5144 unquam
2555 5079 2783 5149 propitia
2811 5095 2870 5137 se
2894 5084 3093 5143 habere
3121 5092 3367 5160 numina,
3402 5094 3501 5149 nisi
3528 5111 3659 5153 cum
3690 5116 3754 5155 ea

2157 5166 2441 5236 aqualium
2485 5182 2678 5227 cruore
2723 5172 3023 5243 placassent
3073 5196 3089 5235 :
3140 5196 3355 5240 cessare
3398 5187 3754 5249 confidebant

2158 5280 2389 5375 irai-iulg
2412 5286 2625 5375 subeat,
2644 5289 2922 5375 decurrit,
2952 5309 3072 5351 cum
3098 5296 3266 5375 Mario
3297 5305 3620 5375 presbytero
3652 5310 3755 5365 ali-

2157 5354 2405 5441 qu_andiu_
2419 5368 2691 5441 versatus,
2725 5362 2848 5441 inde
2879 5354 3754 5441 rursus_emigrans,vadv{arium

2156 5421 2357 5505 lacum,
2392 5426 2534 5505 haud
2564 5421 2750 5505 procul
2776 5449 2807 5488 a
2843 5421 3251 5497 sanctifFelici’s'
3266 5421 3754 5505 Elititéfsimi':

2150 5494 2284 5577 tyris
2321 5494 2576 5577 sepulcro
2606 5502 2793 5577 sedem
2822 5505 2956 5574 fixit,
3008 5494 3746 5577 ciaiisgiinitﬁiiiéiibiiiiﬁis

2153 5532 2284 5562 ,ιι-ο
2321 5532 2570 5566 ουγυιιωυ
2606 5532 2789 5559 οσυςιιι
2822 5532 2956 5574 Iunt,
3008 5532 3360 5568 clarissunatu
3404 5532 3420 5569 ι

2149 5561 2601 5651 ξιξιηριηῗειιερξυε
2622 5583 2725 5626 est.
2762 5575 2948 5651 Quam
2966 5589 3022 5632 ut
3044 5532 3420 5651 declinaret}.

2146 5632 2571 5727 deniquemaris
2606 5632 3353 5727 nostrijinsulamﬁpetiit":iii
3381 5632 3751 5727 235.3};

2145 5716 2364 5830 argnti
2386 5714 2528 5764 inter
2547 5714 2913 5775 sanctissimos
2936 5721 3053 5790 ejus
3075 5714 3176 5778 avi
3201 5714 3494 5785 monachos
3514 5714 3753 5791 biennio

2318 5793 2330 5829 l
2361 5815 2378 5830 .

2148 5787 2378 5845 peregtt.

2215 5846 2236 5877 ³
2267 5847 2323 5902 In
2352 5854 2733 5930 martyrologio
2760 5858 3003 5923 Romano
3028 5866 3116 5928 die
3147 5865 3219 5927 28
3243 5866 3591 5934 Decembris.

3423 5602 3472 5642 et
3487 5588 3747 5649 incusem
3826 5644 3831 5657 ε
