3974 6366
262 411 355 470 2H

1174 400 1334 459 VITA
1363 401 1426 459 Β.
1468 395 1748 459 ΛΝΤΟΝΙῘ
1777 395 2079 454 MONACIII
2119 397 2540 464 LERINENSIS.‘

3443 404 3547 462 2i?

263 525 392 580 iram
436 515 746 576 ccelicolum
784 512 1094 572 innocentis
1137 511 1396 567 effusione
1428 511 1734 581 sanguinis,
1766 509 1856 579 qui
1886 512 1941 573 Α
1961 509 2112 564 venit
2137 510 2245 565 illic
2267 518 2442 566 tamen
2468 513 2601 568 duos
2624 527 2809 582 senes,
2833 528 2966 586 quos
2988 513 3098 586 jam
3122 514 3194 572 ita
3217 513 3354 571 inter
3378 518 3548 576 lustra

262 622 316 668 ut
345 614 395 666 in
427 611 660 681 gratiam
690 607 931 663 redirent
958 621 1078 661 enm
1110 605 1320 673 superis
1348 605 1459 657 suis
1479 647 1492 670 ,
1531 603 1858 673 propinquo-

213 716 220 775 ξ
261 721 374 759 rum
419 711 752 756 consuerant
793 709 998 753 mortes
1029 697 1224 752 offerre
1254 714 1266 750 :
1300 711 1647 766 quoscunque
1677 706 1856 752 tamen

261 793 498 863 religiosi
534 791 722 845 titulus
749 789 1055 844 declarabat
1081 786 1277 851 officii,
1314 787 1412 840 hos
1442 787 1590 856 quasi
1619 786 1858 841 serenio-

259 899 344 939 res
375 883 584 937 hostias
618 880 1001 945 immolabant,
1048 879 1376 932 aestimantes
1402 919 1416 943 ,
1464 877 1605 948 quod
1647 879 1856 947 piorum

260 973 459 1046 jugulis
506 971 806 1027 divinitatis
844 977 1084 1024 cessaret
1118 968 1444 1037 indignatio,
1476 977 1529 1022 et
1560 969 1714 1023 fieret
1743 982 1857 1022 ma-

259 1068 395 1124 teria
443 1069 635 1136 gratiae
688 1065 839 1119 locus
888 1061 1125 1117 offensae.
1187 1060 1331 1114 Inter
1378 1074 1510 1129 quas
1550 1067 1854 1130 temporum

261 1160 530 1230 procellas
578 1157 922 1213 Constantius
969 1155 1238 1226 pontifex,
1289 1167 1356 1209 ne
1396 1153 1521 1224 quid
1561 1151 1614 1206 in
1655 1150 1858 1206 mundo

263 1251 490 1306 haberet
535 1250 794 1313 subsidii,
844 1257 984 1304 terra
1037 1248 1054 1279 ί
1103 1245 1388 1302 hostilibus
1431 1245 1682 1303 deputata
1709 1285 1723 1310 ,
1755 1243 1857 1299 hu-

261 1361 418 1404 mana
449 1345 572 1414 lege
606 1345 862 1398 liberatus
900 1351 1000 1397 est.

329 1440 463 1492 Post
509 1437 664 1505 cujus
707 1435 1129 1500 resolutionem,
1162 1432 1456 1487 Antoninum
1502 1436 1745 1484 nostrum
1775 1425 1856 1483 fa-

263 1530 390 1593 muli
414 1529 482 1583 ad
504 1527 673 1581 Italia:
696 1535 874 1596 partes
895 1527 1087 1596 quibus
1109 1526 1324 1581 caelitus
1345 1523 1518 1577 fuerat
1539 1520 1822 1589 deputatus
1839 1556 1857 1585 ,

264 1621 480 1676 Christo
504 1619 640 1673 duce
664 1619 983 1687 perducunt.
1010 1617 1259 1686 Principe
1283 1615 1401 1669 loco
1423 1612 1647 1667 Telliute
1670 1610 1856 1676 vallis,

266 1727 384 1782 quae
409 1711 463 1766 id
491 1711 682 1765 sortita
711 1719 796 1764 est
825 1710 1104 1775 vocabuli,
1131 1710 1290 1763 limen
1320 1705 1618 1777 ingreditur
1652 1723 1664 1757 :
1699 1718 1858 1774 quam

272 1807 534 1858 montium
564 1816 631 1855 ex
661 1810 887 1870 utroque
909 1800 1078 1855 latere
1109 1799 1343 1854 brachiis
1371 1798 1626 1852 fabricata
1652 1805 1858 1850 natura:

1956 602 2252 656 belluarum
2279 603 2536 658 habitatio
2563 607 2718 677 longa
2746 609 3066 676 miscuerat,
3096 619 3155 664 ut
3185 609 3315 664 nihil
3345 610 3410 664 dc
3437 610 3546 664 illis

1956 696 2153 751 mundo
2190 697 2326 751 fama
2359 699 2630 754 nuntiaret
2658 716 2670 751 :
2705 716 2930 770 quorum
2960 703 3122 757 vitam
3156 703 3548 771 scientiamque

1955 789 2114 857 plene
2135 787 2321 844 videor
2342 790 2618 856 elocutus,
2647 806 2768 846 cum
2795 793 3080 863 expetitam
3110 809 3206 864 pro
3239 793 3333 848 Dei
3356 795 3549 848 timore

1956 880 2341 938 habitationem
2377 884 2494 939 sine
2536 884 2677 939 nube
2716 885 2944 954 vulgavi.
2981 885 3135 940 Brevi
3167 895 3323 955 post,
3355 885 3549 940 horum

1957 991 2096 1032 unus
2123 986 2428 1047 assumptus
2462 987 2590 1048 est,
2618 987 2672 1033 et
2708 979 2906 1034 terreni
2939 979 3170 1034 carceris
3199 979 3343 1034 mole
3373 979 3545 1048 depo-
3605 1011 3609 1016 -

1956 1069 2092 1137 sita,
2118 1069 2394 1126 aetheriam
2435 1071 2796 1127 valetudinem
2835 1071 2963 1128 felix
3001 1073 3176 1127 anima
3206 1073 3497 1141 resumpsit
3526 1089 3542 1124 :

1957 1177 2081 1217 nam
2127 1163 2484 1220 absolutionis
2514 1165 2630 1236 ejus
2670 1175 2911 1235 tempore
2940 1166 3186 1222 columna
3222 1167 3377 1236 ignea
3405 1163 3550 1224 beati

1958 1253 2174 1310 Antonii
2216 1255 2386 1311 oculis
2417 1265 2500 1312 est
2539 1258 2772 1329 ingesta,
2802 1259 2868 1313 ad
2905 1259 3100 1315 etelum
3142 1274 3309 1329 usque
3349 1258 3551 1330 pertin-

1945 1361 2090 1417 ‘gens
2138 1365 2152 1402 :
2183 1348 2346 1404 credo
2369 1391 2383 1414 ,
2415 1357 2475 1402 ut
2503 1351 2825 1407 venerabilis
2854 1352 2954 1406 viri
2992 1352 3155 1418 fides,
3188 1362 3241 1407 et
3274 1352 3434 1407 ardor
3465 1352 3552 1407 ille

1958 1442 2211 1498 vitiorum
2233 1443 2486 1500 decoctor
2504 1447 2682 1517 typico
2701 1456 3092 1502 monstraretur
3112 1447 3382 1502 incendio.
3402 1444 3552 1501 'I'unc

1959 1535 2183 1594 dumibi
2211 1538 2322 1594 Deo
2348 1540 2522 1594 cultor
2555 1549 2663 1596 tota
2693 1540 2992 1610 disciplinis
3021 1541 3331 1597 ctelestibus
3359 1540 3554 1594 virinnt

1959 1640 2178 1682 suarum
2202 1631 2319 1684 vela
2344 1631 2578 1698 laxaret,
2607 1642 2662 1687 et
2687 1648 2784 1702 per
2812 1634 2964 1688 sinus
2990 1635 3182 1688 animze
3207 1634 3554 1702 corporisque

1960 1721 2298 1777 extrudentia
2339 1724 2521 1792 paleas
2564 1726 2729 1781 flabra
2765 1729 3105 1797 susciperet:
3133 1728 3286 1797 cujus
3312 1727 3554 1796 vigilias,

1956 1811 2189 1880 jejunia,
2219 1815 2464 1870 lectionis
2497 1817 2863 1873 assiduitatem
2900 1819 3022 1888 jure
3061 1819 3376 1888 replicarem
3399 1860 3413 1881 ,
3450 1817 3555 1872 nisi

276 1893 412 1948 ditat
451 1891 765 1958 amtenitas,
813 1899 872 1946 et
899 1890 966 1946 de
1013 1890 1302 1944 verticibus
1333 1888 1572 1943 fecundis
1612 1886 1853 1941 amnium

1963 1904 2215 1962 haberem
2261 1908 2502 1978 digniora
2549 1919 2868 1966 memoratu.
2912 1911 3193 1982 Nunquam
3232 1911 3322 1966 ille
3369 1909 3554 1965 cibum

273 1983 433 2052 plebe
461 1983 750 2052 locupletat
781 1984 914 2038 uber
941 1983 1116 2038 solum
1153 2001 1165 2036 :
1197 1981 1338 2052 quod
1366 1981 1541 2035 avaris
1568 1979 1858 2050 respondet

269 2072 414 2142 juxta
445 2071 716 2128 desideria
758 2071 1108 2128 immoderata
1150 2072 1480 2136 cultoribus,
1525 2086 1630 2125 non
1679 2079 1858 2124 tamen

271 2163 341 2218 ita
383 2163 570 2217 aristis
620 2163 1010 2232 praegravidum
1063 2171 1155 2216 aut
1199 2161 1436 2216 dotatum
1487 2159 1736 2228 pascuis,
1767 2166 1861 2213 aut

272 2255 503 2312 arbustis
529 2257 888 2324 compositum
908 2295 923 2320 ,
954 2262 1045 2308 aut
1079 2253 1388 2308 fluminibus
1420 2252 1599 2306 laetum
1622 2289 1638 2315 ,
1668 2259 1728 2304 ut
1752 2264 1859 2305 non

271 2351 387 2422 plus
415 2349 852 2419 superveuientis
889 2363 1132 2418 persona:
1159 2347 1331 2413 gratia
1363 2353 1667 2415 praestaret,
1699 2359 1860 2414 quam

272 2442 436 2512 ipsius
483 2439 713 2509 originis
753 2440 961 2494 variata
1001 2448 1056 2494 et
1084 2437 1333 2492 distincta
1377 2435 1702 2491 formositas.
1745 2433 1861 2488 Illic

271 2531 433 2587 Mario
478 2530 802 2600 presbytero
845 2531 934 2600 qui
981 2529 1256 2598 spiritibus
1287 2527 1580 2582 immundis
1610 2526 1860 2581 domina-

271 2623 446 2688 batur,
479 2620 764 2690 adjunctus
794 2629 876 2674 est
907 2637 921 2677 :
953 2620 1076 2689 quia
1107 2621 1224 2674 haec
1262 2629 1345 2674 est
1374 2633 1554 2680 rerum
1585 2620 1858 2688 conditio,

271 2720 324 2767 ut
369 2710 506 2766 novi
548 2709 778 2766 hominis
820 2724 998 2764 mores
1041 2709 1274 2778 divulget
1317 2711 1529 2764 inventa
1559 2708 1856 2764 sodalitas:

273 2813 322 2858 et
358 2805 448 2872 qui
494 2802 769 2872 ignoratur
816 2817 912 2871 per
961 2801 1258 2871 originem,
1301 2799 1552 2855 similium
1601 2800 1862 2856 clarescat

273 2893 486 2948 affectu.
536 2893 960 2962 Deprehenditur
998 2905 1151 2946 mens
1188 2901 1395 2947 secreta
1435 2905 1530 2960 per
1570 2890 1777 2954 socios,
1807 2899 1861 2945 et

272 2985 355 3040 cui
397 2999 513 3038 non
541 2983 668 3038 licet
711 2982 777 3037 ad
819 2983 1078 3054 liquidum
1123 2981 1548 3052 supervenientis
1590 2979 1862 3036 aestimare

269 3076 652 3131 conscientiam
675 3115 690 3139 ,
721 3074 1030 3130 conceditur
1058 3081 1117 3128 ut
1135 3073 1202 3128 de
1231 3074 1346 3129 suis
1371 3073 1738 3142 deprehendat
1765 3087 1861 3128 ex-

270 3176 473 3221 ternos.
528 3164 661 3219 Nam
708 3178 828 3219 cum
874 3179 996 3220 eum
1050 3163 1238 3220 beatus
1287 3163 1486 3220 Marius
1533 3164 1640 3219 illis
1690 3163 1860 3218 oculis

1961 1999 2222 2068 sumpsit,
2263 2002 2365 2055 nisi
2413 2001 2693 2060 fatiscente
2739 2005 3093 2075 corpusculo,
3137 2020 3408 2075 nunquam
3451 2002 3554 2060 nisi

1935 2093 2227 2168 .exemptis
2255 2093 2418 2149 officii
2447 2097 2664 2161 muniis,
2697 2097 3112 2152 sollicitudinem
3136 2098 3314 2168 quiete
3335 2097 3553 2152 laxavit.

1959 2180 2066 2238 Sed
2100 2183 2224 2253 quid
2252 2195 2493 2242 retexam
2517 2227 2530 2252 ,
2558 2203 2679 2258 qum
2713 2188 3055 2258 perfectionis
3081 2189 3329 2245 habuerit
3358 2190 3554 2243 instru-

1961 2284 2140 2331 menta
2173 2277 2473 2346 perfectus,
2503 2288 2596 2335 aut
2636 2296 2729 2350 per
2762 2290 2897 2352 quos
2936 2281 3133 2353 gradus
3160 2281 3228 2336 ad
3254 2281 3396 2336 celsa
3425 2296 3555 2335 con-

1961 2369 2262 2438 scenderit,
2317 2387 2476 2443 quem
2529 2366 2733 2444 liquido
2791 2375 3121 2431 declaratum
3181 2384 3266 2430 est
3311 2375 3556 2430 obtinere

1962 2460 2247 2516 sublimia?
2285 2462 2454 2519 Scivit
2491 2465 2580 2520 ille
2619 2467 2696 2521 sic
2736 2481 2832 2534 per
2858 2465 3071 2521 labores
3099 2467 3277 2520 varios
3315 2465 3555 2535 discipli-

1963 2564 2152 2605 narum
2194 2551 2519 2608 lineamenta
2563 2555 2788 2622 sectari,
2837 2563 2896 2609 ut
2935 2569 3208 2626 nunquam
3257 2561 3556 2610 assumeret

1965 2642 2326 2711 arrogantiam
2349 2643 2418 2699 de
2445 2644 2631 2700 labore
2669 2663 2684 2701 :
2714 2655 2768 2701 et
2805 2661 2926 2702 cum
2967 2648 3147 2701 omnia
3173 2654 3357 2702 essent
3394 2647 3556 2715 digna

1963 2735 2250 2801 praeconiis
2279 2750 2399 2803 qua:
2437 2737 2689 2806 gerebat,
2720 2736 3058 2807 dispendium
3089 2736 3300 2792 virtutis
3325 2736 3557 2793 credidit

1963 2823 2130 2881 fuisse
2157 2826 2454 2882 laudatum.
2495 2827 2583 2883 Sic
2610 2837 2780 2883 totum
2810 2827 2878 2882 de
2903 2829 3020 2898 ejus
3050 2827 3258 2883 actibus
3286 2828 3555 2898 opinionis

1963 2915 2083 2970 luce
2113 2915 2384 2983 radiabat,
2423 2925 2482 2971 ut
2520 2917 2650 2972 nihil
2683 2917 3015 2987 praeberetur
3037 2918 3269 2972 ostentui
3297 2935 3311 2972 :
3339 2917 3555 2987 praemi-

1962 3007 2124 3062 nebat
2143 3021 2370 3063 censura
2394 3009 2588 3063 mentis
2609 3010 2661 3063 in
2687 3022 2942 3078 corpore,
2963 3015 3018 3063 et
3036 3007 3367 3062 iracundiam
3391 3021 3553 3076 quam

1963 3106 2148 3152 contra
2189 3099 2376 3167 culpas
2406 3099 2583 3154 anima
2609 3098 2728 3168 ejus
2765 3107 3100 3168 susceperat,
3132 3098 3293 3154 facies
3319 3099 3553 3154 infucata

1962 3187 2228 3257 pingebat.
2270 3189 2492 3245 Videres
2536 3189 2793 3246 adversus
2834 3190 3033 3261 flagitia
3069 3191 3339 3246 mundana
3366 3184 3551 3245 torvo's

269 3257 459 3327 “nibus
517 3264 727 3310 mentes
779 3254 1048 3320 Videmur’
1099 3255 1424 3325 inspiceret,
1475 3263 1530 3309 θί
1581 3254 1857 3311 interioris
1886 3270 1933 3336 C
1962 3254 2175 3343 oculos,
2204 3287 2258 3333 et
2288 3279 2552 3335 indefessa
2581 3288 2770 3335 contra
2808 3254 2993 3335 atechli
3024 3279 3308 3336 blanditias
3346 3278 3549 3336 Christi

272 3351 520 3406 decorem
545 3348 781 3403 hominis
795 3348 1123 3404 absconditis
1142 3355 1547 3418 percontaretur
1563 3347 1858 3414 obtutibus,

271 3443 432 3497 voluit
467 3456 598 3497 eum
627 3441 946 3496 clericorum
984 3441 1193 3496 sociare
1232 3442 1485 3512 collegio,
1517 3450 1573 3497 et
1607 3441 1745 3498 inter
1771 3457 1860 3498 ec-

266 3533 602 3589 clesiasticos
645 3543 818 3587 coetus
858 3540 1200 3602 praestantem
1230 3534 1434 3588 meritis
1458 3534 1709 3589 dedicare
1741 3549 1861 3603 per-

262 3637 473 3678 sonam.
517 3623 625 3678 Sed
665 3623 798 3693 fugit
833 3623 1092 3678 honorem
1117 3667 1131 3691 ,
1172 3623 1318 3679 velut
1348 3627 1538 3680 veneni
1568 3626 1817 3696 poculum
1839 3667 1857 3694 ,

261 3718 345 3786 qui
376 3729 599 3785 semper
628 3717 919 3785 potentiam
955 3717 1182 3771 credidit
1217 3717 1526 3786 subiacere,
1558 3727 1614 3774 et
1651 3721 1860 3776 servire

261 3814 530 3881 patienter
559 3810 792 3879 prmtulit
818 3810 983 3880 regali
1014 3811 1329 3866 dominatui.

324 3902 404 3958 Ne
433 3910 616 3956 tamen
646 3900 736 3956 diu
764 3900 1010 3956 humanae
1039 3902 1470 3959 conversationis
1499 3903 1698 3958 mixtus
1730 3903 1855 3958 ille-

259 3995 464 4060 cebris,
491 3995 808 4049 societatem
837 3995 1168 4065 contagionis
1193 3995 1465 4064 hauriret,
1489 3998 1650 4067 elegit
1678 4012 1857 4054 seces-

259 4099 373 4142 sum
406 4085 552 4140 haud
581 4085 768 4155 procul
804 4100 834 4140 a
866 4085 1003 4140 beati
1041 4092 1290 4158 martyris
1330 4089 1523 4144 Felicis
1563 4088 1850 4158 sepulcro,

258 4178 343 4233 ubi
385 4177 582 4234 Larius
621 4175 762 4231 Jonii
803 4177 1088 4232 marmoris
1127 4179 1300 4233 minas
1349 4177 1600 4248 deponit;
1641 4180 1856 4249 quando

258 4283 321 4324 ne
361 4276 627 4339 evagetur
670 4266 915 4336 longius,
955 4266 1181 4335 objectis
1223 4268 1354 4336 ripis
1397 4252 1854 4327 resistunt'frena

261 4359 485 4414 telluris.
520 4359 632 4413 Illic
662 4358 860 4413 inserto
883 4345 1114 4412 nubibus
1145 4359 1344 4413 vertice
1375 4374 1531 4413 mons
1570 4371 1852 4426 coruscat,

260 4452 346 4519 qui
389 4450 723 4505 sublimitate
767 4465 861 4505 sua
904 4451 1070 4506 vincit
1113 4460 1408 4522 aspectum.
1439 4453 1543 4507 Sed
1574 4469 1732 4522 quam
1763 4469 1853 4508 sn-

258 4542 452 4609 perbus
483 4549 569 4596 est
599 4541 996 4609 magnitudine,
1031 4550 1139 4597 tam
1180 4542 1413 4599 difficilis
1441 4558 1687 4598 ascensu.
1718 4544 1850 4599 Nam

253 4632 412 4686 nullis
433 4640 564 4686 ante
594 4631 916 4686 monachum
945 4643 1186 4687 nostrum
1220 4634 1392 4703 patuit
1420 4634 1723 4704 gressibus;
1754 4651 1853 4692 nec
1880 4647 1935 4710 Ῑ)
1957 4631 2789 4727 céuuoéibus'scelerdm$61,665

251 4739 346 4796 per
371 4733 651 4798 praerupta
680 4741 932 4782 saxorum
979 4729 1195 4784 humani
1227 4730 1439 4800 generis
1466 4731 1712 4799 admisit,
1742 4733 1853 4789 for-

248 4823 457 4879 midine
480 4832 818 4892 repugnante
840 4861 855 4885 ,
898 4822 1201 4891 vestigium.
1247 4822 1304 4877 In
1336 4824 1578 4893 praecisis
1605 4825 1849 4880 cautibus

247 4921 363 4967 tuta
408 4912 541 4968 feris
583 4913 801 4982 longum
840 4912 1068 4982 praebuit
1096 4913 1245 4967 nullo
1273 4923 1579 4970 exterrente
1619 4915 1846 4977 cubilia:

245 5021 313 5062 eo
342 5007 538 5063 bestiis
587 5005 852 5070 blandior,
892 5020 1000 5075 quo
1039 5006 1330 5062 terribilius
1359 5007 1713 5077 agricolarum
1745 5009 1849 5063 mi-

244 5109 410 5153 natur
435 5097 710 5153 excursui.
746 5097 800 5152 ln
830 5098 933 5153 hoc
963 5099 1054 5154 Dei
1086 5098 1312 5154 famulus
1340 5100 1521 5156 sedem
1552 5101 1760 5171 diligit,
1791 5105 1847 5158 in

241 5208 356 5260 quo
399 5192 519 5247 sola
551 5190 650 5246 fuit
687 5191 927 5260 placendi
959 5207 1148 5259 causa,
1182 5193 1301 5263 quia
1335 5209 1668 5266 nequaquam
1699 5196 1849 5253 leno-

240 5287 531 5340 cinabatur
551 5286 876 5355 aspectibus.
899 5287 1039 5343 Nihil
1060 5304 1245 5344 secum
1268 5290 1513 5360 amplius,
1539 5290 1638 5344 nisi
1659 5305 1844 5359 parum

238 5374 538 5447 leguminis
585 5385 640 5430 et
689 5377 918 5446 ligonem
972 5393 1078 5448 quo
1129 5388 1328 5435 terram
1379 5380 1727 5448 sollicitaret,
1777 5382 1845 5438 de

192 5535 210 5553 .
238 5466 433 5522 mundi
460 5465 734 5521 beneﬁciis
756 5482 1070 5534 assumens;
1095 5469 1361 5525 dedicavit
1383 5471 1573 5526 callem
1601 5472 1843 5542 subjecta

238 5557 541 5627 asperitate
593 5558 881 5613 nescitum.
931 5557 1067 5630 Juga
1117 5561 1208 5616 illa
1264 5561 1578 5618 indomitam
1633 5572 1838 5619 naturae

236 5649 424 5720 legem
455 5651 693 5706 Antonio
720 5654 1102 5723 congredieute
1145 5656 1492 5726 perdiderunt
1537 5674 1552 5713 :
1597 5668 1838 5715 reserata

235 5739 442 5799 itinera
483 5751 606 5814 post
639 5745 934 5816 ingressum
969 5748 1084 5819 ejus
1115 5759 1334 5822 patuere
1362 5752 1721 5821 cupientibus.
1754 5752 1840 5811 In-

325 5895 348 5924 “
380 5900 564 5959 Schol.
585 5939 605 5961 .
639 5903 882 5960 hostibus.

1961 3371 2187 3425 militem
2229 3370 2369 3426 bella
2419 3381 2673 3428 tractare.
2724 3371 2948 3439 Quando
2991 3373 3080 3428 illa
3124 3374 3301 3442 imago
3349 3381 3552 3428 statum

1961 3475 2116 3516 suum
2142 3463 2365 3517 resolvit
2405 3464 2458 3518 in
2487 3465 2688 3530 risum,
2725 3474 2780 3521 et
2805 3465 2873 3519 ab
2911 3467 3116 3521 ordinis
3142 3468 3342 3537 proprii
3371 3467 3552 3536 rigore

1961 3556 2162 3611 laetitia;
2200 3556 2478 3613 debilitate
2515 3557 2788 3614 confracta
2833 3561 2949 3615 est?
2989 3561 3196 3617 Interea
3235 3561 3361 3616 dum
3405 3561 3552 3616 velut

1961 3648 2298 3719 obsignatum
2341 3649 2590 3705 monachi
2639 3649 2691 3704 in
2743 3651 3007 3706 universis
3045 3653 3236 3722 implet
3281 3651 3546 3719 officium,

1958 3739 2042 3794 vir
2070 3740 2286 3811 quidam
2317 3755 2475 3811 quem
2505 3755 2716 3811 sponsae
2745 3756 2858 3797 suze
2887 3758 3038 3799 amor
3063 3745 3116 3799 in
3145 3743 3352 3800 facinus
3372 3745 3551 3813 impu-

1959 3832 2124 3900 lerat,
2154 3842 2208 3888 et
2243 3833 2310 3888 ad
2350 3833 2661 3888 effusionem
2697 3832 2915 3888 humani
2952 3837 3226 3904 sanguinis
3262 3837 3456 3891 affectu
3493 3842 3550 3891 et

1958 3904 2704 3994 indignatione'provoearat;
2738 3926 2866 3980 dum
2905 3927 3286 3981 conscientiam
3332 3940 3391 3981 se
3431 3940 3549 3980 cre-

1957 4015 2092 4069 didit
2129 4015 2311 4085 fugere
2361 4017 2655 4074 mutatione
2695 4027 2989 4084 terrarum,
3044 4025 3100 4072 et
3146 4016 3200 4072 in
3247 4017 3366 4071 aliis
3424 4031 3548 4085 pro-

1958 4107 2150 4163 vinciae
2199 4108 2440 4178 partibus
2485 4108 2845 4166 innocentiam
2896 4108 3122 4179 reperiri
3159 4123 3320 4179 quam
3363 4104 3546 4164 furore

1958 4199 2094 4255 duce
2147 4200 2483 4270 perdiderat,
2540 4203 2772 4258 velatum
2823 4202 3164 4272 simplicitate
3217 4202 3283 4256 ad
3333 4209 3548 4256 secreta

1959 4293 2125 4347 eremi
2167 4296 2398 4362 portavit
2429 4295 2780 4362 homicidam,
2815 4309 3005 4367 putans
3044 4297 3096 4350 in
3141 4295 3235 4350 Dei
3283 4295 3546 4366 obsequio

1957 4393 2261 4448 constitutis
2290 4393 2358 4448 de
2387 4394 2592 4450 actibus
2621 4395 2732 4449 suis
2762 4403 2954 4462 praeter
2983 4393 3213 4463 effigiem
3241 4393 3310 4447 nil
3334 4399 3542 4462 patere.

1957 4485 2166 4540 Artifici
2219 4486 2474 4541 humilem
2526 4487 2799 4542 simulavit
2849 4486 3069 4551 obtutu;
3117 4494 3176 4541 et
3222 4500 3319 4555 per
3365 4484 3543 4539 dolosi

1955 4587 2259 4633 commenta
2282 4578 2489 4633 consilii
2507 4621 2524 4642 ,
2549 4578 2802 4633 fabricata
2826 4579 3156 4646 subiectione
3177 4578 3507 4646 compositus
3524 4619 3541 4643 ,

2817 4673 2951 4725 texit
2975 4669 3286 4724 obstaculis.
3314 4669 3542 4724 Difficile

1954 4772 2037 4820 est
2069 4772 2262 4834 prieter
2285 4765 2450 4820 Deum
2471 4762 2872 4832 deprehendere
2892 4808 2906 4832 ,
2932 4762 3188 4833 quidquid
3209 4761 3541 4832 obsequendi

1953 4860 2284 4927 argumentis
2331 4857 2620 4912 involvitur
2660 4875 2674 4912 :
2707 4857 2930 4927 proinde
2967 4855 3225 4926 flagitium
3271 4857 3412 4912 celat
3440 4857 3540 4912 ab-

1947 4953 2112 5022 jectio
2143 4967 2302 5008 :raro
2333 4953 2385 5007 in
2413 4952 2586 5008 lucem
2617 4959 2906 5021 erumpunt
2932 4952 3178 5018 crimina,
3205 4966 3325 5020 quae
3353 4959 3541 5008 auctor

1951 5045 2357 5114 obtemperandi
2388 5045 2571 5101 scierit
2612 5045 2731 5100 fuco
2766 5044 3015 5114 sepelire.
3064 5042 3315 5099 Protinus
3359 5052 3538 5098 tamen

1951 5138 2121 5193 adfuit
2149 5137 2240 5193 ille
2265 5137 2422 5192 index
2453 5148 2739 5192 consuetus
2761 5179 2776 5202 ,
2805 5147 2859 5190 et
2899 5135 3114 5191 latentis
3153 5142 3360 5191 secreta
3401 5148 3538 5189 con-

1952 5230 2189 5285 scientize
2212 5229 2408 5285 divinae
2437 5229 2585 5284 vocis
2614 5231 2764 5284 clave
2793 5229 3085 5295 reseravit;
3118 5227 3170 5282 in
3207 5227 3292 5281 his
3329 5239 3539 5281 sermo-

1950 5322 2110 5378 nibus
2145 5322 2371 5378 adorsus
2416 5321 2738 5387 Antonium,
2787 5319 2999 5390 quando
3046 5333 3168 5374 eum
3217 5317 3334 5386 plus
3371 5330 3534 5382 quam

1950 5414 2113 5470 homo
2142 5416 2312 5486 possit
2339 5414 2520 5469 docuit
2549 5413 2870 5484 cognovisse
2891 5453 2905 5477 ,
2933 5413 3080 5467 illum
3106 5407 3412 5472 denudans,
3441 5410 3534 5478 qui

1951 5525 2138 5566 crasso
2188 5511 2500 5565 indumento
2551 5509 2811 5564 latronem
2859 5505 3070 5575 tegebat
3117 5519 3132 5556 :
3179 5519 3198 5552 ι
3242 5499 3421 5570 Cave,
3450 5503 3534 5558 in-

1949 5605 2138 5674 quiens
2160 5644 2174 5669 ,
2207 5619 2274 5658 ne
2314 5603 2446 5657 tanti
2476 5600 2717 5656 criminis
2747 5612 2895 5654 reum
2927 5602 3113 5650 sancto
3141 5593 3274 5649 velis
3302 5595 3534 5652 miscere

1948 5696 2180 5766 collegio
2214 5713 2226 5748 :
2259 5710 2324 5749 ne
2355 5695 2532 5762 lupum
2563 5691 2750 5746 ovibus
2774 5730 2788 5755 ,
2817 5687 2968 5752 agnis
2993 5686 3232 5754 viperam
3257 5687 3533 5758 negligens

1952 5789 2248 5855 aestimator
2287 5788 2562 5857 adjungas.
2595 5783 2700 5838 Istc
2738 5779 2967 5835 animam
3005 5778 3099 5836 Dei
3127 5781 3371 5837 manibus
3397 5795 3533 5837 cou-
