3974 6366
400 365 508 423 Ἃὸ

1526 358 1806 418 ENNODII
1844 357 2148 439 EPISCOPl
2185 355 2561 414 'HCINENSIS

3573 352 3676 407 244

399 495 611 539 eessam
638 492 736 554 per
761 490 881 536 eus:
912 477 1202 546 fragmenta
1242 472 1469 545 gutturis
1504 475 1789 548 eﬂ‘ugavit,
1820 485 1876 532 et
1902 478 1988 533 in-
2014 476 2070 543 Δ
2092 459 2206 549 ipse
2233 487 2593 547 pertractans,
2624 476 2773 532 brevi
2798 474 3035 529 animum
3064 486 3217 528 suum
3245 471 3569 527 allocutione
3591 470 3681 524 tir-

400 575 684 632 ternecivo
727 570 904 626 fratris
947 568 1126 625 furore
1169 569 1447 625 constricti
1496 570 1658 625 vitam
1708 584 1740 625 e
1768 570 1985 628 sedibus

402 670 546 734 Suis,
585 666 713 721 dum
755 664 916 719 infert
954 660 1192 716 faucibus
1232 662 1476 731 vincula,
1517 662 1761 718 dissolvit
1795 681 1805 715 :
1842 663 1985 720 hunc

403 759 643 816 debitum
689 757 908 814 exitium
956 756 1220 825 sequitur,
1272 771 1373 811 nec
1399 772 1429 815 a
1456 757 1584 827 jugo
1609 757 1855 828 supplicii
1886 758 1991 814 erit

406 851 611 906 alienus
638 849 728 919 qui
754 848 990 902 humano
1016 848 1259 917 sanguini
1298 863 1406 904 non
1448 850 1684 918 pepercit
1723 866 1738 904 :
1771 849 1987 906 miseri.

407 942 592 997 cordia
621 948 728 1007 est,
761 932 903 995 circa
934 939 1268 996 facinorosos
1296 948 1504 995 servata
1534 941 1817 997 districtio.
1849 942 1995 1013 Ergo

408 1033 591 1103 sopori
638 1033 925 1088 terminum
980 1046 1212 1101 ponens,
1263 1025 1634 1089 man‘datorum
1690 1033 2031 1091 coslestium’

406 1128 616 1182 hostem
647 1126 886 1195 depelle,
916 1141 985 1182 ne
1014 1126 1238 1181 candida
1266 1126 1607 1183 conversatio
1634 1136 1808 1182 tecum
1836 1127 1989 1183 babi-

406 1227 612 1273 tantum
654 1218 803 1272 fusca
841 1218 1271 1289 supervenientis
1314 1218 1631 1289 contagione
1668 1219 1917 1275 violetur.
1964 1235 1989 1273 δ

411 1313 558 1367 lllico
613 1312 807 1368 divinis
860 1312 1148 1369 obsecutus
1197 1312 1433 1383 imperiis
1482 1311 1752 1369 hominem
1800 1320 1992 1379 vocat,

407 1392 757 1459 mentientem
784 1407 1082 1474 convincit,
1110 1405 1298 1462 feriato
1320 1421 1416 1462 ore
1439 1407 1576 1463 male
1596 1404 1794 1463 conscii
1816 1407 1995 1463 omnia

411 1496 527 1565 ejus
547 1505 693 1568 gesta
717 1498 1069 1568 persequitur.
1098 1498 1323 1569 Expavit
1344 1498 1729 1568 deprehensus,
1751 1514 1871 1555 cum
1894 1497 1994 1553 fla-

410 1590 537 1659 gitia
560 1606 653 1645 sua
677 1591 946 1647 recenseri
970 1590 1173 1648 videret
1195 1592 1263 1646 ab
1291 1592 1505 1648 homine
1524 1635 1539 1659 ,
1568 1608 1689 1663 quae
1710 1592 1827 1649 sine
1858 1599 1998 1648 teste

410 1680 630 1736 humani
662 1682 875 1751 generis
906 1686 1250 1740 commiserat
1282 1701 1294 1738 :
1328 1685 1576 1740 viaticum
1607 1686 1847 1755 p0poscit
1869 1725 1883 1750 ,
1916 1685 1998 1739 fu-

412 1788 532 1843 gam
554 1784 788 1831 tremens
818 1777 1094 1848 apparavit
1135 1779 1429 1835 :continuo
1462 1787 1639 1834 tamen
1679 1777 1999 1848 pedissequa

2094 572 2281 628 mavit.
2312 589 2330 622 ‹
2377 569 2515 637 Quid
2544 569 2785 639 agimus,
2815 582 2967 622 mens
2995 566 3169 621 adhuc
3212 566 3468 620 mundani
3499 563 3685 618 oneris

2094 662 2239 719 fasce
2284 662 2576 731 depressa,
2623 674 2785 730 quam
2828 658 3064 714 nondum
3109 656 3175 711 ad
3220 666 3495 712 auctorem
3526 670 3683 710 suum

2093 767 2385 822 corporeus
2413 766 2599 808 carcer
2626 750 2894 807 evomuit?
2918 764 3023 804 non
3057 748 3149 802 tibi
3176 757 3323 803 certa
3350 754 3435 804 est
3460 747 3529 801 de
3556 762 3685 816 per-

2094 847 2323 904 lectione
2353 846 2574 910 fiducia,
2601 845 2727 900 dum
2748 843 2923 899 adhuc
2945 841 3236 898 includeris
3257 841 3543 911 fragilitate
3569 855 3690 895 car-

2094 943 2204 998 nali
2231 960 2243 996 :
2275 940 2525 1011 periculis
2554 940 2712 1009 plena
2739 947 2901 1002 sunt,
2922 952 3044 1007 quae
3063 936 3311 991 videntur
3336 949 3456 991 esse
3488 932 3692 990 tutissi-

2097 1052 2182 1093 ma
2212 1053 2225 1090 :
2250 1034 2514 1090 lenocinia
2552 1032 2724 1087 hostis
2748 1031 2824 1085 tui
2849 1028 3135 1097 intelligis,
3163 1029 3288 1082 dum
3320 1026 3694 1080 universorum

2096 1142 2228 1193 voce
2268 1126 2520 1183 laudaris.
2576 1123 2705 1179 Vide
2748 1122 2967 1192 quantis
3015 1120 3226 1175 labores
3267 1118 3516 1173 insidiis:
3563 1117 3692 1171 abs-

2102 1219 2376 1277 conditum
2414 1231 2533 1274 esse
2586 1230 2692 1273 non
2726 1214 2885 1279 licet,
2925 1212 3066 1280 quod
3107 1211 3317 1266 adimus
3367 1228 3381 1264 :
3426 1210 3696 1265 latebram

2098 1322 2339 1368 nostram
2382 1307 2686 1379 persecutio
2735 1305 3040 1359 manifestat
3088 1303 3319 1359 hostilis.
3368 1302 3698 1358 Sanctorum

2098 1416 2345 1475 petamus
2364 1402 2697 1467 exercitum,
2725 1407 2779 1455 et
2801 1399 2945 1453 illam
2969 1396 3261 1453 Lirinensis
3284 1395 3472 1451 insulae
3495 1394 3698 1450 cohor-

2099 1507 2207 1557 tem
2236 1497 2435 1567 irriguo
2465 1496 2798 1562 inquiramus
2822 1490 3017 1547 ardore
3060 1508 3073 1545 :
3106 1505 3265 1559 quem
3306 1488 3482 1545 solum
3509 1488 3700 1545 hacte-

2101 1609 2205 1655 nus
2227 1591 2458 1664 pulsavit
2486 1589 2858 1651 adversarius,
2891 1583 3100 1640 timebit
3124 1584 3263 1640 inter
3284 1570 3564 1637 inimicam
3594 1582 3700 1640 sibi

2100 1683 2496 1742 multitudinem
2519 1679 2891 1737 constitutum.
2920 1678 3184 1732 lnstructa
3214 1675 3413 1744 praeliis
3432 1676 3579 1730 acies
3606 1674 3701 1732 illa

2102 1795 2315 1849 semper
2364 1777 2630 1847 invigilat,
2659 1786 2713 1830 et
2743 1773 2905 1828 variis
2948 1771 3246 1840 perfossum
3289 1769 3487 1825 ictibus
3528 1768 3702 1838 abigit

412 1882 563 1923 reum
589 1868 718 1924 ultio
743 1869 1176 1939 comprehendit,
1208 1879 1261 1941 et
1298 1870 1571 1941 expiatum
1608 1870 1784 1925 scelus
1825 1877 2001 1938 patra—
2029 1868 2080 1933 Β
2106 1874 2444 1931 infestantem
2483 1887 2497 1923 :
2530 1875 2660 1937 quot
2689 1864 2827 1923 bella
2855 1864 2956 1921 illis
2990 1862 3233 1919 diabolus
3260 1861 3476 1926 intulit,
3508 1875 3698 1917 nume-

416 1961 550 2017 toris
578 1971 749 2018 morte
777 1964 1060 2019 nuntiavit.
1096 1963 1167 2018 Ita
1190 1977 1368 2019 sermo
1406 1962 1533 2033 justi
1575 1961 1783 2019 viribus
1820 1974 2008 2015 carere

412 2068 523 2107 non
547 2055 738 2131 potuit.
780 2054 987 2109 Interea
1012 2062 1228 2109 sanctus
1249 2052 1332 2107 vir
1364 2069 1459 2122 per
1481 2053 1730 2124 regiones
1758 2051 2012 2113 finitimas

419 2146 765 2202 insidiatricis
806 2147 964 2203 famae
1004 2147 1197 2218 linguis
1237 2147 1467 2203 innotuit
1500 2163 1512 2198 :
1554 2161 1673 2217 qua:
1704 2160 1772 2201 ne
1799 2150 2014 2217 pareret

415 2238 485 2294 de
515 2238 827 2294 celebritate
844 2239 1184 2311 jactantiam,
1209 2245 1334 2293 ante
1358 2238 1569 2306 provisa
1592 2244 1716 2291 sunt
1736 2234 1972 2291 remedia
1989 2275 2009 2303 ,

417 2344 575 2399 quam
615 2329 834 2385 morbus
870 2329 1224 2386 adolesceret.
1253 2329 1355 2397 Qui
1386 2330 1527 2385 enim
1557 2328 1876 2399 grandzevus
1915 2336 2009 2389 aut

418 2418 641 2489 debilis,
671 2419 809 2476 duce
833 2418 1142 2492 diligentia,
1172 2436 1278 2476 non
1308 2420 1516 2476 itineris
1546 2419 1687 2477 illius
1712 2427 2011 2475 transmea-

417 2511 511 2569 bat
552 2513 812 2583 abrupta,
859 2529 979 2577 cum
1035 2514 1284 2571 dantibus
1322 2512 1685 2571 valetudinem
1723 2512 2011 2569 desideriis

421 2604 582 2662 etiam
628 2607 973 2679 aegritudines
1016 2621 1244 2679 corpora
1290 2622 1397 2667 non
1430 2605 1712 2663 tenerent?
1742 2604 1853 2661 Hac
1884 2619 2009 2674 per-

419 2699 641 2759 territus
681 2697 1008 2770 frequentia;
1056 2697 1123 2755 ad
1152 2698 1444 2759 secretiora
1484 2698 1653 2753 eremi
1683 2695 1870 2757 beatus
1899 2696 2011 2751 An—

419 2789 599 2846 tonius
641 2789 869 2846 credidit
906 2791 1262 2856 evolaudum,
1305 2806 1373 2848 ne
1420 2791 1752 2859 singulorum
1795 2788 2010 2851 devotio

420 2880 726 2943 inamabilis
769 2883 1087 2953 arrogantia:
1123 2894 1295 2945 mater
1330 2883 1616 2951 existeret,
1648 2891 1705 2939 et
1730 2882 1797 2943 de
1825 2880 2011 2937 multi-

420 2972 581 3029 formi
626 2974 795 3045 gratia
842 2974 1110 3044 rigidioris
1156 2974 1415 3046 pronositi
1464 2974 1617 3031 ruina
1672 2969 2006 3037 nasceretur.

421 3063 540 3121 Mox
573 3072 753 3121 tamen
795 3079 1041 3123 secessus
1084 3082 1243 3139 quem
1288 3065 1515 3134 pendula
1553 3081 1713 3136 rupes
1734 3079 2010 3123 commensi

423 3156 613 3225 dabat,
645 3158 846 3214 electus
875 3167 959 3219 est
1006 3176 1020 3213 :
1061 3159 1117 3215 in
1145 3173 1253 3227 quo
1282 3158 1437 3219 annis
1467 3158 1710 3229 pluribus
1746 3160 1921 3228 solus,
1953 3164 2012 3221 et

2115 1972 2237 2020 rant
2283 1971 2362 2019 tot
2402 1958 2703 2025 triumphos
2745 1974 2759 2010 :
2809 1970 2917 2012 non
2946 1961 3191 2010 metuunt
3227 1954 3475 2023 quotiens
3503 1953 3701 2010 adesse

2112 2058 2365 2112 Satanam
2391 2095 2407 2121 ,
2438 2061 2499 2109 ut
2534 2050 2850 2107 dimicantes
2879 2056 3098 2111 acuant,
3133 2046 3362 2102 classico
3391 2046 3544 2101 fuerit
3568 2046 3699 2100 stri-

2111 2145 2275 2206 dente
2302 2146 2600 2202 nuntiatum
2649 2160 2663 2197 :
2713 2153 2921 2210 semper
2955 2139 3197 2196 eruditos
3232 2147 3286 2194 et
3324 2136 3491 2192 fortes
3520 2136 3702 2192 reddi~

2112 2242 2192 2297 dit
2234 2238 2543 2310 quotidiana
2587 2234 2919 2297 decertatio,
2971 2232 3238 2302 quomodo
3288 2230 3545 2302 prolixior
3596 2244 3701 2298 pax

2111 2335 2339 2391 solutos.
2378 2350 2399 2383 ι
2432 2330 2525 2386 His
2548 2328 2741 2395 dictis,
2771 2327 2993 2383 dimissa
3024 2324 3281 2380 fratribus
3304 2323 3500 2380 cellula
3519 2363 3535 2389 ,
3565 2336 3703 2392 quos

2110 2427 2310 2483 ibidem
2340 2424 2579 2496 praedicti
2608 2435 2758 2477 amor
2796 2427 3247 2489 congregaverat,
3273 2417 3413 2487 apud
3453 2415 3702 2471 Lirinum

2109 2519 2435 2590 improvisus
2464 2516 2733 2585 apparuit.
2759 2512 3031 2569 Nuntiavit
3058 2512 3232 2567 virum
3261 2510 3554 2581 insignium
3587 2524 3705 2564 me-

2108 2617 2331 2671 ritorum
2388 2611 2549 2667 facies
2585 2608 2774 2679 jejunii
2815 2607 3018 2677 pallore
3078 2604 3349 2661 decorata.
3396 2602 3532 2661 Nam
3560 2602 3695 2656 dum

2111 2705 2307 2762 secreti
2334 2704 2563 2758 nitorem
2594 2699 2827 2755 hominis
2854 2697 3287 2768 splendidissima
3317 2696 3517 2750 macies
3557 2694 3707 2748 indi.

2111 2805 2291 2863 caret,
2336 2810 2446 2850 non
2494 2791 2663 2849 defuit
2704 2800 2921 2846 actuum
2970 2790 3086 2858 ejus
3129 2802 3308 2859 praeco
3344 2796 3643 2841 consuetus
3692 2804 3705 2839 :

2111 2888 2510 2946 immaculatam
2542 2883 2970 2940 conversationis
2998 2883 3166 2954 ipsius
3194 2882 3429 2949 speciem
3460 2881 3561 2935 sub
3587 2895 3708 2934 ver~

2111 2983 2303 3038 borum
2346 2978 2670 3035 abundantia
2710 2985 2764 3031 et
2792 2975 3070 3031 relationis
3098 2972 3343 3029 ubertate
3366 2972 3708 3027 describens.

2112 3074 2308 3130 Mixtus
2362 3070 2661 3141 grandzevis
2717 3076 2775 3122 et
2822 3066 3108 3137 praecipuis
3157 3074 3429 3134 gestorum
3478 3076 3709 3117 suorum

2115 3168 2415 3237 lampadam
2444 3180 2551 3220 non
2574 3161 2771 3220 minori
2805 3160 3071 3217 intellexit
3107 3158 3230 3229 igne
3257 3157 3477 3213 rutilare
3509 3173 3523 3213 :
3553 3156 3712 3211 meti-

424 3262 552 3304 vere
592 3246 889 3307 monachus
925 3249 1089 3307 vitam
1127 3250 1245 3305 sine
1273 3248 1487 3305 humani
1515 3250 1726 3320 generis
1759 3240 2089 3317 consorteﬂ
2114 3267 2206 3317 tus
2244 3266 2330 3315 est
2377 3256 2578 3313 fomitis
2625 3255 2707 3310 sui
2755 3254 2963 3317 lucem,
2995 3252 3120 3306 dum
3148 3250 3282 3305 vidit
3325 3250 3510 3304 alieni.
3541 3247 3711 3313 Quasi

427 3342 710 3413 transegit.
760 3342 931 3399 Dabat
976 3343 1256 3421 feras,,pro
1299 3343 1574 3399 sodalibus
1600 3352 1852 3405 montana
1881 3344 2014 3405 soli-

425 3433 559 3493 tudo
609 3452 621 3487 :
675 3434 911 3504 mugitus
948 3434 1062 3495 ursi
1106 3435 1442 3506 aliarumque
1491 3436 1786 3491 belluarum
1833 3436 2015 3499 minax

426 3526 889 3593 immurmuratio,
922 3542 1020 3598 pro
1049 3525 1261 3583 blanda:
1298 3527 1740 3585 confabulationis
1768 3543 2016 3585 commu-

425 3618 593 3675 nione
623 3621 941 3690 ponebatur.
975 3621 1214 3693 Denique
1237 3636 1300 3679 ea
1329 3631 1644 3693 tempestate
1670 3638 1828 3679 ursus
1857 3632 2017 3693 petu-

425 3711 646 3783 lantior,
678 3713 864 3784 glorise
888 3715 1007 3787 plus
1033 3716 1254 3773 daturus
1271 3756 1288 3783 ,
1318 3716 1503 3773 caules
1532 3718 1697 3787 ipsius
1721 3716 2017 3788 puberibus

426 3802 573 3861 foliis
601 3805 860 3881 laetiores,
891 3816 947 3865 et
974 3807 1202 3881 quadam
1233 3808 1453 3865 domino
1482 3807 1746 3871 hilaritate
1774 3808 2016 3880 gestien-

428 3903 510 3952 tes
534 3937 551 3967 ,
592 3899 811 3957 immani
850 3899 1159 3971 ingrediens
1198 3902 1521 3959 contritione
1559 3896 1819 3966 vas'tavit,
1850 3902 1923 3957 ita
1963 3911 2023 3963 ut

426 4003 687 4063 nusquam
715 3990 783 4047 de
810 3991 1037 4062 simplici
1063 3994 1213 4063 fruge
1236 4007 1359 4064 spes
1387 3993 1601 4053 residua
1632 3993 1969 4063 linqueretur
2000 4006 2018 4044 :

432 4095 593 4151 quem
625 4082 716 4138 ille
743 4082 933 4139 baculo
962 4085 1254 4140 mulcatum
1297 4083 1591 4143 districtius
1632 4084 1783 4140 abire
1825 4083 2020 4152 praeci-

337 4190 341 4195 ·
430 4172 615 4241 piens,
648 4181 840 4227 testem
877 4172 1091 4229 virtutis
1125 4186 1274 4241 sure,
1305 4183 1360 4229 et
1386 4174 1627 4230 nuntium
1659 4174 1924 4244 passionis
1953 4173 2022 4235 ad

430 4262 566 4321 alias
595 4262 673 4320 ire
705 4262 904 4321 bestias
946 4279 1071 4323 mox
1116 4264 1291 4334 coegit
1331 4282 1343 4319 :
1386 4273 1444 4320 ut
1469 4266 1780 4337 lmpleretur
1808 4265 2023 4323 Domini

431 4351 609 4409 fidelis
630 4354 940 4427 pollicitatio
957 4399 971 4426 ,
996 4372 1114 4426 quae
1135 4357 1491 4415 sectatoribus
1511 4358 1622 4415 suis
1645 4360 1804 4416 totius
1825 4360 2023 4417 veneni

430 4454 484 4501 et
510 4448 747 4503 omnium
797 4448 1028 4507 ferarum
1066 4450 1314 4525 promisit
1342 4452 1679 4522 obsequium.
1711 4453 1917 4508 Rursus
1948 4461 2019 4506 ta-

429 4556 557 4597 men
597 4542 860 4613 gradienti
904 4544 953 4603 ei
1003 4560 1097 4614 per
1140 4544 1463 4601 destinatum
1495 4545 1685 4601 callem
1719 4547 1933 4617 rugiens
1962 4560 2024 4601 se

2118 3356 2260 3411 inter
2286 3358 2601 3408 ornamenta
2630 3347 2750 3405 cceli
2780 3353 2835 3402 et
2870 3345 3047 3400 sidera
3078 3343 3241 3412 pleno
3271 3341 3479 3413 fulgore
3507 3342 3711 3395 mican-

2119 3447 2190 3501 tia
2211 3485 2229 3513 ,
2255 3440 2683 3514 supervenientis
2719 3438 2848 3494 astri
2893 3436 3155 3491 claritudo
3200 3435 3468 3499 societur;
3499 3439 3713 3488 certant

2118 3539 2236 3594 sine
2265 3534 2460 3591 invidia
2496 3550 2509 3586 :
2542 3532 2817 3603 geminare
2844 3529 3055 3594 radios,
3087 3537 3139 3585 et
3180 3542 3277 3597 per
3311 3533 3600 3597 augmenta
3633 3526 3715 3579 lus

2120 3630 2281 3687 minis
2296 3629 2527 3698 speciem
2548 3639 2805 3695 superare
2822 3623 3092 3679 novitatis.
3117 3620 3234 3676 Alia
3255 3618 3535 3692 prolixiori
3556 3618 3716 3674 crine

2122 3722 2293 3777 facem
2321 3733 2472 3776 suam
2499 3718 2657 3774 stella
2692 3716 3064 3780 commendat;
3095 3713 3198 3768 alia
3241 3712 3459 3782 puriore
3490 3731 3501 3765 :
3544 3727 3717 3767 unam

2121 3816 2256 3873 ditat
2308 3814 2485 3885 potior
2537 3812 2786 3878 flamma,
2831 3809 3079 3865 nobilitat
3122 3808 3345 3863 alteram
3394 3821 3490 3876 per
3538 3806 3717 3876 spatia

2122 3890 2382 3964 nocturna
2426 3905 2704 3961 sincerior.
2738 3901 2827 3958 Sic
2856 3901 3145 3956 Antonium
3188 3908 3430 3954 nostrum
3459 3912 3556 3969 per
3588 3900 3715 3953 uni-

2122 4012 2308 4055 versas
2335 3998 2577 4052 locorum
2621 3992 2946 4050 mutationes
2971 4008 3001 4048 a
3044 3990 3258 4047 Christo
3283 3991 3507 4047 veniens
3546 3990 3717 4046 disci-

2123 4091 2267 4161 plina
2313 4088 2566 4144 comitata
2611 4094 2711 4141 est.
2743 4083 2985 4139 Providit
3030 4092 3338 4151 tamen,-ne
3383 4083 3469 4138 cui
3511 4083 3567 4137 in
3622 4083 3718 4138 illa

2124 4182 2334 4247 nutrice
2376 4191 2682 4236 sanctorum
2728 4176 2937 4243 insula,
2982 4190 3102 4231 cum
3147 4183 3429 4246 praestaret
3458 4174 3674 4229 meritis
3700 4216 3714 4240 ,

2125 4274 2367 4347 praeferri
2396 4272 2667 4328 videretur
2696 4269 2988 4325 honoribus
3025 4285 3039 4321 :
3083 4269 3260 4335 sciens
3298 4266 3350 4323 in
3391 4265 3718 4322 humilitatis

2126 4366 2308 4423 radice
2363 4365 2657 4436 plantatum
2714 4363 2782 4419 ad
2837 4370 3094 4419 centenos
3145 4361 3347 4417 fructus
3405 4375 3714 4431 assurgere.

2125 4458 2361 4515 Blandus
2401 4457 2715 4526 juvenibus,
2762 4455 2939 4527 gravis
2980 4453 3233 4521 maturis,
3268 4454 3455 4508 doctus
3485 4452 3716 4522 peritis,

2125 4551 2421 4607 submissus
2446 4546 2725 4603 existendo
2756 4546 3084 4617 simplicibus
3104 4587 3118 4610 ,
3155 4554 3317 4599 totam
3358 4544 3500 4599 illam
3531 4544 3715 4598 domi-

430 4630 543 4688 fera
585 4634 877 4705 suggessit:
908 4650 1067 4706 quam
1096 4636 1189 4691 ille
1216 4637 1328 4693 sola
1349 4636 1588 4707 jussione
1614 4636 1883 4692 turbatum
1912 4637 2012 4691 iter
2038 4622 2097 4686 Β
2118 4642 2218 4697 nici
2248 4641 2424 4711 gregis
2450 4638 2712 4706 legionem
2742 4636 3050 4692 distinctam
3078 4644 3221 4703 actu,
3246 4634 3505 4690 variatam
3534 4637 3717 4706 genti-

422 4725 558 4781 fecit
588 4727 829 4796 aperire;
861 4738 915 4783 et
939 4739 1194 4798 occupata
1225 4730 1325 4785 viae
1347 4729 1579 4786 claustra
1606 4728 1881 4785 deserere.
1912 4728 2020 4785 Sed

430 4834 555 4879 ecce
586 4820 779 4881 iterum
814 4821 913 4875 alis
943 4819 1247 4893 pernicibus
1267 4863 1284 4891 ,
1320 4838 1413 4893 per
1442 4821 1760 4895 proditionis
1788 4836 1899 4877 suae
1930 4836 2018 4875 or-

431 4914 641 4978 dinem,
674 4912 767 4968 Dei
792 4928 1005 4968 servum
1044 4914 1098 4970 in
1126 4929 1232 4983 quo
1259 4916 1380 4971 loco
1415 4914 1634 4985 degeret
1669 4914 1803 4969 fama
1837 4914 2020 4985 vulga-

430 5006 535 5069 vit;
590 5006 735 5061 aliud
790 5005 859 5063 de
913 5006 1062 5077 ipso,
1120 5023 1217 5077 pro
1274 5009 1657 5064 sententiarum
1716 5009 2014 5076 varietate,

431 5098 657 5154 diversis
679 5099 1040 5168 opinantibus.
1066 5100 1214 5156 Tunc
1236 5100 1436 5171 liquido
1458 5101 1625 5172 patuit
1645 5117 1741 5172 per
1759 5116 2015 5159 occursus

431 5190 761 5263 multiplices
789 5191 922 5247 nihil
951 5192 1165 5248 obstare
1189 5194 1556 5263 cupientibus;
1590 5195 1789 5261 planari
1816 5194 2011 5263 ardua,

428 5282 653 5339 solidari
684 5283 881 5353 scissa,
907 5285 1191 5355 pendentia
1231 5302 1336 5343 non
1364 5288 1561 5343 timeri.
1588 5288 1689 5345 Sed
1722 5289 2014 5357 potioribus

429 5376 669 5444 insidiis,
694 5394 765 5434 ne
807 5393 904 5450 per
928 5381 1287 5450 arrogantiam
1323 5382 1490 5439 hostis
1527 5382 1863 5453 subriperet,
1906 5384 2013 5439 for-

430 5468 557 5527 tiori
598 5471 824 5528 consilio
871 5486 1060 5528 manus
1110 5475 1397 5545 opposuit,
1431 5490 1499 5531 ne
1538 5474 1653 5544 jam
1697 5475 2013 5544 grandaevus

427 5564 699 5632 perderet,
718 5565 860 5638 quod
878 5567 1014 5624 inter
1038 5568 1281 5626 tirocinia
1303 5570 1497 5624 virtute
1517 5578 1782 5625 servasset
1805 5586 1819 5622 :
1839 5570 2016 5625 acrius

432 5657 575 5711 enim
602 5657 743 5712 circa
774 5660 1023 5717 robustos
1050 5661 1247 5717 diaboli
1278 5671 1553 5717 certamen
1584 5669 1693 5727 est,
1719 5670 1775 5718 et
1802 5661 2017 5732 majori-

431 5746 537 5801 bus
556 5748 728 5818 copiis
750 5750 868 5805 illos
893 5754 1222 5823 aggreditur,
1249 5754 1341 5823 qui
1367 5754 1647 5810 conflictus
1672 5754 1788 5824 ejus
1809 5755 2016 5825 experti

433 5836 647 5895 roboris
686 5840 883 5897 sudore
924 5842 1265 5903 domuerunt.
1310 5846 1568 5904 Universa
1614 5855 1794 5903 tamen
1832 5860 2017 5906 secum

2126 4737 2226 4792 bus
2247 4775 2260 4799 ,
2289 4733 2443 4803 quasi
2481 4745 2639 4786 uuam
2680 4731 2911 4785 animam
2945 4730 2999 4784 in
3030 4744 3124 4785 sua
3167 4727 3445 4784 affectione
3471 4727 3716 4798 collegit.

2126 4825 2199 4881 lbi
2232 4824 2479 4890 biennio,
2526 4835 2586 4876 se
2624 4822 2743 4889 ipso
2790 4821 2985 4891 patior,
3029 4820 3209 4875 mundi
3250 4820 3401 4875 istius
3437 4818 3714 4874 sarcinam

2121 4921 2430 4989 deponens,
2472 4916 2643 4971 victor
2682 4914 2994 4970 insidiarum
3032 4929 3162 4985 quas
3201 4913 3403 4984 antiqui
3442 4916 3717 4983 serpentis

2121 5024 2271 5083 parat
2300 5012 2527 5076 astutia,
2557 5007 2697 5063 diem
2730 5018 2970 5062 nostrum
2998 5016 3053 5063 et
3082 5007 3254 5063 lucem
3287 5007 3569 5078 praesentis
3601 5023 3715 5061 sa:-

2119 5108 2225 5163 euli
2267 5105 2508 5176 perpetui
2556 5104 2771 5161 luminis
2817 5103 3102 5172 adeptione
3130 5103 3499 5157 commutavit.
3530 5100 3715 5156 Taceo

2120 5202 2349 5271 qualiter
2377 5203 2541 5257 vitam
2572 5203 2739 5273 ipsius
2766 5200 2954 5256 mortis
2985 5199 3250 5255 claritudo
3287 5200 3605 5269 signaverit.
3644 5215 3718 5254 ne

2119 5296 2363 5351 universa
2386 5295 2655 5367 digerens,
2681 5310 2787 5351 non
2811 5303 2917 5348 tam
2947 5295 3223 5349 veritatem
3254 5307 3521 5359 narrasse,
3546 5308 3715 5363 quam

2117 5389 2359 5458 praedicti
2395 5388 2638 5444 laudibus
2692 5386 2877 5442 videar
2914 5384 3251 5441 immoratus.
3296 5383 3470 5442 Veluti
3502 5385 3544 5437 si
3582 5384 3715 5453 quis

2119 5481 2385 5535 consitum
2432 5480 2609 5535 lucum
2663 5479 2932 5534 frondium
2981 5477 3244 5533 densitate
3290 5477 3581 5546 repererit;
3634 5491 3711 5530 ex

2119 5588 2228 5643 quo
2271 5586 2524 5628 coronam
2576 5571 2719 5627 ferro
2768 5572 3060 5640 stringente
3112 5569 3448 5639 subripiens,
3488 5566 3714 5637 genium

2119 5666 2300 5732 silvae,
2335 5666 2461 5721 dum
2495 5663 2767 5735 praesumit
2806 5679 3000 5734 parva,
3040 5678 3145 5718 non
3177 5670 3428 5727 amovet;
3462 5660 3713 5715 meliori-

2120 5758 2220 5814 bus
2244 5756 2490 5827 equidem
2519 5756 2587 5811 de
2619 5756 2834 5811 Antonii
2866 5756 3031 5811 nostri
3064 5755 3248 5820 factis,
3280 5770 3399 5825 quae
3428 5752 3563 5825 stylo
3591 5766 3713 5806 non

2123 5851 2303 5922 attigi,
2328 5849 2597 5905 narranda
2618 5849 2846 5907 servavi.
2877 5848 3071 5906 Vincar
3096 5848 3236 5909 forte
3258 5844 3573 5921 eloquentia:
3597 5843 3714 5901 tiu-
