3974 6366
276 338 383 396 2ιῦ

1631 342 2205 405 EUCHARISTICUM.

3445 344 3554 401 946

276 450 456 507 mine:
483 462 647 507 nemo
668 465 755 507 me
775 464 919 510 circa
939 452 1090 511 illum
1111 453 1383 524 superabit
1412 452 1627 510 affectu.
1662 455 1862 511 Habeat
1886 458 1943 523 Α
1966 458 2195 527 gratiam
2226 455 2367 519 beati
2404 456 2637 515 hominis
2668 473 2828 516 nemo
2852 460 3155 530 praeripiet,
3181 459 3268 530 qui
3291 460 3356 514 ad
3387 460 3554 528 expli-

275 542 363 613 qui
384 549 605 597 secutus
630 542 820 608 fuerit,
841 543 908 601 de
931 546 1134 613 peritiae
1158 559 1334 601 messe
1352 545 1669 614 iactantiam
1698 564 1709 598 :
1736 546 1865 601 mihi

1974 548 2145 603 cauda
2166 548 2283 616 ejus
2306 549 2446 604 bona
2477 552 2678 619 primus
2705 554 2925 609 accessi.

3310 680 3558 703 ﬂ

1222 762 1964 849 OPUSCULUM
2041 766 2649 875 QUINTUM.

1370 905 1385 934 ¹
1414 908 2016 971 ευοωιετιαυη
2039 911 2139 961 DE
2170 912 2345 963 νιτΑ
2373 913 2531 965 ΒυΔ.

346 1065 401 1121 1η
434 1066 654 1121 nomine
686 1063 858 1119 Patris
885 1070 938 1120 ct
964 1060 1082 1118 Filii
1119 1070 1173 1117 et
1200 1059 1430 1133 Spiritus
1455 1063 1647 1118 sancti.

344 1157 636 1217 Oraculum
690 1163 776 1212 est
816 1153 1160 1212 scientissimi
1208 1154 1447 1210 doctoris
1490 1152 1729 1225 gentium
1781 1142 1870 1227 (ff

278 1251 390 1309 Cor.
422 1269 517 1321 xu,
548 1252 606 1324 9)
644 1249 787 1323 quod
820 1251 993 1321 pariat
1022 1250 1308 1306 infirmitas
1336 1262 1517 1306 nostra
1550 1252 1870 1321 potentiam,

275 1355 328 1402 et
354 1346 494 1417 quod
527 1356 747 1400 terrena
780 1343 1111 1399 contritione
1138 1343 1316 1398 anima
1346 1344 1683 1398 convalescat
1709 1359 1724 1397 :
1747 1357 1872 1398 cum

277 1439 443 1493 virtus
472 1454 592 1508 quae
642 1437 712 1493 de
758 1438 1053 1492 substantia
1097 1437 1274 1492 carnis
1320 1436 1557 1505 fluxerit,
1594 1446 1773 1492 currat
1802 1422 1883 1492 ad

276 1534 555 1603 spiritum;
606 1542 661 1588 et
705 1532 830 1588 dum
874 1533 1207 1588 labefactatio
1244 1542 1428 1589 nostra
1466 1534 1739 1588 ccclestem
1768 1533 1868 1590 ho-

278 1625 501 1689 minem,
535 1633 587 1678 et
613 1622 666 1679 in
693 1624 878 1705 divina
906 1625 1187 1680 locandum
1217 1640 1341 1681 arce
1366 1627 1638 1696 componit
1670 1624 1737 1681 ad
1762 1625 1873 1681 fru-

1978 1071 2243 1129 dcliniunt
2275 1074 2458 1143 verba,
2509 1074 2602 1127 sed
2650 1074 2851 1145 puritas
2889 1091 2903 1128 :
2937 1082 2991 1129 tu
3038 1074 3175 1145 apud
3216 1093 3372 1147 quem
3419 1097 3562 1153 saepe

1979 1170 2112 1223 muti
2142 1169 2434 1242 loquimur,
2468 1177 2521 1223 et
2564 1166 2860 1224 clamantes
2892 1177 3148 1224 tacemus.
3202 1172 3292 1227 Sic
3320 1173 3444 1229 dum
3478 1194 3563 1233 me

1975 1262 2402 1319 concinnatinnis
2449 1260 2732 1332 superfluae
2782 1262 2835 1318 in
2892 1262 3177 1320 rhetoricis
3237 1274 3293 1321 et
3342 1269 3563 1337 poeticis

1977 1355 2185 1426 campis
2212 1355 2363 1425 lepos
2388 1355 2636 1426 agitaret,
2670 1369 2697 1407 a
2731 1370 2854 1409 vera
2887 1354 3145 1425 sapientia
3176 1359 3451 1413 mentitam
3479 1378 3564 1416 se-

1976 1460 2135 1506 cutus
2164 1444 2564 1518 abscesseram,
2617 1446 2751 1505 nihil
2794 1449 2934 1504 aliud
2983 1452 3223 1520 cupiens,
3272 1454 3372 1507 nisi
3419 1454 3565 1510 auris

1970 1559 2129 1621 vanae
2176 1541 2509 1599 laudationes
2555 1544 2830 1614 aucupari.
2881 1543 3011 1600 Erat
3038 1544 3225 1599 orandi
3261 1544 3563 1615 fastidium,

1978 1634 2105 1691 dum
2146 1636 2429 1703 perorandi
2478 1637 2702 1692 tenebar
2737 1636 3029 1705 cupiditate
3074 1639 3319 1693 mercari.
3375 1637 3569 1696 Infelix

278 1732 399 1787 gem
435 1717 689 1788 spiritus;
726 1717 771 1773 si
810 1716 1023 1799 quando
1052 1718 1168 1773 sine
1197 1716 1403 1773 cultura
1433 1726 1523 1772 aut
1548 1733 1720 1774 messe
1748 1727 1876 1775 sunt
1904 1789 1948 1799 _
1979 1742 2079 1798 ego
2128 1726 2316 1782 homo!
2366 1727 2485 1799 quis
2538 1744 2625 1782 me
2669 1738 2946 1799 separaret
2989 1728 3054 1783 de
3101 1744 3327 1799 corpore
3376 1732 3569 1789 mortis

285 1823 535 1880 corpora,
578 1808 731 1864 dulce
761 1817 865 1877 est,
910 1818 965 1865 et
993 1794 1112 1864 cum
1155 1810 1447 1865 accesserit
1495 1810 1711 1882 propter
1737 1816 1872 1883 attg-
1904 1789 1954 1853 Β
1982 1789 2139 1888 hujus
2171 1817 2349 1888 (Rom.
2382 1789 2487 1874 vn.
2518 1816 2647 1888 24)?
2676 1789 2846 1889 gratia
2881 1818 2993 1887 Dei,
3028 1789 3360 1877 medicabilis
3390 1824 3569 1881 morbi

286 1911 469 1957 menta
502 1902 779 1957 diminutio
805 1919 818 1955 :
849 1900 914 1957 ad
943 1900 1159 1958 divitem
1188 1903 1278 1958 Dei
1304 1905 1527 1975 gratiam
1562 1908 1873 1976 pervenitur

275 1993 457 2065 jejuna
477 2004 534 2050 et
550 1995 717 2050 sterili
744 2003 1057 2067 paupertate
1084 1996 1465 2051 membrorum.
1493 1996 1634 2068 Ergo
1658 1999 1752 2053 tibi
1777 1998 1872 2054 de-

280 2084 433 2141 betur
463 2094 588 2155 post
616 2085 805 2152 Deum,
832 2085 1169 2141 imbecillitas
1194 2096 1397 2151 nostra,
1424 2088 1564 2156 quod
1596 2089 1662 2145 de
1688 2105 1869 2147 rerum

281 2175 594 2232 sublimium
625 2176 908 2233 affectione
936 2177 1285 2233 surreximus.
1323 2178 1511 2233 Vativa
1541 2178 1705 2235 febris
1733 2195 1869 2237 mea:

278 2266 597 2336 necessitas,
630 2280 680 2324 et
713 2269 923 2325 exustio
962 2270 1335 2339 amplectenda
1365 2272 1743 2338 medullarum,
1776 2272 1870 2329 de-

278 2362 471 2417 derunt
518 2357 659 2417 mihi
688 2370 741 2418 et
780 2362 968 2418 timere
996 2361 1162 2418 Deum
1208 2362 1278 2419 de
1306 2364 1538 2421 abitione
1575 2340 1866 2435 sbspitatis,

277 2461 329 2510 et
348 2453 403 2510 in
430 2455 555 2525 ipso
578 2454 811 2526 gaudere
837 2456 904 2512 de
924 2454 1117 2511 reditu.
1151 2454 1385 2511 Lzetatur
1410 2472 1548 2512 nunc
1575 2457 1627 2512 in
1650 2468 1869 2515 auctore

276 2554 462 2604 nostro
491 2546 696 2602 mentis
723 2547 924 2601 sanitas
950 2555 1231 2616 procurata
1262 2548 1626 2619 languoribus.
1656 2547 1756 2604 Ubi
1786 2558 1869 2605 est

278 2638 534 2708 superbia
562 2638 757 2694 divinae
787 2638 977 2694 salutis
1005 2638 1231 2709 quaesita
1263 2638 1531 2694 ludibrio?
1560 2640 1650 2696 ubi
1682 2656 1867 2712 super-

275 2732 477 2798 cilium,
514 2746 614 2803 per
641 2731 783 2803 quod
811 2733 1050 2788 omnium
1092 2747 1287 2789 munus
1315 2733 1574 2789 credebas
1606 2749 1723 2791 esse
1750 2751 1866 2793 rem

274 2824 585 2897 propriam?
611 2822 855 2899 Repente
878 2825 1116 2881 deseruit
1140 2834 1191 2881 te
1214 2826 1512 2881 constantia
1537 2826 1745 2884 roboris
1768 2831 1863 2899 tui,

273 2926 327 2974 et
350 2914 692 2988 :egritudinis
720 2918 959 2988 subjecta
1007 2916 1334 2989 ponderibus
1372 2918 1502 2974 elisa
1534 2920 1745 2976 cervice
1778 2922 1863 2990 ja-

272 3006 431 3064 cuisti
464 3027 477 3062 :
505 3020 784 3079 postquam
810 3008 945 3080 fugit
972 3010 1304 3081 prosperitas
1336 3017 1446 3077 tua,
1490 3025 1668 3067 seram
1695 3011 1867 3068 medi-

273 3108 378 3156 tata
395 3100 800 3172 paenitentiam,
818 3102 959 3174 quod
979 3106 1364 3173 praevalueras,
1384 3100 1482 3158 Dei
1508 3104 1676 3160 nostri
1698 3104 1864 3161 fuisse

270 3168 573 3265 cognoscis.
606 3168 819 3250 Gratias
835 3168 1120 3264 tibiicmli
1159 3168 1467 3250 moderator
1501 3203 1556 3251 et
1593 3197 1860 3265 conditor,
1892 3168 1939 3234 Ο

272 3288 360 3358 qui
384 3288 795 3361 dispensatione
823 3288 1026 3355 subtili,
1056 3297 1112 3344 et
1142 3288 1365 3344 occultis
1396 3289 1685 3345 miserendi
1710 3291 1865 3347 itine-

274 3379 438 3448 ribus,
469 3381 591 3437 vias
618 3389 830 3437 nostras
869 3381 1016 3437 etde
1040 3380 1327 3437 afflictione
1355 3381 1656 3451 componis,
1706 3393 1761 3440 et
1796 3382 1865 3439 ad

274 3473 533 3531 virtutem
563 3473 853 3545 perfectam
902 3475 987 3543 pia
1018 3472 1344 3529 laceratione
1372 3489 1468 3543 nos
1499 3490 1739 3546 reparas.
1781 3476 1865 3533 Ad

271 3566 603 3622 medicinam
634 3574 778 3622 tuam
808 3566 1012 3633 venire,
1049 3565 1149 3621 nisi
1180 3564 1436 3636 suffragio
1466 3568 1720 3636 vulneris,
1756 3584 1864 3624 non

271 3662 515 3718 valemus
538 3677 554 3716 ε
574 3677 695 3718 cum
721 3660 972 3717 duritiam
998 3658 1179 3716 cordis
1207 3661 1569 3716 assuescimus
1591 3672 1643 3717 te
1671 3677 1865 3732 percu-

271 3756 436 3812 tiente
451 3754 689 3823 mollire,
708 3762 761 3812 et
785 3756 1181 3826 suggestionem
1203 3763 1429 3810 terrena:
1448 3754 1671 3811 vilitatis
1692 3755 1863 3812 nobili

270 3858 324 3906 et
349 3850 670 3906 dulcissima
699 3847 1067 3904 mdiestiarum
1100 3856 1404 3902 nostrarum
1432 3849 1681 3916 passione
1717 3862 1867 3903 com-

272 3941 529 4011 primere.
573 3939 710 3995 Ecce
740 3947 838 4010 ego
866 3938 980 4004 ille,
1032 3937 1125 4011 qui
1171 3939 1226 3994 in
1276 3938 1492 4009 longum
1527 3937 1683 3994 ducta
1732 3938 1865 3993 mihi

271 4031 559 4088 alacritate
581 4030 930 4101 plaudebam;
962 4044 1066 4100 qua
1092 4029 1216 4086 dum
1234 4032 1439 4102 perpeti
1460 4030 1686 4101 fruerer,
1710 4029 1864 4103 quasi

270 4125 419 4182 nulla
461 4124 870 4181 intermissione
916 4124 1236 4192 solveretur,
1287 4124 1593 4194 qumrebam
1636 4125 1869 4195 qualiter

272 4218 479 4287 peccati
501 4216 827 4288 stipendium
860 4230 1006 4272 mors
1033 4216 1262 4272 veniret.
1288 4215 1424 4271 Nam
1459 4216 1696 4273 elevatus
1726 4217 1868 4270 insa-

275 4314 356 4367 nis
380 4311 745 4377 successibus,
797 4319 1073 4381 poetarum
1103 4323 1189 4365 me
1230 4311 1401 4379 gregi,
1450 4310 1668 4381 ignarus
1698 4323 1863 4364 vene‘

276 4404 454 4460 randa'.
487 4400 863 4474 professionis,
893 4402 1197 4458 indideram
1224 4418 1238 4457 :
1267 4401 1603 4457 delectabant
1624 4401 1864 4458 carmina

276 4494 555 4567 quadratis
603 4494 863 4551 fabricata
913 4492 1217 4564 particulis,
1279 4502 1334 4549 et
1380 4492 1622 4550 ordinata
1670 4494 1862 4565 pedum

1976 1924 2234 1965 concessa
2281 1908 2606 1964 ministerio.
2658 1904 2790 1964 Nam
2838 1925 2963 1966 ecce
3012 1919 3236 1982 repente
3284 1913 3349 1967 ad
3380 1914 3569 1971 sedem

1969 2006 2166 2058 anima:
2191 1998 2528 2059 formidantis
2558 2001 2714 2058 dolor
2742 2004 3039 2074 ingressus,
3072 2012 3124 2058 et
3148 2014 3353 2060 secreta
3384 2007 3568 2063 cordis

1974 2092 2157 2149 hostili
2186 2094 2333 2163 pavit
2364 2092 2647 2149 incendio:
2685 2104 2810 2147 tunc
2850 2093 3109 2163 quidquid
3142 2094 3304 2150 homo
3332 2106 3417 2152 est
3448 2097 3567 2169 jugi

1924 2239 1945 2256 ,ι
1972 2184 2394 2240 consenescebat
2420 2184 2636 2252 ardore,
2670 2192 2724 2238 et
2754 2199 2849 2254 per
2873 2180 3049 2239 aditus
3088 2186 3358 2241 naturales
3389 2189 3566 2243 coctio

1972 2290 2033 2332 se
2060 2274 2269 2330 interna
2300 2274 2598 2331 reserabat.
2632 2273 2763 2329 Nam
2792 2260 2917 2329 dum
2949 2290 2980 2329 e
3010 2275 3230 2331 latebris
3255 2278 3365 2333 suis
3396 2280 3566 2347 pelle-

1973 2375 2126 2421 retur
2157 2365 2463 2435 arrogantia
2482 2407 2497 2432 ,
2529 2366 2773 2435 quamvis
2802 2366 2979 2421 adhuc
3009 2366 3182 2438 aliqua
3213 2366 3280 2423 de
3309 2368 3567 2437 supersti-

1973 2463 2133 2527 tioso,
2164 2468 2347 2516 tamen
2386 2458 2497 2530 jam
2529 2458 2595 2515 de
2638 2458 2932 2530 superstite
2973 2461 3105 2514 nihil
3138 2459 3420 2515 habebam.
3453 2461 3567 2516 iioc

1970 2554 2144 2610 solum
2172 2560 2511 2610 remanserat
2536 2550 2605 2607 de
2629 2550 2955 2606 conscientia
2983 2549 3233 2614 viventis,
3263 2552 3405 2621 quod
3428 2566 3455 2605 a
3487 2558 3563 2617 te,

1973 2650 2115 2707 Deus
2156 2662 2329 2714 meus,
2374 2648 2553 2705 sanari
2594 2661 2681 2701 me
2712 2660 2871 2715 posse
2910 2644 3277 2712 conlidebam,
3310 2659 3467 2714 quem
3497 2643 3568 2701 ad

1970 2738 2386 2795 commotionem
2416 2750 2603 2793 errore
2638 2736 3017 2807 perduxeram.
3047 2735 3155 2792 Nec
3184 2746 3365 2793 tamen
3391 2747 3567 2792 vasta-

1969 2833 2075 2889 trix
2104 2833 2195 2888 illa
2220 2842 2271 2887 et
2294 2829 2546 2902 magistra
2576 2828 2743 2899 pestis
2771 2828 2998 2892 latebat,
3021 2828 3291 2883 viscerum
3317 2826 3561 2883 immissa

1969 2926 2316 2982 conclavibus
2342 2942 2356 2978 :
2382 2938 2482 2979 nec
2504 2930 2752 2977 contenta
2781 2921 3069 2983 velamine,
3092 2929 3263 2975 totum
3287 2935 3374 2975 me
3402 2920 3566 2977 luridi

1968 3018 2169 3075 coloris
2198 3014 2339 3072 nube
2381 3017 2667 3080 vestierat;
2698 3019 2755 3067 ut
2786 3011 3043 3083 quidquid
3084 3010 3137 3065 in
3181 3013 3395 3067 caeteris
3436 3025 3563 3081 pas-

1970 3109 2210 3165 sionibus
2237 3107 2567 3164 medicorum
2588 3104 2844 3176 qureritur
2869 3101 3073 3179 digitis,
3101 3101 3204 3158 hoc
3228 3102 3563 3172 propositum

1971 3215 2069 3271 pro
2097 3199 2444 3270 correptione
2472 3195 2554 3252 sui
2589 3196 2780 3267 vulgus
2814 3192 3045 3250 videret.
3074 3193 3280 3251 Urebat
3320 3204 3565 3250 amantes

1972 3292 2076 3347 mei
2111 3293 2263 3359 longa
2303 3289 2605 3353 calamitas;
2639 3287 2829 3341 urebat
2864 3285 3151 3340 inimicos:
3186 3286 3323 3341 alios
3362 3283 3565 3356 despe-

1970 3386 2109 3440 ratio
2157 3383 2332 3438 obitus
2376 3380 2511 3445 mei,
2550 3379 2683 3434 alios
2731 3377 2959 3448 angebat
2997 3376 3280 3443 instantia,
3306 3391 3561 3456 concors

1969 3486 2087 3533 erat
2132 3474 2364 3531 civitatis
2412 3474 2464 3527 in
2501 3471 2661 3526 studii
2702 3469 2970 3527 divisione
3011 3470 3300 3525 sententia.
3352 3468 3565 3523 interea

1970 3584 2058 3627 me
2085 3568 2219 3624 edax
2272 3567 2410 3637 ignis
2442 3563 2656 3619 interno
2689 3561 2929 3617 vastabat
2974 3559 3178 3629 officio,
3212 3569 3266 3616 et
3293 3562 3563 3615 continuis

1970 3660 2273 3716 curantium
2326 3654 2664 3713 nutriebatur
2711 3652 2924 3708 studiis.
2970 3650 3102 3707 Nam
3148 3650 3302 3722 quasi
3343 3651 3562 3707 morbos

1970 3753 2169 3819 aleret,
2209 3750 2282 3805 ita
2318 3746 2577 3821 quidquid
2609 3753 2796 3801 contra
2833 3745 2979 3813 ipsos
3026 3742 3429 3812 providebatur,
3475 3755 3561 3795 ac-

1970 3843 2158 3900 cessit.
2190 3843 2340 3898 Tunc
2369 3840 2455 3893 illa
2486 3836 2759 3892 saecularis
2790 3848 3000 3903 pompae
3039 3832 3398 3902 philosOphia,
3428 3833 3558 3901 Hip-

1973 3934 2209 4007 pocratis
2243 3940 2297 3987 et
2334 3928 2525 3987 Galeni
2552 3926 2783 3983 contrita
2824 3923 3097 3990 subsidiis,
3132 3923 3199 3977 ad
3233 3923 3561 3993 adiutorium

1976 4028 2134 4084 ﬁdele
2160 4041 2221 4082 se
2244 4021 2540 4088 transtulit,
2567 4017 2855 4090 aliquando
2883 4014 3122 4073 sentiens
3144 4016 3323 4069 mundi
3356 4013 3556 4069 blandi-

1974 4128 2154 4178 menta
2204 4128 2532 4177 vanescere,
2578 4119 2635 4167 et
2679 4109 2929 4166 humanis
2977 4106 3249 4162 hominem
3300 4104 3563 4175 prasidiis

1972 4228 2081 4269 non
2110 4211 2303 4282 juvari.
2333 4207 2450 4264 Jam
2482 4204 2713 4261 duorum
2758 4201 2930 4257 ferme
2971 4198 3237 4254 mensium
3276 4192 3563 4252 curriculis

1970 4307 2139 4364 cladis
2179 4305 2335 4375 hujus
2361 4317 2449 4358 me
2488 4300 2589 4356 sibi
2633 4311 2885 4368 pressura
2933 4295 3279 4351 submiserat.
3311 4293 3429 4348 Jam
3476 4308 3560 4348 re-

1970 4398 2133 4455 medii
2162 4399 2280 4452 vice
2310 4392 2587 4451 transitum
2618 4389 2994 4461 praestolabar,
3027 4394 3083 4441 et
3122 4386 3253 4439 nihil
3297 4398 3461 4439 suave
3489 4385 3561 4439 de

1970 4506 2129 4548 usura
2146 4490 2283 4545 lucis
2304 4487 2455 4543 istius
2473 4483 2737 4548 recolens,
2756 4482 3081 4551 abrumpere
3096 4490 3296 4543 moras,
3317 4478 3420 4533 etsi
3434 4491 3562 4533 cum

274 4563 535 4645 varietate
562 4586 810 4645 solidata.
863 4587 1187 4659 Angelorum
1215 4586 1393 4643 choris
1423 4602 1510 4644 me
1540 4563 1740 4644 fluxum
1771 4599 1864 4646 aut
1889 4563 1946 4626 Ῑ)
1968 4582 2173 4656 peccati
2196 4582 2369 4637 iturus
2384 4574 2835 4647 fascecupiebam.
2854 4572 3148 4643 Expendite
3164 4570 3407 4640 legentes
3440 4584 3563 4639 quas

274 4690 525 4737 tenerum
557 4694 750 4751 poema
781 4678 1043 4737 miscebat
1084 4696 1100 4734 :
1130 4684 1183 4735 et
1210 4678 1257 4735 si
1285 4680 1572 4747 evenisset,
1604 4690 1661 4736 ut
1686 4696 1862 4739 essem

271 4774 549 4830 clarorum
578 4786 834 4828 versuum
864 4781 1075 4827 servata
1117 4771 1237 4843 iege
1278 4771 1554 4839 formator,
1584 4774 1687 4830 sub
1710 4769 1868 4844 pedi-

272 4868 378 4925 bus
398 4869 535 4924 meis
559 4866 878 4937 subjectum,
898 4862 1157 4935 quidquid
1176 4864 1302 4921 ctnli
1321 4866 1515 4936 tegitur
1529 4879 1656 4932 axe,
1674 4881 1865 4923 cerne-

272 4962 423 5018 bam.
456 4959 697 5029 Ineptum
725 4958 817 5015 diu
861 4957 1123 5014 volutavit
1144 4957 1254 5013 vita
1302 4956 1564 5024 mortalis,
1608 4965 1664 5013 et
1713 4966 1865 5015 certa

270 5053 622 5109 miseriarum
650 5051 871 5107 caecitas
902 5049 971 5106 de
991 5050 1126 5107 falsa
1152 5048 1368 5107 dicendi
1398 5047 1648 5105 felicitate
1676 5064 1867 5119 perex-

271 5147 420 5201 tulit.
468 5144 730 5215 Quotiens
776 5142 1185 5199 acclamantium
1231 5140 1449 5197 ﬂatibus
1487 5148 1703 5209 propter
1744 5141 1869 5195 reli-

271 5241 495 5310 gionem
525 5246 710 5294 vertex
736 5237 967 5292 nudatus
995 5234 1269 5302 intumuit,
1314 5239 1371 5290 et
1413 5229 1759 5287 mendacibus
1784 5230 1863 5286 la-

274 5331 491 5385 biorum
518 5329 673 5384 lusus
694 5328 985 5392 illecebris,
1015 5323 1246 5387 credidit
1283 5336 1520 5381 amorem
1547 5319 1633 5378 sui
1660 5320 1869 5378 haben-

274 5424 414 5479 tium
444 5421 755 5493 pectoribus
798 5419 1086 5489 imperari?
1134 5416 1215 5473 Tu
1264 5425 1441 5472 autem
1488 5415 1578 5485 qui
1620 5414 1683 5469 in
1714 5414 1871 5470 cmlis

275 5518 514 5583 habitas,
562 5514 826 5579 irridebas
868 5529 955 5572 me
1003 5511 1177 5585 (Ptol.
1215 5526 1274 5579 ιι,
1320 5510 1418 5581 4):
1450 5518 1506 5566 tu
1554 5523 1713 5580 quem
1760 5522 1869 5563 non

355 5636 373 5667 ³
411 5627 1151 5702 EueharisticumjLiberatus
1175 5627 1323 5702 gravi
1351 5624 1539 5681 morbo
1565 5621 1867 5702 ljlnnodius,

276 5706 482 5779 gratias
511 5704 647 5779 Deo2
681 5710 792 5755 tum
830 5695 901 5779 :de
930 5699 1135 5754 reddita
1179 5695 1376 5779 salute,
1409 5706 1521 5779 tum
1561 5696 1628 5779 de
1654 5695 1867 5779 caeteris

278 5766 407 5849 quae
452 5778 504 5849 in
549 5766 757 5849 reliqua
792 5774 901 5826 vita
947 5779 1233 5849 acceperat
1275 5767 1572 5849 beneficiis,
1613 5767 1716 5848 hoc
1758 5766 1874 5849 egit

282 5834 705 5920 opusculomu'i
740 5860 862 5903 cum
906 5834 1327 5913 auspigrapbum
1373 5845 1547 5906 esset,
1583 5838 1681 5894 uisi
1730 5834 1873 5906 quod

1934 4706 1947 4716 ι
1969 4675 2057 4730 hic
2082 4671 2307 4745 ﬂagella,
2337 4684 2457 4742 quae
2488 4674 2753 4723 tormenta
2780 4679 2867 4720 me
2895 4663 3219 4718 manserint:
3249 4668 3311 4716 ut
3348 4661 3562 4731 suppli-

1966 4767 2172 4824 ciorum
2198 4762 2538 4834 praesentium
2564 4767 2711 4814 metu
2730 4757 2992 4827 gehennae
3014 4769 3205 4825 paruas
3220 4763 3557 4823 expeterem,

1968 4866 2026 4917 et
2053 4867 2115 4914 ut
2141 4858 2206 4912 ad
2235 4856 2326 4911 illa
2364 4851 2679 4908 immortalis
2707 4849 2902 4905 camini
2944 4856 2998 4903 et
3031 4847 3207 4903 dirum
3252 4845 3556 4901 anhelantis

1972 4952 2181 5025 piacula
2228 4948 2559 5004 festinarem.
2590 4943 2697 5000 Sed
2742 4955 2851 4997 non
2889 4939 3059 4995 defuit
3101 4937 3233 4994 mibi
3271 4938 3556 5001 Dominus,

1969 5046 2060 5119 qui
2088 5044 2362 5113 morti/ient
2386 5050 2437 5097 et
2462 5039 2712 5109 viritim,
2738 5035 2945 5091 deducit
2971 5033 3041 5086 ad
3068 5033 3263 5101 inferos
3289 5039 3337 5083 et
3361 5029 3559 5084 reducit

1968 5138 2025 5214 (I
2047 5137 2176 5210 Reg.
2202 5150 2237 5190 tt
2257 5176 2271 5202 ,
2297 5134 2374 5204 ὕ),
2400 5133 2687 5203 majestate
2704 5143 2799 5185 sua
2827 5122 2937 5194 ille,
2965 5125 3119 5194 cujus
3139 5133 3223 5179 est
3247 5120 3554 5214 promissio.

1968 5212 2160 5287 Adhuc
2187 5227 2349 5283 verba
2379 5224 2558 5280 iu'ore
2596 5231 2708 5288 tuo,
2739 5219 2806 5274 Et
2836 5233 2947 5273 ecce
2975 5217 3191 5281 adsum,
3223 5214 3345 5267 dicit
3380 5212 3558 5265 Domi-

1967 5340 2067 5379 rtus
2107 5319 2263 5393 (Issi.
2303 5334 2403 5384 us,
2430 5317 2486 5386 6,
2515 5326 2561 5373 et
2590 5330 2737 5383 um,
2761 5310 2853 5381 9).
2893 5309 3025 5366 Nan
3062 5323 3183 5364 cum
3213 5318 3353 5360 unus
3397 5316 3457 5356 se
3491 5316 3560 5356 ex

1938 5476 1949 5488 ,
1973 5418 2057 5471 his
2079 5415 2170 5486 qui
2197 5413 2507 5469 assidebam
2532 5408 2661 5464 mihi
2677 5447 2697 5475 ,
2715 5415 2772 5461 et
2788 5419 2883 5475 per
2911 5402 3151 5471 singulos
3171 5393 3560 5488 diesditabant

1974 5485 2393 5579 inaequalitatem
2422 5516 2595 5559 meam
2620 5495 2903 5568 dispendio
2933 5491 3259 5551 facultatum,
3293 5485 3557 5541 lassatum

1976 5620 2033 5675 in
2065 5634 2170 5673 uno
2199 5617 2388 5673 codice
2420 5613 2621 5668 Relatio
2645 5623 2825 5664 cursus
2855 5606 2973 5675 ait;
2996 5614 3119 5675 suis
3139 5597 3557 5675 inscribebatur,

1980 5669 2337 5747 ἔαξίᾶτίᾆῦξί
2360 5698 2560 5739 nomen
2581 5678 2891 5739 iudidimua,
2915 5671 3123 5747 Paulini
3148 5669 3559 5747 Burdegalensis

1980 5741 2386 5829 aeneam:
2436 5755 2677 5823 ejusdem
2717 5744 3021 5814 argumenti
3063 5756 3127 5800 ac
3168 5741 3307 5798 tituli
3336 5754 3559 5797 carmen

1980 5832 2298 5903 composuit.
