  <div class='ocr_page' id='page_1' title='image "/cluster/home/n/w/nwhite01/storage/ocr_20150623/63/hvd.32044015469307/129.png"; bbox 0 0 3974 6366; ppageno 0'>
   <div class='ocr_carea' id='block_1_1' title="bbox 400 341 512 406">
    <p class='ocr_par' dir='ltr' id='par_1_1' title="bbox 400 341 512 406">
     <span class='ocr_line' id='line_1_1' title="bbox 400 341 512 406; baseline -0.027 0"><span class='ocrx_word' id='word_1_1' title='bbox 400 341 512 406; x_wconf 72' lang='grc'><strong>247</strong></span> 
     </span>
    </p>
   </div>
   <div class='ocr_carea' id='block_1_2' title="bbox 1513 340 2550 405">
    <p class='ocr_par' dir='ltr' id='par_1_2' title="bbox 1513 340 2550 405">
     <span class='ocr_line' id='line_1_2' title="bbox 1513 340 2550 405; baseline 0 -3"><span class='ocrx_word' id='word_1_2' title='bbox 1513 340 1796 405; x_wconf 82' lang='lat' dir='ltr'><strong>ENNO’DII-</strong></span> <span class='ocrx_word' id='word_1_3' title='bbox 1812 342 2127 405; x_wconf 67' lang='grc' dir='ltr'><strong>ΕΡΙΒϐσΡῐ</strong></span> <span class='ocrx_word' id='word_1_4' title='bbox 2164 342 2550 403; x_wconf 81' lang='lat' dir='ltr'><strong>TICINENSIS</strong></span> 
     </span>
    </p>
   </div>
   <div class='ocr_carea' id='block_1_3' title="bbox 3562 342 3673 402">
    <p class='ocr_par' dir='ltr' id='par_1_3' title="bbox 3562 342 3673 402">
     <span class='ocr_line' id='line_1_3' title="bbox 3562 342 3673 402; baseline 0.018 -3"><span class='ocrx_word' id='word_1_5' title='bbox 3562 342 3673 402; x_wconf 66' lang='lat'><strong>248</strong></span> 
     </span>
    </p>
   </div>
   <div class='ocr_carea' id='block_1_4' title="bbox 401 457 3684 534">
    <p class='ocr_par' dir='ltr' id='par_1_4' title="bbox 401 457 3684 534">
     <span class='ocr_line' id='line_1_4' title="bbox 401 457 3684 534; baseline -0.002 -14"><span class='ocrx_word' id='word_1_6' title='bbox 401 478 468 520; x_wconf 89' lang='lat' dir='ltr'><strong>se</strong></span> <span class='ocrx_word' id='word_1_7' title='bbox 513 461 680 519; x_wconf 88' lang='lat' dir='ltr'><strong>fuisse</strong></span> <span class='ocrx_word' id='word_1_8' title='bbox 728 469 1030 527; x_wconf 70' lang='lat' dir='ltr'><strong>testaretur,</strong></span> <span class='ocrx_word' id='word_1_9' title='bbox 1085 473 1183 515; x_wconf 89' lang='lat' dir='ltr'><strong>nec</strong></span> <span class='ocrx_word' id='word_1_10' title='bbox 1223 459 1424 530; x_wconf 91' lang='lat' dir='ltr'><strong>aliquid</strong></span> <span class='ocrx_word' id='word_1_11' title='bbox 1470 463 1797 518; x_wconf 79' lang='lat' dir='ltr'><strong>remansisse</strong></span> <span class='ocrx_word' id='word_1_12' title='bbox 1849 461 1990 532; x_wconf 83' lang='lat' dir='ltr'><strong>quod</strong></span> <span class='ocrx_word' id='word_1_13' title='bbox 2019 461 2253 524; x_wconf 71' lang='lat' dir='ltr'><strong>Adendi</strong></span> <span class='ocrx_word' id='word_1_14' title='bbox 2284 464 2462 520; x_wconf 78' lang='lat' dir='ltr'><strong>aditus</strong></span> <span class='ocrx_word' id='word_1_15' title='bbox 2510 470 2736 534; x_wconf 75' lang='lat' dir='ltr'><strong>pateret.</strong></span> <span class='ocrx_word' id='word_1_16' title='bbox 2786 462 2926 517; x_wconf 88' lang='lat' dir='ltr'><strong>Deus</strong></span> <span class='ocrx_word' id='word_1_17' title='bbox 2972 473 3146 525; x_wconf 91' lang='lat' dir='ltr'><strong>meus,</strong></span> <span class='ocrx_word' id='word_1_18' title='bbox 3190 457 3494 530; x_wconf 79' lang='lat' dir='ltr'><strong>redemptio</strong></span> <span class='ocrx_word' id='word_1_19' title='bbox 3533 473 3684 529; x_wconf 86' lang='lat' dir='ltr'><strong>mea,</strong></span> 
     </span>
    </p>
   </div>
   <div class='ocr_carea' id='block_1_5' title="bbox 400 553 1990 624">
    <p class='ocr_par' dir='ltr' id='par_1_5' title="bbox 400 553 1990 624">
     <span class='ocr_line' id='line_1_5' title="bbox 400 553 1990 624; baseline -0.003 -11"><span class='ocrx_word' id='word_1_20' title='bbox 400 558 593 624; x_wconf 82' lang='lat' dir='ltr'><strong>ﬁeret;</strong></span> <span class='ocrx_word' id='word_1_21' title='bbox 631 558 774 611; x_wconf 87' lang='lat' dir='ltr'><strong>illico</strong></span> <span class='ocrx_word' id='word_1_22' title='bbox 804 557 930 610; x_wconf 87' lang='lat' dir='ltr'><strong>mihi</strong></span> <span class='ocrx_word' id='word_1_23' title='bbox 962 570 1110 624; x_wconf 90' lang='lat' dir='ltr'><strong>spem</strong></span> <span class='ocrx_word' id='word_1_24' title='bbox 1140 553 1265 609; x_wconf 68' lang='lat' dir='ltr'><strong>vitm</strong></span> <span class='ocrx_word' id='word_1_25' title='bbox 1291 555 1481 610; x_wconf 90' lang='lat' dir='ltr'><strong>detulit</strong></span> <span class='ocrx_word' id='word_1_26' title='bbox 1508 555 1813 624; x_wconf 80' lang='lat' dir='ltr'><strong>desperatio</strong></span> <span class='ocrx_word' id='word_1_27' title='bbox 1839 570 1990 610; x_wconf 89' lang='lat' dir='ltr'><strong>cura-</strong></span> 
     </span>
    </p>
   </div>
   <div class='ocr_carea' id='block_1_6' title="bbox 400 647 1990 717">
    <p class='ocr_par' dir='ltr' id='par_1_6' title="bbox 400 647 1990 717">
     <span class='ocr_line' id='line_1_6' title="bbox 400 647 1990 717; baseline -0.003 -12"><span class='ocrx_word' id='word_1_28' title='bbox 400 649 557 705; x_wconf 81' lang='lat' dir='ltr'><strong>toris.</strong></span> <span class='ocrx_word' id='word_1_29' title='bbox 591 650 721 703; x_wconf 87' lang='lat' dir='ltr'><strong>Nam</strong></span> <span class='ocrx_word' id='word_1_30' title='bbox 753 648 859 703; x_wconf 86' lang='lat' dir='ltr'><strong>illic</strong></span> <span class='ocrx_word' id='word_1_31' title='bbox 889 647 1217 717; x_wconf 85' lang='lat' dir='ltr'><strong>promptiora</strong></span> <span class='ocrx_word' id='word_1_32' title='bbox 1246 656 1373 702; x_wconf 87' lang='lat' dir='ltr'><strong>sunt</strong></span> <span class='ocrx_word' id='word_1_33' title='bbox 1393 647 1630 702; x_wconf 60' lang='lat' dir='ltr'><strong>caelestis</strong></span> <span class='ocrx_word' id='word_1_34' title='bbox 1656 647 1794 701; x_wconf 89' lang='lat' dir='ltr'><strong>bona</strong></span> <span class='ocrx_word' id='word_1_35' title='bbox 1834 649 1990 715; x_wconf 90' lang='lat' dir='ltr'><strong>juva-</strong></span> 
     </span>
    </p>
   </div>
   <div class='ocr_carea' id='block_1_7' title="bbox 396 728 1987 810">
    <p class='ocr_par' dir='ltr' id='par_1_7' title="bbox 396 728 1987 810">
     <span class='ocr_line' id='line_1_7' title="bbox 396 728 1987 810; baseline -0.003 -11"><span class='ocrx_word' id='word_1_36' title='bbox 396 728 593 807; x_wconf 78' lang='lat' dir='ltr'><strong>minis,</strong></span> <span class='ocrx_word' id='word_1_37' title='bbox 644 739 731 795; x_wconf 89' lang='lat' dir='ltr'><strong>ubi</strong></span> <span class='ocrx_word' id='word_1_38' title='bbox 770 754 829 793; x_wconf 92' lang='lat' dir='ltr'><strong>se</strong></span> <span class='ocrx_word' id='word_1_39' title='bbox 875 738 1240 795; x_wconf 83' lang='lat' dir='ltr'><strong>subtraxerint</strong></span> <span class='ocrx_word' id='word_1_40' title='bbox 1282 740 1539 810; x_wconf 89' lang='lat' dir='ltr'><strong>obsequia</strong></span> <span class='ocrx_word' id='word_1_41' title='bbox 1587 740 1816 795; x_wconf 87' lang='lat' dir='ltr'><strong>infausta</strong></span> <span class='ocrx_word' id='word_1_42' title='bbox 1871 740 1987 795; x_wconf 86' lang='lat' dir='ltr'><strong>lan-</strong></span> 
     </span>
    </p>
   </div>
   <div class='ocr_carea' id='block_1_8' title="bbox 400 822 1989 908">
    <p class='ocr_par' dir='ltr' id='par_1_8' title="bbox 400 822 1989 908">
     <span class='ocr_line' id='line_1_8' title="bbox 400 822 1989 908; baseline -0.002 -16"><span class='ocrx_word' id='word_1_43' title='bbox 400 836 705 908; x_wconf 86' lang='lat' dir='ltr'><strong>guentibus.</strong></span> <span class='ocrx_word' id='word_1_44' title='bbox 730 832 999 891; x_wconf 88' lang='lat' dir='ltr'><strong>Continuo</strong></span> <span class='ocrx_word' id='word_1_45' title='bbox 1027 850 1113 889; x_wconf 92' lang='lat' dir='ltr'><strong>me</strong></span> <span class='ocrx_word' id='word_1_46' title='bbox 1150 834 1215 889; x_wconf 90' lang='lat' dir='ltr'><strong>ad</strong></span> <span class='ocrx_word' id='word_1_47' title='bbox 1245 836 1259 865; x_wconf 83' lang='grc'>¹</span> <span class='ocrx_word' id='word_1_48' title='bbox 1289 822 1432 890; x_wconf 78' lang='lat' dir='ltr'><strong>beati</strong></span> <span class='ocrx_word' id='word_1_49' title='bbox 1468 834 1704 889; x_wconf 77' lang='lat' dir='ltr'><strong>Victoris</strong></span> <span class='ocrx_word' id='word_1_50' title='bbox 1736 835 1989 906; x_wconf 85' lang='lat' dir='ltr'><strong>martyris</strong></span> 
     </span>
    </p>
   </div>
   <div class='ocr_carea' id='block_1_9' title="bbox 396 920 1989 1004">
    <p class='ocr_par' dir='ltr' id='par_1_9' title="bbox 396 920 1989 1004">
     <span class='ocr_line' id='line_1_9' title="bbox 396 920 1989 1004; baseline -0.002 -21"><span class='ocrx_word' id='word_1_51' title='bbox 396 920 651 1004; x_wconf 61' lang='lat' dir='ltr'><strong>praesidia</strong></span> <span class='ocrx_word' id='word_1_52' title='bbox 683 942 826 997; x_wconf 81' lang='lat' dir='ltr'><strong>saepe</strong></span> <span class='ocrx_word' id='word_1_53' title='bbox 852 934 1079 997; x_wconf 87' lang='lat' dir='ltr'><strong>experta</strong></span> <span class='ocrx_word' id='word_1_54' title='bbox 1108 926 1375 981; x_wconf 90' lang='lat' dir='ltr'><strong>transvexi</strong></span> <span class='ocrx_word' id='word_1_55' title='bbox 1395 967 1409 991; x_wconf 89' lang='lat'><strong>,</strong></span> <span class='ocrx_word' id='word_1_56' title='bbox 1435 934 1489 981; x_wconf 89' lang='lat' dir='ltr'><strong>et</strong></span> <span class='ocrx_word' id='word_1_57' title='bbox 1516 941 1674 996; x_wconf 78' lang='lat' dir='ltr'><strong>Opem</strong></span> <span class='ocrx_word' id='word_1_58' title='bbox 1706 925 1989 981; x_wconf 83' lang='lat' dir='ltr'><strong>fortissimi</strong></span> 
     </span>
    </p>
   </div>
   <div class='ocr_carea' id='block_1_10' title="bbox 395 1019 1991 1094">
    <p class='ocr_par' dir='ltr' id='par_1_10' title="bbox 395 1019 1991 1094">
     <span class='ocr_line' id='line_1_10' title="bbox 395 1019 1991 1094; baseline -0.001 -17"><span class='ocrx_word' id='word_1_59' title='bbox 395 1029 677 1094; x_wconf 85' lang='lat' dir='ltr'><strong>precatus,</strong></span> <span class='ocrx_word' id='word_1_60' title='bbox 722 1021 834 1077; x_wconf 89' lang='lat' dir='ltr'><strong>Deo</strong></span> <span class='ocrx_word' id='word_1_61' title='bbox 879 1037 974 1092; x_wconf 89' lang='lat' dir='ltr'><strong>per</strong></span> <span class='ocrx_word' id='word_1_62' title='bbox 1023 1021 1197 1093; x_wconf 90' lang='lat' dir='ltr'><strong>ipsum</strong></span> <span class='ocrx_word' id='word_1_63' title='bbox 1241 1036 1363 1075; x_wconf 87' lang='lat' dir='ltr'><strong>cum</strong></span> <span class='ocrx_word' id='word_1_64' title='bbox 1411 1019 1665 1091; x_wconf 87' lang='lat' dir='ltr'><strong>lacrymis</strong></span> <span class='ocrx_word' id='word_1_65' title='bbox 1708 1019 1991 1091; x_wconf 89' lang='lat' dir='ltr'><strong>alleganda</strong></span> 
     </span>
    </p>
   </div>
   <div class='ocr_carea' id='block_1_11' title="bbox 354 1114 1991 1186">
    <p class='ocr_par' dir='ltr' id='par_1_11' title="bbox 354 1114 1991 1186">
     <span class='ocr_line' id='line_1_11' title="bbox 354 1114 1991 1186; baseline -0.002 -14"><span class='ocrx_word' id='word_1_66' title='bbox 354 1162 359 1163; x_wconf 39' lang='grc' dir='ltr'><em>κ</em></span> <span class='ocrx_word' id='word_1_67' title='bbox 396 1116 666 1172; x_wconf 86' lang='lat' dir='ltr'><strong>commisi.</strong></span> <span class='ocrx_word' id='word_1_68' title='bbox 716 1114 858 1172; x_wconf 80' lang='lat' dir='ltr'><strong>Satis</strong></span> <span class='ocrx_word' id='word_1_69' title='bbox 906 1131 1028 1171; x_wconf 92' lang='lat' dir='ltr'><strong>esse</strong></span> <span class='ocrx_word' id='word_1_70' title='bbox 1075 1115 1143 1170; x_wconf 91' lang='lat' dir='ltr'><strong>ad</strong></span> <span class='ocrx_word' id='word_1_71' title='bbox 1189 1115 1604 1186; x_wconf 85' lang='lat' dir='ltr'><strong>promerendam</strong></span> <span class='ocrx_word' id='word_1_72' title='bbox 1648 1115 1991 1170; x_wconf 90' lang='lat' dir='ltr'><strong>clementiam</strong></span> 
     </span>
    </p>
   </div>
   <div class='ocr_carea' id='block_1_12' title="bbox 395 1206 1994 1280">
    <p class='ocr_par' dir='ltr' id='par_1_12' title="bbox 395 1206 1994 1280">
     <span class='ocr_line' id='line_1_12' title="bbox 395 1206 1994 1280; baseline -0.003 -15"><span class='ocrx_word' id='word_1_73' title='bbox 395 1208 540 1280; x_wconf 82' lang='lat' dir='ltr'><strong>ejus,</strong></span> <span class='ocrx_word' id='word_1_74' title='bbox 581 1209 628 1262; x_wconf 89' lang='lat' dir='ltr'><strong>si</strong></span> <span class='ocrx_word' id='word_1_75' title='bbox 664 1222 882 1280; x_wconf 86' lang='lat' dir='ltr'><strong>semper</strong></span> <span class='ocrx_word' id='word_1_76' title='bbox 908 1218 1034 1264; x_wconf 89' lang='lat' dir='ltr'><strong>ante</strong></span> <span class='ocrx_word' id='word_1_77' title='bbox 1060 1207 1246 1276; x_wconf 84' lang='lat' dir='ltr'><strong>oculos</strong></span> <span class='ocrx_word' id='word_1_78' title='bbox 1276 1221 1403 1262; x_wconf 89' lang='lat' dir='ltr'><strong>suos</strong></span> <span class='ocrx_word' id='word_1_79' title='bbox 1433 1214 1666 1274; x_wconf 86' lang='lat' dir='ltr'><strong>statuat,</strong></span> <span class='ocrx_word' id='word_1_80' title='bbox 1708 1206 1853 1261; x_wconf 90' lang='lat' dir='ltr'><strong>unde</strong></span> <span class='ocrx_word' id='word_1_81' title='bbox 1894 1221 1994 1261; x_wconf 86' lang='lat' dir='ltr'><strong>nos</strong></span> 
     </span>
    </p>
   </div>
   <div class='ocr_carea' id='block_1_13' title="bbox 392 1297 1990 1372">
    <p class='ocr_par' dir='ltr' id='par_1_13' title="bbox 392 1297 1990 1372">
     <span class='ocr_line' id='line_1_13' title="bbox 392 1297 1990 1372; baseline -0.005 -13"><span class='ocrx_word' id='word_1_82' title='bbox 392 1302 721 1372; x_wconf 84' lang='lat' dir='ltr'><strong>sumpserit;</strong></span> <span class='ocrx_word' id='word_1_83' title='bbox 754 1317 853 1357; x_wconf 91' lang='lat' dir='ltr'><strong>nec</strong></span> <span class='ocrx_word' id='word_1_84' title='bbox 885 1301 1043 1357; x_wconf 79' lang='lat' dir='ltr'><strong>facile</strong></span> <span class='ocrx_word' id='word_1_85' title='bbox 1081 1299 1147 1355; x_wconf 92' lang='lat' dir='ltr'><strong>ad</strong></span> <span class='ocrx_word' id='word_1_86' title='bbox 1182 1299 1563 1356; x_wconf 73' lang='lat' dir='ltr'><strong>sublimitatem</strong></span> <span class='ocrx_word' id='word_1_87' title='bbox 1612 1297 1990 1353; x_wconf 86' lang='lat' dir='ltr'><strong>mandatorum</strong></span> 
     </span>
    </p>
   </div>
   <div class='ocr_carea' id='block_1_14' title="bbox 393 1392 1991 1462">
    <p class='ocr_par' dir='ltr' id='par_1_14' title="bbox 393 1392 1991 1462">
     <span class='ocr_line' id='line_1_14' title="bbox 393 1392 1991 1462; baseline -0.004 -11"><span class='ocrx_word' id='word_1_88' title='bbox 393 1393 541 1452; x_wconf 84' lang='lat' dir='ltr'><strong>illius</strong></span> <span class='ocrx_word' id='word_1_89' title='bbox 571 1410 691 1451; x_wconf 91' lang='lat' dir='ltr'><strong>eum</strong></span> <span class='ocrx_word' id='word_1_90' title='bbox 720 1394 1005 1450; x_wconf 85' lang='lat' dir='ltr'><strong>velocitate</strong></span> <span class='ocrx_word' id='word_1_91' title='bbox 1033 1403 1329 1449; x_wconf 85' lang='lat' dir='ltr'><strong>extremam</strong></span> <span class='ocrx_word' id='word_1_92' title='bbox 1361 1392 1596 1461; x_wconf 89' lang='lat' dir='ltr'><strong>migrare</strong></span> <span class='ocrx_word' id='word_1_93' title='bbox 1623 1404 1785 1462; x_wconf 88' lang='lat' dir='ltr'><strong>posse</strong></span> <span class='ocrx_word' id='word_1_94' title='bbox 1817 1392 1991 1445; x_wconf 85' lang='lat' dir='ltr'><strong>mate-</strong></span> 
     </span>
    </p>
   </div>
   <div class='ocr_carea' id='block_1_15' title="bbox 392 1481 1993 1556">
    <p class='ocr_par' dir='ltr' id='par_1_15' title="bbox 392 1481 1993 1556">
     <span class='ocr_line' id='line_1_15' title="bbox 392 1481 1993 1556; baseline -0.006 -13"><span class='ocrx_word' id='word_1_95' title='bbox 392 1488 555 1544; x_wconf 84' lang='lat' dir='ltr'><strong>riam.</strong></span> <span class='ocrx_word' id='word_1_96' title='bbox 581 1488 839 1555; x_wconf 86' lang='lat' dir='ltr'><strong>Quamvis</strong></span> <span class='ocrx_word' id='word_1_97' title='bbox 873 1502 970 1556; x_wconf 90' lang='lat' dir='ltr'><strong>per</strong></span> <span class='ocrx_word' id='word_1_98' title='bbox 1001 1485 1291 1541; x_wconf 89' lang='lat' dir='ltr'><strong>secundam</strong></span> <span class='ocrx_word' id='word_1_99' title='bbox 1317 1483 1391 1553; x_wconf 89' lang='lat' dir='ltr'><strong>pii</strong></span> <span class='ocrx_word' id='word_1_100' title='bbox 1422 1491 1669 1538; x_wconf 92' lang='lat' dir='ltr'><strong>naturam</strong></span> <span class='ocrx_word' id='word_1_101' title='bbox 1700 1481 1993 1549; x_wconf 85' lang='lat' dir='ltr'><strong>baptisma-</strong></span> 
     </span>
    </p>
   </div>
   <div class='ocr_carea' id='block_1_16' title="bbox 394 1572 1992 1650">
    <p class='ocr_par' dir='ltr' id='par_1_16' title="bbox 394 1572 1992 1650">
     <span class='ocr_line' id='line_1_16' title="bbox 394 1572 1992 1650; baseline -0.007 -14"><span class='ocrx_word' id='word_1_102' title='bbox 394 1581 469 1636; x_wconf 89' lang='lat' dir='ltr'><strong>tis</strong></span> <span class='ocrx_word' id='word_1_103' title='bbox 491 1579 729 1636; x_wconf 88' lang='lat' dir='ltr'><strong>ablutum</strong></span> <span class='ocrx_word' id='word_1_104' title='bbox 757 1580 827 1635; x_wconf 88' lang='lat' dir='ltr'><strong>sit</strong></span> <span class='ocrx_word' id='word_1_105' title='bbox 852 1577 1111 1650; x_wconf 90' lang='lat' dir='ltr'><strong>quidquid</strong></span> <span class='ocrx_word' id='word_1_106' title='bbox 1139 1578 1208 1633; x_wconf 92' lang='lat' dir='ltr'><strong>de</strong></span> <span class='ocrx_word' id='word_1_107' title='bbox 1234 1576 1365 1631; x_wconf 89' lang='lat' dir='ltr'><strong>limo</strong></span> <span class='ocrx_word' id='word_1_108' title='bbox 1392 1583 1619 1646; x_wconf 92' lang='lat' dir='ltr'><strong>parente</strong></span> <span class='ocrx_word' id='word_1_109' title='bbox 1641 1572 1953 1627; x_wconf 88' lang='lat' dir='ltr'><strong>sorduimus</strong></span> <span class='ocrx_word' id='word_1_110' title='bbox 1978 1586 1992 1625; x_wconf 86' lang='lat'><strong>:</strong></span> 
     </span>
    </p>
   </div>
   <div class='ocr_carea' id='block_1_17' title="bbox 394 1664 1996 1741">
    <p class='ocr_par' dir='ltr' id='par_1_17' title="bbox 394 1664 1996 1741">
     <span class='ocr_line' id='line_1_17' title="bbox 394 1664 1996 1741; baseline -0.006 -13"><span class='ocrx_word' id='word_1_111' title='bbox 394 1681 579 1728; x_wconf 85' lang='lat' dir='ltr'><strong>tamen</strong></span> <span class='ocrx_word' id='word_1_112' title='bbox 619 1673 742 1741; x_wconf 87' lang='lat' dir='ltr'><strong>quia</strong></span> <span class='ocrx_word' id='word_1_113' title='bbox 783 1671 911 1725; x_wconf 87' lang='lat' dir='ltr'><strong>dum</strong></span> <span class='ocrx_word' id='word_1_114' title='bbox 959 1669 1209 1725; x_wconf 84' lang='lat' dir='ltr'><strong>inimicus</strong></span> <span class='ocrx_word' id='word_1_115' title='bbox 1251 1667 1440 1724; x_wconf 88' lang='lat' dir='ltr'><strong>salutis</strong></span> <span class='ocrx_word' id='word_1_116' title='bbox 1485 1674 1689 1721; x_wconf 88' lang='lat' dir='ltr'><strong>nostrae</strong></span> <span class='ocrx_word' id='word_1_117' title='bbox 1728 1664 1996 1719; x_wconf 91' lang='lat' dir='ltr'><strong>inclusum</strong></span> 
     </span>
    </p>
   </div>
   <div class='ocr_carea' id='block_1_18' title="bbox 391 1757 1997 1826">
    <p class='ocr_par' dir='ltr' id='par_1_18' title="bbox 391 1757 1997 1826">
     <span class='ocr_line' id='line_1_18' title="bbox 391 1757 1997 1826; baseline -0.007 -6"><span class='ocrx_word' id='word_1_118' title='bbox 391 1763 781 1821; x_wconf 86' lang='lat' dir='ltr'><strong>blandimentis</strong></span> <span class='ocrx_word' id='word_1_119' title='bbox 806 1762 949 1817; x_wconf 82' lang='lat' dir='ltr'><strong>fucat</strong></span> <span class='ocrx_word' id='word_1_120' title='bbox 976 1761 1276 1826; x_wconf 87' lang='lat' dir='ltr'><strong>interitum,</strong></span> <span class='ocrx_word' id='word_1_121' title='bbox 1300 1758 1444 1815; x_wconf 90' lang='lat' dir='ltr'><strong>dulci</strong></span> <span class='ocrx_word' id='word_1_122' title='bbox 1481 1757 1609 1812; x_wconf 91' lang='lat' dir='ltr'><strong>vitia</strong></span> <span class='ocrx_word' id='word_1_123' title='bbox 1647 1770 1841 1826; x_wconf 91' lang='lat' dir='ltr'><strong>sapore</strong></span> <span class='ocrx_word' id='word_1_124' title='bbox 1863 1768 1997 1810; x_wconf 90' lang='lat' dir='ltr'><strong>con-</strong></span> 
     </span>
    </p>
   </div>
   <div class='ocr_carea' id='block_1_19' title="bbox 2095 551 3690 624">
    <p class='ocr_par' dir='ltr' id='par_1_19' title="bbox 2095 551 3690 624">
     <span class='ocr_line' id='line_1_19' title="bbox 2095 551 3690 624; baseline 0.003 -19"><span class='ocrx_word' id='word_1_125' title='bbox 2095 568 2215 621; x_wconf 69' lang='lat' dir='ltr'><strong>quce</strong></span> <span class='ocrx_word' id='word_1_126' title='bbox 2242 555 2373 607; x_wconf 86' lang='lat' dir='ltr'><strong>mihi</strong></span> <span class='ocrx_word' id='word_1_127' title='bbox 2403 562 2697 619; x_wconf 90' lang='lat' dir='ltr'><strong>occurrunt</strong></span> <span class='ocrx_word' id='word_1_128' title='bbox 2721 554 2792 608; x_wconf 92' lang='lat' dir='ltr'><strong>de</strong></span> <span class='ocrx_word' id='word_1_129' title='bbox 2824 552 2906 606; x_wconf 85' lang='lat' dir='ltr'><strong>his</strong></span> <span class='ocrx_word' id='word_1_130' title='bbox 2932 568 3052 621; x_wconf 73' lang='lat' dir='ltr'><strong>qua:</strong></span> <span class='ocrx_word' id='word_1_131' title='bbox 3079 551 3251 606; x_wconf 80' lang='lat' dir='ltr'><strong>fecisti</strong></span> <span class='ocrx_word' id='word_1_132' title='bbox 3290 566 3500 607; x_wconf 84' lang='lat' dir='ltr'><strong>mecum</strong></span> <span class='ocrx_word' id='word_1_133' title='bbox 3523 571 3537 608; x_wconf 91' lang='lat'>:</span> <span class='ocrx_word' id='word_1_134' title='bbox 3564 566 3690 624; x_wconf 68' lang='lat' dir='ltr'><strong>qua:</strong></span> 
     </span>
    </p>
   </div>
   <div class='ocr_carea' id='block_1_20' title="bbox 2093 645 3690 716">
    <p class='ocr_par' dir='ltr' id='par_1_20' title="bbox 2093 645 3690 716">
     <span class='ocr_line' id='line_1_20' title="bbox 2093 645 3690 716; baseline 0.003 -16"><span class='ocrx_word' id='word_1_135' title='bbox 2093 645 2161 700; x_wconf 90' lang='lat' dir='ltr'><strong>de</strong></span> <span class='ocrx_word' id='word_1_136' title='bbox 2191 645 2296 700; x_wconf 87' lang='lat' dir='ltr'><strong>illis</strong></span> <span class='ocrx_word' id='word_1_137' title='bbox 2320 661 2438 716; x_wconf 73' lang='lat' dir='ltr'><strong>qua:</strong></span> <span class='ocrx_word' id='word_1_138' title='bbox 2464 646 2603 716; x_wconf 81' lang='lat' dir='ltr'><strong>gessi</strong></span> <span class='ocrx_word' id='word_1_139' title='bbox 2632 645 2915 700; x_wconf 89' lang='lat' dir='ltr'><strong>adversum</strong></span> <span class='ocrx_word' id='word_1_140' title='bbox 2947 659 3034 698; x_wconf 90' lang='lat' dir='ltr'><strong>me</strong></span> <span class='ocrx_word' id='word_1_141' title='bbox 3059 661 3221 716; x_wconf 64' lang='lat' dir='ltr'><strong>gqua</strong></span> <span class='ocrx_word' id='word_1_142' title='bbox 3247 647 3290 701; x_wconf 90' lang='lat' dir='ltr'><strong>si</strong></span> <span class='ocrx_word' id='word_1_143' title='bbox 3317 647 3690 716; x_wconf 81' lang='lat' dir='ltr'><strong>conferantur,</strong></span> 
     </span>
    </p>
   </div>
   <div class='ocr_carea' id='block_1_21' title="bbox 2098 736 3692 806">
    <p class='ocr_par' dir='ltr' id='par_1_21' title="bbox 2098 736 3692 806">
     <span class='ocr_line' id='line_1_21' title="bbox 2098 736 3692 806; baseline 0.004 -17"><span class='ocrx_word' id='word_1_144' title='bbox 2098 736 2302 791; x_wconf 90' lang='lat' dir='ltr'><strong>nullum</strong></span> <span class='ocrx_word' id='word_1_145' title='bbox 2336 746 2544 806; x_wconf 88' lang='lat' dir='ltr'><strong>tempus</strong></span> <span class='ocrx_word' id='word_1_146' title='bbox 2578 746 2671 792; x_wconf 90' lang='lat' dir='ltr'><strong>aut</strong></span> <span class='ocrx_word' id='word_1_147' title='bbox 2696 752 2801 806; x_wconf 91' lang='lat' dir='ltr'><strong>ope</strong></span> <span class='ocrx_word' id='word_1_148' title='bbox 2832 746 2953 802; x_wconf 86' lang='lat' dir='ltr'><strong>tua,</strong></span> <span class='ocrx_word' id='word_1_149' title='bbox 2988 744 3080 791; x_wconf 89' lang='lat' dir='ltr'><strong>aut</strong></span> <span class='ocrx_word' id='word_1_150' title='bbox 3118 737 3317 794; x_wconf 90' lang='lat' dir='ltr'><strong>delicto</strong></span> <span class='ocrx_word' id='word_1_151' title='bbox 3344 754 3471 794; x_wconf 85' lang='lat' dir='ltr'><strong>meo</strong></span> <span class='ocrx_word' id='word_1_152' title='bbox 3497 740 3566 795; x_wconf 86' lang='lat' dir='ltr'><strong>sit</strong></span> <span class='ocrx_word' id='word_1_153' title='bbox 3593 755 3692 795; x_wconf 86' lang='lat' dir='ltr'><strong>va-</strong></span> 
     </span>
    </p>
   </div>
   <div class='ocr_carea' id='block_1_22' title="bbox 2097 826 3691 890">
    <p class='ocr_par' dir='ltr' id='par_1_22' title="bbox 2097 826 3691 890">
     <span class='ocr_line' id='line_1_22' title="bbox 2097 826 3691 890; baseline 0.005 -9"><span class='ocrx_word' id='word_1_154' title='bbox 2097 840 2277 881; x_wconf 91' lang='lat' dir='ltr'><strong>cuum.</strong></span> <span class='ocrx_word' id='word_1_155' title='bbox 2319 826 2474 882; x_wconf 86' lang='lat' dir='ltr'><strong>Libet</strong></span> <span class='ocrx_word' id='word_1_156' title='bbox 2500 843 2564 883; x_wconf 87' lang='lat' dir='ltr'><strong>ex</strong></span> <span class='ocrx_word' id='word_1_157' title='bbox 2608 827 2907 883; x_wconf 87' lang='lat' dir='ltr'><strong>innumeris</strong></span> <span class='ocrx_word' id='word_1_158' title='bbox 2944 829 2997 883; x_wconf 92' lang='lat' dir='ltr'><strong>in</strong></span> <span class='ocrx_word' id='word_1_159' title='bbox 3039 844 3128 885; x_wconf 91' lang='lat' dir='ltr'><strong>me</strong></span> <span class='ocrx_word' id='word_1_160' title='bbox 3168 830 3547 886; x_wconf 87' lang='lat' dir='ltr'><strong>collationibus</strong></span> <span class='ocrx_word' id='word_1_161' title='bbox 3581 832 3691 890; x_wconf 88' lang='lat' dir='ltr'><strong>tuis</strong></span> 
     </span>
    </p>
   </div>
   <div class='ocr_carea' id='block_1_23' title="bbox 2095 919 3691 993">
    <p class='ocr_par' dir='ltr' id='par_1_23' title="bbox 2095 919 3691 993">
     <span class='ocr_line' id='line_1_23' title="bbox 2095 919 3691 993; baseline 0.006 -20"><span class='ocrx_word' id='word_1_162' title='bbox 2095 934 2256 974; x_wconf 90' lang='lat' dir='ltr'><strong>unam</strong></span> <span class='ocrx_word' id='word_1_163' title='bbox 2308 919 2499 990; x_wconf 91' lang='lat' dir='ltr'><strong>libare,</strong></span> <span class='ocrx_word' id='word_1_164' title='bbox 2547 928 2602 975; x_wconf 91' lang='lat' dir='ltr'><strong>et</strong></span> <span class='ocrx_word' id='word_1_165' title='bbox 2647 922 3023 990; x_wconf 87' lang='lat' dir='ltr'><strong>praetereundo</strong></span> <span class='ocrx_word' id='word_1_166' title='bbox 3070 923 3295 993; x_wconf 91' lang='lat' dir='ltr'><strong>populos</strong></span> <span class='ocrx_word' id='word_1_167' title='bbox 3343 921 3691 993; x_wconf 80' lang='lat' dir='ltr'><strong>largitionum</strong></span> 
     </span>
    </p>
   </div>
   <div class='ocr_carea' id='block_1_24' title="bbox 2095 1013 3694 1093">
    <p class='ocr_par' dir='ltr' id='par_1_24' title="bbox 2095 1013 3694 1093">
     <span class='ocr_line' id='line_1_24' title="bbox 2095 1013 3694 1093; baseline 0.003 -25"><span class='ocrx_word' id='word_1_168' title='bbox 2095 1022 2337 1076; x_wconf 91' lang='lat' dir='ltr'><strong>tuarum,</strong></span> <span class='ocrx_word' id='word_1_169' title='bbox 2385 1013 2713 1093; x_wconf 79' lang='lat' dir='ltr'><strong>singularem</strong></span> <span class='ocrx_word' id='word_1_170' title='bbox 2759 1029 2972 1070; x_wconf 92' lang='lat' dir='ltr'><strong>summo</strong></span> <span class='ocrx_word' id='word_1_171' title='bbox 3010 1023 3166 1070; x_wconf 91' lang='lat' dir='ltr'><strong>tenus</strong></span> <span class='ocrx_word' id='word_1_172' title='bbox 3212 1016 3498 1087; x_wconf 75' lang='lat' dir='ltr'><strong>attingere.</strong></span> <span class='ocrx_word' id='word_1_173' title='bbox 3530 1016 3694 1073; x_wconf 84' lang='lat' dir='ltr'><strong>Tem-</strong></span> 
     </span>
    </p>
   </div>
   <div class='ocr_carea' id='block_1_25' title="bbox 2096 1107 3692 1180">
    <p class='ocr_par' dir='ltr' id='par_1_25' title="bbox 2096 1107 3692 1180">
     <span class='ocr_line' id='line_1_25' title="bbox 2096 1107 3692 1180; baseline 0.002 -17"><span class='ocrx_word' id='word_1_174' title='bbox 2096 1122 2227 1178; x_wconf 89' lang='lat' dir='ltr'><strong>pore</strong></span> <span class='ocrx_word' id='word_1_175' title='bbox 2255 1121 2362 1178; x_wconf 90' lang='lat' dir='ltr'><strong>quo</strong></span> <span class='ocrx_word' id='word_1_176' title='bbox 2406 1107 2611 1162; x_wconf 90' lang='lat' dir='ltr'><strong>Italiam</strong></span> <span class='ocrx_word' id='word_1_177' title='bbox 2651 1108 3023 1179; x_wconf 79' lang='lat' dir='ltr'><strong>Optatissimns</strong></span> <span class='ocrx_word' id='word_1_178' title='bbox 3064 1108 3387 1166; x_wconf 86' lang='lat' dir='ltr'><strong>Theoderici</strong></span> <span class='ocrx_word' id='word_1_179' title='bbox 3426 1111 3573 1180; x_wconf 84' lang='lat' dir='ltr'><strong>regis</strong></span> <span class='ocrx_word' id='word_1_180' title='bbox 3599 1124 3692 1166; x_wconf 85' lang='lat' dir='ltr'><strong>re-</strong></span> 
     </span>
    </p>
   </div>
   <div class='ocr_carea' id='block_1_26' title="bbox 2096 1199 3694 1273">
    <p class='ocr_par' dir='ltr' id='par_1_26' title="bbox 2096 1199 3694 1273">
     <span class='ocr_line' id='line_1_26' title="bbox 2096 1199 3694 1273; baseline 0.003 -18"><span class='ocrx_word' id='word_1_181' title='bbox 2096 1200 2376 1255; x_wconf 90' lang='lat' dir='ltr'><strong>suscitavit</strong></span> <span class='ocrx_word' id='word_1_182' title='bbox 2421 1199 2730 1270; x_wconf 85' lang='lat' dir='ltr'><strong>ingressus,</strong></span> <span class='ocrx_word' id='word_1_183' title='bbox 2778 1215 2899 1256; x_wconf 92' lang='lat' dir='ltr'><strong>cum</strong></span> <span class='ocrx_word' id='word_1_184' title='bbox 2946 1201 3129 1257; x_wconf 86' lang='lat' dir='ltr'><strong>omnia</strong></span> <span class='ocrx_word' id='word_1_185' title='bbox 3171 1202 3240 1258; x_wconf 91' lang='lat' dir='ltr'><strong>ab</strong></span> <span class='ocrx_word' id='word_1_186' title='bbox 3287 1203 3524 1259; x_wconf 86' lang='lat' dir='ltr'><strong>inimicis</strong></span> <span class='ocrx_word' id='word_1_187' title='bbox 3572 1203 3694 1273; x_wconf 88' lang='lat' dir='ltr'><strong>ejus</strong></span> 
     </span>
    </p>
   </div>
   <div class='ocr_carea' id='block_1_27' title="bbox 2096 1295 3694 1371">
    <p class='ocr_par' dir='ltr' id='par_1_27' title="bbox 2096 1295 3694 1371">
     <span class='ocr_line' id='line_1_27' title="bbox 2096 1295 3694 1371; baseline 0.003 -18"><span class='ocrx_word' id='word_1_188' title='bbox 2096 1295 2454 1365; x_wconf 80' lang='lat' dir='ltr'><strong>inexplicabili</strong></span> <span class='ocrx_word' id='word_1_189' title='bbox 2498 1297 2650 1353; x_wconf 91' lang='lat' dir='ltr'><strong>clade</strong></span> <span class='ocrx_word' id='word_1_190' title='bbox 2692 1308 3054 1367; x_wconf 86' lang='lat' dir='ltr'><strong>vastarentur,</strong></span> <span class='ocrx_word' id='word_1_191' title='bbox 3092 1308 3148 1355; x_wconf 89' lang='lat' dir='ltr'><strong>et</strong></span> <span class='ocrx_word' id='word_1_192' title='bbox 3190 1300 3333 1371; x_wconf 90' lang='lat' dir='ltr'><strong>quod</strong></span> <span class='ocrx_word' id='word_1_193' title='bbox 3377 1310 3694 1370; x_wconf 86' lang='lat' dir='ltr'><strong>superesset</strong></span> 
     </span>
    </p>
   </div>
   <div class='ocr_carea' id='block_1_28' title="bbox 2097 1390 3694 1460">
    <p class='ocr_par' dir='ltr' id='par_1_28' title="bbox 2097 1390 3694 1460">
     <span class='ocr_line' id='line_1_28' title="bbox 2097 1390 3694 1460; baseline 0.005 -17"><span class='ocrx_word' id='word_1_194' title='bbox 2097 1390 2319 1460; x_wconf 77' lang='lat' dir='ltr'><strong>gladiis,</strong></span> <span class='ocrx_word' id='word_1_195' title='bbox 2368 1390 2539 1447; x_wconf 89' lang='lat' dir='ltr'><strong>fames</strong></span> <span class='ocrx_word' id='word_1_196' title='bbox 2579 1400 2834 1448; x_wconf 89' lang='lat' dir='ltr'><strong>necaret:</strong></span> <span class='ocrx_word' id='word_1_197' title='bbox 2868 1407 2990 1448; x_wconf 92' lang='lat' dir='ltr'><strong>cum</strong></span> <span class='ocrx_word' id='word_1_198' title='bbox 3025 1394 3239 1449; x_wconf 84' lang='lat' dir='ltr'><strong>excelsa</strong></span> <span class='ocrx_word' id='word_1_199' title='bbox 3280 1395 3548 1449; x_wconf 89' lang='lat' dir='ltr'><strong>montium</strong></span> <span class='ocrx_word' id='word_1_200' title='bbox 3598 1410 3694 1451; x_wconf 88' lang='lat' dir='ltr'><strong>ca-</strong></span> 
     </span>
    </p>
   </div>
   <div class='ocr_carea' id='block_1_29' title="bbox 2097 1484 3695 1556">
    <p class='ocr_par' dir='ltr' id='par_1_29' title="bbox 2097 1484 3695 1556">
     <span class='ocr_line' id='line_1_29' title="bbox 2097 1484 3695 1556; baseline 0.003 -17"><span class='ocrx_word' id='word_1_201' title='bbox 2097 1491 2441 1555; x_wconf 88' lang='lat' dir='ltr'><strong>strorumque</strong></span> <span class='ocrx_word' id='word_1_202' title='bbox 2482 1498 2638 1540; x_wconf 92' lang='lat' dir='ltr'><strong>arces</strong></span> <span class='ocrx_word' id='word_1_203' title='bbox 2683 1484 2908 1552; x_wconf 90' lang='lat' dir='ltr'><strong>penuria</strong></span> <span class='ocrx_word' id='word_1_204' title='bbox 2954 1495 3355 1556; x_wconf 86' lang='lat' dir='ltr'><strong>perrumperet;</strong></span> <span class='ocrx_word' id='word_1_205' title='bbox 3388 1496 3444 1542; x_wconf 91' lang='lat' dir='ltr'><strong>et</strong></span> <span class='ocrx_word' id='word_1_206' title='bbox 3486 1487 3542 1542; x_wconf 92' lang='lat' dir='ltr'><strong>in</strong></span> <span class='ocrx_word' id='word_1_207' title='bbox 3579 1487 3695 1545; x_wconf 87' lang='lat' dir='ltr'><strong>cul-</strong></span> 
     </span>
    </p>
   </div>
   <div class='ocr_carea' id='block_1_30' title="bbox 2098 1577 3693 1651">
    <p class='ocr_par' dir='ltr' id='par_1_30' title="bbox 2098 1577 3693 1651">
     <span class='ocr_line' id='line_1_30' title="bbox 2098 1577 3693 1651; baseline 0.004 -20"><span class='ocrx_word' id='word_1_208' title='bbox 2098 1577 2335 1632; x_wconf 90' lang='lat' dir='ltr'><strong>minibus</strong></span> <span class='ocrx_word' id='word_1_209' title='bbox 2388 1578 2591 1633; x_wconf 89' lang='lat' dir='ltr'><strong>locatos</strong></span> <span class='ocrx_word' id='word_1_210' title='bbox 2645 1578 2808 1634; x_wconf 89' lang='lat' dir='ltr'><strong>armis</strong></span> <span class='ocrx_word' id='word_1_211' title='bbox 2862 1579 3055 1635; x_wconf 87' lang='lat' dir='ltr'><strong>saevior</strong></span> <span class='ocrx_word' id='word_1_212' title='bbox 3107 1588 3319 1651; x_wconf 75' lang='lat' dir='ltr'><strong>egestas</strong></span> <span class='ocrx_word' id='word_1_213' title='bbox 3365 1580 3693 1639; x_wconf 85' lang='lat' dir='ltr'><strong>obsideret:</strong></span> 
     </span>
    </p>
   </div>
   <div class='ocr_carea' id='block_1_31' title="bbox 2100 1670 3695 1742">
    <p class='ocr_par' dir='ltr' id='par_1_31' title="bbox 2100 1670 3695 1742">
     <span class='ocr_line' id='line_1_31' title="bbox 2100 1670 3695 1742; baseline 0.002 -16"><span class='ocrx_word' id='word_1_214' title='bbox 2100 1671 2122 1703; x_wconf 79' lang='grc'>²</span> <span class='ocrx_word' id='word_1_215' title='bbox 2145 1685 2246 1741; x_wconf 90' lang='lat' dir='ltr'><strong>ego</strong></span> <span class='ocrx_word' id='word_1_216' title='bbox 2274 1686 2538 1726; x_wconf 80' lang='lat' dir='ltr'><strong>annorum</strong></span> <span class='ocrx_word' id='word_1_217' title='bbox 2567 1671 2737 1728; x_wconf 81' lang='lat' dir='ltr'><strong>ferme</strong></span> <span class='ocrx_word' id='word_1_218' title='bbox 2764 1670 2999 1728; x_wconf 89' lang='lat' dir='ltr'><strong>sedecim</strong></span> <span class='ocrx_word' id='word_1_219' title='bbox 3017 1713 3032 1737; x_wconf 92' lang='lat'><strong>,</strong></span> <span class='ocrx_word' id='word_1_220' title='bbox 3061 1674 3241 1728; x_wconf 65' lang='lat' dir='ltr'><strong>amita</strong></span> <span class='ocrx_word' id='word_1_221' title='bbox 3271 1689 3390 1742; x_wconf 78' lang='lat' dir='ltr'><strong>quae</strong></span> <span class='ocrx_word' id='word_1_222' title='bbox 3422 1688 3509 1730; x_wconf 88' lang='lat' dir='ltr'><strong>me</strong></span> <span class='ocrx_word' id='word_1_223' title='bbox 3541 1673 3695 1729; x_wconf 86' lang='lat' dir='ltr'><strong>alue-</strong></span> 
     </span>
    </p>
   </div>
   <div class='ocr_carea' id='block_1_32' title="bbox 2100 1763 3694 1833">
    <p class='ocr_par' dir='ltr' id='par_1_32' title="bbox 2100 1763 3694 1833">
     <span class='ocr_line' id='line_1_32' title="bbox 2100 1763 3694 1833; baseline 0.003 -16"><span class='ocrx_word' id='word_1_224' title='bbox 2100 1770 2217 1829; x_wconf 88' lang='lat' dir='ltr'><strong>rat,</strong></span> <span class='ocrx_word' id='word_1_225' title='bbox 2257 1777 2321 1818; x_wconf 90' lang='lat' dir='ltr'><strong>ea</strong></span> <span class='ocrx_word' id='word_1_226' title='bbox 2369 1770 2690 1831; x_wconf 89' lang='lat' dir='ltr'><strong>tempestate</strong></span> <span class='ocrx_word' id='word_1_227' title='bbox 2733 1763 2925 1817; x_wconf 89' lang='lat' dir='ltr'><strong>solatio</strong></span> <span class='ocrx_word' id='word_1_228' title='bbox 2972 1763 3215 1833; x_wconf 89' lang='lat' dir='ltr'><strong>privatus</strong></span> <span class='ocrx_word' id='word_1_229' title='bbox 3260 1778 3419 1821; x_wconf 86' lang='lat' dir='ltr'><strong>sum:</strong></span> <span class='ocrx_word' id='word_1_230' title='bbox 3452 1765 3694 1821; x_wconf 76' lang='lat' dir='ltr'><strong>remansi</strong></span> 
     </span>
    </p>
   </div>
   <div class='ocr_carea' id='block_1_33' title="bbox 393 1848 1996 1927">
    <p class='ocr_par' dir='ltr' id='par_1_33' title="bbox 393 1848 1995 1927">
     <span class='ocr_line' id='line_1_33' title="bbox 393 1848 1995 1927; baseline -0.009 -12"><span class='ocrx_word' id='word_1_231' title='bbox 393 1859 557 1924; x_wconf 90' lang='lat' dir='ltr'><strong>divit;</strong></span> <span class='ocrx_word' id='word_1_232' title='bbox 591 1868 647 1914; x_wconf 90' lang='lat' dir='ltr'><strong>ct</strong></span> <span class='ocrx_word' id='word_1_233' title='bbox 687 1858 812 1914; x_wconf 90' lang='lat' dir='ltr'><strong>dum</strong></span> <span class='ocrx_word' id='word_1_234' title='bbox 858 1855 1068 1927; x_wconf 87' lang='lat' dir='ltr'><strong>pruritu</strong></span> <span class='ocrx_word' id='word_1_235' title='bbox 1107 1854 1353 1921; x_wconf 90' lang='lat' dir='ltr'><strong>aurium,</strong></span> <span class='ocrx_word' id='word_1_236' title='bbox 1380 1852 1507 1908; x_wconf 92' lang='lat' dir='ltr'><strong>dum</strong></span> <span class='ocrx_word' id='word_1_237' title='bbox 1547 1848 1799 1921; x_wconf 87' lang='lat' dir='ltr'><strong>gustandi</strong></span> <span class='ocrx_word' id='word_1_238' title='bbox 1844 1848 1995 1903; x_wconf 87' lang='lat' dir='ltr'><strong>oble-</strong></span> 
     </span>
    </p>
   </div>
   <div class='ocr_carea' id='block_1_34' title="bbox 2100 1848 3695 1927">
    <p class='ocr_par' dir='ltr' id='par_1_34' title="bbox 2101 1856 3695 1927">
     <span class='ocr_line' id='line_1_34' title="bbox 2101 1856 3695 1927; baseline 0.001 -14"><span class='ocrx_word' id='word_1_239' title='bbox 2101 1857 2270 1922; x_wconf 88' lang='lat' dir='ltr'><strong>solus,</strong></span> <span class='ocrx_word' id='word_1_240' title='bbox 2304 1858 2457 1927; x_wconf 93' lang='lat' dir='ltr'><strong>inops</strong></span> <span class='ocrx_word' id='word_1_241' title='bbox 2483 1872 2543 1913; x_wconf 92' lang='lat' dir='ltr'><strong>re</strong></span> <span class='ocrx_word' id='word_1_242' title='bbox 2568 1866 2622 1912; x_wconf 90' lang='lat' dir='ltr'><strong>et</strong></span> <span class='ocrx_word' id='word_1_243' title='bbox 2650 1856 2880 1913; x_wconf 91' lang='lat' dir='ltr'><strong>consilio</strong></span> <span class='ocrx_word' id='word_1_244' title='bbox 2913 1857 3229 1926; x_wconf 86' lang='lat' dir='ltr'><strong>destitutus,</strong></span> <span class='ocrx_word' id='word_1_245' title='bbox 3254 1858 3340 1913; x_wconf 90' lang='lat' dir='ltr'><strong>cui</strong></span> <span class='ocrx_word' id='word_1_246' title='bbox 3370 1858 3482 1913; x_wconf 89' lang='lat' dir='ltr'><strong>sola</strong></span> <span class='ocrx_word' id='word_1_247' title='bbox 3512 1872 3695 1915; x_wconf 89' lang='lat' dir='ltr'><strong>reme-</strong></span> 
     </span>
    </p>
   </div>
   <div class='ocr_carea' id='block_1_35' title="bbox 390 1942 1994 2023">
    <p class='ocr_par' dir='ltr' id='par_1_35' title="bbox 390 1942 1994 2023">
     <span class='ocr_line' id='line_1_35' title="bbox 390 1942 1994 2023; baseline -0.007 -15"><span class='ocrx_word' id='word_1_248' title='bbox 390 1952 631 2008; x_wconf 91' lang='lat' dir='ltr'><strong>ctatione</strong></span> <span class='ocrx_word' id='word_1_249' title='bbox 660 1952 1033 2023; x_wconf 89' lang='lat' dir='ltr'><strong>producimur,</strong></span> <span class='ocrx_word' id='word_1_250' title='bbox 1065 1964 1212 2006; x_wconf 89' lang='lat' dir='ltr'><strong>mors</strong></span> <span class='ocrx_word' id='word_1_251' title='bbox 1255 1963 1353 2019; x_wconf 89' lang='lat' dir='ltr'><strong>per</strong></span> <span class='ocrx_word' id='word_1_252' title='bbox 1388 1947 1654 2003; x_wconf 88' lang='lat' dir='ltr'><strong>fenestras</strong></span> <span class='ocrx_word' id='word_1_253' title='bbox 1696 1942 1994 2013; x_wconf 86' lang='lat' dir='ltr'><strong>ingreditur</strong></span> 
     </span>
    </p>
   </div>
   <div class='ocr_carea' id='block_1_36' title="bbox 391 2035 1994 2120">
    <p class='ocr_par' dir='ltr' id='par_1_36' title="bbox 391 2035 1994 2120">
     <span class='ocr_line' id='line_1_36' title="bbox 391 2035 1994 2120; baseline -0.009 -17"><span class='ocrx_word' id='word_1_254' title='bbox 391 2047 645 2120; x_wconf 80' lang='lat' dir='ltr'><strong>(Jer.1x,</strong></span> <span class='ocrx_word' id='word_1_255' title='bbox 674 2046 799 2116; x_wconf 72' lang='grc'><strong>21);</strong></span> <span class='ocrx_word' id='word_1_256' title='bbox 831 2061 935 2113; x_wconf 88' lang='lat' dir='ltr'><strong>quo</strong></span> <span class='ocrx_word' id='word_1_257' title='bbox 976 2044 1287 2114; x_wconf 88' lang='lat' dir='ltr'><strong>fugiendum</strong></span> <span class='ocrx_word' id='word_1_258' title='bbox 1319 2048 1403 2096; x_wconf 90' lang='lat' dir='ltr'><strong>est</strong></span> <span class='ocrx_word' id='word_1_259' title='bbox 1429 2040 1497 2095; x_wconf 92' lang='lat' dir='ltr'><strong>ab</strong></span> <span class='ocrx_word' id='word_1_260' title='bbox 1538 2040 1619 2093; x_wconf 88' lang='lat' dir='ltr'><strong>ira</strong></span> <span class='ocrx_word' id='word_1_261' title='bbox 1649 2038 1841 2105; x_wconf 86' lang='lat' dir='ltr'><strong>ipsius,</strong></span> <span class='ocrx_word' id='word_1_262' title='bbox 1886 2035 1994 2091; x_wconf 91' lang='lat' dir='ltr'><strong>nisi</strong></span> 
     </span>
    </p>
   </div>
   <div class='ocr_carea' id='block_1_37' title="bbox 390 2130 1993 2206">
    <p class='ocr_par' dir='ltr' id='par_1_37' title="bbox 390 2130 1993 2206">
     <span class='ocr_line' id='line_1_37' title="bbox 390 2130 1993 2206; baseline -0.007 -13"><span class='ocrx_word' id='word_1_263' title='bbox 390 2140 462 2194; x_wconf 83' lang='lat' dir='ltr'><strong>ad</strong></span> <span class='ocrx_word' id='word_1_264' title='bbox 501 2138 925 2195; x_wconf 89' lang='lat' dir='ltr'><strong>misericordiam</strong></span> <span class='ocrx_word' id='word_1_265' title='bbox 954 2137 1090 2206; x_wconf 88' lang='lat' dir='ltr'><strong>ejus,</strong></span> <span class='ocrx_word' id='word_1_266' title='bbox 1126 2136 1217 2205; x_wconf 90' lang='lat' dir='ltr'><strong>qui</strong></span> <span class='ocrx_word' id='word_1_267' title='bbox 1260 2132 1515 2189; x_wconf 88' lang='lat' dir='ltr'><strong>reducem</strong></span> <span class='ocrx_word' id='word_1_268' title='bbox 1558 2130 1726 2184; x_wconf 83' lang='lat' dir='ltr'><strong>filium</strong></span> <span class='ocrx_word' id='word_1_269' title='bbox 1764 2138 1820 2184; x_wconf 90' lang='lat' dir='ltr'><strong>et</strong></span> <span class='ocrx_word' id='word_1_270' title='bbox 1860 2145 1993 2183; x_wconf 89' lang='lat' dir='ltr'><strong>con-</strong></span> 
     </span>
    </p>
   </div>
   <div class='ocr_carea' id='block_1_38' title="bbox 391 2227 1993 2300">
    <p class='ocr_par' dir='ltr' id='par_1_38' title="bbox 391 2227 1993 2300">
     <span class='ocr_line' id='line_1_38' title="bbox 391 2227 1993 2300; baseline -0.005 -14"><span class='ocrx_word' id='word_1_271' title='bbox 391 2245 561 2287; x_wconf 85' lang='lat' dir='ltr'><strong>cessae</strong></span> <span class='ocrx_word' id='word_1_272' title='bbox 591 2230 874 2300; x_wconf 85' lang='lat' dir='ltr'><strong>prodigum</strong></span> <span class='ocrx_word' id='word_1_273' title='bbox 905 2227 1189 2299; x_wconf 90' lang='lat' dir='ltr'><strong>portionis,</strong></span> <span class='ocrx_word' id='word_1_274' title='bbox 1220 2240 1382 2297; x_wconf 91' lang='lat' dir='ltr'><strong>quem</strong></span> <span class='ocrx_word' id='word_1_275' title='bbox 1411 2232 1695 2295; x_wconf 90' lang='lat' dir='ltr'><strong>postquam</strong></span> <span class='ocrx_word' id='word_1_276' title='bbox 1722 2237 1843 2278; x_wconf 93' lang='lat' dir='ltr'><strong>cum</strong></span> <span class='ocrx_word' id='word_1_277' title='bbox 1868 2236 1993 2291; x_wconf 90' lang='lat' dir='ltr'><strong>por-</strong></span> 
     </span>
    </p>
   </div>
   <div class='ocr_carea' id='block_1_39' title="bbox 392 2316 1989 2394">
    <p class='ocr_par' dir='ltr' id='par_1_39' title="bbox 392 2316 1989 2394">
     <span class='ocr_line' id='line_1_39' title="bbox 392 2316 1989 2394; baseline -0.006 -14"><span class='ocrx_word' id='word_1_278' title='bbox 392 2324 472 2380; x_wconf 87' lang='lat' dir='ltr'><strong>cis</strong></span> <span class='ocrx_word' id='word_1_279' title='bbox 500 2339 595 2394; x_wconf 89' lang='lat' dir='ltr'><strong>per</strong></span> <span class='ocrx_word' id='word_1_280' title='bbox 616 2324 908 2379; x_wconf 90' lang='lat' dir='ltr'><strong>obscenum</strong></span> <span class='ocrx_word' id='word_1_281' title='bbox 931 2322 1246 2391; x_wconf 91' lang='lat' dir='ltr'><strong>siliquarum</strong></span> <span class='ocrx_word' id='word_1_282' title='bbox 1274 2319 1455 2374; x_wconf 90' lang='lat' dir='ltr'><strong>cibum</strong></span> <span class='ocrx_word' id='word_1_283' title='bbox 1480 2316 1686 2372; x_wconf 89' lang='lat' dir='ltr'><strong>addixit</strong></span> <span class='ocrx_word' id='word_1_284' title='bbox 1710 2316 1989 2371; x_wconf 90' lang='lat' dir='ltr'><strong>immunda</strong></span> 
     </span>
    </p>
   </div>
   <div class='ocr_carea' id='block_1_40' title="bbox 394 2411 1995 2485">
    <p class='ocr_par' dir='ltr' id='par_1_40' title="bbox 394 2411 1995 2485">
     <span class='ocr_line' id='line_1_40' title="bbox 394 2411 1995 2485; baseline -0.007 -10"><span class='ocrx_word' id='word_1_285' title='bbox 394 2419 727 2485; x_wconf 90' lang='lat' dir='ltr'><strong>communio,</strong></span> <span class='ocrx_word' id='word_1_286' title='bbox 754 2417 822 2471; x_wconf 90' lang='lat' dir='ltr'><strong>ad</strong></span> <span class='ocrx_word' id='word_1_287' title='bbox 842 2416 1038 2472; x_wconf 89' lang='lat' dir='ltr'><strong>stolam</strong></span> <span class='ocrx_word' id='word_1_288' title='bbox 1059 2414 1367 2481; x_wconf 85' lang='lat' dir='ltr'><strong>candidam,</strong></span> <span class='ocrx_word' id='word_1_289' title='bbox 1394 2413 1463 2467; x_wconf 91' lang='lat' dir='ltr'><strong>ad</strong></span> <span class='ocrx_word' id='word_1_290' title='bbox 1496 2411 1754 2466; x_wconf 87' lang='lat' dir='ltr'><strong>annulum</strong></span> <span class='ocrx_word' id='word_1_291' title='bbox 1788 2411 1995 2480; x_wconf 86' lang='lat' dir='ltr'><strong>pretio-</strong></span> 
     </span>
    </p>
   </div>
   <div class='ocr_carea' id='block_1_41' title="bbox 392 2503 1993 2580">
    <p class='ocr_par' dir='ltr' id='par_1_41' title="bbox 392 2503 1993 2580">
     <span class='ocr_line' id='line_1_41' title="bbox 392 2503 1993 2580; baseline -0.006 -12"><span class='ocrx_word' id='word_1_292' title='bbox 392 2526 548 2577; x_wconf 87' lang='lat' dir='ltr'><strong>sum,</strong></span> <span class='ocrx_word' id='word_1_293' title='bbox 596 2511 663 2567; x_wconf 90' lang='lat' dir='ltr'><strong>ad</strong></span> <span class='ocrx_word' id='word_1_294' title='bbox 701 2510 916 2567; x_wconf 87' lang='lat' dir='ltr'><strong>divitias</strong></span> <span class='ocrx_word' id='word_1_295' title='bbox 964 2510 1084 2565; x_wconf 90' lang='lat' dir='ltr'><strong>illas</strong></span> <span class='ocrx_word' id='word_1_296' title='bbox 1122 2516 1360 2580; x_wconf 71' lang='lat' dir='ltr'><strong>paternae</strong></span> <span class='ocrx_word' id='word_1_297' title='bbox 1402 2504 1799 2578; x_wconf 87' lang='lat' dir='ltr'><strong>possessionis,</strong></span> <span class='ocrx_word' id='word_1_298' title='bbox 1838 2503 1993 2574; x_wconf 89' lang='lat' dir='ltr'><strong>quasi</strong></span> 
     </span>
    </p>
   </div>
   <div class='ocr_carea' id='block_1_42' title="bbox 393 2595 1994 2674">
    <p class='ocr_par' dir='ltr' id='par_1_42' title="bbox 393 2595 1994 2674">
     <span class='ocr_line' id='line_1_42' title="bbox 393 2595 1994 2674; baseline -0.006 -14"><span class='ocrx_word' id='word_1_299' title='bbox 393 2615 612 2674; x_wconf 74' lang='lat' dir='ltr'><strong>semper</strong></span> <span class='ocrx_word' id='word_1_300' title='bbox 655 2612 926 2658; x_wconf 86' lang='lat' dir='ltr'><strong>servasset</strong></span> <span class='ocrx_word' id='word_1_301' title='bbox 966 2602 1150 2671; x_wconf 91' lang='lat' dir='ltr'><strong>jussa,</strong></span> <span class='ocrx_word' id='word_1_302' title='bbox 1197 2600 1474 2657; x_wconf 88' lang='lat' dir='ltr'><strong>revocavit</strong></span> <span class='ocrx_word' id='word_1_303' title='bbox 1518 2598 1683 2670; x_wconf 88' lang='lat' dir='ltr'><strong>(Luc.</strong></span> <span class='ocrx_word' id='word_1_304' title='bbox 1722 2614 1815 2664; x_wconf 88' lang='lat' dir='ltr'><strong>xv,</strong></span> <span class='ocrx_word' id='word_1_305' title='bbox 1852 2595 1994 2667; x_wconf 68' lang='lat'><strong>12)?</strong></span> 
     </span>
    </p>
   </div>
   <div class='ocr_carea' id='block_1_43' title="bbox 396 2690 1993 2765">
    <p class='ocr_par' dir='ltr' id='par_1_43' title="bbox 396 2690 1993 2765">
     <span class='ocr_line' id='line_1_43' title="bbox 396 2690 1993 2765; baseline -0.006 -13"><span class='ocrx_word' id='word_1_306' title='bbox 396 2692 657 2752; x_wconf 90' lang='lat' dir='ltr'><strong>Precatus</strong></span> <span class='ocrx_word' id='word_1_307' title='bbox 688 2708 807 2750; x_wconf 89' lang='lat' dir='ltr'><strong>sum</strong></span> <span class='ocrx_word' id='word_1_308' title='bbox 834 2710 932 2765; x_wconf 90' lang='lat' dir='ltr'><strong>per</strong></span> <span class='ocrx_word' id='word_1_309' title='bbox 960 2695 1194 2751; x_wconf 90' lang='lat' dir='ltr'><strong>electum</strong></span> <span class='ocrx_word' id='word_1_310' title='bbox 1220 2694 1359 2764; x_wconf 88' lang='lat' dir='ltr'><strong>ejus,</strong></span> <span class='ocrx_word' id='word_1_311' title='bbox 1388 2701 1448 2749; x_wconf 92' lang='lat' dir='ltr'><strong>ut</strong></span> <span class='ocrx_word' id='word_1_312' title='bbox 1471 2692 1653 2748; x_wconf 89' lang='lat' dir='ltr'><strong>debita</strong></span> <span class='ocrx_word' id='word_1_313' title='bbox 1681 2690 1810 2746; x_wconf 90' lang='lat' dir='ltr'><strong>mihi</strong></span> <span class='ocrx_word' id='word_1_314' title='bbox 1845 2690 1993 2760; x_wconf 89' lang='lat' dir='ltr'><strong>plura</strong></span> 
     </span>
    </p>
   </div>
   <div class='ocr_carea' id='block_1_44' title="bbox 398 2782 1990 2857">
    <p class='ocr_par' dir='ltr' id='par_1_44' title="bbox 398 2782 1990 2857">
     <span class='ocr_line' id='line_1_44' title="bbox 398 2782 1990 2857; baseline -0.004 -13"><span class='ocrx_word' id='word_1_315' title='bbox 398 2788 728 2855; x_wconf 90' lang='lat' dir='ltr'><strong>dimitteret,</strong></span> <span class='ocrx_word' id='word_1_316' title='bbox 761 2797 819 2843; x_wconf 92' lang='lat' dir='ltr'><strong>ut</strong></span> <span class='ocrx_word' id='word_1_317' title='bbox 848 2787 968 2857; x_wconf 87' lang='lat' dir='ltr'><strong>plus</strong></span> <span class='ocrx_word' id='word_1_318' title='bbox 999 2785 1292 2856; x_wconf 85' lang='lat' dir='ltr'><strong>diligentiae</strong></span> <span class='ocrx_word' id='word_1_319' title='bbox 1336 2786 1617 2841; x_wconf 89' lang='lat' dir='ltr'><strong>absolutus</strong></span> <span class='ocrx_word' id='word_1_320' title='bbox 1657 2782 1990 2838; x_wconf 82' lang='lat' dir='ltr'><strong>exhiberem.</strong></span> 
     </span>
    </p>
   </div>
   <div class='ocr_carea' id='block_1_45' title="bbox 397 2875 1993 2949">
    <p class='ocr_par' dir='ltr' id='par_1_45' title="bbox 397 2875 1993 2949">
     <span class='ocr_line' id='line_1_45' title="bbox 397 2875 1993 2949; baseline -0.005 -12"><span class='ocrx_word' id='word_1_321' title='bbox 397 2880 471 2937; x_wconf 88' lang='lat' dir='ltr'><strong>Et</strong></span> <span class='ocrx_word' id='word_1_322' title='bbox 498 2880 600 2936; x_wconf 90' lang='lat' dir='ltr'><strong>hoc</strong></span> <span class='ocrx_word' id='word_1_323' title='bbox 628 2895 753 2936; x_wconf 90' lang='lat' dir='ltr'><strong>eum</strong></span> <span class='ocrx_word' id='word_1_324' title='bbox 786 2878 1163 2949; x_wconf 72' lang='lat' dir='ltr'><strong>promissionis</strong></span> <span class='ocrx_word' id='word_1_325' title='bbox 1207 2893 1320 2933; x_wconf 71' lang='lat' dir='ltr'><strong>sua:</strong></span> <span class='ocrx_word' id='word_1_326' title='bbox 1364 2875 1726 2947; x_wconf 89' lang='lat' dir='ltr'><strong>chirographo</strong></span> <span class='ocrx_word' id='word_1_327' title='bbox 1763 2881 1819 2930; x_wconf 89' lang='lat' dir='ltr'><strong>et</strong></span> <span class='ocrx_word' id='word_1_328' title='bbox 1845 2881 1993 2929; x_wconf 86' lang='lat' dir='ltr'><strong>easta</strong></span> 
     </span>
    </p>
   </div>
   <div class='ocr_carea' id='block_1_46' title="bbox 399 2968 1997 3044">
    <p class='ocr_par' dir='ltr' id='par_1_46' title="bbox 399 2968 1997 3044">
     <span class='ocr_line' id='line_1_46' title="bbox 399 2968 1997 3044; baseline -0.005 -15"><span class='ocrx_word' id='word_1_329' title='bbox 399 2972 694 3044; x_wconf 83' lang='lat' dir='ltr'><strong>sponsione</strong></span> <span class='ocrx_word' id='word_1_330' title='bbox 740 2973 1097 3038; x_wconf 87' lang='lat' dir='ltr'><strong>conveniens,</strong></span> <span class='ocrx_word' id='word_1_331' title='bbox 1138 2971 1385 3041; x_wconf 88' lang='lat' dir='ltr'><strong>poposci,</strong></span> <span class='ocrx_word' id='word_1_332' title='bbox 1420 2979 1479 3025; x_wconf 89' lang='lat' dir='ltr'><strong>ut</strong></span> <span class='ocrx_word' id='word_1_333' title='bbox 1509 2970 1663 3024; x_wconf 88' lang='lat' dir='ltr'><strong>daret</strong></span> <span class='ocrx_word' id='word_1_334' title='bbox 1700 2968 1861 3023; x_wconf 90' lang='lat' dir='ltr'><strong>etiam</strong></span> <span class='ocrx_word' id='word_1_335' title='bbox 1898 2982 1997 3037; x_wconf 89' lang='lat' dir='ltr'><strong>per</strong></span> 
     </span>
    </p>
   </div>
   <div class='ocr_carea' id='block_1_47' title="bbox 398 3058 1994 3137">
    <p class='ocr_par' dir='ltr' id='par_1_47' title="bbox 398 3058 1994 3137">
     <span class='ocr_line' id='line_1_47' title="bbox 398 3058 1994 3137; baseline -0.006 -16"><span class='ocrx_word' id='word_1_336' title='bbox 398 3075 673 3137; x_wconf 82' lang='lat' dir='ltr'><strong>praecepta</strong></span> <span class='ocrx_word' id='word_1_337' title='bbox 720 3081 818 3122; x_wconf 89' lang='lat' dir='ltr'><strong>sua</strong></span> <span class='ocrx_word' id='word_1_338' title='bbox 863 3064 1078 3119; x_wconf 88' lang='lat' dir='ltr'><strong>amabili</strong></span> <span class='ocrx_word' id='word_1_339' title='bbox 1118 3063 1408 3119; x_wconf 90' lang='lat' dir='ltr'><strong>devotione</strong></span> <span class='ocrx_word' id='word_1_340' title='bbox 1454 3076 1542 3117; x_wconf 90' lang='lat' dir='ltr'><strong>me</strong></span> <span class='ocrx_word' id='word_1_341' title='bbox 1578 3074 1837 3115; x_wconf 88' lang='lat' dir='ltr'><strong>currere:</strong></span> <span class='ocrx_word' id='word_1_342' title='bbox 1870 3058 1994 3129; x_wconf 91' lang='lat' dir='ltr'><strong>quia</strong></span> 
     </span>
    </p>
   </div>
   <div class='ocr_carea' id='block_1_48' title="bbox 402 3149 1994 3236">
    <p class='ocr_par' dir='ltr' id='par_1_48' title="bbox 402 3149 1994 3236">
     <span class='ocr_line' id='line_1_48' title="bbox 402 3149 1994 3236; baseline -0.007 -23"><span class='ocrx_word' id='word_1_343' title='bbox 402 3172 527 3214; x_wconf 89' lang='lat' dir='ltr'><strong>cum</strong></span> <span class='ocrx_word' id='word_1_344' title='bbox 555 3158 626 3211; x_wconf 91' lang='lat' dir='ltr'><strong>sit</strong></span> <span class='ocrx_word' id='word_1_345' title='bbox 655 3156 820 3236; x_wconf 69' lang='lat' dir='ltr'><strong>illius,</strong></span> <span class='ocrx_word' id='word_1_346' title='bbox 851 3154 997 3224; x_wconf 90' lang='lat' dir='ltr'><strong>quod</strong></span> <span class='ocrx_word' id='word_1_347' title='bbox 1026 3168 1303 3219; x_wconf 89' lang='lat' dir='ltr'><strong>vocamur,</strong></span> <span class='ocrx_word' id='word_1_348' title='bbox 1332 3153 1476 3208; x_wconf 87' lang='lat' dir='ltr'><strong>illius</strong></span> <span class='ocrx_word' id='word_1_349' title='bbox 1515 3150 1662 3222; x_wconf 89' lang='lat' dir='ltr'><strong>quod</strong></span> <span class='ocrx_word' id='word_1_350' title='bbox 1692 3149 1869 3205; x_wconf 86' lang='lat' dir='ltr'><strong>vocati</strong></span> <span class='ocrx_word' id='word_1_351' title='bbox 1900 3163 1994 3203; x_wconf 91' lang='lat' dir='ltr'><strong>ac-</strong></span> 
     </span>
    </p>
   </div>
   <div class='ocr_carea' id='block_1_49' title="bbox 2098 1950 3686 2022">
    <p class='ocr_par' dir='ltr' id='par_1_49' title="bbox 2098 1950 3686 2022">
     <span class='ocr_line' id='line_1_49' title="bbox 2098 1950 3686 2022; baseline -0.002 -14"><span class='ocrx_word' id='word_1_352' title='bbox 2098 1952 2247 2009; x_wconf 89' lang='lat' dir='ltr'><strong>dium</strong></span> <span class='ocrx_word' id='word_1_353' title='bbox 2285 1951 2523 2007; x_wconf 91' lang='lat' dir='ltr'><strong>tribuere</strong></span> <span class='ocrx_word' id='word_1_354' title='bbox 2561 1951 2731 2022; x_wconf 86' lang='lat' dir='ltr'><strong>possit</strong></span> <span class='ocrx_word' id='word_1_355' title='bbox 2764 1951 3084 2007; x_wconf 87' lang='lat' dir='ltr'><strong>adversitas.</strong></span> <span class='ocrx_word' id='word_1_356' title='bbox 3118 1950 3196 2006; x_wconf 83' lang='lat' dir='ltr'><strong>Ne</strong></span> <span class='ocrx_word' id='word_1_357' title='bbox 3234 1950 3374 2006; x_wconf 91' lang='lat' dir='ltr'><strong>inter</strong></span> <span class='ocrx_word' id='word_1_358' title='bbox 3409 1961 3686 2021; x_wconf 89' lang='lat' dir='ltr'><strong>parentes,</strong></span> 
     </span>
    </p>
   </div>
   <div class='ocr_carea' id='block_1_50' title="bbox 2097 2042 3693 2115">
    <p class='ocr_par' dir='ltr' id='par_1_50' title="bbox 2097 2042 3693 2115">
     <span class='ocr_line' id='line_1_50' title="bbox 2097 2042 3693 2115; baseline 0.002 -18"><span class='ocrx_word' id='word_1_359' title='bbox 2097 2044 2239 2115; x_wconf 89' lang='lat' dir='ltr'><strong>quod</strong></span> <span class='ocrx_word' id='word_1_360' title='bbox 2269 2053 2354 2100; x_wconf 90' lang='lat' dir='ltr'><strong>est</strong></span> <span class='ocrx_word' id='word_1_361' title='bbox 2381 2042 2712 2114; x_wconf 90' lang='lat' dir='ltr'><strong>captivitatis</strong></span> <span class='ocrx_word' id='word_1_362' title='bbox 2738 2053 2884 2099; x_wconf 88' lang='lat' dir='ltr'><strong>sorte</strong></span> <span class='ocrx_word' id='word_1_363' title='bbox 2913 2044 3172 2107; x_wconf 89' lang='lat' dir='ltr'><strong>amarius,</strong></span> <span class='ocrx_word' id='word_1_364' title='bbox 3207 2042 3445 2099; x_wconf 90' lang='lat' dir='ltr'><strong>subsidia</strong></span> <span class='ocrx_word' id='word_1_365' title='bbox 3470 2042 3693 2100; x_wconf 86' lang='lat' dir='ltr'><strong>vivendi</strong></span> 
     </span>
    </p>
   </div>
   <div class='ocr_carea' id='block_1_51' title="bbox 2097 2136 3694 2207">
    <p class='ocr_par' dir='ltr' id='par_1_51' title="bbox 2097 2136 3694 2207">
     <span class='ocr_line' id='line_1_51' title="bbox 2097 2136 3694 2207; baseline 0.002 -16"><span class='ocrx_word' id='word_1_366' title='bbox 2097 2136 2236 2192; x_wconf 89' lang='lat' dir='ltr'><strong>liber</strong></span> <span class='ocrx_word' id='word_1_367' title='bbox 2300 2151 2617 2207; x_wconf 88' lang='lat' dir='ltr'><strong>poscerem,</strong></span> <span class='ocrx_word' id='word_1_368' title='bbox 2668 2137 2944 2206; x_wconf 81' lang='lat' dir='ltr'><strong>extemplo</strong></span> <span class='ocrx_word' id='word_1_369' title='bbox 3010 2137 3312 2206; x_wconf 76' lang='lat' dir='ltr'><strong>porrexisti</strong></span> <span class='ocrx_word' id='word_1_370' title='bbox 3374 2144 3694 2194; x_wconf 86' lang='lat' dir='ltr'><strong>consuetam</strong></span> 
     </span>
    </p>
   </div>
   <div class='ocr_carea' id='block_1_52' title="bbox 2098 2230 3695 2299">
    <p class='ocr_par' dir='ltr' id='par_1_52' title="bbox 2098 2230 3695 2299">
     <span class='ocr_line' id='line_1_52' title="bbox 2098 2230 3695 2299; baseline 0.001 -14"><span class='ocrx_word' id='word_1_371' title='bbox 2098 2230 2409 2299; x_wconf 78' lang='lat' dir='ltr'><strong>dexteram,</strong></span> <span class='ocrx_word' id='word_1_372' title='bbox 2437 2232 2679 2287; x_wconf 90' lang='lat' dir='ltr'><strong>defensio</strong></span> <span class='ocrx_word' id='word_1_373' title='bbox 2710 2246 2862 2297; x_wconf 87' lang='lat' dir='ltr'><strong>mea;</strong></span> <span class='ocrx_word' id='word_1_374' title='bbox 2894 2240 2949 2287; x_wconf 92' lang='lat' dir='ltr'><strong>et</strong></span> <span class='ocrx_word' id='word_1_375' title='bbox 2989 2230 3209 2287; x_wconf 90' lang='lat' dir='ltr'><strong>domum</strong></span> <span class='ocrx_word' id='word_1_376' title='bbox 3255 2245 3421 2287; x_wconf 91' lang='lat' dir='ltr'><strong>censu</strong></span> <span class='ocrx_word' id='word_1_377' title='bbox 3461 2240 3517 2287; x_wconf 90' lang='lat' dir='ltr'><strong>et</strong></span> <span class='ocrx_word' id='word_1_378' title='bbox 3562 2231 3695 2288; x_wconf 80' lang='lat' dir='ltr'><strong>reli-</strong></span> 
     </span>
    </p>
   </div>
   <div class='ocr_carea' id='block_1_53' title="bbox 2096 2324 3692 2395">
    <p class='ocr_par' dir='ltr' id='par_1_53' title="bbox 2096 2324 3692 2395">
     <span class='ocr_line' id='line_1_53' title="bbox 2096 2324 3692 2395; baseline 0.001 -16"><span class='ocrx_word' id='word_1_379' title='bbox 2096 2326 2254 2395; x_wconf 90' lang='lat' dir='ltr'><strong>gione</strong></span> <span class='ocrx_word' id='word_1_380' title='bbox 2281 2324 2640 2395; x_wconf 60' lang='lat' dir='ltr'><strong>pradivitem,</strong></span> <span class='ocrx_word' id='word_1_381' title='bbox 2670 2333 2728 2380; x_wconf 91' lang='lat' dir='ltr'><strong>ut</strong></span> <span class='ocrx_word' id='word_1_382' title='bbox 2755 2324 3006 2381; x_wconf 88' lang='lat' dir='ltr'><strong>solatium</strong></span> <span class='ocrx_word' id='word_1_383' title='bbox 3035 2339 3217 2380; x_wconf 92' lang='lat' dir='ltr'><strong>meum</strong></span> <span class='ocrx_word' id='word_1_384' title='bbox 3246 2338 3357 2379; x_wconf 89' lang='lat' dir='ltr'><strong>non</strong></span> <span class='ocrx_word' id='word_1_385' title='bbox 3385 2332 3692 2392; x_wconf 84' lang='lat' dir='ltr'><strong>respueret,</strong></span> 
     </span>
    </p>
   </div>
   <div class='ocr_carea' id='block_1_54' title="bbox 2096 2414 3695 2487">
    <p class='ocr_par' dir='ltr' id='par_1_54' title="bbox 2096 2414 3695 2487">
     <span class='ocr_line' id='line_1_54' title="bbox 2096 2414 3695 2487; baseline -0.002 -14"><span class='ocrx_word' id='word_1_386' title='bbox 2096 2417 2426 2487; x_wconf 91' lang='lat' dir='ltr'><strong>compulisti.</strong></span> <span class='ocrx_word' id='word_1_387' title='bbox 2461 2417 2688 2487; x_wconf 86' lang='lat' dir='ltr'><strong>Poposci</strong></span> <span class='ocrx_word' id='word_1_388' title='bbox 2726 2417 2779 2471; x_wconf 89' lang='lat' dir='ltr'><strong>in</strong></span> <span class='ocrx_word' id='word_1_389' title='bbox 2823 2414 3226 2472; x_wconf 87' lang='lat' dir='ltr'><strong>matrimonium</strong></span> <span class='ocrx_word' id='word_1_390' title='bbox 3266 2414 3549 2485; x_wconf 85' lang='lat' dir='ltr'><strong>cujusdam</strong></span> <span class='ocrx_word' id='word_1_391' title='bbox 3594 2430 3695 2470; x_wconf 86' lang='lat' dir='ltr'><strong>no-</strong></span> 
     </span>
    </p>
   </div>
   <div class='ocr_carea' id='block_1_55' title="bbox 2097 2507 3694 2580">
    <p class='ocr_par' dir='ltr' id='par_1_55' title="bbox 2097 2507 3694 2580">
     <span class='ocr_line' id='line_1_55' title="bbox 2097 2507 3694 2580; baseline -0.003 -12"><span class='ocrx_word' id='word_1_392' title='bbox 2097 2512 2375 2569; x_wconf 68' lang='lat' dir='ltr'><strong>bilissima:</strong></span> <span class='ocrx_word' id='word_1_393' title='bbox 2400 2519 2457 2567; x_wconf 91' lang='lat' dir='ltr'><strong>et</strong></span> <span class='ocrx_word' id='word_1_394' title='bbox 2485 2512 2581 2566; x_wconf 91' lang='lat' dir='ltr'><strong>tibi</strong></span> <span class='ocrx_word' id='word_1_395' title='bbox 2611 2511 2751 2567; x_wconf 88' lang='lat' dir='ltr'><strong>bene</strong></span> <span class='ocrx_word' id='word_1_396' title='bbox 2776 2517 3071 2580; x_wconf 65' lang='lat' dir='ltr'><strong>comperta;</strong></span> <span class='ocrx_word' id='word_1_397' title='bbox 3101 2507 3378 2578; x_wconf 86' lang='lat' dir='ltr'><strong>parvulam</strong></span> <span class='ocrx_word' id='word_1_398' title='bbox 3424 2508 3652 2563; x_wconf 82' lang='lat' dir='ltr'><strong>filiolam</strong></span> <span class='ocrx_word' id='word_1_399' title='bbox 3678 2525 3694 2564; x_wconf 90' lang='lat'><strong>:</strong></span> 
     </span>
    </p>
   </div>
   <div class='ocr_carea' id='block_1_56' title="bbox 2097 2601 3695 2675">
    <p class='ocr_par' dir='ltr' id='par_1_56' title="bbox 2097 2601 3695 2675">
     <span class='ocr_line' id='line_1_56' title="bbox 2097 2601 3695 2675; baseline -0.003 -15"><span class='ocrx_word' id='word_1_400' title='bbox 2097 2606 2366 2675; x_wconf 84' lang='lat' dir='ltr'><strong>protinus,</strong></span> <span class='ocrx_word' id='word_1_401' title='bbox 2396 2613 2448 2660; x_wconf 93' lang='lat' dir='ltr'><strong>te</strong></span> <span class='ocrx_word' id='word_1_402' title='bbox 2475 2612 2536 2659; x_wconf 86' lang='lat' dir='ltr'><strong>ut</strong></span> <span class='ocrx_word' id='word_1_403' title='bbox 2571 2604 2639 2659; x_wconf 90' lang='lat' dir='ltr'><strong>ad</strong></span> <span class='ocrx_word' id='word_1_404' title='bbox 2671 2614 2723 2659; x_wconf 87' lang='lat' dir='ltr'><strong>te</strong></span> <span class='ocrx_word' id='word_1_405' title='bbox 2765 2603 2980 2659; x_wconf 90' lang='lat' dir='ltr'><strong>veniret</strong></span> <span class='ocrx_word' id='word_1_406' title='bbox 3017 2610 3363 2672; x_wconf 86' lang='lat' dir='ltr'><strong>procurante,</strong></span> <span class='ocrx_word' id='word_1_407' title='bbox 3391 2602 3548 2672; x_wconf 89' lang='lat' dir='ltr'><strong>quasi</strong></span> <span class='ocrx_word' id='word_1_408' title='bbox 3593 2601 3695 2657; x_wconf 88' lang='lat' dir='ltr'><strong>hoc</strong></span> 
     </span>
    </p>
   </div>
   <div class='ocr_carea' id='block_1_57' title="bbox 2096 2693 3695 2769">
    <p class='ocr_par' dir='ltr' id='par_1_57' title="bbox 2096 2693 3695 2769">
     <span class='ocr_line' id='line_1_57' title="bbox 2096 2693 3695 2769; baseline -0.003 -15"><span class='ocrx_word' id='word_1_409' title='bbox 2096 2713 2128 2754; x_wconf 88' lang='lat' dir='ltr'><strong>a</strong></span> <span class='ocrx_word' id='word_1_410' title='bbox 2169 2714 2257 2755; x_wconf 92' lang='lat' dir='ltr'><strong>me</strong></span> <span class='ocrx_word' id='word_1_411' title='bbox 2302 2701 2506 2769; x_wconf 90' lang='lat' dir='ltr'><strong>sperari</strong></span> <span class='ocrx_word' id='word_1_412' title='bbox 2556 2697 2865 2765; x_wconf 89' lang='lat' dir='ltr'><strong>debuisset,</strong></span> <span class='ocrx_word' id='word_1_413' title='bbox 2915 2703 3222 2767; x_wconf 89' lang='lat' dir='ltr'><strong>exceptus:</strong></span> <span class='ocrx_word' id='word_1_414' title='bbox 3275 2696 3503 2751; x_wconf 88' lang='lat' dir='ltr'><strong>contulit</strong></span> <span class='ocrx_word' id='word_1_415' title='bbox 3559 2693 3695 2750; x_wconf 86' lang='lat' dir='ltr'><strong>mihi</strong></span> 
     </span>
    </p>
   </div>
   <div class='ocr_carea' id='block_1_58' title="bbox 2096 2788 3696 2864">
    <p class='ocr_par' dir='ltr' id='par_1_58' title="bbox 2096 2788 3696 2864">
     <span class='ocr_line' id='line_1_58' title="bbox 2096 2788 3696 2864; baseline -0.001 -17"><span class='ocrx_word' id='word_1_416' title='bbox 2096 2793 2424 2864; x_wconf 90' lang='lat' dir='ltr'><strong>placentium</strong></span> <span class='ocrx_word' id='word_1_417' title='bbox 2465 2792 2559 2848; x_wconf 89' lang='lat' dir='ltr'><strong>tibi</strong></span> <span class='ocrx_word' id='word_1_418' title='bbox 2607 2790 2971 2856; x_wconf 92' lang='lat' dir='ltr'><strong>consortium,</strong></span> <span class='ocrx_word' id='word_1_419' title='bbox 3004 2799 3058 2846; x_wconf 92' lang='lat' dir='ltr'><strong>et</strong></span> <span class='ocrx_word' id='word_1_420' title='bbox 3085 2799 3144 2846; x_wconf 91' lang='lat' dir='ltr'><strong>ut</strong></span> <span class='ocrx_word' id='word_1_421' title='bbox 3179 2789 3453 2847; x_wconf 89' lang='lat' dir='ltr'><strong>alimentis</strong></span> <span class='ocrx_word' id='word_1_422' title='bbox 3496 2788 3696 2845; x_wconf 82' lang='lat' dir='ltr'><strong>afﬂue-</strong></span> 
     </span>
    </p>
   </div>
   <div class='ocr_carea' id='block_1_59' title="bbox 2098 2880 3691 2955">
    <p class='ocr_par' dir='ltr' id='par_1_59' title="bbox 2098 2880 3691 2955">
     <span class='ocr_line' id='line_1_59' title="bbox 2098 2880 3691 2955; baseline -0.005 -13"><span class='ocrx_word' id='word_1_423' title='bbox 2098 2901 2245 2955; x_wconf 88' lang='lat' dir='ltr'><strong>rem,</strong></span> <span class='ocrx_word' id='word_1_424' title='bbox 2285 2896 2340 2942; x_wconf 90' lang='lat' dir='ltr'><strong>et</strong></span> <span class='ocrx_word' id='word_1_425' title='bbox 2367 2885 2436 2941; x_wconf 91' lang='lat' dir='ltr'><strong>ad</strong></span> <span class='ocrx_word' id='word_1_426' title='bbox 2463 2886 2728 2941; x_wconf 91' lang='lat' dir='ltr'><strong>culturam</strong></span> <span class='ocrx_word' id='word_1_427' title='bbox 2766 2894 2912 2941; x_wconf 90' lang='lat' dir='ltr'><strong>tuam</strong></span> <span class='ocrx_word' id='word_1_428' title='bbox 2951 2885 3157 2955; x_wconf 87' lang='lat' dir='ltr'><strong>fugiens</strong></span> <span class='ocrx_word' id='word_1_429' title='bbox 3196 2883 3533 2939; x_wconf 78' lang='lat' dir='ltr'><strong>infidelitatis</strong></span> <span class='ocrx_word' id='word_1_430' title='bbox 3588 2880 3691 2936; x_wconf 87' lang='lat' dir='ltr'><strong>ob-</strong></span> 
     </span>
    </p>
   </div>
   <div class='ocr_carea' id='block_1_60' title="bbox 2097 2973 3687 3048">
    <p class='ocr_par' dir='ltr' id='par_1_60' title="bbox 2097 2973 3687 3048">
     <span class='ocr_line' id='line_1_60' title="bbox 2097 2973 3687 3048; baseline -0.007 -11"><span class='ocrx_word' id='word_1_431' title='bbox 2097 2993 2256 3037; x_wconf 85' lang='lat' dir='ltr'><strong>scura</strong></span> <span class='ocrx_word' id='word_1_432' title='bbox 2297 2992 2684 3045; x_wconf 91' lang='lat' dir='ltr'><strong>eommearem,</strong></span> <span class='ocrx_word' id='word_1_433' title='bbox 2729 2992 2864 3048; x_wconf 89' lang='lat' dir='ltr'><strong>pene</strong></span> <span class='ocrx_word' id='word_1_434' title='bbox 2912 2986 3036 3033; x_wconf 91' lang='lat' dir='ltr'><strong>ante</strong></span> <span class='ocrx_word' id='word_1_435' title='bbox 3079 2976 3410 3048; x_wconf 83' lang='lat' dir='ltr'><strong>agnitionem</strong></span> <span class='ocrx_word' id='word_1_436' title='bbox 3457 2973 3687 3031; x_wconf 87' lang='lat' dir='ltr'><strong>desola-</strong></span> 
     </span>
    </p>
   </div>
   <div class='ocr_carea' id='block_1_61' title="bbox 2098 3069 3687 3140">
    <p class='ocr_par' dir='ltr' id='par_1_61' title="bbox 2098 3069 3687 3140">
     <span class='ocr_line' id='line_1_61' title="bbox 2098 3069 3687 3140; baseline -0.004 -14"><span class='ocrx_word' id='word_1_437' title='bbox 2098 3072 2261 3127; x_wconf 89' lang='lat' dir='ltr'><strong>tionis</strong></span> <span class='ocrx_word' id='word_1_438' title='bbox 2308 3087 2475 3138; x_wconf 69' lang='lat' dir='ltr'><strong>metu,</strong></span> <span class='ocrx_word' id='word_1_439' title='bbox 2523 3078 2808 3139; x_wconf 57' lang='lat' dir='ltr'><strong>coeperunt</strong></span> <span class='ocrx_word' id='word_1_440' title='bbox 2856 3070 2987 3125; x_wconf 90' lang='lat' dir='ltr'><strong>mihi</strong></span> <span class='ocrx_word' id='word_1_441' title='bbox 3038 3069 3315 3140; x_wconf 88' lang='lat' dir='ltr'><strong>largienda</strong></span> <span class='ocrx_word' id='word_1_442' title='bbox 3369 3075 3687 3138; x_wconf 88' lang='lat' dir='ltr'><strong>suppetere.</strong></span> 
     </span>
    </p>
   </div>
   <div class='ocr_carea' id='block_1_62' title="bbox 2098 3158 3697 3234">
    <p class='ocr_par' dir='ltr' id='par_1_62' title="bbox 2098 3158 3697 3234">
     <span class='ocr_line' id='line_1_62' title="bbox 2098 3158 3697 3234; baseline -0.004 -14"><span class='ocrx_word' id='word_1_443' title='bbox 2098 3164 2250 3220; x_wconf 89' lang='lat' dir='ltr'><strong>Tunc</strong></span> <span class='ocrx_word' id='word_1_444' title='bbox 2280 3163 2509 3234; x_wconf 88' lang='lat' dir='ltr'><strong>primum</strong></span> <span class='ocrx_word' id='word_1_445' title='bbox 2540 3178 2604 3220; x_wconf 88' lang='lat' dir='ltr'><strong>ex</strong></span> <span class='ocrx_word' id='word_1_446' title='bbox 2646 3162 2895 3219; x_wconf 90' lang='lat' dir='ltr'><strong>mendico</strong></span> <span class='ocrx_word' id='word_1_447' title='bbox 2932 3163 2988 3217; x_wconf 88' lang='lat' dir='ltr'><strong>in</strong></span> <span class='ocrx_word' id='word_1_448' title='bbox 3027 3177 3209 3233; x_wconf 86' lang='lat' dir='ltr'><strong>regem</strong></span> <span class='ocrx_word' id='word_1_449' title='bbox 3255 3168 3513 3228; x_wconf 87' lang='lat' dir='ltr'><strong>mutatus,</strong></span> <span class='ocrx_word' id='word_1_450' title='bbox 3546 3158 3697 3214; x_wconf 63' lang='grc' dir='ltr'><strong>διαί.</strong></span> 
     </span>
    </p>
   </div>
   <div class='ocr_carea' id='block_1_63' title="bbox 402 3242 1996 3324">
    <p class='ocr_par' dir='ltr' id='par_1_63' title="bbox 402 3246 1990 3319">
     <span class='ocr_line' id='line_1_63' title="bbox 402 3246 1990 3319; baseline -0.003 -16"><span class='ocrx_word' id='word_1_451' title='bbox 402 3248 751 3319; x_wconf 90' lang='lat' dir='ltr'><strong>quiescimus,</strong></span> <span class='ocrx_word' id='word_1_452' title='bbox 781 3262 812 3301; x_wconf 89' lang='lat' dir='ltr'><strong>a</strong></span> <span class='ocrx_word' id='word_1_453' title='bbox 839 3246 997 3302; x_wconf 88' lang='lat' dir='ltr'><strong>nobis</strong></span> <span class='ocrx_word' id='word_1_454' title='bbox 1025 3255 1279 3316; x_wconf 88' lang='lat' dir='ltr'><strong>tanquam</strong></span> <span class='ocrx_word' id='word_1_455' title='bbox 1304 3246 1410 3300; x_wconf 88' lang='lat' dir='ltr'><strong>sint</strong></span> <span class='ocrx_word' id='word_1_456' title='bbox 1438 3253 1555 3299; x_wconf 90' lang='lat' dir='ltr'><strong>orta</strong></span> <span class='ocrx_word' id='word_1_457' title='bbox 1600 3252 1952 3298; x_wconf 80' lang='lat' dir='ltr'><strong>munerantur</strong></span> <span class='ocrx_word' id='word_1_458' title='bbox 1977 3260 1990 3298; x_wconf 89' lang='lat'><strong>:</strong></span> 
     </span>
    </p>
   </div>
   <div class='ocr_carea' id='block_1_64' title="bbox 2100 3242 3697 3324">
    <p class='ocr_par' dir='ltr' id='par_1_64' title="bbox 2100 3250 3697 3324">
     <span class='ocr_line' id='line_1_64' title="bbox 2100 3250 3697 3324; baseline -0.006 -12"><span class='ocrx_word' id='word_1_459' title='bbox 2100 3266 2307 3313; x_wconf 90' lang='lat' dir='ltr'><strong>ctorum</strong></span> <span class='ocrx_word' id='word_1_460' title='bbox 2350 3256 2557 3312; x_wconf 92' lang='lat' dir='ltr'><strong>orditus</strong></span> <span class='ocrx_word' id='word_1_461' title='bbox 2586 3271 2705 3311; x_wconf 91' lang='lat' dir='ltr'><strong>sum</strong></span> <span class='ocrx_word' id='word_1_462' title='bbox 2743 3255 2881 3311; x_wconf 90' lang='lat' dir='ltr'><strong>mala</strong></span> <span class='ocrx_word' id='word_1_463' title='bbox 2924 3253 3194 3319; x_wconf 86' lang='lat' dir='ltr'><strong>deridere,</strong></span> <span class='ocrx_word' id='word_1_464' title='bbox 3220 3261 3276 3309; x_wconf 86' lang='lat' dir='ltr'><strong>et</strong></span> <span class='ocrx_word' id='word_1_465' title='bbox 3319 3250 3472 3324; x_wconf 89' lang='lat' dir='ltr'><strong>quasi</strong></span> <span class='ocrx_word' id='word_1_466' title='bbox 3509 3250 3697 3306; x_wconf 87' lang='lat' dir='ltr'><strong>debita</strong></span> 
     </span>
    </p>
   </div>
   <div class='ocr_carea' id='block_1_65' title="bbox 402 3336 1999 3409">
    <p class='ocr_par' dir='ltr' id='par_1_65' title="bbox 402 3336 1999 3409">
     <span class='ocr_line' id='line_1_65' title="bbox 402 3336 1999 3409; baseline -0.004 -12"><span class='ocrx_word' id='word_1_467' title='bbox 402 3350 460 3397; x_wconf 91' lang='lat' dir='ltr'><strong>et</strong></span> <span class='ocrx_word' id='word_1_468' title='bbox 488 3340 625 3396; x_wconf 90' lang='lat' dir='ltr'><strong>velle</strong></span> <span class='ocrx_word' id='word_1_469' title='bbox 650 3348 829 3406; x_wconf 86' lang='lat' dir='ltr'><strong>recta,</strong></span> <span class='ocrx_word' id='word_1_470' title='bbox 859 3346 915 3395; x_wconf 89' lang='lat' dir='ltr'><strong>et.</strong></span> <span class='ocrx_word' id='word_1_471' title='bbox 942 3337 1205 3408; x_wconf 84' lang='lat' dir='ltr'><strong>perlicere</strong></span> <span class='ocrx_word' id='word_1_472' title='bbox 1232 3337 1351 3409; x_wconf 89' lang='lat' dir='ltr'><strong>ipse</strong></span> <span class='ocrx_word' id='word_1_473' title='bbox 1378 3336 1614 3408; x_wconf 87' lang='lat' dir='ltr'><strong>suggerit</strong></span> <span class='ocrx_word' id='word_1_474' title='bbox 1639 3354 1651 3389; x_wconf 88' lang='lat'><strong>:</strong></span> <span class='ocrx_word' id='word_1_475' title='bbox 1684 3343 1863 3391; x_wconf 91' lang='lat' dir='ltr'><strong>tamen</strong></span> <span class='ocrx_word' id='word_1_476' title='bbox 1898 3349 1999 3390; x_wconf 91' lang='lat' dir='ltr'><strong>ceu</strong></span> 
     </span>
    </p>
   </div>
   <div class='ocr_carea' id='block_1_66' title="bbox 403 3427 2001 3505">
    <p class='ocr_par' dir='ltr' id='par_1_66' title="bbox 403 3427 2001 3505">
     <span class='ocr_line' id='line_1_66' title="bbox 403 3427 2001 3505; baseline -0.004 -16"><span class='ocrx_word' id='word_1_477' title='bbox 403 3447 506 3505; x_wconf 89' lang='lat' dir='ltr'><strong>pro</strong></span> <span class='ocrx_word' id='word_1_478' title='bbox 535 3442 719 3489; x_wconf 78' lang='lat' dir='ltr'><strong>nOStra</strong></span> <span class='ocrx_word' id='word_1_479' title='bbox 756 3432 1026 3488; x_wconf 90' lang='lat' dir='ltr'><strong>obnoxius</strong></span> <span class='ocrx_word' id='word_1_480' title='bbox 1055 3430 1348 3486; x_wconf 90' lang='lat' dir='ltr'><strong>devotione</strong></span> <span class='ocrx_word' id='word_1_481' title='bbox 1388 3429 1480 3484; x_wconf 89' lang='lat' dir='ltr'><strong>dat</strong></span> <span class='ocrx_word' id='word_1_482' title='bbox 1523 3428 1824 3499; x_wconf 75' lang='lat' dir='ltr'><strong>prmmium.</strong></span> <span class='ocrx_word' id='word_1_483' title='bbox 1867 3427 2001 3483; x_wconf 88' lang='lat' dir='ltr'><strong>Pro-</strong></span> 
     </span>
    </p>
   </div>
   <div class='ocr_carea' id='block_1_67' title="bbox 405 3520 1999 3592">
    <p class='ocr_par' dir='ltr' id='par_1_67' title="bbox 405 3520 1999 3592">
     <span class='ocr_line' id='line_1_67' title="bbox 405 3520 1999 3592; baseline -0.004 -11"><span class='ocrx_word' id='word_1_484' title='bbox 405 3526 532 3581; x_wconf 90' lang='lat' dir='ltr'><strong>misi</strong></span> <span class='ocrx_word' id='word_1_485' title='bbox 562 3526 758 3592; x_wconf 85' lang='lat' dir='ltr'><strong>etiam,</strong></span> <span class='ocrx_word' id='word_1_486' title='bbox 797 3525 843 3579; x_wconf 89' lang='lat' dir='ltr'><strong>si</strong></span> <span class='ocrx_word' id='word_1_487' title='bbox 872 3523 1116 3578; x_wconf 88' lang='lat' dir='ltr'><strong>elarioris</strong></span> <span class='ocrx_word' id='word_1_488' title='bbox 1154 3522 1318 3579; x_wconf 92' lang='lat' dir='ltr'><strong>studii</strong></span> <span class='ocrx_word' id='word_1_489' title='bbox 1347 3537 1435 3578; x_wconf 92' lang='lat' dir='ltr'><strong>me</strong></span> <span class='ocrx_word' id='word_1_490' title='bbox 1466 3537 1561 3592; x_wconf 88' lang='lat' dir='ltr'><strong>per</strong></span> <span class='ocrx_word' id='word_1_491' title='bbox 1592 3520 1816 3592; x_wconf 88' lang='lat' dir='ltr'><strong>gratiam</strong></span> <span class='ocrx_word' id='word_1_492' title='bbox 1847 3534 1999 3575; x_wconf 90' lang='lat' dir='ltr'><strong>suam</strong></span> 
     </span>
    </p>
   </div>
   <div class='ocr_carea' id='block_1_68' title="bbox 407 3609 1997 3683">
    <p class='ocr_par' dir='ltr' id='par_1_68' title="bbox 407 3609 1997 3683">
     <span class='ocr_line' id='line_1_68' title="bbox 407 3609 1997 3683; baseline -0.004 -12"><span class='ocrx_word' id='word_1_493' title='bbox 407 3615 636 3671; x_wconf 85' lang='lat' dir='ltr'><strong>donaret</strong></span> <span class='ocrx_word' id='word_1_494' title='bbox 663 3614 947 3679; x_wconf 75' lang='lat' dir='ltr'><strong>affectum,</strong></span> <span class='ocrx_word' id='word_1_495' title='bbox 980 3612 1050 3668; x_wconf 89' lang='lat' dir='ltr'><strong>de</strong></span> <span class='ocrx_word' id='word_1_496' title='bbox 1090 3627 1253 3667; x_wconf 91' lang='lat' dir='ltr'><strong>manu</strong></span> <span class='ocrx_word' id='word_1_497' title='bbox 1300 3611 1497 3683; x_wconf 63' lang='lat' dir='ltr'><strong>linguae</strong></span> <span class='ocrx_word' id='word_1_498' title='bbox 1540 3626 1679 3667; x_wconf 84' lang='lat' dir='ltr'><strong>meae</strong></span> <span class='ocrx_word' id='word_1_499' title='bbox 1716 3609 1997 3667; x_wconf 89' lang='lat' dir='ltr'><strong>confessio</strong></span> 
     </span>
    </p>
   </div>
   <div class='ocr_carea' id='block_1_69' title="bbox 407 3704 2001 3779">
    <p class='ocr_par' dir='ltr' id='par_1_69' title="bbox 407 3704 2001 3779">
     <span class='ocr_line' id='line_1_69' title="bbox 407 3704 2001 3779; baseline -0.002 -16"><span class='ocrx_word' id='word_1_500' title='bbox 407 3709 515 3766; x_wconf 89' lang='lat' dir='ltr'><strong>ista</strong></span> <span class='ocrx_word' id='word_1_501' title='bbox 559 3707 904 3779; x_wconf 69' lang='lat' dir='ltr'><strong>procederetf,</strong></span> <span class='ocrx_word' id='word_1_502' title='bbox 936 3706 1005 3763; x_wconf 93' lang='lat' dir='ltr'><strong>de</strong></span> <span class='ocrx_word' id='word_1_503' title='bbox 1040 3706 1355 3763; x_wconf 91' lang='lat' dir='ltr'><strong>muneribus</strong></span> <span class='ocrx_word' id='word_1_504' title='bbox 1394 3707 1559 3777; x_wconf 89' lang='lat' dir='ltr'><strong>ipsius</strong></span> <span class='ocrx_word' id='word_1_505' title='bbox 1602 3704 1859 3777; x_wconf 89' lang='lat' dir='ltr'><strong>ingenioli</strong></span> <span class='ocrx_word' id='word_1_506' title='bbox 1894 3704 2001 3761; x_wconf 91' lang='lat' dir='ltr'><strong>mei</strong></span> 
     </span>
    </p>
   </div>
   <div class='ocr_carea' id='block_1_70' title="bbox 410 3798 2003 3874">
    <p class='ocr_par' dir='ltr' id='par_1_70' title="bbox 410 3798 2003 3874">
     <span class='ocr_line' id='line_1_70' title="bbox 410 3798 2003 3874; baseline -0.004 -13"><span class='ocrx_word' id='word_1_507' title='bbox 410 3804 586 3861; x_wconf 89' lang='lat' dir='ltr'><strong>eidem</strong></span> <span class='ocrx_word' id='word_1_508' title='bbox 629 3803 841 3874; x_wconf 89' lang='lat' dir='ltr'><strong>adipem</strong></span> <span class='ocrx_word' id='word_1_509' title='bbox 886 3804 1129 3869; x_wconf 89' lang='lat' dir='ltr'><strong>litarem;</strong></span> <span class='ocrx_word' id='word_1_510' title='bbox 1172 3812 1233 3858; x_wconf 91' lang='lat' dir='ltr'><strong>ut</strong></span> <span class='ocrx_word' id='word_1_511' title='bbox 1270 3817 1543 3873; x_wconf 91' lang='lat' dir='ltr'><strong>nunquam</strong></span> <span class='ocrx_word' id='word_1_512' title='bbox 1594 3801 1718 3872; x_wconf 85' lang='lat' dir='ltr'><strong>styli</strong></span> <span class='ocrx_word' id='word_1_513' title='bbox 1760 3814 1888 3856; x_wconf 91' lang='lat' dir='ltr'><strong>cura</strong></span> <span class='ocrx_word' id='word_1_514' title='bbox 1932 3798 2003 3855; x_wconf 86' lang='lat' dir='ltr'><strong>de</strong></span> 
     </span>
    </p>
   </div>
   <div class='ocr_carea' id='block_1_71' title="bbox 409 3894 1997 3955">
    <p class='ocr_par' dir='ltr' id='par_1_71' title="bbox 409 3894 1997 3955">
     <span class='ocr_line' id='line_1_71' title="bbox 409 3894 1997 3955; baseline -0.004 -1"><span class='ocrx_word' id='word_1_515' title='bbox 409 3898 749 3955; x_wconf 83' lang='lat' dir='ltr'><strong>saecularium</strong></span> <span class='ocrx_word' id='word_1_516' title='bbox 779 3912 961 3953; x_wconf 88' lang='lat' dir='ltr'><strong>rerum</strong></span> <span class='ocrx_word' id='word_1_517' title='bbox 1004 3906 1230 3953; x_wconf 88' lang='lat' dir='ltr'><strong>ventosa</strong></span> <span class='ocrx_word' id='word_1_518' title='bbox 1276 3896 1627 3952; x_wconf 84' lang='lat' dir='ltr'><strong>exsecutione</strong></span> <span class='ocrx_word' id='word_1_519' title='bbox 1667 3894 1997 3949; x_wconf 89' lang='lat' dir='ltr'><strong>lassaretur:</strong></span> 
     </span>
    </p>
   </div>
   <div class='ocr_carea' id='block_1_72' title="bbox 408 3987 1996 4066">
    <p class='ocr_par' dir='ltr' id='par_1_72' title="bbox 408 3987 1996 4066">
     <span class='ocr_line' id='line_1_72' title="bbox 408 3987 1996 4066; baseline -0.006 -17"><span class='ocrx_word' id='word_1_520' title='bbox 408 3994 644 4066; x_wconf 90' lang='lat' dir='ltr'><strong>reliquas</strong></span> <span class='ocrx_word' id='word_1_521' title='bbox 667 3993 833 4051; x_wconf 89' lang='lat' dir='ltr'><strong>etiam</strong></span> <span class='ocrx_word' id='word_1_522' title='bbox 862 3992 1058 4063; x_wconf 91' lang='lat' dir='ltr'><strong>quibus</strong></span> <span class='ocrx_word' id='word_1_523' title='bbox 1080 3991 1410 4061; x_wconf 88' lang='lat' dir='ltr'><strong>suggillabar</strong></span> <span class='ocrx_word' id='word_1_524' title='bbox 1436 3989 1709 4046; x_wconf 76' lang='lat' dir='ltr'><strong>fmditates</strong></span> <span class='ocrx_word' id='word_1_525' title='bbox 1730 3987 1996 4051; x_wconf 89' lang='lat' dir='ltr'><strong>abnuere;</strong></span> 
     </span>
    </p>
   </div>
   <div class='ocr_carea' id='block_1_73' title="bbox 409 4078 1997 4157">
    <p class='ocr_par' dir='ltr' id='par_1_73' title="bbox 409 4078 1997 4157">
     <span class='ocr_line' id='line_1_73' title="bbox 409 4078 1997 4157; baseline -0.006 -14"><span class='ocrx_word' id='word_1_526' title='bbox 409 4089 457 4143; x_wconf 86' lang='lat' dir='ltr'><strong>si</strong></span> <span class='ocrx_word' id='word_1_527' title='bbox 487 4098 665 4143; x_wconf 91' lang='lat' dir='ltr'><strong>tamen</strong></span> <span class='ocrx_word' id='word_1_528' title='bbox 693 4086 832 4157; x_wconf 84' lang='lat' dir='ltr'><strong>ipse,</strong></span> <span class='ocrx_word' id='word_1_529' title='bbox 855 4084 1000 4154; x_wconf 91' lang='lat' dir='ltr'><strong>quod</strong></span> <span class='ocrx_word' id='word_1_530' title='bbox 1028 4085 1171 4153; x_wconf 91' lang='lat' dir='ltr'><strong>loqui</strong></span> <span class='ocrx_word' id='word_1_531' title='bbox 1197 4083 1511 4154; x_wconf 85' lang='lat' dir='ltr'><strong>inspiravit,</strong></span> <span class='ocrx_word' id='word_1_532' title='bbox 1536 4082 1676 4138; x_wconf 88' lang='lat' dir='ltr'><strong>velle</strong></span> <span class='ocrx_word' id='word_1_533' title='bbox 1704 4095 1791 4136; x_wconf 91' lang='lat' dir='ltr'><strong>me</strong></span> <span class='ocrx_word' id='word_1_534' title='bbox 1819 4078 1997 4134; x_wconf 88' lang='lat' dir='ltr'><strong>faciat.</strong></span> 
     </span>
    </p>
   </div>
   <div class='ocr_carea' id='block_1_74' title="bbox 409 4174 2005 4248">
    <p class='ocr_par' dir='ltr' id='par_1_74' title="bbox 409 4174 2005 4248">
     <span class='ocr_line' id='line_1_74' title="bbox 409 4174 2005 4248; baseline -0.006 -13"><span class='ocrx_word' id='word_1_535' title='bbox 409 4176 724 4248; x_wconf 87' lang='lat' dir='ltr'><strong>Supplicavi</strong></span> <span class='ocrx_word' id='word_1_536' title='bbox 751 4184 810 4231; x_wconf 90' lang='lat' dir='ltr'><strong>ut</strong></span> <span class='ocrx_word' id='word_1_537' title='bbox 831 4176 1045 4233; x_wconf 89' lang='lat' dir='ltr'><strong>adesset</strong></span> <span class='ocrx_word' id='word_1_538' title='bbox 1071 4175 1126 4230; x_wconf 92' lang='lat' dir='ltr'><strong>in</strong></span> <span class='ocrx_word' id='word_1_539' title='bbox 1152 4190 1239 4231; x_wconf 91' lang='lat' dir='ltr'><strong>me</strong></span> <span class='ocrx_word' id='word_1_540' title='bbox 1264 4174 1538 4233; x_wconf 84' lang='lat' dir='ltr'><strong>beneﬁciis</strong></span> <span class='ocrx_word' id='word_1_541' title='bbox 1559 4174 1692 4243; x_wconf 88' lang='lat' dir='ltr'><strong>suis,</strong></span> <span class='ocrx_word' id='word_1_542' title='bbox 1723 4187 1824 4227; x_wconf 92' lang='lat' dir='ltr'><strong>nec</strong></span> <span class='ocrx_word' id='word_1_543' title='bbox 1848 4182 2005 4228; x_wconf 88' lang='lat' dir='ltr'><strong>aver-</strong></span> 
     </span>
    </p>
   </div>
   <div class='ocr_carea' id='block_1_75' title="bbox 410 4256 2006 4343">
    <p class='ocr_par' dir='ltr' id='par_1_75' title="bbox 410 4256 2006 4343">
     <span class='ocr_line' id='line_1_75' title="bbox 410 4256 2006 4343; baseline -0.004 -17"><span class='ocrx_word' id='word_1_544' title='bbox 410 4280 550 4326; x_wconf 86' lang='lat' dir='ltr'><strong>teret</strong></span> <span class='ocrx_word' id='word_1_545' title='bbox 575 4285 635 4327; x_wconf 89' lang='lat' dir='ltr'><strong>se</strong></span> <span class='ocrx_word' id='word_1_546' title='bbox 664 4271 732 4327; x_wconf 90' lang='lat' dir='ltr'><strong>ab</strong></span> <span class='ocrx_word' id='word_1_547' title='bbox 758 4285 845 4343; x_wconf 88' lang='lat' dir='ltr'><strong>eo,</strong></span> <span class='ocrx_word' id='word_1_548' title='bbox 876 4284 1039 4341; x_wconf 88' lang='lat' dir='ltr'><strong>quem</strong></span> <span class='ocrx_word' id='word_1_549' title='bbox 1066 4269 1285 4340; x_wconf 89' lang='lat' dir='ltr'><strong>genuini</strong></span> <span class='ocrx_word' id='word_1_550' title='bbox 1315 4267 1553 4339; x_wconf 66' lang='lat' dir='ltr'><strong>praesidii</strong></span> <span class='ocrx_word' id='word_1_551' title='bbox 1586 4267 1752 4323; x_wconf 88' lang='lat' dir='ltr'><strong>tutela</strong></span> <span class='ocrx_word' id='word_1_552' title='bbox 1778 4256 2006 4320; x_wconf 82' lang='lat' dir='ltr'><strong>destitu-</strong></span> 
     </span>
    </p>
   </div>
   <div class='ocr_carea' id='block_1_76' title="bbox 412 4360 2000 4429">
    <p class='ocr_par' dir='ltr' id='par_1_76' title="bbox 412 4360 2000 4429">
     <span class='ocr_line' id='line_1_76' title="bbox 412 4360 2000 4429; baseline -0.006 -9"><span class='ocrx_word' id='word_1_553' title='bbox 412 4371 531 4420; x_wconf 90' lang='lat' dir='ltr'><strong>tum</strong></span> <span class='ocrx_word' id='word_1_554' title='bbox 569 4363 790 4420; x_wconf 86' lang='lat' dir='ltr'><strong>fovisset</strong></span> <span class='ocrx_word' id='word_1_555' title='bbox 828 4361 1289 4428; x_wconf 90' lang='lat' dir='ltr'><strong>misericorditer,</strong></span> <span class='ocrx_word' id='word_1_556' title='bbox 1328 4369 1385 4416; x_wconf 91' lang='lat' dir='ltr'><strong>et</strong></span> <span class='ocrx_word' id='word_1_557' title='bbox 1428 4360 1534 4415; x_wconf 89' lang='lat' dir='ltr'><strong>illis</strong></span> <span class='ocrx_word' id='word_1_558' title='bbox 1579 4360 1669 4429; x_wconf 90' lang='lat' dir='ltr'><strong>qui</strong></span> <span class='ocrx_word' id='word_1_559' title='bbox 1718 4366 2000 4428; x_wconf 89' lang='lat' dir='ltr'><strong>parentum</strong></span> 
     </span>
    </p>
   </div>
   <div class='ocr_carea' id='block_1_77' title="bbox 411 4451 2003 4525">
    <p class='ocr_par' dir='ltr' id='par_1_77' title="bbox 411 4451 2003 4525">
     <span class='ocr_line' id='line_1_77' title="bbox 411 4451 2003 4525; baseline -0.003 -15"><span class='ocrx_word' id='word_1_560' title='bbox 411 4455 734 4512; x_wconf 58' lang='lat' dir='ltr'><strong>lmtabantur</strong></span> <span class='ocrx_word' id='word_1_561' title='bbox 759 4455 1093 4523; x_wconf 85' lang='lat' dir='ltr'><strong>defensione,</strong></span> <span class='ocrx_word' id='word_1_562' title='bbox 1117 4455 1470 4525; x_wconf 70' lang='lat' dir='ltr'><strong>praetulisset:</strong></span> <span class='ocrx_word' id='word_1_563' title='bbox 1497 4462 1551 4508; x_wconf 91' lang='lat' dir='ltr'><strong>et</strong></span> <span class='ocrx_word' id='word_1_564' title='bbox 1582 4462 1638 4507; x_wconf 90' lang='lat' dir='ltr'><strong>ut</strong></span> <span class='ocrx_word' id='word_1_565' title='bbox 1659 4451 1777 4507; x_wconf 85' lang='lat' dir='ltr'><strong>haec</strong></span> <span class='ocrx_word' id='word_1_566' title='bbox 1799 4451 2003 4506; x_wconf 59' lang='lat' dir='ltr'><strong>tribue.</strong></span> 
     </span>
    </p>
   </div>
   <div class='ocr_carea' id='block_1_78' title="bbox 412 4535 2002 4613">
    <p class='ocr_par' dir='ltr' id='par_1_78' title="bbox 412 4535 2002 4613">
     <span class='ocr_line' id='line_1_78' title="bbox 412 4535 2002 4613; baseline -0.004 -9"><span class='ocrx_word' id='word_1_567' title='bbox 412 4558 604 4604; x_wconf 88' lang='lat' dir='ltr'><strong>rentur</strong></span> <span class='ocrx_word' id='word_1_568' title='bbox 624 4563 734 4603; x_wconf 90' lang='lat' dir='ltr'><strong>non</strong></span> <span class='ocrx_word' id='word_1_569' title='bbox 754 4549 924 4605; x_wconf 91' lang='lat' dir='ltr'><strong>vicem</strong></span> <span class='ocrx_word' id='word_1_570' title='bbox 942 4548 1264 4604; x_wconf 65' lang='lat' dir='ltr'><strong>innocentia:</strong></span> <span class='ocrx_word' id='word_1_571' title='bbox 1283 4562 1420 4603; x_wconf 78' lang='lat' dir='ltr'><strong>meae</strong></span> <span class='ocrx_word' id='word_1_572' title='bbox 1445 4544 1698 4610; x_wconf 86' lang='lat' dir='ltr'><strong>reddidit,</strong></span> <span class='ocrx_word' id='word_1_573' title='bbox 1721 4535 1815 4599; x_wconf 86' lang='lat' dir='ltr'><strong>sed</strong></span> <span class='ocrx_word' id='word_1_574' title='bbox 1831 4558 2002 4613; x_wconf 89' lang='lat' dir='ltr'><strong>quan-</strong></span> 
     </span>
    </p>
   </div>
   <div class='ocr_carea' id='block_1_79' title="bbox 2105 3345 3693 3420">
    <p class='ocr_par' dir='ltr' id='par_1_79' title="bbox 2105 3345 3693 3420">
     <span class='ocr_line' id='line_1_79' title="bbox 2105 3345 3693 3420; baseline -0.007 -13"><span class='ocrx_word' id='word_1_575' title='bbox 2105 3350 2237 3407; x_wconf 87' lang='lat' dir='ltr'><strong>mihi</strong></span> <span class='ocrx_word' id='word_1_576' title='bbox 2261 3351 2446 3406; x_wconf 90' lang='lat' dir='ltr'><strong>fuisset</strong></span> <span class='ocrx_word' id='word_1_577' title='bbox 2475 3349 2819 3420; x_wconf 88' lang='lat' dir='ltr'><strong>prosperitas,</strong></span> <span class='ocrx_word' id='word_1_578' title='bbox 2848 3347 2927 3401; x_wconf 91' lang='lat' dir='ltr'><strong>sic</strong></span> <span class='ocrx_word' id='word_1_579' title='bbox 2954 3346 3171 3401; x_wconf 89' lang='lat' dir='ltr'><strong>illorum</strong></span> <span class='ocrx_word' id='word_1_580' title='bbox 3196 3345 3469 3415; x_wconf 85' lang='lat' dir='ltr'><strong>negligere</strong></span> <span class='ocrx_word' id='word_1_581' title='bbox 3499 3350 3693 3398; x_wconf 86' lang='lat' dir='ltr'><strong>aucto-</strong></span> 
     </span>
    </p>
   </div>
   <div class='ocr_carea' id='block_1_80' title="bbox 2104 3432 3693 3508">
    <p class='ocr_par' dir='ltr' id='par_1_80' title="bbox 2104 3432 3693 3508">
     <span class='ocr_line' id='line_1_80' title="bbox 2104 3432 3693 3508; baseline -0.006 -10"><span class='ocrx_word' id='word_1_582' title='bbox 2104 3456 2244 3498; x_wconf 86' lang='lat' dir='ltr'><strong>rem.</strong></span> <span class='ocrx_word' id='word_1_583' title='bbox 2270 3440 2389 3497; x_wconf 86' lang='lat' dir='ltr'><strong>Non</strong></span> <span class='ocrx_word' id='word_1_584' title='bbox 2418 3449 2594 3496; x_wconf 90' lang='lat' dir='ltr'><strong>tamen</strong></span> <span class='ocrx_word' id='word_1_585' title='bbox 2627 3437 2915 3508; x_wconf 89' lang='lat' dir='ltr'><strong>perduellis</strong></span> <span class='ocrx_word' id='word_1_586' title='bbox 2944 3436 3156 3491; x_wconf 89' lang='lat' dir='ltr'><strong>animus</strong></span> <span class='ocrx_word' id='word_1_587' title='bbox 3190 3444 3247 3491; x_wconf 87' lang='lat' dir='ltr'><strong>et</strong></span> <span class='ocrx_word' id='word_1_588' title='bbox 3273 3434 3422 3489; x_wconf 71' lang='lat' dir='ltr'><strong>dura:</strong></span> <span class='ocrx_word' id='word_1_589' title='bbox 3458 3432 3693 3489; x_wconf 77' lang='lat' dir='ltr'><strong>cervicis</strong></span> 
     </span>
    </p>
   </div>
   <div class='ocr_carea' id='block_1_81' title="bbox 2102 3523 3686 3597">
    <p class='ocr_par' dir='ltr' id='par_1_81' title="bbox 2102 3523 3686 3597">
     <span class='ocr_line' id='line_1_81' title="bbox 2102 3523 3686 3597; baseline -0.009 -5"><span class='ocrx_word' id='word_1_590' title='bbox 2102 3535 2358 3593; x_wconf 90' lang='lat' dir='ltr'><strong>continuo</strong></span> <span class='ocrx_word' id='word_1_591' title='bbox 2383 3548 2413 3588; x_wconf 90' lang='lat' dir='ltr'><strong>a</strong></span> <span class='ocrx_word' id='word_1_592' title='bbox 2457 3542 2513 3589; x_wconf 89' lang='lat' dir='ltr'><strong>te</strong></span> <span class='ocrx_word' id='word_1_593' title='bbox 2552 3540 2730 3587; x_wconf 90' lang='lat' dir='ltr'><strong>tumor</strong></span> <span class='ocrx_word' id='word_1_594' title='bbox 2768 3531 2933 3586; x_wconf 90' lang='lat' dir='ltr'><strong>elisus</strong></span> <span class='ocrx_word' id='word_1_595' title='bbox 2971 3538 3051 3584; x_wconf 90' lang='lat' dir='ltr'><strong>est</strong></span> <span class='ocrx_word' id='word_1_596' title='bbox 3079 3546 3091 3581; x_wconf 92' lang='lat'><strong>:</strong></span> <span class='ocrx_word' id='word_1_597' title='bbox 3123 3525 3422 3597; x_wconf 83' lang='lat' dir='ltr'><strong>produxisti</strong></span> <span class='ocrx_word' id='word_1_598' title='bbox 3459 3523 3686 3579; x_wconf 84' lang='lat' dir='ltr'><strong>ultionis</strong></span> 
     </span>
    </p>
   </div>
   <div class='ocr_carea' id='block_1_82' title="bbox 2104 3616 3696 3701">
    <p class='ocr_par' dir='ltr' id='par_1_82' title="bbox 2104 3616 3696 3701">
     <span class='ocr_line' id='line_1_82' title="bbox 2104 3616 3696 3701; baseline -0.009 -15"><span class='ocrx_word' id='word_1_599' title='bbox 2104 3638 2378 3701; x_wconf 89' lang='lat' dir='ltr'><strong>tempora,</strong></span> <span class='ocrx_word' id='word_1_600' title='bbox 2412 3642 2480 3682; x_wconf 90' lang='lat' dir='ltr'><strong>ne</strong></span> <span class='ocrx_word' id='word_1_601' title='bbox 2506 3626 2641 3681; x_wconf 92' lang='lat' dir='ltr'><strong>forte</strong></span> <span class='ocrx_word' id='word_1_602' title='bbox 2664 3636 3071 3694; x_wconf 88' lang='lat' dir='ltr'><strong>compungerer,</strong></span> <span class='ocrx_word' id='word_1_603' title='bbox 3101 3628 3156 3676; x_wconf 91' lang='lat' dir='ltr'><strong>et</strong></span> <span class='ocrx_word' id='word_1_604' title='bbox 3186 3622 3286 3676; x_wconf 91' lang='lat' dir='ltr'><strong>hoc</strong></span> <span class='ocrx_word' id='word_1_605' title='bbox 3309 3627 3537 3683; x_wconf 89' lang='lat' dir='ltr'><strong>tantum,</strong></span> <span class='ocrx_word' id='word_1_606' title='bbox 3567 3616 3696 3687; x_wconf 81' lang='lat' dir='ltr'><strong>quis</strong></span> 
     </span>
    </p>
   </div>
   <div class='ocr_carea' id='block_1_83' title="bbox 2105 3710 3700 3791">
    <p class='ocr_par' dir='ltr' id='par_1_83' title="bbox 2105 3710 3700 3791">
     <span class='ocr_line' id='line_1_83' title="bbox 2105 3710 3700 3791; baseline -0.01 -13"><span class='ocrx_word' id='word_1_607' title='bbox 2105 3730 2251 3778; x_wconf 88' lang='lat' dir='ltr'><strong>esset</strong></span> <span class='ocrx_word' id='word_1_608' title='bbox 2290 3720 2581 3791; x_wconf 65' lang='lat' dir='ltr'><strong>praestitor,</strong></span> <span class='ocrx_word' id='word_1_609' title='bbox 2617 3723 2833 3772; x_wconf 85' lang='lat' dir='ltr'><strong>sanatus</strong></span> <span class='ocrx_word' id='word_1_610' title='bbox 2876 3716 3155 3769; x_wconf 90' lang='lat' dir='ltr'><strong>sentirem.</strong></span> <span class='ocrx_word' id='word_1_611' title='bbox 3189 3710 3298 3767; x_wconf 87' lang='lat' dir='ltr'><strong>Sed</strong></span> <span class='ocrx_word' id='word_1_612' title='bbox 3342 3710 3470 3780; x_wconf 89' lang='lat' dir='ltr'><strong>quia</strong></span> <span class='ocrx_word' id='word_1_613' title='bbox 3520 3710 3700 3764; x_wconf 86' lang='lat' dir='ltr'><strong>homo</strong></span> 
     </span>
    </p>
   </div>
   <div class='ocr_carea' id='block_1_84' title="bbox 2105 3800 3702 3882">
    <p class='ocr_par' dir='ltr' id='par_1_84' title="bbox 2105 3800 3702 3882">
     <span class='ocr_line' id='line_1_84' title="bbox 2105 3800 3702 3882; baseline -0.011 -8"><span class='ocrx_word' id='word_1_614' title='bbox 2105 3830 2212 3874; x_wconf 89' lang='lat' dir='ltr'><strong>non</strong></span> <span class='ocrx_word' id='word_1_615' title='bbox 2244 3812 2465 3882; x_wconf 89' lang='lat' dir='ltr'><strong>corrigit</strong></span> <span class='ocrx_word' id='word_1_616' title='bbox 2493 3826 2558 3866; x_wconf 89' lang='lat' dir='ltr'><strong>ex</strong></span> <span class='ocrx_word' id='word_1_617' title='bbox 2582 3809 2802 3879; x_wconf 90' lang='lat' dir='ltr'><strong>injusto,</strong></span> <span class='ocrx_word' id='word_1_618' title='bbox 2833 3820 2932 3862; x_wconf 90' lang='lat' dir='ltr'><strong>nec</strong></span> <span class='ocrx_word' id='word_1_619' title='bbox 2964 3804 3117 3859; x_wconf 90' lang='lat' dir='ltr'><strong>facile</strong></span> <span class='ocrx_word' id='word_1_620' title='bbox 3144 3803 3211 3857; x_wconf 89' lang='lat' dir='ltr'><strong>ad</strong></span> <span class='ocrx_word' id='word_1_621' title='bbox 3251 3800 3540 3857; x_wconf 87' lang='lat' dir='ltr'><strong>candidum</strong></span> <span class='ocrx_word' id='word_1_622' title='bbox 3576 3808 3702 3871; x_wconf 83' lang='lat' dir='ltr'><strong>post</strong></span> 
     </span>
    </p>
   </div>
   <div class='ocr_carea' id='block_1_85' title="bbox 2104 3891 3699 3966">
    <p class='ocr_par' dir='ltr' id='par_1_85' title="bbox 2104 3891 3699 3966">
     <span class='ocr_line' id='line_1_85' title="bbox 2104 3891 3699 3966; baseline -0.008 -5"><span class='ocrx_word' id='word_1_623' title='bbox 2104 3904 2344 3961; x_wconf 89' lang='lat' dir='ltr'><strong>maculas</strong></span> <span class='ocrx_word' id='word_1_624' title='bbox 2390 3901 2637 3966; x_wconf 89' lang='lat' dir='ltr'><strong>sedetur;</strong></span> <span class='ocrx_word' id='word_1_625' title='bbox 2685 3899 2809 3954; x_wconf 90' lang='lat' dir='ltr'><strong>steti</strong></span> <span class='ocrx_word' id='word_1_626' title='bbox 2855 3898 2909 3953; x_wconf 91' lang='lat' dir='ltr'><strong>in</strong></span> <span class='ocrx_word' id='word_1_627' title='bbox 2959 3894 3228 3951; x_wconf 86' lang='lat' dir='ltr'><strong>sententia</strong></span> <span class='ocrx_word' id='word_1_628' title='bbox 3277 3907 3394 3948; x_wconf 88' lang='lat' dir='ltr'><strong>mea</strong></span> <span class='ocrx_word' id='word_1_629' title='bbox 3447 3891 3537 3947; x_wconf 90' lang='lat' dir='ltr'><strong>illa</strong></span> <span class='ocrx_word' id='word_1_630' title='bbox 3587 3906 3699 3961; x_wconf 83' lang='lat' dir='ltr'><strong>qua</strong></span> 
     </span>
    </p>
   </div>
   <div class='ocr_carea' id='block_1_86' title="bbox 2104 3986 3693 4065">
    <p class='ocr_par' dir='ltr' id='par_1_86' title="bbox 2104 3986 3693 4065">
     <span class='ocr_line' id='line_1_86' title="bbox 2104 3986 3693 4065; baseline -0.009 -10"><span class='ocrx_word' id='word_1_631' title='bbox 2104 3999 2384 4064; x_wconf 87' lang='lat' dir='ltr'><strong>caderem,</strong></span> <span class='ocrx_word' id='word_1_632' title='bbox 2422 3996 2527 4053; x_wconf 89' lang='lat' dir='ltr'><strong>vici</strong></span> <span class='ocrx_word' id='word_1_633' title='bbox 2558 3993 2871 4065; x_wconf 90' lang='lat' dir='ltr'><strong>patientiam</strong></span> <span class='ocrx_word' id='word_1_634' title='bbox 2914 3998 3063 4047; x_wconf 90' lang='lat' dir='ltr'><strong>tuam</strong></span> <span class='ocrx_word' id='word_1_635' title='bbox 3102 3986 3509 4045; x_wconf 89' lang='lat' dir='ltr'><strong>continuatione</strong></span> <span class='ocrx_word' id='word_1_636' title='bbox 3551 4000 3693 4056; x_wconf 87' lang='lat' dir='ltr'><strong>pec-</strong></span> 
     </span>
    </p>
   </div>
   <div class='ocr_carea' id='block_1_87' title="bbox 2105 4082 3703 4161">
    <p class='ocr_par' dir='ltr' id='par_1_87' title="bbox 2105 4082 3703 4161">
     <span class='ocr_line' id='line_1_87' title="bbox 2105 4082 3703 4161; baseline -0.011 -12"><span class='ocrx_word' id='word_1_637' title='bbox 2105 4092 2232 4149; x_wconf 85' lang='lat' dir='ltr'><strong>cati.</strong></span> <span class='ocrx_word' id='word_1_638' title='bbox 2279 4091 2346 4146; x_wconf 83' lang='lat' dir='ltr'><strong>Et</strong></span> <span class='ocrx_word' id='word_1_639' title='bbox 2374 4091 2528 4161; x_wconf 91' lang='lat' dir='ltr'><strong>quia,</strong></span> <span class='ocrx_word' id='word_1_640' title='bbox 2554 4102 2675 4143; x_wconf 90' lang='lat' dir='ltr'><strong>cum</strong></span> <span class='ocrx_word' id='word_1_641' title='bbox 2720 4087 2795 4140; x_wconf 87' lang='lat' dir='ltr'><strong>sis</strong></span> <span class='ocrx_word' id='word_1_642' title='bbox 2822 4082 3294 4150; x_wconf 89' lang='lat' dir='ltr'><strong>clementissimus,</strong></span> <span class='ocrx_word' id='word_1_643' title='bbox 3324 4094 3432 4135; x_wconf 89' lang='lat' dir='ltr'><strong>non</strong></span> <span class='ocrx_word' id='word_1_644' title='bbox 3475 4092 3703 4149; x_wconf 85' lang='lat' dir='ltr'><strong>semper</strong></span> 
     </span>
    </p>
   </div>
   <div class='ocr_carea' id='block_1_88' title="bbox 2100 4170 3696 4257">
    <p class='ocr_par' dir='ltr' id='par_1_88' title="bbox 2100 4170 3696 4257">
     <span class='ocr_line' id='line_1_88' title="bbox 2100 4170 3696 4257; baseline -0.009 -17"><span class='ocrx_word' id='word_1_645' title='bbox 2100 4184 2365 4257; x_wconf 85' lang='lat' dir='ltr'><strong>justitiam</strong></span> <span class='ocrx_word' id='word_1_646' title='bbox 2391 4182 2631 4254; x_wconf 90' lang='lat' dir='ltr'><strong>reponis,</strong></span> <span class='ocrx_word' id='word_1_647' title='bbox 2654 4179 2885 4235; x_wconf 88' lang='lat' dir='ltr'><strong>nudatus</strong></span> <span class='ocrx_word' id='word_1_648' title='bbox 2907 4176 3158 4249; x_wconf 77' lang='lat' dir='ltr'><strong>praesidio</strong></span> <span class='ocrx_word' id='word_1_649' title='bbox 3179 4184 3296 4242; x_wconf 89' lang='lat' dir='ltr'><strong>tuo,</strong></span> <span class='ocrx_word' id='word_1_650' title='bbox 3324 4188 3515 4230; x_wconf 89' lang='lat' dir='ltr'><strong>vocem</strong></span> <span class='ocrx_word' id='word_1_651' title='bbox 3539 4170 3696 4227; x_wconf 88' lang='lat' dir='ltr'><strong>illam</strong></span> 
     </span>
    </p>
   </div>
   <div class='ocr_carea' id='block_1_89' title="bbox 2104 4264 3705 4350">
    <p class='ocr_par' dir='ltr' id='par_1_89' title="bbox 2104 4264 3705 4350">
     <span class='ocr_line' id='line_1_89' title="bbox 2104 4264 3705 4350; baseline -0.008 -18"><span class='ocrx_word' id='word_1_652' title='bbox 2104 4293 2224 4350; x_wconf 66' lang='lat' dir='ltr'><strong>quae</strong></span> <span class='ocrx_word' id='word_1_653' title='bbox 2265 4276 2473 4333; x_wconf 87' lang='lat' dir='ltr'><strong>directa</strong></span> <span class='ocrx_word' id='word_1_654' title='bbox 2516 4282 2599 4330; x_wconf 81' lang='lat' dir='ltr'><strong>est</strong></span> <span class='ocrx_word' id='word_1_655' title='bbox 2639 4272 2704 4326; x_wconf 92' lang='lat' dir='ltr'><strong>ad</strong></span> <span class='ocrx_word' id='word_1_656' title='bbox 2754 4285 2911 4327; x_wconf 89' lang='lat' dir='ltr'><strong>aures</strong></span> <span class='ocrx_word' id='word_1_657' title='bbox 2961 4270 3119 4339; x_wconf 85' lang='lat' dir='ltr'><strong>primi</strong></span> <span class='ocrx_word' id='word_1_658' title='bbox 3169 4268 3439 4337; x_wconf 84' lang='lat' dir='ltr'><strong>parentis,</strong></span> <span class='ocrx_word' id='word_1_659' title='bbox 3470 4264 3705 4340; x_wconf 81' lang='lat' dir='ltr'><strong>accepi,</strong></span> 
     </span>
    </p>
   </div>
   <div class='ocr_carea' id='block_1_90' title="bbox 2103 4362 3704 4442">
    <p class='ocr_par' dir='ltr' id='par_1_90' title="bbox 2103 4362 3704 4442">
     <span class='ocr_line' id='line_1_90' title="bbox 2103 4362 3704 4442; baseline -0.008 -16"><span class='ocrx_word' id='word_1_660' title='bbox 2103 4372 2273 4427; x_wconf 81' lang='lat' dir='ltr'><strong>Adam</strong></span> <span class='ocrx_word' id='word_1_661' title='bbox 2293 4370 2380 4425; x_wconf 79' lang='lat' dir='ltr'><strong>ubi</strong></span> <span class='ocrx_word' id='word_1_662' title='bbox 2405 4386 2456 4425; x_wconf 77' lang='lat' dir='ltr'><strong>es</strong></span> <span class='ocrx_word' id='word_1_663' title='bbox 2489 4367 2643 4442; x_wconf 84' lang='lat' dir='ltr'><strong>(Gen.</strong></span> <span class='ocrx_word' id='word_1_664' title='bbox 2671 4383 2761 4436; x_wconf 86' lang='lat' dir='ltr'><strong>tu,</strong></span> <span class='ocrx_word' id='word_1_665' title='bbox 2783 4365 2881 4437; x_wconf 90' lang='lat'><strong>9)?</strong></span> <span class='ocrx_word' id='word_1_666' title='bbox 2910 4365 2964 4418; x_wconf 89' lang='lat' dir='ltr'><strong>In</strong></span> <span class='ocrx_word' id='word_1_667' title='bbox 2998 4362 3315 4420; x_wconf 90' lang='lat' dir='ltr'><strong>confusione</strong></span> <span class='ocrx_word' id='word_1_668' title='bbox 3345 4376 3493 4428; x_wconf 90' lang='lat' dir='ltr'><strong>mea,</strong></span> <span class='ocrx_word' id='word_1_669' title='bbox 3526 4375 3704 4429; x_wconf 87' lang='lat' dir='ltr'><strong>quan-</strong></span> 
     </span>
    </p>
   </div>
   <div class='ocr_carea' id='block_1_91' title="bbox 2105 4452 3705 4523">
    <p class='ocr_par' dir='ltr' id='par_1_91' title="bbox 2105 4452 3705 4523">
     <span class='ocr_line' id='line_1_91' title="bbox 2105 4452 3705 4523; baseline -0.01 -1"><span class='ocrx_word' id='word_1_670' title='bbox 2105 4476 2190 4522; x_wconf 91' lang='lat' dir='ltr'><strong>tos</strong></span> <span class='ocrx_word' id='word_1_671' title='bbox 2216 4464 2486 4520; x_wconf 89' lang='lat' dir='ltr'><strong>amiserim</strong></span> <span class='ocrx_word' id='word_1_672' title='bbox 2514 4460 2813 4517; x_wconf 77' lang='lat' dir='ltr'><strong>clementia:</strong></span> <span class='ocrx_word' id='word_1_673' title='bbox 2841 4467 2946 4515; x_wconf 73' lang='lat' dir='ltr'><strong>tuae</strong></span> <span class='ocrx_word' id='word_1_674' title='bbox 2976 4458 3278 4521; x_wconf 87' lang='lat' dir='ltr'><strong>thesauros,</strong></span> <span class='ocrx_word' id='word_1_675' title='bbox 3307 4463 3361 4510; x_wconf 87' lang='lat' dir='ltr'><strong>et</strong></span> <span class='ocrx_word' id='word_1_676' title='bbox 3386 4469 3492 4523; x_wconf 89' lang='lat' dir='ltr'><strong>qua</strong></span> <span class='ocrx_word' id='word_1_677' title='bbox 3522 4452 3705 4508; x_wconf 84' lang='lat' dir='ltr'><strong>nuda-</strong></span> 
     </span>
    </p>
   </div>
   <div class='ocr_carea' id='block_1_92' title="bbox 2106 4545 3702 4622">
    <p class='ocr_par' dir='ltr' id='par_1_92' title="bbox 2106 4545 3702 4622">
     <span class='ocr_line' id='line_1_92' title="bbox 2106 4545 3702 4622; baseline -0.009 -8"><span class='ocrx_word' id='word_1_678' title='bbox 2106 4568 2191 4614; x_wconf 90' lang='lat' dir='ltr'><strong>tus</strong></span> <span class='ocrx_word' id='word_1_679' title='bbox 2238 4558 2343 4613; x_wconf 88' lang='lat' dir='ltr'><strong>sim</strong></span> <span class='ocrx_word' id='word_1_680' title='bbox 2391 4555 2549 4622; x_wconf 90' lang='lat' dir='ltr'><strong>dote,</strong></span> <span class='ocrx_word' id='word_1_681' title='bbox 2598 4553 2923 4610; x_wconf 84' lang='lat' dir='ltr'><strong>numeravi:</strong></span> <span class='ocrx_word' id='word_1_682' title='bbox 2965 4565 3143 4606; x_wconf 91' lang='lat' dir='ltr'><strong>rerum</strong></span> <span class='ocrx_word' id='word_1_683' title='bbox 3192 4564 3225 4605; x_wconf 91' lang='lat' dir='ltr'><strong>a</strong></span> <span class='ocrx_word' id='word_1_684' title='bbox 3267 4556 3320 4603; x_wconf 90' lang='lat' dir='ltr'><strong>te</strong></span> <span class='ocrx_word' id='word_1_685' title='bbox 3368 4545 3702 4602; x_wconf 88' lang='lat' dir='ltr'><strong>collatarum</strong></span> 
     </span>
    </p>
   </div>
   <div class='ocr_carea' id='block_1_93' title="bbox 411 4635 3706 4719">
    <p class='ocr_par' dir='ltr' id='par_1_93' title="bbox 411 4635 3706 4719">
     <span class='ocr_line' id='line_1_93' title="bbox 411 4635 3706 4719; baseline 0 -24"><span class='ocrx_word' id='word_1_686' title='bbox 411 4648 525 4696; x_wconf 91' lang='lat' dir='ltr'><strong>tum</strong></span> <span class='ocrx_word' id='word_1_687' title='bbox 555 4640 744 4711; x_wconf 74' lang='lat' dir='ltr'><strong>gratiae</strong></span> <span class='ocrx_word' id='word_1_688' title='bbox 770 4641 888 4710; x_wconf 89' lang='lat' dir='ltr'><strong>ejus</strong></span> <span class='ocrx_word' id='word_1_689' title='bbox 920 4640 1145 4696; x_wconf 89' lang='lat' dir='ltr'><strong>deberet</strong></span> <span class='ocrx_word' id='word_1_690' title='bbox 1183 4640 1312 4695; x_wconf 90' lang='lat' dir='ltr'><strong>felix</strong></span> <span class='ocrx_word' id='word_1_691' title='bbox 1348 4648 1406 4695; x_wconf 91' lang='lat' dir='ltr'><strong>et</strong></span> <span class='ocrx_word' id='word_1_692' title='bbox 1430 4635 1679 4694; x_wconf 88' lang='lat' dir='ltr'><strong>eruditus</strong></span> <span class='ocrx_word' id='word_1_693' title='bbox 1724 4644 1998 4705; x_wconf 86' lang='lat' dir='ltr'><strong>peccator,</strong></span> <span class='ocrx_word' id='word_1_694' title='bbox 2028 4641 2084 4702; x_wconf 88' lang='lat' dir='ltr'><strong>D</strong></span> <span class='ocrx_word' id='word_1_695' title='bbox 2107 4653 2390 4709; x_wconf 61' lang='lat' dir='ltr'><strong>aestimatio</strong></span> <span class='ocrx_word' id='word_1_696' title='bbox 2418 4661 2543 4709; x_wconf 92' lang='lat' dir='ltr'><strong>tunc</strong></span> <span class='ocrx_word' id='word_1_697' title='bbox 2567 4667 2825 4709; x_wconf 90' lang='lat' dir='ltr'><strong>concessa</strong></span> <span class='ocrx_word' id='word_1_698' title='bbox 2851 4658 2954 4719; x_wconf 88' lang='lat' dir='ltr'><strong>est,</strong></span> <span class='ocrx_word' id='word_1_699' title='bbox 2979 4663 3100 4705; x_wconf 91' lang='lat' dir='ltr'><strong>cum</strong></span> <span class='ocrx_word' id='word_1_700' title='bbox 3131 4647 3265 4703; x_wconf 88' lang='lat' dir='ltr'><strong>mihi</strong></span> <span class='ocrx_word' id='word_1_701' title='bbox 3293 4645 3525 4717; x_wconf 85' lang='lat' dir='ltr'><strong>periret:</strong></span> <span class='ocrx_word' id='word_1_702' title='bbox 3552 4641 3706 4698; x_wconf 89' lang='lat' dir='ltr'><strong>redii</strong></span> 
     </span>
    </p>
   </div>
   <div class='ocr_carea' id='block_1_94' title="bbox 412 4728 2001 4800">
    <p class='ocr_par' dir='ltr' id='par_1_94' title="bbox 412 4728 2001 4800">
     <span class='ocr_line' id='line_1_94' title="bbox 412 4728 2001 4800; baseline -0.006 -10"><span class='ocrx_word' id='word_1_703' title='bbox 412 4733 667 4790; x_wconf 86' lang='lat' dir='ltr'><strong>ostendit.</strong></span> <span class='ocrx_word' id='word_1_704' title='bbox 695 4731 829 4787; x_wconf 85' lang='lat' dir='ltr'><strong>Nam</strong></span> <span class='ocrx_word' id='word_1_705' title='bbox 879 4732 926 4787; x_wconf 89' lang='lat' dir='ltr'><strong>si</strong></span> <span class='ocrx_word' id='word_1_706' title='bbox 962 4733 1099 4788; x_wconf 89' lang='lat' dir='ltr'><strong>recti</strong></span> <span class='ocrx_word' id='word_1_707' title='bbox 1147 4730 1444 4788; x_wconf 90' lang='lat' dir='ltr'><strong>custodiam</strong></span> <span class='ocrx_word' id='word_1_708' title='bbox 1484 4730 1738 4800; x_wconf 89' lang='lat' dir='ltr'><strong>pietatem</strong></span> <span class='ocrx_word' id='word_1_709' title='bbox 1781 4728 2001 4782; x_wconf 86' lang='lat' dir='ltr'><strong>secutus</strong></span> 
     </span>
    </p>
   </div>
   <div class='ocr_carea' id='block_1_95' title="bbox 412 4822 2003 4895">
    <p class='ocr_par' dir='ltr' id='par_1_95' title="bbox 412 4822 2003 4895">
     <span class='ocr_line' id='line_1_95' title="bbox 412 4822 2003 4895; baseline -0.005 -13"><span class='ocrx_word' id='word_1_710' title='bbox 412 4840 520 4882; x_wconf 91' lang='lat' dir='ltr'><strong>non</strong></span> <span class='ocrx_word' id='word_1_711' title='bbox 562 4826 857 4895; x_wconf 88' lang='lat' dir='ltr'><strong>linqueret,</strong></span> <span class='ocrx_word' id='word_1_712' title='bbox 882 4832 937 4881; x_wconf 90' lang='lat' dir='ltr'><strong>et</strong></span> <span class='ocrx_word' id='word_1_713' title='bbox 974 4840 1074 4881; x_wconf 92' lang='lat' dir='ltr'><strong>nos</strong></span> <span class='ocrx_word' id='word_1_714' title='bbox 1105 4833 1334 4881; x_wconf 86' lang='lat' dir='ltr'><strong>terreret</strong></span> <span class='ocrx_word' id='word_1_715' title='bbox 1372 4832 1432 4878; x_wconf 89' lang='lat' dir='ltr'><strong>ut</strong></span> <span class='ocrx_word' id='word_1_716' title='bbox 1458 4822 1680 4889; x_wconf 85' lang='lat' dir='ltr'><strong>arbiter,</strong></span> <span class='ocrx_word' id='word_1_717' title='bbox 1712 4828 1899 4875; x_wconf 90' lang='lat' dir='ltr'><strong>etnon</strong></span> <span class='ocrx_word' id='word_1_718' title='bbox 1944 4829 2003 4875; x_wconf 89' lang='lat' dir='ltr'><strong>ut</strong></span> 
     </span>
    </p>
   </div>
   <div class='ocr_carea' id='block_1_96' title="bbox 411 4918 2005 4991">
    <p class='ocr_par' dir='ltr' id='par_1_96' title="bbox 411 4918 2005 4991">
     <span class='ocr_line' id='line_1_96' title="bbox 411 4918 2005 4991; baseline -0.004 -16"><span class='ocrx_word' id='word_1_719' title='bbox 411 4928 567 4990; x_wconf 87' lang='lat' dir='ltr'><strong>pater</strong></span> <span class='ocrx_word' id='word_1_720' title='bbox 609 4918 847 4987; x_wconf 88' lang='lat' dir='ltr'><strong>foveret;</strong></span> <span class='ocrx_word' id='word_1_721' title='bbox 893 4934 1158 4991; x_wconf 92' lang='lat' dir='ltr'><strong>nusquam</strong></span> <span class='ocrx_word' id='word_1_722' title='bbox 1195 4919 1281 4974; x_wconf 90' lang='lat' dir='ltr'><strong>via</strong></span> <span class='ocrx_word' id='word_1_723' title='bbox 1328 4918 1535 4987; x_wconf 84' lang='lat' dir='ltr'><strong>salutis,</strong></span> <span class='ocrx_word' id='word_1_724' title='bbox 1569 4929 1831 4986; x_wconf 82' lang='lat' dir='ltr'><strong>nusquam</strong></span> <span class='ocrx_word' id='word_1_725' title='bbox 1877 4928 2005 4970; x_wconf 82' lang='lat' dir='ltr'><strong>eva-</strong></span> 
     </span>
    </p>
   </div>
   <div class='ocr_carea' id='block_1_97' title="bbox 485 5030 2003 5106">
    <p class='ocr_par' dir='ltr' id='par_1_97' title="bbox 485 5030 2003 5106">
     <span class='ocr_line' id='line_1_97' title="bbox 485 5030 2003 5106; baseline 0.003 -21"><span class='ocrx_word' id='word_1_726' title='bbox 485 5034 503 5064; x_wconf 83' lang='grc'>¹</span> <span class='ocrx_word' id='word_1_727' title='bbox 533 5031 681 5087; x_wconf 83' lang='lat' dir='ltr'><strong>Beati</strong></span> <span class='ocrx_word' id='word_1_728' title='bbox 719 5032 958 5106; x_wconf 78' lang='lat' dir='ltr'><strong>Victoris]</strong></span> <span class='ocrx_word' id='word_1_729' title='bbox 1009 5032 1256 5106; x_wconf 83' lang='lat' dir='ltr'><strong>Martyris</strong></span> <span class='ocrx_word' id='word_1_730' title='bbox 1305 5032 1744 5106; x_wconf 84' lang='lat' dir='ltr'><strong>Mediolanensis,</strong></span> <span class='ocrx_word' id='word_1_731' title='bbox 1774 5030 1865 5086; x_wconf 92' lang='lat' dir='ltr'><strong>ubi</strong></span> <span class='ocrx_word' id='word_1_732' title='bbox 1909 5030 2003 5089; x_wconf 87' lang='lat' dir='ltr'><strong>do-</strong></span> 
     </span>
    </p>
   </div>
   <div class='ocr_carea' id='block_1_98' title="bbox 413 5105 1997 5173">
    <p class='ocr_par' dir='ltr' id='par_1_98' title="bbox 413 5105 1997 5173">
     <span class='ocr_line' id='line_1_98' title="bbox 413 5105 1997 5173; baseline -0.002 -14"><span class='ocrx_word' id='word_1_733' title='bbox 413 5119 534 5159; x_wconf 89' lang='lat' dir='ltr'><strong>mus</strong></span> <span class='ocrx_word' id='word_1_734' title='bbox 561 5114 615 5159; x_wconf 91' lang='lat' dir='ltr'><strong>et</strong></span> <span class='ocrx_word' id='word_1_735' title='bbox 652 5106 807 5160; x_wconf 90' lang='lat' dir='ltr'><strong>sedes</strong></span> <span class='ocrx_word' id='word_1_736' title='bbox 840 5105 1102 5160; x_wconf 84' lang='lat' dir='ltr'><strong>Ennodio.</strong></span> <span class='ocrx_word' id='word_1_737' title='bbox 1139 5105 1215 5162; x_wconf 90' lang='lat' dir='ltr'><strong>De</strong></span> <span class='ocrx_word' id='word_1_738' title='bbox 1244 5105 1345 5160; x_wconf 90' lang='lat' dir='ltr'><strong>hac</strong></span> <span class='ocrx_word' id='word_1_739' title='bbox 1389 5106 1506 5173; x_wconf 88' lang='lat' dir='ltr'><strong>ipsa</strong></span> <span class='ocrx_word' id='word_1_740' title='bbox 1546 5105 1826 5160; x_wconf 88' lang='lat' dir='ltr'><strong>curatione</strong></span> <span class='ocrx_word' id='word_1_741' title='bbox 1871 5118 1997 5171; x_wconf 87' lang='lat' dir='ltr'><strong>sua,</strong></span> 
     </span>
    </p>
   </div>
   <div class='ocr_carea' id='block_1_99' title="bbox 413 5176 2003 5245">
    <p class='ocr_par' dir='ltr' id='par_1_99' title="bbox 413 5176 2003 5245">
     <span class='ocr_line' id='line_1_99' title="bbox 413 5176 2003 5245; baseline -0.001 -15"><span class='ocrx_word' id='word_1_742' title='bbox 413 5191 573 5245; x_wconf 89' lang='lat' dir='ltr'><strong>quam</strong></span> <span class='ocrx_word' id='word_1_743' title='bbox 615 5176 789 5231; x_wconf 90' lang='lat' dir='ltr'><strong>infuso</strong></span> <span class='ocrx_word' id='word_1_744' title='bbox 818 5176 961 5232; x_wconf 88' lang='lat' dir='ltr'><strong>beati</strong></span> <span class='ocrx_word' id='word_1_745' title='bbox 992 5176 1223 5233; x_wconf 83' lang='lat' dir='ltr'><strong>Victoris</strong></span> <span class='ocrx_word' id='word_1_746' title='bbox 1259 5178 1383 5232; x_wconf 90' lang='lat' dir='ltr'><strong>oleo</strong></span> <span class='ocrx_word' id='word_1_747' title='bbox 1418 5184 1738 5233; x_wconf 84' lang='lat' dir='ltr'><strong>consecutus</strong></span> <span class='ocrx_word' id='word_1_748' title='bbox 1777 5181 1887 5239; x_wconf 89' lang='lat' dir='ltr'><strong>est,</strong></span> <span class='ocrx_word' id='word_1_749' title='bbox 1922 5176 2003 5229; x_wconf 91' lang='lat' dir='ltr'><strong>vi-</strong></span> 
     </span>
    </p>
   </div>
   <div class='ocr_carea' id='block_1_100' title="bbox 413 5245 1996 5317">
    <p class='ocr_par' dir='ltr' id='par_1_100' title="bbox 413 5245 1996 5317">
     <span class='ocr_line' id='line_1_100' title="bbox 413 5245 1996 5317; baseline 0.001 -17"><span class='ocrx_word' id='word_1_750' title='bbox 413 5247 588 5303; x_wconf 90' lang='lat' dir='ltr'><strong>dimus</strong></span> <span class='ocrx_word' id='word_1_751' title='bbox 616 5248 709 5304; x_wconf 91' lang='lat' dir='ltr'><strong>lib.</strong></span> <span class='ocrx_word' id='word_1_752' title='bbox 736 5263 859 5315; x_wconf 88' lang='lat' dir='ltr'><strong>vm,</strong></span> <span class='ocrx_word' id='word_1_753' title='bbox 886 5248 1045 5317; x_wconf 90' lang='lat' dir='ltr'><strong>epist.</strong></span> <span class='ocrx_word' id='word_1_754' title='bbox 1072 5247 1163 5304; x_wconf 71' lang='grc'><strong>24.</strong></span> <span class='ocrx_word' id='word_1_755' title='bbox 1190 5249 1430 5305; x_wconf 83' lang='lat' dir='ltr'><strong>Alterum</strong></span> <span class='ocrx_word' id='word_1_756' title='bbox 1459 5248 1698 5316; x_wconf 88' lang='lat' dir='ltr'><strong>ejusdem</strong></span> <span class='ocrx_word' id='word_1_757' title='bbox 1724 5245 1996 5315; x_wconf 86' lang='lat' dir='ltr'><strong>martyris,</strong></span> 
     </span>
    </p>
   </div>
   <div class='ocr_carea' id='block_1_101' title="bbox 413 5318 1995 5389">
    <p class='ocr_par' dir='ltr' id='par_1_101' title="bbox 413 5318 1995 5389">
     <span class='ocr_line' id='line_1_101' title="bbox 413 5318 1995 5389; baseline 0.001 -18"><span class='ocrx_word' id='word_1_758' title='bbox 413 5321 513 5373; x_wconf 88' lang='lat' dir='ltr'><strong>etsi</strong></span> <span class='ocrx_word' id='word_1_759' title='bbox 551 5335 610 5375; x_wconf 91' lang='lat' dir='ltr'><strong>re</strong></span> <span class='ocrx_word' id='word_1_760' title='bbox 649 5335 710 5376; x_wconf 85' lang='lat' dir='ltr'><strong>ac</strong></span> <span class='ocrx_word' id='word_1_761' title='bbox 753 5320 914 5375; x_wconf 92' lang='lat' dir='ltr'><strong>modo</strong></span> <span class='ocrx_word' id='word_1_762' title='bbox 953 5318 1164 5389; x_wconf 88' lang='lat' dir='ltr'><strong>dispar,</strong></span> <span class='ocrx_word' id='word_1_763' title='bbox 1214 5321 1265 5375; x_wconf 94' lang='lat' dir='ltr'><strong>in</strong></span> <span class='ocrx_word' id='word_1_764' title='bbox 1306 5319 1669 5387; x_wconf 88' lang='lat' dir='ltr'><strong>Apollinarem</strong></span> <span class='ocrx_word' id='word_1_765' title='bbox 1701 5325 1995 5373; x_wconf 91' lang='lat' dir='ltr'><strong>nostratem</strong></span> 
     </span>
    </p>
   </div>
   <div class='ocr_carea' id='block_1_102' title="bbox 412 5390 1999 5456">
    <p class='ocr_par' dir='ltr' id='par_1_102' title="bbox 412 5390 1999 5456">
     <span class='ocr_line' id='line_1_102' title="bbox 412 5390 1999 5456; baseline 0.001 -14"><span class='ocrx_word' id='word_1_766' title='bbox 412 5398 609 5456; x_wconf 72' lang='lat' dir='ltr'><strong>prreter</strong></span> <span class='ocrx_word' id='word_1_767' title='bbox 630 5393 887 5447; x_wconf 88' lang='lat' dir='ltr'><strong>usitatum</strong></span> <span class='ocrx_word' id='word_1_768' title='bbox 913 5405 1118 5447; x_wconf 89' lang='lat' dir='ltr'><strong>morem</strong></span> <span class='ocrx_word' id='word_1_769' title='bbox 1158 5392 1411 5448; x_wconf 84' lang='lat' dir='ltr'><strong>collatum</strong></span> <span class='ocrx_word' id='word_1_770' title='bbox 1448 5390 1769 5446; x_wconf 83' lang='lat' dir='ltr'><strong>beneficium</strong></span> <span class='ocrx_word' id='word_1_771' title='bbox 1814 5398 1999 5444; x_wconf 89' lang='lat' dir='ltr'><strong>narrat</strong></span> 
     </span>
    </p>
   </div>
   <div class='ocr_carea' id='block_1_103' title="bbox 414 5458 1515 5530">
    <p class='ocr_par' dir='ltr' id='par_1_103' title="bbox 414 5458 1515 5530">
     <span class='ocr_line' id='line_1_103' title="bbox 414 5458 1515 5530; baseline 0 -14"><span class='ocrx_word' id='word_1_772' title='bbox 414 5458 701 5527; x_wconf 87' lang='lat' dir='ltr'><strong>Gregorius</strong></span> <span class='ocrx_word' id='word_1_773' title='bbox 727 5462 930 5519; x_wconf 89' lang='lat' dir='ltr'><strong>Turon.</strong></span> <span class='ocrx_word' id='word_1_774' title='bbox 955 5463 1050 5519; x_wconf 90' lang='lat' dir='ltr'><strong>lib.</strong></span> <span class='ocrx_word' id='word_1_775' title='bbox 1072 5478 1090 5518; x_wconf 82' lang='grc' dir='ltr'><strong><em>ι</em></strong></span> <span class='ocrx_word' id='word_1_776' title='bbox 1115 5462 1326 5530; x_wconf 87' lang='lat' dir='ltr'><strong>Mirac.,</strong></span> <span class='ocrx_word' id='word_1_777' title='bbox 1350 5478 1401 5518; x_wconf 91' lang='lat' dir='ltr'><strong>c.</strong></span> <span class='ocrx_word' id='word_1_778' title='bbox 1425 5462 1515 5517; x_wconf 77' lang='grc'><strong>45.</strong></span> 
     </span>
    </p>
   </div>
   <div class='ocr_carea' id='block_1_104' title="bbox 485 5529 1998 5603">
    <p class='ocr_par' dir='ltr' id='par_1_104' title="bbox 485 5529 1998 5603">
     <span class='ocr_line' id='line_1_104' title="bbox 485 5529 1998 5603; baseline 0.001 -17"><span class='ocrx_word' id='word_1_779' title='bbox 485 5533 504 5561; x_wconf 88' lang='grc'><strong><em>²</em></strong></span> <span class='ocrx_word' id='word_1_780' title='bbox 529 5533 640 5603; x_wconf 77' lang='lat' dir='ltr'><strong>Ego</strong></span> <span class='ocrx_word' id='word_1_781' title='bbox 660 5551 911 5588; x_wconf 83' lang='lat' dir='ltr'><strong>annorum</strong></span> <span class='ocrx_word' id='word_1_782' title='bbox 938 5534 1093 5602; x_wconf 74' lang='lat' dir='ltr'><strong>ferme</strong></span> <span class='ocrx_word' id='word_1_783' title='bbox 1113 5532 1351 5603; x_wconf 79' lang='lat' dir='ltr'><strong>sedecim]</strong></span> <span class='ocrx_word' id='word_1_784' title='bbox 1376 5533 1507 5587; x_wconf 81' lang='lat' dir='ltr'><strong>Hinc</strong></span> <span class='ocrx_word' id='word_1_785' title='bbox 1538 5530 1766 5600; x_wconf 80' lang='lat' dir='ltr'><strong>petenda</strong></span> <span class='ocrx_word' id='word_1_786' title='bbox 1791 5529 1998 5601; x_wconf 86' lang='lat' dir='ltr'><strong>epocho</strong></span> 
     </span>
    </p>
   </div>
   <div class='ocr_carea' id='block_1_105' title="bbox 413 5606 1996 5673">
    <p class='ocr_par' dir='ltr' id='par_1_105' title="bbox 413 5606 1996 5673">
     <span class='ocr_line' id='line_1_105' title="bbox 413 5606 1996 5673; baseline -0.001 -18"><span class='ocrx_word' id='word_1_787' title='bbox 413 5615 675 5657; x_wconf 89' lang='lat' dir='ltr'><strong>annorum</strong></span> <span class='ocrx_word' id='word_1_788' title='bbox 707 5606 958 5673; x_wconf 83' lang='lat' dir='ltr'><strong>Ennodii.</strong></span> <span class='ocrx_word' id='word_1_789' title='bbox 1000 5606 1133 5660; x_wconf 86' lang='lat' dir='ltr'><strong>Nam</strong></span> <span class='ocrx_word' id='word_1_790' title='bbox 1164 5608 1210 5659; x_wconf 92' lang='lat' dir='ltr'><strong>si</strong></span> <span class='ocrx_word' id='word_1_791' title='bbox 1256 5606 1491 5660; x_wconf 81' lang='lat' dir='ltr'><strong>sedecim</strong></span> <span class='ocrx_word' id='word_1_792' title='bbox 1537 5616 1800 5657; x_wconf 88' lang='lat' dir='ltr'><strong>annorum</strong></span> <span class='ocrx_word' id='word_1_793' title='bbox 1846 5612 1996 5666; x_wconf 90' lang='lat' dir='ltr'><strong>erat,</strong></span> 
     </span>
    </p>
   </div>
   <div class='ocr_carea' id='block_1_106' title="bbox 414 5675 1997 5745">
    <p class='ocr_par' dir='ltr' id='par_1_106' title="bbox 414 5675 1997 5745">
     <span class='ocr_line' id='line_1_106' title="bbox 414 5675 1997 5745; baseline -0.001 -17"><span class='ocrx_word' id='word_1_794' title='bbox 414 5689 536 5728; x_wconf 91' lang='lat' dir='ltr'><strong>cum</strong></span> <span class='ocrx_word' id='word_1_795' title='bbox 565 5675 926 5732; x_wconf 86' lang='lat' dir='ltr'><strong>Theodericus</strong></span> <span class='ocrx_word' id='word_1_796' title='bbox 954 5677 1160 5734; x_wconf 88' lang='lat' dir='ltr'><strong>Italiam</strong></span> <span class='ocrx_word' id='word_1_797' title='bbox 1186 5677 1463 5745; x_wconf 87' lang='lat' dir='ltr'><strong>ingressus</strong></span> <span class='ocrx_word' id='word_1_798' title='bbox 1487 5683 1603 5737; x_wconf 88' lang='lat' dir='ltr'><strong>est,</strong></span> <span class='ocrx_word' id='word_1_799' title='bbox 1635 5687 1997 5745; x_wconf 86' lang='lat' dir='ltr'><strong>nempeanno</strong></span> 
     </span>
    </p>
   </div>
   <div class='ocr_carea' id='block_1_107' title="bbox 413 5744 2001 5814">
    <p class='ocr_par' dir='ltr' id='par_1_107' title="bbox 413 5744 2001 5814">
     <span class='ocr_line' id='line_1_107' title="bbox 413 5744 2001 5814; baseline 0 -15"><span class='ocrx_word' id='word_1_800' title='bbox 413 5745 537 5808; x_wconf 73' lang='lat'><strong>489,</strong></span> <span class='ocrx_word' id='word_1_801' title='bbox 575 5759 912 5814; x_wconf 88' lang='lat' dir='ltr'><strong>consequens</strong></span> <span class='ocrx_word' id='word_1_802' title='bbox 956 5756 1041 5814; x_wconf 81' lang='lat' dir='ltr'><strong>est</strong></span> <span class='ocrx_word' id='word_1_803' title='bbox 1080 5756 1166 5812; x_wconf 89' lang='lat' dir='ltr'><strong>ut,</strong></span> <span class='ocrx_word' id='word_1_804' title='bbox 1203 5744 1416 5802; x_wconf 78' lang='lat' dir='ltr'><strong>valeria</strong></span> <span class='ocrx_word' id='word_1_805' title='bbox 1461 5745 1704 5811; x_wconf 88' lang='lat' dir='ltr'><strong>consule,</strong></span> <span class='ocrx_word' id='word_1_806' title='bbox 1761 5744 1848 5814; x_wconf 91' lang='lat' dir='ltr'><strong>qui</strong></span> <span class='ocrx_word' id='word_1_807' title='bbox 1901 5744 2001 5799; x_wconf 88' lang='lat' dir='ltr'><strong>fuit</strong></span> 
     </span>
    </p>
   </div>
   <div class='ocr_carea' id='block_1_108' title="bbox 413 5816 1994 5888">
    <p class='ocr_par' dir='ltr' id='par_1_108' title="bbox 413 5816 1994 5888">
     <span class='ocr_line' id='line_1_108' title="bbox 413 5816 1994 5888; baseline 0.001 -19"><span class='ocrx_word' id='word_1_808' title='bbox 413 5832 584 5888; x_wconf 85' lang='lat' dir='ltr'><strong>annus</strong></span> <span class='ocrx_word' id='word_1_809' title='bbox 612 5816 812 5871; x_wconf 83' lang='lat' dir='ltr'><strong>Christi</strong></span> <span class='ocrx_word' id='word_1_810' title='bbox 858 5818 957 5873; x_wconf 73' lang='lat'><strong>5:21</strong></span> <span class='ocrx_word' id='word_1_811' title='bbox 991 5829 1046 5872; x_wconf 90' lang='lat' dir='ltr'><strong>et</strong></span> <span class='ocrx_word' id='word_1_812' title='bbox 1081 5818 1329 5874; x_wconf 89' lang='lat' dir='ltr'><strong>Ennodio</strong></span> <span class='ocrx_word' id='word_1_813' title='bbox 1357 5824 1682 5888; x_wconf 87' lang='lat' dir='ltr'><strong>postremus,</strong></span> <span class='ocrx_word' id='word_1_814' title='bbox 1727 5830 1994 5870; x_wconf 89' lang='lat' dir='ltr'><strong>annorum</strong></span> 
     </span>
    </p>
   </div>
   <div class='ocr_carea' id='block_1_109' title="bbox 413 5887 1997 5959">
    <p class='ocr_par' dir='ltr' id='par_1_109' title="bbox 413 5887 1997 5959">
     <span class='ocr_line' id='line_1_109' title="bbox 413 5887 1997 5959; baseline -0.002 -14"><span class='ocrx_word' id='word_1_815' title='bbox 413 5887 576 5945; x_wconf 61' lang='lat' dir='ltr'><strong>fuerit</strong></span> <span class='ocrx_word' id='word_1_816' title='bbox 606 5903 711 5946; x_wconf 91' lang='lat' dir='ltr'><strong>non</strong></span> <span class='ocrx_word' id='word_1_817' title='bbox 754 5889 984 5959; x_wconf 88' lang='lat' dir='ltr'><strong>amplius</strong></span> <span class='ocrx_word' id='word_1_818' title='bbox 1010 5889 1100 5945; x_wconf 70' lang='grc'><strong>48.</strong></span> <span class='ocrx_word' id='word_1_819' title='bbox 1145 5889 1327 5959; x_wconf 82' lang='lat' dir='ltr'><strong>itaque</strong></span> <span class='ocrx_word' id='word_1_820' title='bbox 1361 5887 1513 5944; x_wconf 90' lang='lat' dir='ltr'><strong>hunc</strong></span> <span class='ocrx_word' id='word_1_821' title='bbox 1560 5902 1847 5944; x_wconf 88' lang='lat' dir='ltr'><strong>numerum</strong></span> <span class='ocrx_word' id='word_1_822' title='bbox 1892 5902 1997 5942; x_wconf 81' lang='lat' dir='ltr'><strong>non</strong></span> 
     </span>
    </p>
   </div>
   <div class='ocr_carea' id='block_1_110' title="bbox 2112 4733 3704 4818">
    <p class='ocr_par' dir='ltr' id='par_1_110' title="bbox 2112 4733 3704 4818">
     <span class='ocr_line' id='line_1_110' title="bbox 2112 4733 3704 4818; baseline -0.01 -12"><span class='ocrx_word' id='word_1_823' title='bbox 2112 4750 2179 4807; x_wconf 88' lang='lat' dir='ltr'><strong>ad</strong></span> <span class='ocrx_word' id='word_1_824' title='bbox 2216 4765 2304 4804; x_wconf 91' lang='lat' dir='ltr'><strong>me</strong></span> <span class='ocrx_word' id='word_1_825' title='bbox 2327 4756 2490 4818; x_wconf 87' lang='lat' dir='ltr'><strong>atque</strong></span> <span class='ocrx_word' id='word_1_826' title='bbox 2527 4746 2595 4803; x_wconf 87' lang='lat' dir='ltr'><strong>ad</strong></span> <span class='ocrx_word' id='word_1_827' title='bbox 2623 4758 2892 4803; x_wconf 76' lang='lat' dir='ltr'><strong>aerumnas</strong></span> <span class='ocrx_word' id='word_1_828' title='bbox 2934 4758 3106 4809; x_wconf 88' lang='lat' dir='ltr'><strong>meas,</strong></span> <span class='ocrx_word' id='word_1_829' title='bbox 3143 4748 3198 4796; x_wconf 84' lang='lat' dir='ltr'><strong>et</strong></span> <span class='ocrx_word' id='word_1_830' title='bbox 3239 4747 3459 4811; x_wconf 90' lang='lat' dir='ltr'><strong>propter</strong></span> <span class='ocrx_word' id='word_1_831' title='bbox 3502 4733 3704 4807; x_wconf 83' lang='lat' dir='ltr'><strong>gaudia</strong></span> 
     </span>
    </p>
   </div>
   <div class='ocr_carea' id='block_1_111' title="bbox 2111 4831 3702 4914">
    <p class='ocr_par' dir='ltr' id='par_1_111' title="bbox 2111 4831 3702 4914">
     <span class='ocr_line' id='line_1_111' title="bbox 2111 4831 3702 4914; baseline -0.011 -16"><span class='ocrx_word' id='word_1_832' title='bbox 2111 4842 2368 4914; x_wconf 88' lang='lat' dir='ltr'><strong>producta</strong></span> <span class='ocrx_word' id='word_1_833' title='bbox 2394 4841 2703 4913; x_wconf 90' lang='lat' dir='ltr'><strong>lacrymavi.</strong></span> <span class='ocrx_word' id='word_1_834' title='bbox 2731 4838 2919 4896; x_wconf 89' lang='lat' dir='ltr'><strong>Statim</strong></span> <span class='ocrx_word' id='word_1_835' title='bbox 2947 4835 3165 4907; x_wconf 91' lang='lat' dir='ltr'><strong>quidem</strong></span> <span class='ocrx_word' id='word_1_836' title='bbox 3189 4833 3296 4889; x_wconf 91' lang='lat' dir='ltr'><strong>alio</strong></span> <span class='ocrx_word' id='word_1_837' title='bbox 3331 4831 3544 4893; x_wconf 88' lang='lat' dir='ltr'><strong>itinere,</strong></span> <span class='ocrx_word' id='word_1_838' title='bbox 3586 4840 3702 4882; x_wconf 88' lang='lat' dir='ltr'><strong>non</strong></span> 
     </span>
    </p>
   </div>
   <div class='ocr_carea' id='block_1_112' title="bbox 2112 4920 3703 5005">
    <p class='ocr_par' dir='ltr' id='par_1_112' title="bbox 2112 4920 3703 5005">
     <span class='ocr_line' id='line_1_112' title="bbox 2112 4920 3703 5005; baseline -0.01 -13"><span class='ocrx_word' id='word_1_839' title='bbox 2112 4947 2291 4993; x_wconf 89' lang='lat' dir='ltr'><strong>tamen</strong></span> <span class='ocrx_word' id='word_1_840' title='bbox 2319 4937 2546 5005; x_wconf 89' lang='lat' dir='ltr'><strong>impare,</strong></span> <span class='ocrx_word' id='word_1_841' title='bbox 2579 4932 2892 4989; x_wconf 87' lang='lat' dir='ltr'><strong>subvenisti.</strong></span> <span class='ocrx_word' id='word_1_842' title='bbox 2918 4928 3221 4994; x_wconf 89' lang='lat' dir='ltr'><strong>Ordinasti,</strong></span> <span class='ocrx_word' id='word_1_843' title='bbox 3251 4934 3308 4981; x_wconf 90' lang='lat' dir='ltr'><strong>ut</strong></span> <span class='ocrx_word' id='word_1_844' title='bbox 3337 4938 3434 4996; x_wconf 88' lang='lat' dir='ltr'><strong>per</strong></span> <span class='ocrx_word' id='word_1_845' title='bbox 3460 4920 3703 4977; x_wconf 83' lang='lat' dir='ltr'><strong>ofﬁcium</strong></span> 
     </span>
    </p>
   </div>
   <div class='ocr_carea' id='block_1_113' title="bbox 2114 5041 3705 5120">
    <p class='ocr_par' dir='ltr' id='par_1_113' title="bbox 2114 5041 3705 5120">
     <span class='ocr_line' id='line_1_113' title="bbox 2114 5041 3705 5120; baseline -0.012 -13"><span class='ocrx_word' id='word_1_846' title='bbox 2114 5051 2368 5107; x_wconf 89' lang='lat' dir='ltr'><strong>excessit.</strong></span> <span class='ocrx_word' id='word_1_847' title='bbox 2398 5048 2530 5104; x_wconf 86' lang='lat' dir='ltr'><strong>Nam</strong></span> <span class='ocrx_word' id='word_1_848' title='bbox 2563 5045 2808 5102; x_wconf 91' lang='lat' dir='ltr'><strong>dissimili</strong></span> <span class='ocrx_word' id='word_1_849' title='bbox 2837 5048 3153 5120; x_wconf 80' lang='lat' dir='ltr'><strong>argumento</strong></span> <span class='ocrx_word' id='word_1_850' title='bbox 3176 5045 3395 5120; x_wconf 45' lang='lat' dir='ltr'><strong>aetatem</strong></span> <span class='ocrx_word' id='word_1_851' title='bbox 3424 5049 3611 5120; x_wconf 70' lang='lat' dir='ltr'><strong>suam,</strong></span> <span class='ocrx_word' id='word_1_852' title='bbox 3648 5041 3705 5088; x_wconf 90' lang='lat' dir='ltr'><strong>et</strong></span> 
     </span>
    </p>
   </div>
   <div class='ocr_carea' id='block_1_114' title="bbox 2111 5106 3700 5192">
    <p class='ocr_par' dir='ltr' id='par_1_114' title="bbox 2111 5106 3700 5192">
     <span class='ocr_line' id='line_1_114' title="bbox 2111 5106 3700 5192; baseline -0.013 -15"><span class='ocrx_word' id='word_1_853' title='bbox 2111 5106 2218 5192; x_wconf 91' lang='lat' dir='ltr'><strong>quo</strong></span> <span class='ocrx_word' id='word_1_854' title='bbox 2263 5136 2403 5177; x_wconf 85' lang='lat' dir='ltr'><strong>anno</strong></span> <span class='ocrx_word' id='word_1_855' title='bbox 2447 5135 2573 5175; x_wconf 90' lang='lat' dir='ltr'><strong>suos</strong></span> <span class='ocrx_word' id='word_1_856' title='bbox 2603 5120 2767 5174; x_wconf 91' lang='lat' dir='ltr'><strong>libros</strong></span> <span class='ocrx_word' id='word_1_857' title='bbox 2811 5106 3027 5181; x_wconf 56' lang='lat' dir='ltr'><strong>ede&#39;ret,</strong></span> <span class='ocrx_word' id='word_1_858' title='bbox 3062 5108 3313 5192; x_wconf 43' lang='lat' dir='ltr'><strong>prodidit.</strong></span> <span class='ocrx_word' id='word_1_859' title='bbox 3339 5106 3700 5192; x_wconf 60' lang='lat' dir='ltr'><strong>Prudentius,</strong></span> 
     </span>
    </p>
   </div>
   <div class='ocr_carea' id='block_1_115' title="bbox 2102 5177 3704 5261">
    <p class='ocr_par' dir='ltr' id='par_1_115' title="bbox 2102 5177 3704 5261">
     <span class='ocr_line' id='line_1_115' title="bbox 2102 5177 3704 5261; baseline -0.015 -11"><span class='ocrx_word' id='word_1_860' title='bbox 2102 5177 2381 5249; x_wconf 67' lang='lat' dir='ltr'><strong>consulem</strong></span> <span class='ocrx_word' id='word_1_861' title='bbox 2412 5192 2657 5246; x_wconf 90' lang='lat' dir='ltr'><strong>indicans</strong></span> <span class='ocrx_word' id='word_1_862' title='bbox 2682 5204 2789 5260; x_wconf 92' lang='lat' dir='ltr'><strong>quo</strong></span> <span class='ocrx_word' id='word_1_863' title='bbox 2819 5195 2976 5242; x_wconf 89' lang='lat' dir='ltr'><strong>natus</strong></span> <span class='ocrx_word' id='word_1_864' title='bbox 2998 5177 3231 5261; x_wconf 70' lang='lat' dir='ltr'><strong>erat,_in</strong></span> <span class='ocrx_word' id='word_1_865' title='bbox 3274 5177 3704 5261; x_wconf 66' lang='lat' dir='ltr'><strong>Cathemerinon</strong></span> 
     </span>
    </p>
   </div>
   <div class='ocr_carea' id='block_1_116' title="bbox 2105 5254 3705 5333">
    <p class='ocr_par' dir='ltr' id='par_1_116' title="bbox 2105 5254 3705 5333">
     <span class='ocr_line' id='line_1_116' title="bbox 2105 5254 3705 5333; baseline -0.014 -14"><span class='ocrx_word' id='word_1_866' title='bbox 2105 5264 2442 5333; x_wconf 62' lang='lat' dir='ltr'><strong>praefatione,</strong></span> <span class='ocrx_word' id='word_1_867' title='bbox 2470 5278 2627 5333; x_wconf 92' lang='lat' dir='ltr'><strong>quam</strong></span> <span class='ocrx_word' id='word_1_868' title='bbox 2652 5254 2833 5315; x_wconf 77' lang='lat' dir='ltr'><strong>vetera</strong></span> <span class='ocrx_word' id='word_1_869' title='bbox 2862 5254 3217 5333; x_wconf 74' lang='lat' dir='ltr'><strong>exemplaria,</strong></span> <span class='ocrx_word' id='word_1_870' title='bbox 3247 5254 3492 5333; x_wconf 34' lang='lat' dir='ltr'><strong>utﬁtoti‘us</strong></span> <span class='ocrx_word' id='word_1_871' title='bbox 3518 5254 3705 5333; x_wconf 67' lang='lat' dir='ltr'><strong>operis</strong></span> 
     </span>
    </p>
   </div>
   <div class='ocr_carea' id='block_1_117' title="bbox 2104 5320 3707 5404">
    <p class='ocr_par' dir='ltr' id='par_1_117' title="bbox 2104 5320 3707 5404">
     <span class='ocr_line' id='line_1_117' title="bbox 2104 5320 3707 5404; baseline -0.013 -12"><span class='ocrx_word' id='word_1_872' title='bbox 2104 5320 2456 5390; x_wconf 52' lang='lat' dir='ltr'><strong>l’rudentian&#39;i</strong></span> <span class='ocrx_word' id='word_1_873' title='bbox 2485 5320 2807 5404; x_wconf 71' lang='lat' dir='ltr'><strong>prooemium</strong></span> <span class='ocrx_word' id='word_1_874' title='bbox 2829 5370 2843 5396; x_wconf 95' lang='lat'><strong>,</strong></span> <span class='ocrx_word' id='word_1_875' title='bbox 2870 5330 2926 5384; x_wconf 91' lang='lat' dir='ltr'><strong>in</strong></span> <span class='ocrx_word' id='word_1_876' title='bbox 2954 5320 3129 5398; x_wconf 78' lang='lat' dir='ltr'><strong>prima</strong></span> <span class='ocrx_word' id='word_1_877' title='bbox 3158 5324 3276 5395; x_wconf 89' lang='lat' dir='ltr'><strong>ejus</strong></span> <span class='ocrx_word' id='word_1_878' title='bbox 3303 5320 3479 5377; x_wconf 83' lang='lat' dir='ltr'><strong>fronte</strong></span> <span class='ocrx_word' id='word_1_879' title='bbox 3505 5320 3707 5374; x_wconf 87' lang='lat' dir='ltr'><strong>merito</strong></span> 
     </span>
    </p>
   </div>
   <div class='ocr_carea' id='block_1_118' title="bbox 2109 5408 2311 5464">
    <p class='ocr_par' dir='ltr' id='par_1_118' title="bbox 2109 5408 2311 5464">
     <span class='ocr_line' id='line_1_118' title="bbox 2109 5408 2311 5464; baseline -0.015 0"><span class='ocrx_word' id='word_1_880' title='bbox 2109 5408 2311 5464; x_wconf 85' lang='lat' dir='ltr'><strong>locant.</strong></span> 
     </span>
    </p>
   </div>
   <div class='ocr_carea' id='block_1_119' title="bbox 2382 5469 3150 5538">
    <p class='ocr_par' dir='ltr' id='par_1_119' title="bbox 2382 5469 3150 5538">
     <span class='ocr_line' id='line_1_119' title="bbox 2382 5469 3150 5538; baseline -0.01 -13"><span class='ocrx_word' id='word_1_881' title='bbox 2382 5475 2587 5538; x_wconf 78' lang='lat' dir='ltr'><strong>irrepsit</strong></span> <span class='ocrx_word' id='word_1_882' title='bbox 2608 5474 2772 5524; x_wconf 88' lang='lat' dir='ltr'><strong>subito</strong></span> <span class='ocrx_word' id='word_1_883' title='bbox 2792 5473 3006 5538; x_wconf 83' lang='lat' dir='ltr'><strong>caniti_es_</strong></span> <span class='ocrx_word' id='word_1_884' title='bbox 3022 5469 3150 5528; x_wconf 84' lang='lat' dir='ltr'><strong>seni,</strong></span> 
     </span>
    </p>
   </div>
   <div class='ocr_carea' id='block_1_120' title="bbox 2386 5534 3333 5593">
    <p class='ocr_par' dir='ltr' id='par_1_120' title="bbox 2386 5534 3333 5593">
     <span class='ocr_line' id='line_1_120' title="bbox 2386 5534 3333 5593; baseline -0.015 -4"><span class='ocrx_word' id='word_1_885' title='bbox 2386 5534 2601 5589; x_wconf 48' lang='lat' dir='ltr'><strong>Obli‘tum</strong></span> <span class='ocrx_word' id='word_1_886' title='bbox 2624 5538 2810 5587; x_wconf 90' lang='lat' dir='ltr'><strong>veteris</strong></span> <span class='ocrx_word' id='word_1_887' title='bbox 2827 5549 2907 5585; x_wconf 89' lang='lat' dir='ltr'><strong>me</strong></span> <span class='ocrx_word' id='word_1_888' title='bbox 2929 5534 3073 5584; x_wconf 74' lang='lat' dir='ltr'><strong>Saliae</strong></span> <span class='ocrx_word' id='word_1_889' title='bbox 3099 5539 3333 5593; x_wconf 86' lang='lat' dir='ltr'><strong>arguens,</strong></span> 
     </span>
    </p>
   </div>
   <div class='ocr_carea' id='block_1_121' title="bbox 2474 5594 3160 5662">
    <p class='ocr_par' dir='ltr' id='par_1_121' title="bbox 2474 5594 3160 5662">
     <span class='ocr_line' id='line_1_121' title="bbox 2474 5594 3160 5662; baseline -0.01 -13"><span class='ocrx_word' id='word_1_890' title='bbox 2474 5601 2579 5650; x_wconf 90' lang='lat' dir='ltr'><strong>Sub</strong></span> <span class='ocrx_word' id='word_1_891' title='bbox 2600 5612 2698 5662; x_wconf 89' lang='lat' dir='ltr'><strong>quo</strong></span> <span class='ocrx_word' id='word_1_892' title='bbox 2724 5612 2875 5662; x_wconf 79' lang='lat' dir='ltr'><strong>prima</strong></span> <span class='ocrx_word' id='word_1_893' title='bbox 2897 5599 3006 5647; x_wconf 86' lang='lat' dir='ltr'><strong>dies</strong></span> <span class='ocrx_word' id='word_1_894' title='bbox 3024 5594 3160 5645; x_wconf 87' lang='lat' dir='ltr'><strong>mihi.</strong></span> 
     </span>
    </p>
   </div>
   <div class='ocr_carea' id='block_1_122' title="bbox 2105 5658 3706 5757">
    <p class='ocr_par' dir='ltr' id='par_1_122' title="bbox 2105 5658 3706 5757">
     <span class='ocr_line' id='line_1_122' title="bbox 2105 5658 3706 5757; baseline -0.016 -7"><span class='ocrx_word' id='word_1_895' title='bbox 2105 5658 2245 5750; x_wconf 86' lang='lat' dir='ltr'><strong>Salia</strong></span> <span class='ocrx_word' id='word_1_896' title='bbox 2280 5690 2469 5747; x_wconf 88' lang='lat' dir='ltr'><strong>consul</strong></span> <span class='ocrx_word' id='word_1_897' title='bbox 2500 5658 2632 5745; x_wconf 41' lang='lat' dir='ltr'><strong>cum-</strong></span> <span class='ocrx_word' id='word_1_898' title='bbox 2666 5658 2917 5757; x_wconf 81' lang='lat' dir='ltr'><strong>Philippo</strong></span> <span class='ocrx_word' id='word_1_899' title='bbox 2947 5684 3063 5757; x_wconf 77' lang='lat' dir='ltr'><strong>fuit</strong></span> <span class='ocrx_word' id='word_1_900' title='bbox 3082 5695 3224 5738; x_wconf 90' lang='lat' dir='ltr'><strong>anno</strong></span> <span class='ocrx_word' id='word_1_901' title='bbox 3261 5673 3392 5757; x_wconf 45' lang='lat'><strong>{$8.</strong></span> <span class='ocrx_word' id='word_1_902' title='bbox 3440 5672 3531 5728; x_wconf 81' lang='lat' dir='ltr'><strong>liis</strong></span> <span class='ocrx_word' id='word_1_903' title='bbox 3558 5669 3706 5757; x_wconf 62' lang='lat' dir='ltr'><strong>adde</strong></span> 
     </span>
    </p>
   </div>
   <div class='ocr_carea' id='block_1_123' title="bbox 2104 5750 3705 5831">
    <p class='ocr_par' dir='ltr' id='par_1_123' title="bbox 2104 5750 3705 5831">
     <span class='ocr_line' id='line_1_123' title="bbox 2104 5750 3705 5831; baseline -0.011 -10"><span class='ocrx_word' id='word_1_904' title='bbox 2104 5778 2276 5821; x_wconf 91' lang='lat' dir='ltr'><strong>annos</strong></span> <span class='ocrx_word' id='word_1_905' title='bbox 2314 5762 2384 5817; x_wconf 82' lang='lat'><strong>57</strong></span> <span class='ocrx_word' id='word_1_906' title='bbox 2415 5775 2551 5831; x_wconf 89' lang='lat' dir='ltr'><strong>quos</strong></span> <span class='ocrx_word' id='word_1_907' title='bbox 2581 5767 2764 5831; x_wconf 81' lang='lat' dir='ltr'><strong>egerat</strong></span> <span class='ocrx_word' id='word_1_908' title='bbox 2812 5750 3174 5815; x_wconf 75' lang='lat' dir='ltr'><strong>Prudentius:</strong></span> <span class='ocrx_word' id='word_1_909' title='bbox 3206 5751 3473 5820; x_wconf 83' lang='lat' dir='ltr'><strong>reliquum</strong></span> <span class='ocrx_word' id='word_1_910' title='bbox 3517 5754 3603 5802; x_wconf 86' lang='lat' dir='ltr'><strong>est</strong></span> <span class='ocrx_word' id='word_1_911' title='bbox 3646 5750 3705 5803; x_wconf 87' lang='lat' dir='ltr'><strong>ut</strong></span> 
     </span>
    </p>
   </div>
   <div class='ocr_carea' id='block_1_124' title="bbox 2105 5830 3368 5905">
    <p class='ocr_par' dir='ltr' id='par_1_124' title="bbox 2105 5830 3368 5905">
     <span class='ocr_line' id='line_1_124' title="bbox 2105 5830 3368 5905; baseline -0.012 -13"><span class='ocrx_word' id='word_1_912' title='bbox 2105 5837 2223 5892; x_wconf 75' lang='lat' dir='ltr'><strong>inec</strong></span> <span class='ocrx_word' id='word_1_913' title='bbox 2249 5830 2530 5905; x_wconf 75' lang='lat' dir='ltr'><strong>scripserit</strong></span> <span class='ocrx_word' id='word_1_914' title='bbox 2558 5847 2702 5890; x_wconf 86' lang='lat' dir='ltr'><strong>anno</strong></span> <span class='ocrx_word' id='word_1_915' title='bbox 2726 5830 2855 5891; x_wconf 76' lang='grc'><strong>405.</strong></span> <span class='ocrx_word' id='word_1_916' title='bbox 3360 5868 3368 5877; x_wconf 91' lang='grc'><strong>.</strong></span> 
     </span>
    </p>
   </div>
  </div>
