3974 6366
183 364 285 428 249

1385 367 1797 428 PARENESIS
1835 370 2310 433 DIDASCALICA.

3382 387 3491 445 9.50

186 483 476 543 levitarum
523 490 745 539 coactus
783 493 1026 547 sanares,
1057 490 1111 537 et
1149 480 1368 552 impacti
1412 482 1636 539 honoris
1674 498 1794 537 sar-
1822 484 1879 550 Α
1903 486 2191 553 rilitatem,
2224 488 2238 515 ⁹
2271 485 2539 557 religiosa:
2567 501 2776 545 mecum
2802 488 3129 548 habitudinis
3150 491 3341 549 decora
3370 510 3493 565 par-

184 578 311 633 cina
352 574 503 646 quod
555 574 833 643 premebat
877 588 907 628 a
957 589 1043 630 me
1087 575 1297 644 pondus
1344 584 1643 631 amoveret.
1686 576 1792 633 Sed

187 680 478 743 postquam
514 668 840 725 veneranda:
878 683 966 723 me
998 682 1248 737 pressura
1289 668 1565 739 dignitatis
1606 668 1793 725 absol-

187 766 291 829 vit,
324 763 491 818 habui
523 762 593 817 de
621 761 777 816 titulo
815 763 1068 833 genium,
1104 776 1209 817 non
1237 761 1305 817 de
1344 763 1576 818 actionis
1619 764 1793 819 nitore

187 857 609 916 conscientiam.
637 855 682 911 Ο
710 868 862 911 mens
891 855 1070 925 rigore
1101 855 1363 911 inebriata
1395 856 1660 923 venefico,
1694 870 1795 913 nec

187 949 461 1019 exemplis
486 947 782 1014 instructa,
813 961 913 1003 nec
953 947 1200 1002 monitis!
1244 947 1304 1003 Si
1334 948 1528 1003 desunt
1576 948 1670 1004 tibi
1700 965 1794 1005 ve-

189 1040 520 1097 nerabilium
560 1038 867 1109 magisteria
908 1039 1171 1095 librorum
1212 1040 1280 1095 ad
1325 1040 1662 1111 profectum,
1710 1043 1794 1097 in-

189 1132 433 1189 formare
477 1131 758 1202 suppliciis
784 1149 797 1184 :
828 1139 884 1188 et
909 1132 1015 1187 nisi
1045 1140 1098 1188 te
1143 1146 1301 1189 coeno
1341 1134 1659 1203 perditionis
1687 1136 1793 1192 im-

190 1224 418 1295 mergis,
450 1223 652 1279 habere
683 1231 837 1290 potes
877 1222 947 1279 de
976 1239 1133 1293 poena
1181 1224 1506 1292 doctrinam.
1538 1226 1643 1282 Sed
1678 1228 1792 1282 haec

193 1317 355 1373 faciat
385 1316 441 1371 in
486 1315 644 1371 nobis
687 1315 778 1372 ille
818 1316 911 1386 qui
950 1317 1237 1386 praecepit,
1280 1326 1335 1372 et
1379 1326 1435 1372 ut
1474 1333 1629 1387 pares
1673 1319 1791 1388 ejus

190 1410 499 1467 existamus
550 1406 827 1478 imperiis,
874 1408 991 1479 ipse
1038 1409 1318 1465 nobiscum
1340 1409 1482 1479 quod
1532 1409 1788 1481 injungit,

192 1512 471 1574 operetur.
518 1499 645 1555 Hac
684 1509 741 1555 et
782 1500 883 1555 alia
916 1500 1103 1570 plura,
1149 1500 1289 1557 sicut
1334 1500 1594 1571 praefatus
1636 1516 1788 1570 sum,

191 1609 287 1666 per
330 1603 531 1650 testem
582 1593 1026 1663 probatissimum
1076 1595 1295 1650 beatum
1344 1595 1620 1650 Victorem
1662 1596 1790 1651 inti-

192 1687 387 1742 manda
416 1686 660 1757 suggessi
684 1701 700 1741 :
726 1700 829 1741 nec
858 1686 1097 1758 requies,
1134 1702 1235 1744 nec
1265 1702 1413 1743 mora
1452 1688 1788 1757 procuranda

190 1781 457 1837 lentavit:
493 1780 805 1851 petitionem
834 1794 1008 1836 meam
1038 1781 1297 1851 suscepit,
1325 1781 1624 1852 replicavit,
1651 1781 1790 1837 obti-

1900 581 2115 645 tiretur,
2143 589 2197 636 et
2228 583 2383 636 fieret
2414 583 2657 651 praeclari
2690 584 2797 639 dux
2838 584 3033 641 femina
3064 588 3224 643 tituli.
3253 589 3359 646 Sed
3390 592 3493 648 uti-

1900 687 2024 727 nam
2056 688 2245 728 sexum
2294 673 2534 743 fragilem
2564 674 2619 728 in
2653 677 2817 731 animi
2863 678 3060 733 virtute
3110 694 3487 752 sequeremur,

1897 771 1953 818 et
2008 764 2221 818 actione
2275 764 2441 819 nobili
2497 780 2605 819 non
2657 774 2862 822 tantum
2914 771 3209 827 excelleret
3259 773 3487 843 merito,

1897 865 2156 925 quantum
2190 854 2436 911 feminea:
2478 857 2862 914 imbecillitatis
2907 861 3059 931 sequi
3088 863 3363 921 videretur
3393 866 3490 921 ob-

1897 953 2071 1002 tentu.
2100 946 2193 1001 llla
2241 949 2493 1017 pretiosae
2542 949 2722 1019 vigore
2762 953 3082 1008 constantiae
3125 956 3268 1011 mala
3312 960 3489 1014 carnis

1900 1047 2027 1093 vota
2057 1038 2390 1108 perdomuit,
2422 1049 2475 1095 et
2503 1040 2831 1096 all'ectiosam
2877 1044 3111 1099 servavit
3142 1048 3487 1115 pudicitiam,

1895 1147 2001 1186 non
2033 1141 2295 1187 coactam.
2320 1132 2413 1187 illa
2444 1133 2579 1187 recti
2606 1135 3034 1202 observantiam,
3061 1139 3188 1194 dum
3219 1141 3489 1198 obstinate

1894 1222 2099 1291 diligit,
2132 1222 2210 1277 ire
2253 1223 2510 1292 compulit
2552 1224 2603 1279 in
2646 1235 2914 1282 naturam.
2948 1228 3162 1285 Utinam
3204 1247 3307 1285 non
3354 1234 3485 1290 mihi

1895 1314 1949 1370 in
1982 1315 2069 1370 illa
2115 1316 2355 1370 districti.
2378 1326 2706 1387 proponatur
2745 1319 2879 1376 hora
2920 1321 3142 1391 judicii;
3172 1333 3226 1377 et
3265 1324 3389 1379 dum
3430 1327 3486 1382 in

1894 1408 2204 1465 infirmitate
2232 1424 2325 1464 sua
2357 1410 2511 1464 fortis
2534 1413 2871 1481 apparuerit,
2896 1428 2996 1483 ego
3028 1414 3083 1468 in
3115 1416 3347 1470 naturali
3380 1416 3487 1471 vir-

1894 1509 2008 1579 tute
2048 1501 2150 1555 sim
2196 1500 2423 1571 fragilis!
2461 1500 2621 1571 Ecce,
2653 1502 2901 1569 Domine,
2934 1506 3178 1560 recensui
3211 1508 3325 1577 ipsa
3368 1524 3487 1577 qua:

1893 1607 2143 1662 noveras,
2171 1602 2226 1649 et
2253 1593 2306 1648 in
2340 1608 2404 1649 ea
2434 1602 2642 1648 tantum
2670 1593 2742 1649 fui
2775 1595 2948 1651 fidelis
2973 1606 3144 1667 parte,
3176 1608 3231 1653 ut
3259 1614 3365 1655 non
3393 1615 3483 1656 ra-

1892 1700 2078 1756 perem
2129 1686 2271 1755 quod
2320 1686 2559 1741 tenebas.
2604 1686 2838 1754 Adesto,
2888 1704 2987 1744 rex
3030 1690 3247 1760 glorias,
3296 1692 3486 1749 adesto

1892 1777 2245 1849 supplicanti,
2281 1786 2337 1832 et
2364 1778 2659 1833 secundum
2692 1779 3033 1849 benignitatis
3059 1790 3165 1837 tua:
3194 1792 3484 1838 consuetu-

192 1872 339 1930 nuit.
370 1872 487 1928 Hoc
523 1871 749 1943 amplius
778 1870 1102 1943 suffragator
1128 1887 1282 1929 meus
1321 1873 1586 1941 emeruit,
1627 1888 1785 1942 quam
1818 1883 1868 1945 Β
1895 1869 2073 1923 dinem
2093 1911 2107 1935 ,
2143 1877 2391 1923 secutura
2420 1869 2662 1939 dispone.
2686 1868 2890 1926 GLOBIA
2921 1887 3099 1941 eum,
3136 1888 3203 1928 ετ
3227 1888 3389 1943 ῖιιιο,
3420 1891 3484 1930 ετ
3544 1922 3551 1929 .

190 1967 453 2040 poposci,
485 1975 542 2021 ut
574 1965 658 2021 illa
687 1981 810 2036 qua:
841 1982 1052 2023 mecum
1096 1968 1427 2024 matrimonii
1460 1967 1648 2024 habuit
1689 1981 1789 2037 pa-
1891 1975 2120 2016 SPIRITUI
2152 1969 2375 2015 SKNCTO.

262 2100 281 2132 ⁸
312 2096 842 2173 Μαξᾳσ-ωεκπη]
858 2098 1071 2173 _Simile
1098 2101 1353 2173 quiddam
1383 2102 1602 2157 Ruricio
1647 2100 1791 2156 acci-

192 2170 337 2228 disse
363 2168 561 2233 scribit
582 2168 1297 2243 Faustus—Reiensis'epist.
1322 2175 1375 2239 7,
1419 2182 1475 2229 ut
1509 2188 1631 2229 cum
1665 2175 1784 2243 ipso

1895 2097 2203 2153 fidelissima
2226 2097 2386 2153 Sarra
2403 2138 2419 2161 ,
2451 2097 2502 2152 id
2530 2108 2613 2155 est
2639 2099 2841 2169 conjux
2871 2114 2990 2164 sua,
3016 2100 3119 2157 sub
3143 2115 3253 2158 uno
3277 2100 3478 2159 Christi

1891 2169 2019 2241 jugo
2044 2170 2112 2223 ad
2137 2184 2478 2224 communem
2506 2170 2751 2227 tenderet
2774 2186 3055 2228 coronam.

207 2290 3483 2318 —-————-——————'_-—_'—__'—__—-———_

1178 2368 1916 2453 OPUSCULUM
1978 2367 2515 2449 SEXTUM.

819 2512 1243 2564 PARENESIS
1272 2513 1773 2563 υωΑεοΑιιιαΑ

1904 2515 1915 2554 l
1955 2509 2400 2560 AMBROSIUM
2436 2509 2527 2558 Εἰ*
2567 2509 2893 2563 ΒΕΔἸἮΠ-

1723 2624 1953 2642 du—

257 2695 379 2753 Deo
419 2690 795 2763 obsequimur,
825 2689 953 2745 dum
990 2690 1109 2761 ejus
1138 2690 1516 2746 convenientia
1564 2689 1784 2745 monitis

193 2789 565 2860 imperamus:
597 2797 725 2839 nam
757 2782 901 2853 quod
936 2782 1180 2852 petitioni
1206 2792 1403 2838 vestra:
1445 2781 1624 2837 studio
1651 2781 1789 2836 cari-

191 2881 324 2939 tatis
362 2876 789 2949 acquiescimus,
836 2875 1059 2946 mystica
1105 2883 1232 2930 sunt
1268 2882 1560 2945 prmcepta.
1612 2872 1791 2929 Multis

190 2972 400 3029 etenim
447 2965 933 3037 supplicationibus
979 2966 1258 3036 exegistis,
1298 2974 1356 3019 ut
1403 2966 1593 3037 pagina
1636 2964 1792 3020 vobis

192 3058 628 3119 concinnationis
656 3056 997 3113 didascalica:
1026 3057 1338 3129 fingeretur.
1369 3058 1569 3114 Volens
1605 3072 1696 3113 me
1736 3056 1789 3110 in

194 3155 495 3214 multorum
514 3151 637 3221 jura
677 3148 902 3205 submisi
928 3167 941 3203 :
974 3151 1094 3220 quia
1127 3150 1340 3217 videbo,
1369 3150 1497 3220 quid
1527 3151 1579 3204 in
1607 3148 1791 3204 verbis

2045 2684 2303 2741 Resolvat
2329 2684 2507 2740 studio
2533 2685 2755 2754 jubente
2785 2686 2990 2743 fortes:

2044 2781 2111 2835 At
2142 2792 2243 2832 nos
2275 2778 2465 2833 Pieriae
2495 2780 2711 2834 modum
2744 2779 2972 2849 loquela:

2041 2869 2099 2923 ln
2132 2877 2337 2923 tantum
2362 2870 2657 2940 sequimur,
2686 2880 2939 2927 monente
2966 2886 3127 2939 cura,

2048 2964 2319 3040 Quantum
2347 2961 2439 3017 dat
2468 2964 2681 3033 genius,
2710 2964 2970 3036 vigorque
2996 2965 3130 3020 veri.

1946 3052 1949 3057 λ
2044 3053 2245 3109 Christi
2276 3054 2462 3109 militis
2484 3056 2705 3111 insitum
2735 3056 2968 3127 rigorem

2040 3147 2323 3203 Elumbem
2359 3149 2590 3219 patimur
2613 3163 2813 3205 cavere
2841 3149 3086 3206 ductum.

194 3210 533 3306 adhibeatur:
551 3243 848 3311 examinis;
876 3210 1077 3299 sufficit
1099 3244 1143 3299 si
1173 3259 1261 3300 me
1289 3244 1340 3299 in
1376 3210 1503 3299 voto
1532 3242 1793 3313 praedice-
1819 3210 1866 3275 Ο
1956 3237 2115 3310 Ergo
2148 3210 2412 3293 dictorum
2443 3240 2765 3308 aliquotiens
2795 3256 3006 3298 ammna
3053 3241 3341 3313 fugientes,
3371 3261 3483 3301 ma-

194 3348 294 3404 tis.
327 3346 441 3416 Ego
466 3352 650 3401 tamen
682 3345 740 3399 in
786 3340 991 3397 foribus
1031 3339 1344 3411 scriptionis
1382 3337 1527 3409 quod
1557 3336 1796 3392 vivificat

195 3456 319 3497 non
345 3438 548 3495 tacebo.
584 3439 755 3495 Deum
782 3444 892 3493 tota
921 3434 1120 3491 mentis
1145 3433 1443 3489 intentione
1470 3428 1685 3486 mundis
1715 3436 1796 3484 tc-

195 3542 336 3591 nete
361 3532 676 3599 visceribus,
712 3538 766 3587 et
789 3531 935 3586 circa
973 3541 1073 3583 vos
1100 3540 1320 3597 precum
1365 3523 1795 3595 frequentatione

197 3626 463 3692 mulcete,
483 3624 648 3682 nullis’
667 3625 736 3679 ab
751 3638 817 3680 eo
835 3622 1135 3679 animarum
1158 3619 1620 3695 fornicationibus,
1648 3617 1795 3673 nulla

198 3717 575 3774 transactione
616 3716 856 3773 deducti.
901 3715 1102 3770 Favete
1138 3714 1301 3769 etiam
1340 3712 1633 3783 proximos,
1662 3724 1798 3782 quos

200 3811 339 3868 facit
382 3812 630 3867 naturale
673 3808 990 3880 collegium;
1020 3816 1075 3863 et
1108 3821 1175 3862 ne
1220 3805 1363 3877 quod
1405 3806 1561 3861 vobis
1601 3804 1797 3859 factum

196 3908 389 3964 dolori
414 3915 590 3974 esset,
618 3919 716 3962 vos
758 3904 956 3961 fecisse
982 3902 1281 3973 gaudeatis.
1327 3900 1495 3970 Hujus
1526 3899 1655 3955 boni
1691 3897 1800 3951 fru-

199 4009 330 4055 etus
356 4008 470 4067 est,
496 3997 757 4069 quidquid
787 4005 1023 4067 optatur.
1051 3995 1136 4051 Me
1162 4003 1340 4049 tamen
1379 3993 1477 4049 diu
1513 4000 1803 4049 tenuerunt

200 4095 434 4150 anxium
457 4091 861 4149 deliberationis
890 4091 1116 4156 incerta,
1142 4097 1321 4144 utrum
1354 4088 1420 4143 ad
1445 4102 1543 4143 vos
1572 4100 1670 4157 per
1689 4101 1803 4142 car-

202 4202 373 4253 men,
414 4202 483 4240 an
520 4184 800 4255 epistolari
832 4183 948 4255 lege
976 4182 1141 4239 verba
1186 4182 1603 4251 promulgarem.
1652 4181 1801 4252 Elegi

204 4278 556 4335 affectionem
604 4290 783 4332 meam
827 4276 972 4331 circa
1003 4290 1101 4330 vos
1143 4284 1373 4345 utroque
1410 4274 1624 4330 dicendi
1668 4275 1807 4331 calle

204 4369 566 4440 patefacere:
595 4369 722 4440 quia
764 4377 818 4424 et
856 4368 1260 4438 prtecipientem
1305 4366 1463 4422 decet
1505 4366 1663 4422 fortis
1693 4367 1806 4422 elo-

200 4462 399 4529 cutio,
438 4474 492 4519 et
539 4462 747 4533 pressis
804 4460 1171 4517 admonitione
1226 4460 1498 4517 mentibus
1543 4461 1807 4518 mollioris

1899 3330 2091 3384 teriam
2134 3330 2361 3385 solidam
2391 3345 2489 3385 suo
2519 3345 2614 3387 ore
2642 3332 3001 3401 celebremus,
3033 3348 3101 3390 ne
3133 3336 3330 3391 sentiat
3360 3339 3488 3393 viri.

1895 3420 2018 3477 litas
2060 3421 2237 3493 Oper-is
2282 3423 2521 3479 enervati
2563 3424 2759 3479 damna
2800 3426 3088 3481 sermonis.
3133 3426 3251 3481 Non
3294 3428 3491 3499 refugit

1899 3514 2286 3585 professionem
2333 3532 2507 3572 meam
2550 3518 2835 3574 monitoris
2880 3518 3147 3589 officium,
3180 3520 3302 3589 quia
3333 3521 3492 3580 decet

1900 3608 2266 3679 prsecedenles
2288 3610 2626 3665 emendatio:
2652 3617 2707 3665 et
2736 3609 2876 3665 sicut
2908 3618 3027 3681 post
3055 3618 3262 3681 tergum
3291 3613 3492 3671 relictis

1901 3717 1997 3773 par
2014 3711 2095 3757 est
2112 3702 2281 3757 facem
2299 3703 2365 3758 de
2388 3703 2691 3758 innocentia
2722 3701 2983 3774 proferri;
3014 3703 3090 3758 ita
3110 3706 3245 3759 ratio
3266 3704 3517 3775 flagitat,

1901 3801 1960 3848 ut
1980 3793 2141 3847 etiam
2163 3792 2341 3848 verbis
2365 3794 2466 3848 iter
2488 3793 2630 3864 quod
2648 3803 2940 3863 sequantur
2960 3794 3246 3851 ostendas:
3270 3810 3390 3850 cum
3409 3797 3493 3853 di-

1902 3886 2011 3941 vini
2034 3900 2167 3940 voce
2191 3893 2400 3941 constet
2428 3885 2771 3951 hortaminis,
2791 3886 2962 3957 Argue
2978 3885 3256 3955 sapientem
3281 3893 3329 3940 et
3350 3902 3493 3941 ama-

1903 3980 1975 4035 bit
1996 3988 2042 4033 te
2060 3979 2242 4050 (Prov.
2270 3994 2341 4045 rx,
2369 3976 2455 4050 8):
2479 3986 2533 4033 et
2562 3993 2669 4033 non
2693 3978 2916 4033 reticeat
2937 3977 3209 4034 saecularis
3230 3990 3491 4047 assertor,

1904 4071 2007 4140 Qui
2047 4078 2432 4143 praeceptorem
2463 4071 2634 4125 sancti
2664 4070 2885 4126 volucre
2916 4071 3149 4139 parentis
3191 4085 3313 4128 esse
3350 4072 3491 4128 loco.

1904 4167 2033 4223 Jure
2055 4165 2199 4220 enim
2234 4165 2286 4219 in
2318 4163 2619 4220 affectionis
2661 4164 2949 4235 supercilio
2978 4163 3300 4233 collocatur,
3334 4180 3491 4235 quem

1906 4262 2206 4333 benignitas
2250 4260 2554 4331 corrigendi
2612 4260 2910 4330 promptius
2951 4259 3145 4314 asserit
3191 4274 3351 4329 quam
3380 4259 3495 4330 ipsa

1909 4364 2095 4412 natura
2112 4354 2348 4424 generis.
2367 4353 2629 4409 Genuisse
2651 4354 2849 4408 etenim
2868 4352 3108 4408 libidinis
3128 4351 3495 4410 testimonium

1909 4457 1996 4506 est
2031 4446 2278 4503 erudisse
2315 4446 2545 4516 pietatis.
2601 4444 2744 4515 Ergo
2778 4445 2845 4500 ad
2888 4444 3287 4515 disciplinarum
3318 4461 3497 4501 arcem

199 4556 345 4629 styli
385 4571 510 4613 cura
561 4555 895 4612 subvenitur.
945 4555 1086 4626 Ergo
1130 4554 1362 4626 benigne
1405 4562 1594 4611 exacta
1636 4556 1798 4611 susci-

1911 4545 2285 4610 properantes,
2319 4550 2544 4592 matrem
2573 4536 2837 4592 bonorum
2866 4550 3091 4606 operum
3131 4547 3305 4591 amate
3347 4552 3497 4592 vere~

200 4650 347 4721 pite.

809 4734 939 4775 LAUS
971 4732 1234 4773 VEBSUUI.

356 4810 617 4879 Quamvis
648 4808 718 4865 sit
745 4818 988 4866 tenerum
1021 4811 1242 4864 madore
1272 4808 1465 4875 mellis,

358 4904 734 4973 Quodcunque
762 4902 990 4972 strepuit
1016 4916 1213 4971 parens
1243 4901 1530 4969 Cammna,

360 4998 433 5054 Et
463 4997 648 5054 fictum
680 4995 861 5065 lepido
886 4997 1063 5051 nitore
1090 5010 1310 5051 carmen

360 5091 609 5162 Captivet
630 5089 823 5145 docilis
850 5097 1121 5145 momenta
1142 5088 1322 5145 cordis
1347 5106 1361 5144 :

363 5184 475 5239 Nec
503 5198 722 5251 semper
749 5182 941 5237 deceat
968 5196 1161 5252 poema
1191 5181 1385 5247 virtus,

361 5278 517 5346 Quod
546 5282 636 5335 lex
667 5279 986 5349 praecipiens
1014 5286 1199 5333 tenere
1224 5279 1427 5333 fluxum

275 5396 296 5427 ³
346 5391 641 5447 Parwnesis
683 5390 1033 5463 didascalica}
1061 5393 1263 5447 Auctor
1305 5392 1421 5459 ipse
1460 5391 1560 5463 sub
1592 5389 1815 5463 initium

185 5466 700 5522 concinnationem
751 5462 1162 5517 diadascalicam
1206 5472 1394 5525 vocat,
1441 5472 1493 5516 et
1551 5462 1645 5517 lib.
1688 5476 1813 5526 vm,

186 5538 382 5608 epist.
405 5535 502 5601 ‘28,
532 5532 820 5601 epistolam
852 5533 1233 5590 admonitionis
1257 5551 1271 5588 :
1306 5534 1519 5602 dignam
1548 5546 1678 5587 sane
1707 5548 1825 5602 qum

191 5602 671 5663 adolescentili'us
700 5605 974 5663 omnibus.
1011 5605 1103 5663 aui
1140 5606 1207 5660 ad
1236 5605 1487 5660 virtutem
1518 5614 1575 5660 et
1617 5604 1826 5660 litteras

191 5620 671 5663 adclescenuous
700 5620 974 5670 omnibus,
1011 5620 1103 5675 qui
1140 5620 1207 5660 au
1236 5620 1487 5660 virtutem
1518 5620 1575 5660 et
1617 5620 1825 5660 litteras

192 5680 628 5741 informantur;
678 5676 905 5746 legenda
942 5690 1022 5747 ac
1076 5676 1346 5747 paedagogi
1396 5676 1516 5731 loco
1563 5676 1825 5732 sectanda

193 5758 590 5822 proponatur.
623 5748 822 5822 Beatus
843 5754 899 5822 et
922 5746 1242 5822 Ambrosius
1280 5746 1347 5822 ad
1376 5762 1511 5817 quos
1549 5763 1613 5822 ea
1658 5750 1824 5822 inissa

189 5818 346 5883 est,
379 5835 444 5874 ex
475 5819 725 5889 epistolis
766 5819 888 5873 noti“
924 5827 1068 5873 sunt.
1099 5818 1457 5889 Ambrosium,
1487 5819 1628 5871 enim
1680 5818 1827 5874 Fau-

205 5890 377 5957 stiui
416 5888 585 5959 ﬁlium
616 5889 784 5948 fuisse
811 5889 991 5948 docuit
1018 5890 1113 5947 lib.
1144 5906 1225 5960 Ix,
1254 5889 1411 5961 epist.
1438 5888 1473 5944 2
1509 5898 1562 5946 et
1590 5890 1643 5946 5.
1688 5888 1827 5947 Bea-

1830 4604 1884 4666 D
1908 4628 2161 4687 cundiam
2188 4647 2199 4683 :
2230 4644 2349 4699 quae
2388 4628 2459 4687 ita
2490 4643 2555 4683 ex
2601 4642 2661 4683 se
2694 4628 2957 4683 variarum
2998 4629 3205 4698 species
3247 4628 3499 4684 virttitum

1910 4721 2145 4779 fecunda
2184 4729 2239 4777 et
2267 4722 2417 4790 virgo
2447 4720 2702 4792 parturit,
2745 4728 2801 4775 ut
2844 4720 3171 4791 impudentia
3206 4735 3406 4791 procax
3449 4731 3501 4780 et

1912 4826 2166 4886 corrupta
2209 4816 2483 4870 vitiorum.
2527 4814 2655 4871 Haec
2694 4830 2790 4871 vos
2837 4814 2939 4870 hac
2981 4830 3133 4883 voce,
3170 4825 3228 4871 ut
3273 4815 3340 4871 ad
3385 4830 3502 4872 eam

1918 4908 2172 4974 tendatis,
2202 4908 2465 4964 hortetur.

2530 5017 2888 5059 venscusms.
3394 5074 3397 5075 ν

1994 5094 2246 5166 Tinguite
2276 5092 2569 5151 candentes
2596 5109 2754 5151 roseo
2781 5094 2848 5149 de
2878 5092 3079 5149 murice
3109 5090 3302 5157 vultus,

2100 5189 2279 5261 Atque
2307 5189 2466 5247 fidem
2494 5205 2705 5246 morum
2737 5188 2952 5260 pandite
2972 5188 3038 5243 de
3067 5187 3225 5243 facie.

1996 5282 2053 5339 in
2083 5285 2242 5341 niveo
2271 5298 2532 5356 spargens
2561 5283 2799 5341 maculas
2820 5283 2896 5338 sis
2928 5280 3202 5354 pulchrior
3228 5292 3346 5342 ore,

1928 5407 2074 5467 tum,
2103 5399 2203 5455 etsi
2252 5401 2420 5473 patris
2458 5400 2812 5473 ejus_n_omen
2852 5412 2959 5452 non
3005 5394 3211 5473 prodit,
3243 5386 3505 5473 nobilissi<

1928 5459 2076 5527 mum
2112 5483 2166 5525 et
2210 5459 2506 5525 sublimem'
2541 5470 2937 5525 adolescentem
2985 5459 3219 5539 appellat
3265 5459 3357 5539 lib.
3389 5474 3507 5539 vni,

1930 5543 2091 5609 epist.
2115 5542 2185 5598 58
2219 5552 2275 5597 et
2301 5542 2390 5597 39.
2421 5539 2501 5597 Ad
2530 5541 2779 5595 eumdem
2810 5540 2969 5611 etiam
3001 5537 3203 5601 aliquot
3240 5536 3364 5584 sunt
3390 5536 3508 5611 cpi:

1929 5601 2083 5667 stola:
2129 5613 2389 5679 Ennodii,
2419 5623 2474 5669 et
2503 5612 2773 5667 Ambrosii
2817 5608 3046 5679 nomine
3074 5601 3438 5679 controversia
3482 5601 3509 5656 ϐ

1931 5683 1984 5740 in
2017 5684 2331 5756 aleatorem.
2369 5673 2684 5756 Ambrosius
2725 5694 2857 5756 vero
2886 5679 2931 5731 is
2957 5674 3174 5756 videtur
3207 5673 3300 5756 qui
3332 5685 3511 5756 postea

1930 5762 2169 5824 qumstor
2196 5754 2293 5809 fuit
2318 5753 2607 5809 Athalarici
2638 5751 2798 5822 regis,
2830 5746 2971 5819 apud
3003 5745 3380 5804 Cassiodorum
3420 5744 3509 5809 lib.

1930 5840 2053 5895 vni,
2078 5826 2233 5896 epist.
2260 5826 2327 5889 15
2347 5834 2401 5881 et
2428 5826 2515 5880 M.
