3974 6366
451 326 563 396 255

598 441 701 501 Per
727 451 796 512 te,
826 444 842 477 '
877 456 970 512 per
997 440 1088 512 qui
1117 445 1167 495 te
1195 437 1353 494 talem
1394 451 1628 508 genuere
1668 447 1937 508 parentes,

599 537 938 612 Symmache,
978 549 1047 592 ne
1093 541 1334 590 nostram
1365 542 1580 587 maneat
1625 545 1743 585 sors
1773 530 1906 583 dura
1951 538 2033 580 ta-

1707 623 1961 696 [bellam,

601 730 675 785 Da
703 728 945 784 dextram
972 726 1139 792 tenui,
1167 733 1222 781 et
1254 733 1427 780 tecum
1453 737 1542 778 me
1568 721 1698 776 tolle
1727 735 1822 790 per
1841 718 2036 774 undas.

597 821 711 874 Non
731 819 854 873 facit
878 818 945 872 ad
977 832 1154 872 mores
1181 815 1486 871 credentem
1516 811 1700 866 fallere
1728 816 1963 865 sanctos.

599 909 742 964 Nihil
777 923 980 978 moror,
1013 921 1081 962 en
1119 905 1342 976 supplex
1381 902 1540 958 venio
1575 919 1586 953 :
1617 901 1872 955 miserere
1914 908 2036 965 pre-

1759 992 1958 1066 [canti,

535 1146 549 1175 ι
583 1142 683 1195 Per
712 1151 777 1208 te,
819 1156 906 1210 per
932 1139 1018 1209 qui
1057 1137 1136 1209 te]
1181 1137 1393 1192 Miserat
1431 1130 1706 1210 Ennodius
1741 1125 2038 1208 Partenesis

457 1205 770 1282 exemplum
801 1205 864 1264 ad
907 1205 1280 1282 Symmachum
1310 1205 1611 1282 patricium,
1641 1211 1696 1254 ut
1724 1215 1840 1253 eam
1860 1205 2040 1282 corri-

457 1270 631 1357 geret,
665 1286 755 1337 lib.
789 1299 896 1347 vui,
929 1270 1084 1350 epist.
1115 1281 1204 1333 28.
1245 1270 1528 1346 Propterea
1563 1274 1615 1327 hi
1645 1284 1830 1325 versus
1860 1270 2040 1322 Parae-

469 1406 1815 1439 ——————-—————-————-"’“—

1567 323 1837 383 ENNODII
1877 317 2181 379 EPlSCOPl
2223 311 2596 372 TICINENSIS

2054 437 2110 498 Δ

1819 1387 3364 1418 Μ

3622 300 3729 367 ἱῖἴϋ

2279 428 2418 484 Vilia
2457 425 2718 482 divitibus
2745 423 3126 481 commendans
3159 422 3296 479 dicta
3326 422 3588 494 patronis.

2573 518 2829 573 Germina
2858 517 3000 571 clara

2576 610 2783 664 Sumite
2813 608 2940 662 sicci

2575 699 2747 752 Verba
2787 696 3043 767 parentis.

2567 788 2757 843 Nobile
2785 788 2982 841 dictum
3011 795 3113 851 est,

2573 879 2725 945 Quod
2759 879 2900 932 bona
2928 884 3209 932 monstrat.

2146 1107 2262 1162 nesi
2323 1103 2696 1172 subjiciuntur.
2741 1098 2936 1154 Adonii
2983 1110 3115 1154 vero
3175 1095 3242 1153 ad
3300 1095 3642 1152 Ambrosium
3681 1104 3733 1156 et

2145 1182 2364 1233 Beatum
2389 1173 2679 1230 referendi.

1799 1735 2414 1761 *ὥ

530 1842 665 1896 Num
689 1841 904 1897 dubium
932 1852 1032 1908 esi,
1065 1842 1334 1897 hominem
1375 1839 1463 1908 qui
1516 1835 1743 1891 carnalis
1773 1830 2028 1897 concupi-
2060 1821 2109 1881 B
2135 1819 2488 1874 aBStimatione
2542 1820 2823 1889 percurrit.
2878 1819 2984 1874 Nos
3035 1828 3208 1874 tamen
3250 1834 3387 1890 quos
3435 1819 3736 1890 pastoralis

460 1933 684 1987 scentiae
731 1933 1012 1988 illecebras
1059 1934 1195 1987 sacri
1240 1939 1449 1985 amator
1489 1928 1740 1992 instituti,
1795 1926 2046 1994 magistra

464 2025 677 2078 vivendi
723 2034 838 2080 arte
883 2026 1170 2090 domuerit,
1203 2033 1257 2078 et
1295 2031 1682 2092 praeceptorum
1725 2019 1859 2074 falce
1887 2019 2049 2073 cccle-

463 2125 606 2172 stum
637 2116 892 2170 erraticos
922 2116 1164 2184 palmites
1195 2115 1262 2170 de
1291 2114 1714 2168 conversationis
1738 2127 1848 2166 sua:
1872 2112 2051 2166 radice

466 2207 763 2272 sustulerit,
790 2207 937 2260 vitali
983 2208 1272 2262 traditurus
1301 2207 1567 2272 incendio,
1600 2206 1868 2261 fructuosa
1902 2205 2052 2274 plan-

467 2300 600 2354 taria
623 2299 687 2353 ad
713 2315 1002 2368 supernum
1036 2302 1217 2356 fovere
1244 2300 1473 2354 valitura
1498 2298 1894 2367 compendium,
1911 2297 2050 2352 unde

467 2405 670 2444 annuas
700 2390 876 2444 divitia
915 2391 1062 2460 jussa
1093 2391 1309 2460 capiunt
1344 2392 1648 2460 pensiones,
1683 2399 1738 2446 et
1764 2405 1885 2444 eum
1917 2387 2054 2442 sicut

466 2480 774 2536 sinceritate
807 2482 1148 2549 innocentiae,
1183 2482 1252 2536 ita
1293 2483 1559 2551 opinionis
1603 2483 1720 2536 luce
1771 2477 2051 2550 gratulari.

472 2570 583 2625 Nec
610 2573 870 2625 honorum
903 2572 1071 2626 facem
1096 2573 1408 2627 meritorum
1441 2572 1805 2626 maledicentis
1831 2571 2056 2627 creden-

470 2660 597 2714 dum
639 2670 722 2715 est
768 2660 1036 2730 exstingui
1085 2677 1245 2730 posse
1290 2663 1526 2717 conflatu
1557 2680 1571 2716 :
1603 2663 1869 2732 quomodo
1913 2670 1968 2716 et
2009 2660 2056 2715 si

471 2752 630 2808 dente
661 2762 908 2822 tangatur
946 2753 1114 2807 invidi
1142 2753 1398 2822 Splendor
1437 2754 1581 2822 vitaz,
1615 2753 1856 2807 umbram
1893 2765 2059 2807 vene-

476 2854 618 2899 natze
647 2845 999 2901 oblocutionis
1030 2845 1282 2901 excludit.
1317 2846 1602 2900 Auctorem
1632 2853 1876 2913 repetunt
1911 2852 2057 2896 tene-

472 2937 608 3003 brae,
637 2953 753 3007 qua:
800 2938 863 2990 ad
915 2937 1291 2993 involvendum
1317 2938 1475 3007 jubar
1507 2945 1754 3005 aptantur
1787 2952 1800 2986 :
1829 2936 2057 2988 nitorem

473 3031 706 3086 siderum
736 3047 839 3085 nox
871 3033 1042 3085 infusa
1071 3046 1176 3084 non
1203 3031 1381 3084 obruit
1416 3048 1427 3081 :
1463 3030 1528 3082 ad
1555 3028 1769 3098 genium
1800 3024 2060 3079 claritatis

474 3122 687 3192 proficit
742 3135 860 3174 cum
913 3120 1239 3174 obscuritate
1284 3119 1620 3174 conflictus:
1664 3116 1864 3170 lunaris
1915 3114 2061 3185 globi

2150 1924 2278 1964 cura
2327 1910 2665 1977 constringit,
2711 1910 2904 1979 quibus
2956 1910 3270 1964 tuendarum
3327 1910 3611 1964 commissa
3659 1919 3744 1967 est

2152 2001 2452 2054 animarum
2490 1999 2782 2068 diligentia,
2812 2015 2880 2054 ne
2908 2013 3240 2054 summorum
3267 2000 3528 2069 quispiam
3571 1999 3744 2054 mini-

2153 2109 2470 2163 morumque
2523 2095 2832 2162 (tispereat;
2889 2094 3121 2148 maxime
3188 2108 3308 2147 cum
3383 2091 3508 2146 mali
3568 2092 3745 2160 ipsius

2154 2200 2345 2240 recens
2391 2185 2560 2239 oculis
2610 2185 2864 2240 offeratur
2909 2187 3234 2255 exemplum,
3263 2200 3382 2240 cum
3425 2185 3743 2254 apostolica:

2155 2277 2300 2332 sedis
2346 2277 2658 2346 prmsulem,
2692 2285 2746 2331 et
2784 2278 3021 2333 omnium
3056 2294 3190 2348 pene
3237 2278 3603 2333 Ecclesiarum
3647 2294 3745 2348 gu-

2155 2366 2441 2422 bernacula
2494 2377 2836 2433 tractantem,
2871 2383 2967 2437 per
3007 2369 3235 2438 proximi
3277 2369 3534 2424 tumultus
3563 2370 3746 2425 incen-

2157 2461 2306 2516 dium
2350 2459 2687 2516 inimicorum
2727 2461 2904 2516 rabies
2942 2462 3032 2516 tali
3063 2475 3157 2516 ore
3185 2461 3582 2523 momordisset,
3614 2470 3669 2516 et
3691 2462 3746 2517 in

2159 2554 2368 2608 ruinam
2391 2568 2541 2608 suam
2565 2554 2865 2623 aliquorum
2892 2553 3042 2610 furor
3069 2555 3186 2608 sine
3209 2553 3352 2622 justa
3376 2552 3750 2622 indignatione

2160 2645 2511 2700 surrexerint.
2547 2646 2695 2700 lianc
2723 2660 2853 2712 ergo
2883 2645 3124 2700 volentes
3154 2646 3461 2700 morborum
3491 2645 3752 2700 desecare

2161 2738 2478 2807 perniciem,
2500 2752 2567 2792 ne
2593 2737 2645 2790 in
2676 2735 2850 2791 locum
2882 2738 3076 2804 iniqure
3099 2737 3410 2791 assertionis
3439 2745 3751 2790 nostrorum

2160 2827 2355 2897 aliquis
2401 2827 2750 2896 negligentias
2788 2838 3102 2895 aucupetur,
3133 2838 3187 2882 et
3220 2827 3571 2882 similitudine
3604 2827 3756 2881 veri~

2164 2921 2294 2974 tatis
2342 2920 2408 2973 ad
2459 2918 2917 2989 impugnationem
2969 2919 3129 2973 fttltus
3182 2927 3425 2974 occurrat
3463 2935 3477 2972 :
3509 2919 3644 2988 qui,
3701 2926 3759 2974 ut

2165 3012 2478 3076 aiunt,viva
2510 3011 2783 3065 hominum
2814 3011 3114 3065 testimonia
3143 3025 3249 3064 non
3281 3008 3590 3073 formidant,
3624 3009 3759 3063 dum

2164 3104 2309 3175 quod
2340 3105 2488 3160 nefas
2515 3104 2659 3160 dictu
2703 3112 2806 3170 est,
2839 3103 3070 3158 convicti
3111 3104 3230 3157 loco
3256 3103 3541 3173 deputatur
3567 3102 3760 3157 incau-

476 3211 832 3269 ministerium
861 3210 947 3265 die
975 3209 1258 3264 recedente
1288 3209 1406 3278 plus
1440 3209 1642 3275 rutilat,
1681 3219 1735 3263 et
1765 3210 1937 3277 placet
1961 3221 2060 3262 suo

2165 3204 2270 3262 tus,
2298 3205 2351 3251 et
2401 3196 2594 3251 fecisse
2644 3197 2820 3251 scelus
2864 3196 3120 3264 creditur,
3152 3197 3246 3267 qui
3287 3198 3525 3267 potuisse
3575 3195 3762 3251 facere

477 3304 696 3367 lumine,
733 3304 858 3356 dum
895 3302 1041 3372 fugat
1079 3303 1334 3356 alienum.
1382 3300 1492 3356 Sub
1526 3312 1804 3357 externum
1833 3301 1918 3371 jus
1950 3315 2058 3356 non

477 3394 725 3458 mittitur,
753 3394 842 3462 qui
895 3393 1068 3447 lucem
1095 3391 1292 3456 facere,
1320 3400 1381 3446 ut
1422 3403 1629 3458 auctor,
1671 3394 1911 3448 assumit.
1951 3391 2060 3448 Sed

477 3485 746 3556 quomodo
789 3485 961 3538 noxia:
997 3494 1204 3540 mentes
1233 3483 1465 3538 definitis
1503 3500 1562 3540 se
1590 3486 1856 3540 aestimant
1884 3483 2062 3539 senio-

479 3579 629 3635 ribus
681 3593 786 3632 non
836 3578 1025 3642 teneri,
1071 3586 1316 3647 putantes
1365 3578 1747 3647 prephetarum
1796 3587 2062 3648 praecepta

485 3668 814 3724 dicentium:
852 3669 926 3724 Os
955 3668 1286 3724 detrahentis
1319 3669 1700 3736 eradicabitur,
1742 3685 1865 3725 cum
1905 3679 2064 3724 aetate

481 3771 853 3826 veterescere;
903 3770 957 3816 et
1002 3761 1364 3816 valetudinem
1405 3775 1511 3815 non
1555 3760 1756 3817 habere
1795 3776 1892 3830 per
1923 3770 2063 3815 tem-

480 3851 645 3923 pora?
673 3853 821 3921 quasi
855 3852 1080 3908 novellis
1114 3860 1315 3906 tantum
1344 3853 1502 3907 timor
1531 3851 1790 3908 debeatur
1827 3851 2061 3916 statutis,

479 3947 534 3998 et
555 3941 618 3995 ad
651 3956 861 4010 poenam
893 3956 1014 3997 reos
1043 3941 1124 3996 lex
1155 3956 1356 3997 annosa
1386 3957 1491 3995 non
1521 3951 1702 3997 teneat
1729 3961 1740 3995 :
1770 3958 1890 3997 cum
1923 3950 2063 3996 tem-

481 4046 670 4101 porum
713 4040 961 4099 operator
1017 4029 1191 4096 Deus,
1243 4030 1519 4098 prophetze
1569 4047 1698 4087 usus
1748 4033 1965 4097 officio,
2012 4039 2068 4086 et

483 4122 697 4190 antiqua
721 4119 963 4188 jusserit,
993 4127 1047 4173 et
1075 4119 1326 4173 moderna
1353 4121 1638 4188 disponat;
1667 4131 1722 4176 et
1748 4137 1886 4177 unus
1905 4131 2067 4191 atque

485 4215 627 4270 idem
673 4213 797 4268 boni
849 4211 1138 4266 fabricator
1178 4212 1428 4278 instituti,
1467 4216 1609 4270 circa
1651 4215 1896 4271 homines
1925 4214 2068 4283 quod

487 4306 748 4377 praemisit
794 4305 845 4360 in
896 4305 1225 4375 parentibus,
1266 4314 1444 4362 servet
1483 4307 1535 4361 in
1584 4308 1828 4376 posteris.
1863 4306 1968 4363 Sed
2001 4306 2069 4361 ad

487 4397 824 4468 propositum
857 4408 1208 4452 revertamur.
1263 4397 1593 4454 Exercentur
1623 4402 1837 4471 quidem
1868 4411 2071 4455 sanctas

486 4491 677 4544 animae
701 4490 1034 4544 sermonibus
1056 4490 1392 4558 mmulorum,
1417 4500 1469 4546 et
1489 4492 1554 4546 ad
1581 4493 1766 4562 gloriae
1785 4503 2069 4562 augmenta

2162 3289 2494 3359 perhibetur.
2552 3287 2719 3342 Nemo
2748 3288 2839 3342 Dei
2875 3288 3085 3355 oculos,
3116 3286 3276 3358 q'uam
3323 3287 3579 3354 hominis,
3609 3287 3761 3355 judi-

2161 3391 2250 3437 cat
2300 3382 2417 3451 plus
2459 3383 2637 3436 timeri
2669 3400 2680 3434 :
2711 3397 2949 3437 errorem
2989 3382 3225 3438 creditur
3261 3381 3442 3438 fovere
3478 3382 3743 3451 solitudo,

2161 3484 2217 3530 et
2267 3473 2581 3544 profundam
2651 3475 2936 3544 nequitiam
2996 3474 3334 3529 incomitatus
3394 3473 3743 3528 admittere:

2163 3564 2316 3634 quasi
2369 3564 2509 3619 ccelo
2561 3564 2798 3619 facinora
2853 3565 3217 3634 penetralibus
3258 3566 3461 3620 inclusa
3493 3581 3599 3619 non
3649 3581 3748 3634 pa-

2165 3664 2332 3719 teant,
2358 3666 2412 3710 et
2433 3655 2691 3709 vindicari
2720 3655 2916 3709 malum
2951 3670 3057 3709 non
3089 3665 3270 3726 queat,
3295 3655 3435 3726 quod
3460 3655 3626 3710 homo
3653 3672 3763 3710 non

2166 3748 2386 3816 respicit
2419 3766 2431 3801 :
2467 3749 2750 3803 credentes
2772 3747 2913 3817 quod
2960 3763 3071 3803 rem
3114 3747 3274 3803 studii
3329 3749 3535 3818 possint
3585 3748 3764 3819 depu-

2167 3850 2282 3896 tare
2309 3841 2613 3895 necessitati
2658 3858 2672 3895 :
2712 3850 2765 3895 et
2808 3840 2932 3895 dum
2965 3841 3124 3895 homo
3168 3841 3370 3896 homini
3419 3850 3601 3895 custos
3645 3854 3760 3908 est,

2169 3933 2273 3987 alio
2319 3932 2676 3988 maledicendi
2713 3933 2923 3997 ordine,
2951 3932 3260 4002 pudicitiam
3288 3934 3498 3988 valeant
3541 3948 3765 3988 accom-

2170 4025 2393 4080 modare
2424 4024 2716 4078 formidini.
2756 4023 2866 4078 Nos
2893 4025 3106 4094 quidem
3129 4027 3208 4080 vel
3241 4041 3303 4081 ex
3331 4041 3434 4081 una
3450 4036 3612 4098 parte
3646 4039 3766 4082 car-

2169 4117 2331 4188 pendi
2361 4117 2676 4172 occasiones
2719 4117 3004 4171 incidimus
3037 4135 3050 4172 :
3086 4131 3184 4172 nos
3214 4133 3458 4187 supernae
3486 4133 3767 4174 memores

2171 4208 2495 4276 disciplinae,
2535 4208 2959 4278 qualemcunque
3022 4209 3406 4264 sacerdotalem
3464 4208 3759 4264 dexteram

2172 4301 2475 4356 volentibus
2513 4302 2686 4369 perire
2715 4301 3035 4370 porrigimus
3059 4316 3074 4365 ;
3117 4308 3173 4354 et
3197 4315 3226 4353 a
3253 4301 3421 4355 ruinae
3452 4300 3767 4370 praecipitio

2173 4393 2452 4450 diabolicis
2508 4402 2658 4448 actos
2721 4393 2953 4447 stimulis
2997 4393 3333 4447 retardamus
3376 4413 3391 4449 :
3442 4400 3500 4447 ut
3549 4392 3768 4448 discant

2177 4488 2465 4558 loquaces,
2518 4489 2602 4541 vel
2658 4495 2778 4556 post
2835 4485 3048 4542 decreta
3103 4485 3391 4555 praesentia
3444 4484 3765 4555 religiosum

487 4580 767 4648 deputant,
799 4578 1055 4649 quidquid
1087 4590 1271 4634 contra
1305 4595 1487 4635 earum
1518 4584 1765 4636 meritum
1793 4593 2073 4641 accusator
2097 4581 2151 4642 D
2176 4596 2358 4637 amare
2381 4579 2673 4635 silentium.

491 4668 774 4738 ingesserit
804 4685 815 4720 :
851 4669 988 4722 sicut
1037 4668 1223 4724 doctor
1262 4673 1500 4740 gentium
1548 4673 1778 4738 clamat,
1829 4675 2074 4732 homines

491 4759 924 4817 oblocutionihus
959 4763 1219 4815 exerceri.
1267 4762 1334 4818 Ut
1374 4764 1550 4819 solent
1595 4766 1820 4820 arbores
1857 4782 1977 4835 qua:
2006 4767 2076 4823 ad

493 4865 652 4912 terrae
697 4855 992 4924 penetralia
1038 4855 1228 4909 validis
1269 4855 1534 4911 radicibus
1566 4870 1950 4929 pervenerunt,
1981 4859 2078 4917 de-

495 4947 703 5016 spicere
744 4946 912 5000 flabra
955 4955 1258 5012 ventorum,
1291 4957 1345 5002 et
1381 4952 1674 5006 certamina
1715 4954 2077 5022 procellarum

495 5039 784 5094 stabilitate
837 5037 1054 5107 propria
1106 5037 1375 5093 animante
1426 5051 1821 5099 contemnere:
1865 5046 1945 5100 sic
1997 5046 2078 5102 illi

496 5130 840 5203 repudiautes
882 5129 1238 5198 superstitiosi
1285 5147 1404 5201 quae
1447 5134 1675 5204 impacta
1718 5135 1878 5190 fuerit
1905 5136 2080 5206 caligo

497 5223 776 5295 ﬁgmenti,
827 5236 923 5292 per
967 5222 1155 5276 sudum
1215 5222 1395 5278 radios
1451 5223 1606 5280 bonae
1655 5226 2080 5282 conversationis

497 5315 809 5372 ostendunt.
860 5311 994 5367 Nam
1045 5312 1170 5367 dum
1225 5314 1344 5382 quis
1401 5315 1614 5370 illorum
1657 5316 1902 5384 objectis,
1947 5330 2081 5371 con-

498 5410 722 5466 scientia
755 5416 911 5475 teste,
933 5407 1296 5477 congreditur,
1319 5408 1385 5462 ad
1416 5410 1670 5478 triumphi
1700 5424 1848 5478 spem
1873 5409 2080 5466 interna

575 5543 592 5572 ³
634 5543 923 5596 Cellulanos
953 5543 1163 5614 habere]
1192 5543 1456 5612 Scriptum
1486 5552 1564 5598 est
1593 5544 1660 5596 ab
1692 5544 1935 5598 Ennodio
1963 5545 2078 5614 epi-

503 5615 649 5680 scopi
673 5616 753 5667 sui
787 5615 1021 5668 nomine.
1050 5613 1180 5668 Cum
1213 5617 1356 5668 enim
1383 5615 1516 5682 jussi
1554 5625 1732 5668 essent
1763 5631 1791 5666 a
1823 5630 1954 5682 papa
1987 5613 2080 5670 aut

504 5684 710 5755 synodo
742 5684 945 5752 (neque
972 5685 1111 5755 enim
1146 5686 1409 5753 proditum
1439 5687 1577 5751 est),
1606 5686 1840 5755 episcOpi
1869 5701 2075 5752 omnes,

504 5753 912 5808 centubernales
961 5753 1185 5810 clericos
1227 5756 1424 5810 habere
1461 5757 1584 5809 vita:
1622 5771 1734 5811 sua:
1762 5753 2082 5824 actuumque

507 5834 693 5894 testes,
718 5825 783 5881 ad
805 5825 1136 5881 amoliendas
1168 5827 1547 5883 maledicorum
1575 5827 1868 5884 calumnias
1893 5827 2085 5898 quibus

2249 4673 2458 4729 Nullum
2507 4686 2634 4742 ergo
2680 4671 3041 4736 sacerdotum,
3102 4669 3334 4742 antiquis
3379 4679 3435 4726 et
3485 4669 3771 4727 modernis

2179 4767 2384 4836 legibus
2437 4764 2856 4835 obsequentem,
2909 4765 3219 4835 nullumque
3279 4763 3590 4832 levitarum,
3643 4747 3770 4817 sine

2178 4858 2315 4915 bene
2362 4858 2580 4927 probata
2634 4859 2878 4911 volumus
2921 4857 2973 4910 in
3019 4869 3340 4925 quocunque
3390 4853 3496 4909 loci
3539 4868 3771 4910 manere

2180 4965 2455 5021 persona:
2491 4950 2575 5006 vel
2614 4964 2772 5020 quem
2814 4949 3124 5003 substantize
3163 4947 3373 5003 exilitas
3416 4962 3520 5001 non
3564 4948 3771 5016 permi-

2181 5043 2315 5100 serit
2345 5043 2541 5098 habere
2565 5051 2892 5107 consortem,
2931 5042 3045 5110 ipse
3085 5039 3462 5095 concellaneus
3493 5039 3584 5092 fiat
3621 5039 3767 5093 alte-

2181 5136 2317 5190 rius.
2343 5133 2622 5190 Publicum
2671 5134 2742 5188 sit
2783 5133 2919 5201 apud
2962 5134 3239 5204 religiosos
3263 5147 3421 5187 omne
3454 5131 3594 5200 quod
3620 5132 3771 5198 geri-

2185 5233 2306 5290 tur;
2346 5224 2677 5282 clandestina
2721 5225 3030 5293 repudietur
3068 5225 3400 5289 obscuritas;
3440 5223 3637 5278 multos
3673 5224 3774 5276 ha-

2187 5317 2311 5373 beat
2356 5327 2570 5372 actuum
2615 5318 2882 5381 conscios,
2911 5317 3001 5386 qui
3036 5317 3144 5372 Deo
3172 5316 3332 5371 debet
3375 5315 3770 5369 innocentiam.

2190 5409 2417 5465 Videant
2439 5408 2640 5474 aemuli,
2667 5409 2789 5479 quia
2813 5410 2902 5480 qui
2927 5419 3089 5465 testes
3115 5409 3350 5474 adhibet,
3373 5407 3487 5462 vult
3513 5406 3730 5476 probari
3758 5422 3772 5457 :

2180 5553 2415 5602 vexatus
2449 5561 2617 5618 nuper
2658 5547 2828 5600 fuerat
2867 5545 3223 5618 Symmachus
3254 5543 3642 5618 :_episcopi,_ut
3675 5556 3776 5618 par

2185 5627 2322 5681 erat,
2354 5612 2663 5684 exemplum
2693 5619 2883 5683 secuti,
2909 5612 3241 5686 presbyteris
3271 5612 3396 5680 itetn
3435 5630 3497 5668 ac
3526 5612 3776 5686 diaconis

2189 5703 2406 5744 suarum
2451 5683 2744 5743 dimcesum
2793 5689 2846 5742 id
2907 5683 3093 5757 ipsum
3137 5694 3527 5756 praeceperunt,
3567 5691 3628 5757 ut
3669 5683 3777 5757 ipsi

2190 5773 2402 5828 quoque
2438 5760 2556 5814 sine
2596 5759 2820 5813 aliorum
2847 5753 3199 5813 contubernio
3226 5753 3331 5810 non
3358 5763 3560 5811 essent.
3587 5753 3777 5828 pellu-

2189 5824 2346 5887 lanos
2378 5830 2556 5900 itaque
2595 5830 2976 5900 interpretatur
3000 5829 3412 5896 concellaneos,
3443 5824 3771 5893 συγκὲλλφνςο
