3974 6366
234 348 335 405 257

1520 336 1927 401 BENEDICTIO
1962 339 2188 400 CEREI.

3402 343 3508 398 258

234 461 374 519 male
420 458 762 531 deprehensa
809 458 1081 529 iudicetur
1119 457 1493 525 conversatio‘,
1543 474 1666 530 quae
1712 473 1821 516 non
1844 457 2089 525 APetri,
2118 455 2204 511 vel
2240 452 2487 525 praesulis
2530 454 2649 525 ejus
2704 454 3020 512 auctoritate
3066 468 3219 527 papae
3270 455 3504 525 subnixi,
3533 445 3543 481 θ’

232 560 381 622 Optat
420 550 669 621 agnosci.
697 548 856 605 Certe
898 549 983 606 vel
1031 548 1079 605 si
1124 564 1279 606 mens
1314 550 1387 605 sit
1414 550 1548 606 recti
1576 550 1818 620 conscia,

232 642 469 699 vindicta
505 642 703 713 dignus
740 649 846 708 est,
888 641 979 712 qui
1015 642 1108 697 alii
1148 643 1333 698 existit
1360 656 1520 697 causa
1554 642 1821 714 periculi:

234 734 359 791 dum
389 734 539 791 enim
569 732 971 819 suspicionibus
1010 733 1260 803 patefacit
1292 748 1567 790 accessum
1587 776 1604 803 ,
1633 735 1692 789 ﬁt
1716 734 1824 813 fra-

234 827 376 886 terni
433 828 590 900 origo
630 826 961 884 discriminis
998 843 1011 880 :
1049 836 1104 882 et
1150 828 1241 898 qui
1286 828 1541 898 peccandi
1588 826 1824 884 fomenta

231 920 449 989 tribuit,
475 920 595 991 ipse
618 919 865 992 jugulum
902 918 1092 974 mortis
1122 918 1386 990 impingit,
1419 930 1474 974 ut
1500 919 1575 973 ait
1609 919 1825 975 divinus

232 1019 286 1067 et
314 1010 510 1066 beatus
536 1023 717 1079 praeco
750 1027 765 1063 :
798 1008 924 1063 Noli
945 1007 1234 1075 detrahere,
1268 1025 1331 1064 ne
1364 1010 1655 1064 eradiceris.
1678 1010 1824 1065 Con-

233 1102 406 1159 fessor
431 1100 755 1157 Ambrosius
783 1118 797 1155 :
828 1100 980 1158 Multi
1003 1118 1110 1158 non
1138 1100 1400 1157 dederunt
1423 1100 1596 1157 errori
1623 1101 1822 1172 locum,

233 1202 289 1250 et
333 1192 607 1250 dederunt
654 1194 971 1264 suspicioni.
1013 1194 1260 1264 Suspicio
1306 1193 1407 1248 ista
1454 1200 1538 1248 est
1580 1193 1827 1249 interitus

234 1284 580 1355 suspicantis,
610 1292 666 1340 et
708 1299 866 1353 quam
898 1299 1003 1341 non
1034 1292 1181 1340 caret
1218 1293 1437 1353 peccato
1461 1284 1553 1355 qui
1593 1283 1821 1339 dederit.

238 1377 388 1437 Unde
411 1393 673 1435 mansuro
702 1395 822 1435 cum
854 1379 949 1435 Dei
985 1387 1041 1436 et
1074 1379 1450 1449 Redemptoris
1475 1378 1643 1434 nostri
1670 1377 1822 1433 ordi-

235 1470 452 1529 natione
490 1470 789 1528 constituto
816 1472 1088 1528 sancimus
1110 1513 1126 1540 ,
1159 1472 1465 1542 apostolicae
1502 1470 1646 1528 sedis
1682 1470 1826 1527 beati

238 1628 247 1704 ζ
306 1635 326 1666 ¹
366 1631 613 1689 Mulieres
640 1632 918 1688 canonibus
941 1631 1264 1704 designatas]
1290 1632 1577 1703 Gregorius
1602 1631 1822 1699 Magnus

237 1703 331 1759 lib.
356 1720 451 1771 vn,
484 1706 645 1771 epist.
677 1704 747 1759 59
781 1723 793 1758 :
832 1705 894 1760 Si
920 1707 1006 1773 qui
1039 1705 1394 1775 episcoporum
1434 1719 1552 1756 cum
1597 1703 1826 1756 mulieri-

1926 566 2048 622 qua:
2106 548 2233 605 vitia
2277 547 2557 605 “desiderat
2599 548 2859 606 radicitus
2906 548 3199 620 amputari,
3228 556 3284 604 ut
3338 532 3535 605 nullus‘

1926 644 2302 715 religiosorum
2343 643 2413 700 de
2450 644 2763 699 memoratis
2802 644 3079 699 ordinibus
3102 683 3119 711 ,
3152 644 3307 698 aliter
3348 657 3512 713 quam

1931 736 2139 808 praelati
2188 750 2394 807 sumus,
2444 735 2640 792 audeat
2684 737 3029 803 conversari;
3081 736 3164 791 vel
3205 737 3510 805 quicunque

1930 830 2407 902 praesumpserint,
2457 843 2581 885 cum
2645 830 2935 886 amissione
2981 829 3202 899 pudoris
3247 829 3511 885 bonorum

1928 923 2125 979 damna
2177 924 2494 979 sustineant.
2541 922 2821 991 Quomodo
2867 922 3070 993 grande
3134 923 3330 977 malum
3386 930 3509 985 est,

1930 1013 2162 1069 dicatam
2222 1015 2333 1070 Deo
2399 1027 2681 1084 personam
2747 1013 3070 1069 salutaribus
3134 1014 3350 1069 monitis
3403 1027 3509 1068 non
3545 1013 3575 1054 ῖ-

1931 1119 2144 1175 parere.
2177 1103 2365 1159 Nullus
2411 1119 2595 1161 secum
2642 1113 2926 1159 extraneas
2965 1104 3159 1160 habeat
3188 1107 3204 1136 ¹
3236 1104 3514 1161 mulieres.

1933 1204 2129 1264 praeter
2168 1210 2424 1265 personas
2466 1196 2763 1251 canonibns
2807 1195 3150 1267 designatas;
3190 1210 3257 1251 ne
3304 1194 3512 1264 agendo

1933 1287 2131 1355 taliter,
2160 1289 2370 1346 etiamsi
2422 1290 2527 1347 vita
2555 1290 2625 1347 sit
2653 1289 2929 1361 innocens,
2960 1290 3212 1347 damnum
3245 1289 3511 1362 Opinionis

1928 1383 2184 1440 incurrat.

1929 1648 2190 1688 sacrorum
2234 1651 2483 1689 canonum
2527 1651 2743 1690 censura
2781 1638 3025 1706 permittit
3057 1654 3074 1691 :
3104 1638 3158 1690 id
3204 1646 3279 1691 est
3323 1644 3487 1689 matre

1931 1707 2109 1779 amita,
2136 1722 2374 1772 germana
2390 1716 2443 1779 et
2464 1707 2579 1761 aliis
2606 1706 2919 1775 huiusmodi,
2945 1710 3007 1763 de
3028 1709 3206 1779 quibus
3233 1724 3389 1773 praua
3410 1722 3510 1762 non

238 1776 332 1830 bus
377 1766 591 1846 degunt,
636 1775 781 1829 nullo
829 1766 979 1829 modo
1026 1766 1260 1845 patiaris,
1314 1776 1534 1844 exceptis
1580 1775 1652 1829 eis
1695 1790 1824 1844 quas
1856 1766 1905 1828 Β
1932 1766 2223 1845 ροδείιέἓεε
2253 1778 2498 1844 suspicio.

250 1907 3494 1943 _-————-—-—————————-_f——I——————d

1098 1950 1101 1955 ’
1156 2000 1891 2085 OPUSCULUM
1968 2000 2597 2089 OCTAVUM.

746 2164 762 2194 ¹
796 2166 1246 2218 PETITOBIUM
1282 2165 1429 2232 ρυο
1468 2164 1883 2214 ABSOLU'I'UB
1917 2165 2048 2214 EST
2084 2167 2487 2219 GERONTIUB
2522 2170 2713 2219 PUEB
2748 2169 3060 2219 AGAPI’I'I.

305 2368 449 2423 Deus
478 2366 685 2424 arbiter
726 2366 1088 2425 universitatis
1118 2375 1172 2423 et
1200 2366 1445 2432 conditor
1470 2365 1557 2421 illa
1599 2381 1687 2421 res
1729 2367 1832 2421 ltu-

237 2476 420 2517 manas
460 2463 621 2517 lance
666 2460 963 2531 dispensat,
1014 2469 1072 2516 ut
1114 2469 1168 2516 et
1214 2460 1399 2515 ﬁdeles
1444 2460 1724 2530 praemium
1773 2470 1832 2517 et

238 2572 453 2630 poenam
496 2558 731 2614 rebelles
775 2555 1059 2627 accipiant.
1107 2555 1290 2611 Lassis
1339 2555 1483 2611 enim
1521 2555 1835 2609 devotor-um

242 2650 513 2721 obsequiis
555 2649 919 2705 valetudinem
966 2648 1151 2703 tribuit
1184 2665 1196 2701 :
1230 2647 1355 2703 dum
1404 2648 1643 2702 muneris
1681 2645 1836 2701 obla-

245 2741 388 2798 tione
411 2741 687 2797 succurrit
715 2757 730 2795 :
761 2739 933 2810 perdit
958 2740 1155 2795 laboris
1195 2738 1510 2794 memoriam
1540 2752 1692 2792 mens
1723 2746 1835 2791 ter-

245 2835 391 2890 renis
433 2833 669 2903 obligata
717 2831 1059 2897 carceribus,
1083 2832 1332 2902 queliens
1363 2828 1440 2885 illi
1468 2828 1836 2885 vicissitudine

249 2926 600 2983 subvenitur:
629 2925 685 2980 in
713 2924 987 2995 antiquum
1008 2923 1220 2979 sudoris
1235 2921 1537 2992 juvenescit
1558 2920 1832 2988 allectum,

243 3020 333 3090 qui
372 3019 752 3075 necessitatem
778 3016 963 3087 gratiae
991 3015 1148 3070 melle
1175 3020 1490 3070 commutat.
1514 3012 1833 3068 Sanctorum

244 3125 438 3182 pcenze,
456 3110 589 3166 dum
614 3123 810 3167 corona
832 3108 1104 3178 quaeritur,
1129 3106 1464 3175 abjurantnr.
1487 3103 1587 3159 Cui
1609 3103 1832 3159 dubium

1938 2345 2174 2399 civitatis
2217 2346 2447 2416 gaudere
2481 2349 2753 2405 consortio
2785 2368 2798 2404 :
2831 2350 2981 2419 cujus
3030 2363 3130 2420 ego
3171 2349 3516 2410 absolutionis

1939 2450 2047 2491 non
2099 2444 2205 2491 tam
2252 2437 2490 2509 largitor,
2518 2455 2677 2510 quam
2722 2441 2869 2495 testis
2899 2441 3069 2496 existo
3099 2458 3111 2498 :
3142 2441 3346 2511 abjecta
3376 2442 3517 2501 enim

1938 2536 2083 2584 esset
2131 2540 2319 2586 natura
2390 2532 2690 2602 designati,
2742 2533 2839 2589 nisi
2911 2535 3147 2589 moribus
3194 2535 3521 2605 vulgaretur.

1939 2619 2089 2675 Hunc
2138 2622 2351 2693 quidem
2407 2638 2525 2679 sum
2571 2624 2768 2679 dudum
2803 2627 3188 2681 interveniente
3231 2638 3520 2682 coutmuta~

1942 2710 2087 2765 tione
2116 2722 2381 2767 mercatus
2411 2730 2424 2767 :
2453 2714 2545 2769 sed
2572 2713 2694 2782 quia
2724 2715 2927 2770 nullum
2965 2725 3047 2770 est
3073 2715 3244 2785 majus
3281 2731 3519 2772 commo-

1940 2802 2067 2858 dum
2095 2818 2253 2872 quam
2298 2804 2427 2859 illud
2467 2805 2609 2875 quod
2653 2820 2900 2861 serenum
2943 2821 3166 2861 examen
3192 2808 3522 2877 assequitur;

1940 2892 2075 2963 elegi
2098 2895 2326 2963 palmam
2355 2895 2566 2964 judicii,
2595 2912 2753 2966 quam
2782 2897 2847 2952 de
2876 2898 3134 2967 acquisito
3159 2898 3356 2954 habere
3376 2915 3523 2955 com~

1944 2985 2193 3057 pendium
2230 3005 2243 3042 :
2278 2989 2513 3043 ostendit
2543 2990 2673 3045 mihi
2700 2990 2842 3060 justa
2874 2990 3107 3060 praedicti
3137 2992 3370 3047 servitus
3398 3007 3525 3062 per-
3611 2995 3615 2998 ’

1942 3089 2130 3132 sonam
2162 3093 2266 3133 non
2306 3093 2425 3134 esse
2464 3080 2737 3135 servilem.
2786 3080 2926 3150 Ergo
2966 3081 3237 3136 nominato
3280 3097 3386 3137 non
3418 3092 3523 3140 tam

248 3214 353 3270 est,
378 3202 525 3274 quod
556 3217 656 3257 nec
702 3200 772 3257 ad
807 3199 1001 3257 caelum
1031 3200 1147 3255 sine
1171 3198 1360 3253 ﬁducia
1388 3194 1835 3252 remunerationis

1942 3168 2098 3240 cupio
2129 3170 2512 3239 ingenuitatem
2555 3172 2739 3238 tribui,
2770 3187 2927 3243 quam
2958 3171 3168 3227 relundi
3198 3188 3212 3226 :
3244 3172 3355 3228 scio
3384 3172 3525 3243 quod

252 3296 573 3352 acceditur?
606 3294 865 3349 lmitanda
896 3300 1022 3348 sunt
1044 3290 1360 3345 mortalibus
1392 3274 1541 3344 duce
1579 3288 1840 3357 sapientia

252 3387 362 3454 illa,
387 3387 589 3457 quibus
620 3392 853 3442 aeternus
880 3383 1013 3438 ordo
1042 3381 1379 3451 componitur
1406 3397 1421 3434 :
1447 3389 1728 3435 secuturus
1760 3386 1844 3434 est

250 3479 458 3533 animus
504 3477 737 3542 actibus,
781 3475 923 3531 unde
969 3474 1199 3543 sumpsit
1241 3471 1525 3541 originem,
1569 3470 1692 3525 dum
1735 3470 1843 3527 Deo

226 3554 441 3628 devote
506 3567 832 3623 famulantes
899 3570 1046 3637 quod
1104 3564 1493 3635 praestolamur,
1543 3563 1837 3619 oﬁ'erimus.

253 3661 299 3716 Α
336 3675 576 3732 superna
632 3658 778 3715 enim
824 3657 1235 3714 conversatione
1277 3671 1384 3711 non
1432 3655 1720 3725 discrepat,
1753 3654 1844 3725 qui

250 3753 408 3809 talem
438 3750 861 3821 obsequentibus
884 3747 1143 3820 impendit
1164 3747 1459 3816 dominum,
1494 3744 1707 3818 qualem
1740 3742 1846 3801 sibi

254 3847 367 3903 vult
395 3860 523 3903 esse
549 3844 739 3900 salutis
768 3853 1061 3898 auctorem.
1094 3841 1403 3897 Gerontium
1448 3840 1649 3909 itaque,
1691 3838 1844 3908 cujus

251 3954 283 3995 a
318 3954 406 3995 me
457 3945 734 4008 comperta
796 3934 951 4002 ﬁdes,
1000 3932 1195 4004 pudor,
1244 3932 1543 4003 integritas,
1583 3938 1638 3985 et
1681 3929 1846 3999 exigit

257 4030 587 4096 libertatem,
629 4035 686 4084 et
724 4027 837 4084 suis
879 4025 1097 4081 dotibus
1143 4024 1450 4090 innotescit,
1481 4037 1577 4093 per
1606 4035 1845 4092 prazsens

266 4123 580 4195 petitorium
625 4136 655 4176 a
706 4118 1037 4176 beatitudine
1084 4126 1258 4173 vestra
1286 4116 1541 4172 Romanae
1582 4113 1844 4184 deprecor

328 4259 348 4289 ¹
388 4255 703 4311 Petitorium
745 4268 844 4322 quo
890 4250 1156 4322 absolutus
1199 4257 1274 4302 est
1298 4246 1620 4322 ﬂuentius]
1660 4246 1845 4300 Manu-

258 4328 542 4384 missiones
562 4326 688 4381 olim
719 4318 773 4379 in
797 4323 1034 4378 Ecclesia
1062 4321 1279 4383 liebant,
1298 4318 1555 4373 beneﬁcio
1579 4318 1846 4372 Constan-

258 4400 353 4455 tini
388 4398 590 4467 Magni,
618 4397 770 4465 cujus
809 4393 1107 4467 exstat‘lex
1145 4390 1211 4467 ad
1246 4391 1605 4467 Protogenem
1630 4389 1842 4467 episeo-

298 4486 385 4525 um
412 4457 811 4531 Sardieensem,
840 4478 958 4534 quae
986 4461 1267 4516 formulam
1296 4459 1557 4534 declarat.
1600 4458 1721 4534 cod.
1767 4457 1843 4534 De

298 4486 385 4525 um
412 4486 811 4531 δθταιεεηεεηι,
840 4486 958 4534 qua:
986 4486 1267 4516 turutusum
1296 4486 1557 4514 usususus.
1600 4486 1721 4512 cuu.
1767 4486 1843 4512 νυ

259 4486 345 4597 Εἰς
367 4542 533 4611 quiin
562 4538 801 4611 Ecclesia
841 4534 1305 4611 tnanumittuntur.
1344 4530 1463 4583 Jam
1502 4530 1699 4611 dudum
1729 4528 1844 4610 pla-

259 4600 460 4677 cuit,'ut
508 4612 564 4664 in
606 4607 837 4662 Ecclesia
881 4605 1146 4677 catholica
1180 4604 1472 4677 libertatein
1498 4600 1706 4677 domini
1733 4600 1840 4653 suis

258 4671 465 4753 famulis
494 4690 736 4753 pratstare
765 4677 977 4753 possint,
999 4673 1157 4753 sisub
1187 4683 1393 4753 aspectu
1420 4671 1575 4740 plebis
1604 4672 1844 4753 assistat:

260 4742 392 4807 libus
418 4742 828 4806 Christianorum
845 4745 1150 4800 antistitibus
1181 4746 1461 4813 faciant,ut
1489 4752 1694 4812 prepter
1717 4742 1843 4812 facti

258 4824 556 4879 memoriam
576 4822 682 4875 vice
706 4831 931 4873 actorum
958 4818 1306 4885 interponatur
1334 4815 1694 4883 qualiscunque
1717 4814 1845 4885 scri-

260 4906 429 4963 ptura,
457 4897 509 4947 in
536 4908 639 4963 qua
672 4891 784 4963 ipsi
819 4890 932 4963 vice
960 4884 1161 4963 testium
1184 4887 1408 4963 signent.
1432 4885 1758 4963 Attgustinus
1787 4884 1843 4963 in

260 4954 512 5019 sermone
541 4954 777 5017 nondum
805 4964 821 4983 '
851 4959 1016 5021 edito,
1046 4956 1138 5011 sed
1164 4954 1254 5026 qui
1284 4970 1315 5009 a
1352 4956 1464 5010 Nic.
1492 4954 1664 5010 Fabro
1694 4954 1844 5009 brevi

262 5037 435 5091 lucem
460 5050 582 5091 cum
605 5033 724 5088 aliis
743 5037 1020 5101 exspectat
1046 5045 1059 5082 :
1087 5028 1296 5084 Servum
1325 5035 1467 5081 tuum
1485 5028 1843 5079 manumitten-

1947 3272 2093 3319 recte
2130 3264 2235 3318 vile
2280 3278 2476 3319 nomen
2506 3264 2795 3334 expulerit,
2826 3267 2913 3334 qui
2944 3273 3068 3319 ante
3094 3264 3357 3335 ingenuus
3379 3265 3527 3323 credi

1947 3355 2160 3423 meruit,
2215 3372 2373 3427 quam
2420 3358 2620 3412 vocari.
2676 3358 2921 3412 lletnisso
2966 3372 3094 3428 ergo
3140 3357 3209 3413 ab
3256 3372 3341 3425 eo,
3388 3358 3529 3428 quod

1946 3450 2077 3505 mihi
2117 3449 2431 3515 debebatur,
2470 3449 2748 3520 obsequio,
2775 3466 2932 3521 quam
2962 3467 3112 3505 suam
3152 3466 3271 3507 esse
3305 3466 3529 3509 conver~

1946 3540 2154 3595 satione
2197 3540 2397 3608 docuit,
2446 3541 2621 3595 cidem
2671 3542 2894 3597 restituo
2935 3542 3230 3599 libertatem
3273 3562 3289 3599 :
3331 3546 3530 3615 suppli-

1946 3645 2075 3687 cans
2111 3645 2324 3689 cOronte
2360 3641 2573 3700 vestras,
2608 3642 2665 3687 ut
2691 3634 2854 3703 gestis
2886 3635 3259 3691 ecclesiasticis
3288 3651 3353 3691 ex
3384 3638 3530 3695 omni

1946 3727 2286 3784 obnoxietate
2331 3726 2604 3791 solvatur;
2658 3735 2719 3780 ut
2768 3738 3027 3797 perpetuo
3076 3727 3329 3783 Romanae
3382 3730 3532 3785 urbis

1946 3819 2115 3888 possit
2162 3817 2433 3873 exsultare
2480 3816 2748 3886 collegio,
2792 3819 2938 3871 omni
2996 3820 3205 3887 peculio
3262 3835 3360 3875 suo
3413 3821 3532 3878 sine

1947 3912 2124 3982 aliqua
2175 3911 2549 3966 imminutione
2594 3924 2853 3966 concesso
2888 3927 2901 3966 :
2939 3926 3041 3967 nec
3068 3910 3147 3967 l‘as
3184 3921 3267 3966 est
3294 3914 3435 3968 cnim
3463 3915 3533 3970 de

1946 4003 2223 4073 acquisitis
2270 4003 2562 4074 quidquam
2616 4003 2802 4071 minui,
2854 4019 3011 4075 quem
3063 4003 3323 4075 polliceor
3371 4005 3526 4063 donis

1946 4096 2106 4153 etiam
2134 4091 2427 4165 potioribus
2452 4094 2907 4166 subsequendum.

1948 4215 2068 4268 dum
2096 4214 2235 4267 ducis
2264 4214 2316 4267 in
2348 4211 2607 4268 ecclesiam
2635 4228 2653 4266 .'
2679 4211 3163 4278 recitaturlibellus,
3187 4221 3273 4266 aut
3308 4212 3365 4279 ﬁt
3392 4213 3529 4266 desi-

1947 4286 2076 4338 derii
2106 4286 2181 4337 tui
2205 4286 2504 4356 prosccutio.
2540 4284 2679 4337 Dicis
2701 4296 2747 4338 te
2766 4300 2962 4337 servum
2985 4294 3127 4338 tuum
3158 4285 3525 4356 manumittere,

1946 4357 2033 4422 qui
2084 4356 2173 4408 tibi
2207 4355 2279 4408 in
2326 4356 2558 4407 omnibus
2608 4358 2875 4408 servaverit
2916 4356 3092 4422 ﬁdem.
3158 4355 3282 4421 Ejus
3324 4355 3529 4424 antiqui

1947 4427 2115 4481 moris
2151 4426 2465 4494 praeclarum
2506 4426 2593 4479 ltic
2640 4424 2940 4493 exemplum
2978 4426 3029 4477 in
3065 4424 3319 4479 Gerontio
3344 4438 3526 4488 servo,

1948 4513 2105 4566 quem
2137 4497 2386 4551 dominus
2415 4495 2553 4564 apud
2576 4495 2882 4565 episcopum
2914 4496 3260 4549 tnanumittit.
3295 4495 3531 4551 Alterius

1949 4565 2075 4638 ergo
2122 4567 2336 4621 nomine
2360 4570 2631 4638 scriptum
2663 4565 2953 4638 bocgetiam
2981 4567 3293 4634 opusculum
3324 4568 3392 4619 ab
3421 4566 3530 4620 En-

1950 4636 2135 4704 no'dio,
2160 4637 2371 4707 Agapiti
2398 4636 2671 4703 nimirum,
2697 4636 2847 4704 cujus
2872 4652 3063 4691 nomen
3088 4639 3239 4691 titulo
3262 4638 3483 4706 apposui
3510 4654 3528 4694 :

1951 4712 2073 4780 quia
2106 4712 2156 4764 in
2185 4710 2451 4765 veteribus
2496 4707 2980 4780 libringeaonrtus
3018 4723 3152 4761 rosa
3189 4724 3263 4763 ss.
3309 4710 3524 4772 dicitur,

1952 4778 2053 4837 lioc
2091 4792 2173 4836 est
2228 4780 2595 4849 suprascripti.
2639 4778 2931 4848 Subjicitur
2970 4789 3146 4835 autent
3184 4780 3425 4849 epistolae
3456 4780 3525 4835 ad

1952 4856 2256 4923 Agapitum,
2282 4866 2399 4921 quae
2419 4860 2501 4905 est
2529 4852 2561 4904 6
2591 4850 2680 4904 lib.
2710 4866 2782 4903 tv.

2012 4988 2032 5009 '
2058 4987 2227 5037 Editus
2250 4990 2419 5048 postea
2440 4995 2548 5035 tum
2572 4981 2678 5033 aliis
2698 4983 2759 5033 59
2782 4984 2842 5033 ab
2865 4985 2970 5046 ipso
2989 4982 3262 5034 Sirmondo.

292 5173 3511 5210 Μ

1267 5249 2006 5339 OPUSCULUM
2063 5246 2531 5335 NONUM.

1531 5393 1547 5424 ¹
1578 5394 2025 5446 BENEDIGTIO
2070 5393 2317 5443 GEBEI.

343 5564 385 5623 l.
426 5564 646 5639 Dignum
688 5572 744 5622 et
771 5564 969 5637 justum
1000 5570 1100 5621 est.
1131 5560 1270 5619 Vere
1298 5559 1514 5632 dignum
1552 5566 1607 5614 et
1641 5558 1845 5628 justum

263 5670 373 5728 est,
413 5673 466 5715 ut
492 5660 633 5729 quod
659 5675 689 5714 a
721 5669 796 5731 te,
825 5659 1071 5724 Domine,
1114 5656 1437 5728 accepimus,
1467 5667 1629 5726 prece
1658 5653 1849 5707 saltem

350 5795 365 5824 ¹
409 5792 696 5848 Benedictio
723 5792 871 5865 cerei]
907 5793 1106 5848 Harum
1130 5792 1383 5865 alteram,
1413 5803 1531 5865 qua:
1557 5786 1854 5865 posteriore

267 5866 394 5923 loco
423 5868 594 5937 posita
621 5873 725 5934 est,
753 5856 894 5923 nunc
924 5865 1151 5938 primum
1184 5861 1414 5921 edimus.
1434 5856 1726 5917 ’Pcrtineut
1755 5872 1853 5917 att-

1798 5991 1855 6001 ,5-

728 6040 742 6050 ι
773 6044 911 6053 VIA—N7

1953 5566 2008 5613 et
2034 5569 2166 5611 voce
2194 5554 2481 5610 solvamus.
2525 5552 2591 5607 Et
2622 5555 2745 5608 licet
2771 5561 2948 5606 nostra
2985 5551 3160 5617 lingua
3191 5547 3422 5605 auctoris
3451 5548 3531 5612 sui

1956 5650 2228 5707 beneﬁciis
2254 5648 2414 5719 digno
2436 5660 2765 5718 nequaquam
2786 5644 3111 5714 respondere
3135 5644 3302 5715 possit
3327 5645 3489 5703 aﬁ‘atu
3515 5661 3532 5701 :

1962 5794 2067 5858 teni
2093 5782 2177 5858 ad
2221 5786 2553 5858 priscam__et
2591 5780 2883 5858 solemnem
2936 5778 2988 5833 in
3019 5781 3417 5858 ecclesiacerei
3445 5796 3536 5851 pas

1962 5855 2157 5916 schalis
2180 5852 2639 5923 consuetudinem,
2668 5852 2821 5921 cujus
2840 5859 3114 5913 auctorem
3140 5852 3411 5915 Zosimutn
3439 5868 3535 5929 pa-

3542 814 3547 831 l

3541 864 3559 947 ξ

3542 948 3571 1022 i
