3974 6366
443 292 548 349 9.59
1588 282 1858 342 ENNODII
1888 282 2190 342 EPISGOPI
2218 282 2597 344 TICINENSIS
3606 281 3706 342 260

446 403 560 460 vult
585 403 762 459 tamen
783 399 965 457 divino
980 396 1239 471 mysterio
1258 396 1567 468 profecisse,
1593 398 1732 466 quod
1760 396 1899 452 facta
1917 406 2023 451 est.
2051 405 2109 465 Α
2130 396 2384 467 Agnoscit
2412 398 2499 453 hic
2525 399 2746 454 odorem
2780 410 2938 454 suum
2964 396 3256 454 salutiferas
3277 394 3505 468 virginis
3542 397 3706 470 filius,

445 496 579 551 Nam
610 508 730 549 cum
780 492 994 549 ceteris
1039 489 1360 547 animalibus
1411 489 1660 546 hebetata
1688 480 2029 559 Caligantium
2132 488 2220 553 ubi
2257 489 2372 544 sine
2410 490 2553 545 coitu
2593 491 2829 546 nascitur
2854 489 3108 561 quidquid
3146 488 3390 546 offertur.
3423 488 3541 544 Non
3569 489 3709 547 enim

444 586 744 645 crassitudo
783 587 853 642 sit
889 598 1169 651 sensuum,
1197 592 1385 641 vernat
1426 584 1481 641 in
1531 582 1634 639 hoc
1677 583 2032 654 dispositione
2134 578 2221 637 hic
2250 579 2548 636 turicremis
2582 580 2878 637 Panchaus
2924 580 3169 639 adoletur
3218 582 3354 652 ignis
3402 580 3708 637 altaribus:

446 681 712 737 dominica
743 678 1019 735 hominum
1065 677 1275 735 factura
1320 676 1681 747 praestantior,
1723 677 1868 747 quod
1916 680 2029 735 sola
2131 684 2239 725 non
2286 671 2353 725 ad
2377 670 2527 726 triste
2572 671 2931 728 ministerium
2983 680 3280 728 extremum
3332 671 3578 742 mugiens
3616 672 3714 729 bos

449 773 661 828 uberius
688 777 867 842 potest
887 770 1093 826 sentire
1124 771 1381 827 factorem
1416 785 1429 822 :
1456 781 1575 837 quae
1609 776 1789 825 tamen
1818 768 2032 827 cernuis

447 874 529 922 est
552 862 801 920 socianda
832 871 980 918 recte
1016 861 1329 931 pecudibus,
1357 861 1405 917 si
1430 859 1668 917 cmlastis
1700 860 1885 930 ignara
1915 875 2035 916 mu-

444 956 610 1021 neris,
666 955 813 1011 velut
857 954 1110 1024 elinguis,
1159 953 1417 1009 beneficia
1466 951 1727 1007 divinitus
1778 964 2035 1008 concessa

444 1050 747 1107 concludat.
777 1048 909 1104 Nam
944 1057 999 1103 ut
1026 1047 1259 1104 absolvit
1285 1061 1316 1102 a
1343 1044 1569 1101 crimine
1613 1044 1668 1100 in
1710 1043 2034 1101 holocaustis

444 1145 704 1215 mysticis,
738 1158 845 1199 non
872 1142 1073 1198 habere
1101 1142 1242 1212 quod
1268 1139 1465 1196 offeras
1491 1156 1503 1194 :
1538 1140 1609 1195 ita
1639 1138 1797 1209 digna
1823 1138 2034 1208 piaculo

444 1250 533 1293 res
573 1244 675 1301 est,
716 1233 987 1290 offerenda
1016 1231 1357 1289 subtrahere.
1386 1230 1549 1288 Parili
1579 1243 1807 1299 namque
1832 1229 2034 1300 judicio

451 1329 751 1385 censendus
784 1338 887 1393 est,
918 1336 974 1384 et
1000 1328 1089 1397 qui
1136 1340 1404 1396 nunquam
1453 1324 1689 1394 loquitur
1736 1338 1830 1392 per
1876 1332 2034 1378 natu.

448 1436 584 1488 ram,
609 1430 663 1476 et
684 1421 773 1491 qui
803 1420 942 1489 quod
966 1418 1218 1489 loquitur,
1242 1432 1349 1472 non
1369 1416 1546 1472 reddit
1565 1416 1791 1469 auctori.
1811 1412 2032 1477 Idcirco,

449 1513 697 1582 Domine,
731 1513 976 1583 stupendi
1004 1512 1159 1581 hujus
1180 1510 1358 1580 opifex
1387 1507 1907 1577 elementi,aliquam
1939 1505 2036 1561 tibi

447 1622 479 1663 a
509 1607 661 1663 nobis
691 1604 842 1661 reddi
883 1604 1152 1660 credimus
1180 1602 1367 1657 humili
1408 1600 1776 1657 satisfactione
1806 1597 2036 1667 particu-

448 1696 575 1766 lam,
605 1698 744 1768 quod
776 1704 945 1751 totum
965 1692 1341 1764 cognoscimus
1366 1706 1466 1747 nos
1491 1691 1712 1747 debere.
1738 1690 1869 1757 Quis
1888 1689 2033 1745 enim

2134 775 2388 831 percussa
2428 762 2643 817 litatur:
2691 778 2798 819 non
2843 763 3116 820 bidentum
3151 762 3292 820 fetus
3330 762 3598 819 carniﬁcis
3623 776 3718 833 po-

2134 853 2263 921 tius,
2310 868 2470 925 quam
2517 856 2815 913 sacerdotis
2870 872 3055 914 mucro
3092 858 3355 915 desecult.
3403 856 3615 911 Sufﬁcit
3649 856 3716 913 ad

2136 954 2531 1020 reparationem
2554 954 2869 1010 atternitatis
2896 954 3139 1024 perditae,
3171 954 3312 1023 quod
3340 966 3447 1008 non
3473 967 3503 1007 a
3532 953 3741 1040 nobisg.
3776 958 3780 961 '

2098 1101 2101 1103 .
2135 1044 2233 1109 sed
2278 1057 2375 1111 pro
2399 1046 2573 1112 nobis,
2597 1050 2779 1118 Agnus
2803 1049 3012 1104 occisus
3041 1054 3145 1103 est.
3177 1048 3368 1104 Procul
3397 1044 3520 1102 hinc
3550 1048 3721 1103 aberit

2134 1136 2328 1195 lanista
2350 1137 2624 1210 Judaicus,
2653 1144 2741 1213 qui
2774 1155 2877 1212 per
2892 1143 3173 1199 cicatrices
3202 1142 3480 1214 inguinum
3513 1143 3720 1198 animas

2138 1228 2241 1283 sibi
2282 1231 2568 1301 acquisitas
2619 1240 2697 1288 tot
2746 1235 2885 1289 solet
2932 1248 3221 1291 numerare
3270 1245 3405 1305 quot
3448 1233 3719 1291 vulnerat.

2137 1325 2341 1383 Christi
2393 1331 2558 1385 nostri
2615 1328 2866 1387 libamina
2915 1332 3147 1389 infucata
3192 1332 3540 1404 simplicitate
3568 1346 3728 1391 com-l

2140 1418 2373 1489 plentur.
2402 1418 2616 1492 Peragit
2636 1422 3025 1480 dedicationem
3055 1426 3296 1496 corporis
3335 1428 3526 1494 nostri,
3562 1442 3723 1501 crux,

2141 1512 2304 1578 unda,
2337 1514 2623 1569 confessio.
2662 1515 2739 1571 Te
2771 1530 2900 1587 ergo
2927 1531 3254 1588 quaesumus,
3282 1518 3528 1590 Domine,
3560 1528 3622 1576 ut
3652 1521 3725 1576 si-

2140 1604 2427 1675 cuttypico
2467 1606 2638 1675 prisca
2690 1606 2966 1677 mysterio,
3028 1611 3101 1665 ita
3157 1610 3464 1666 renovanda
3513 1613 3729 1683 agmina

2143 1689 2303 1747 ducat
2333 1693 2446 1751 haec
2466 1696 2711 1753 columna
2744 1707 2889 1754 trans
2924 1699 3163 1769 gurgites
3197 1710 3430 1758 :testuet
3449 1703 3609 1759 nobis
3646 1719 3730 1760 se-

447 1789 583 1844 alius
617 1798 811 1858 praeter
841 1798 891 1842 te
921 1785 1105 1840 mundi
1148 1783 1402 1839 fabricam
1433 1782 1816 1853 perpendiculo
1846 1797 2040 1853 repen—
2066 1778 2116 1841 B
2143 1786 2271 1840 mita
2300 1796 2595 1859 praeparata
2643 1804 2738 1859 per
2780 1790 2966 1859 maria,
3016 1800 3073 1846 et
3115 1792 3264 1847 sitiat
3289 1793 3443 1851 callis
3471 1794 3706 1864 pulveru

445 1878 847 1950 tinaejussionis
885 1887 1126 1933 exactam
1168 1872 1329 1931 bifida
1369 1873 1689 1931 auctoritate
1732 1873 2033 1939 solidavit;

442 1986 562 2027 cum
594 1973 821 2043 primum
863 1971 1114 2041 prtecepti
1154 1970 1229 2025 tui
1270 1966 1533 2025 miraculo
1557 1974 1699 2024 terra
1726 1968 2037 2038 coagulare-

444 2073 530 2120 tur
558 2065 609 2119 in
641 2065 874 2135 pelagus,
912 2074 965 2121 et
1003 2062 1246 2119 deductis
1274 2062 1474 2119 deinde
1516 2077 1778 2135 aquarum
1809 2062 2037 2131 impres-

443 2157 684 2214 sionibus
706 2158 796 2213 illa
837 2157 1091 2227 naufraga
1130 2164 1250 2225 post
1277 2152 1497 2211 sitiret?
1535 2153 1699 2224 Cujus
1723 2153 1908 2218 etiam,
1932 2152 2035 2209 nisi

445 2258 549 2306 tute
606 2250 998 2321 investigabilis
1039 2248 1152 2305 fotu
1196 2249 1455 2319 jussionis
1505 2256 1754 2318 suscepta
1792 2246 2035 2318 germina

443 2343 789 2400 nutriuntur?
818 2343 907 2413 qui
931 2341 1164 2398 calorem
1188 2343 1357 2415 gignit
1384 2340 1597 2409 infusis,
1629 2341 1721 2410 qui
1752 2340 2033 2394 humorem

442 2434 608 2491 stillat
634 2434 945 2490 arentibus?
974 2438 1085 2506 qui,
1108 2436 1211 2501 nisi
1234 2437 1375 2492 Deus
1395 2444 1599 2501 noster,
1632 2432 1887 2490 succidua
1911 2433 2035 2504 jun-

442 2524 521 2599 git
566 2527 899 2597 temporibus
947 2535 1209 2598 tempora,
1242 2541 1472 2597 quorum
1527 2536 1682 2579 terrae
1731 2523 1869 2579 fetus
1893 2540 2036 2584 nunc

443 2618 568 2690 igne
604 2620 927 2683 fervescant,
969 2633 1112 2674 nunc
1152 2617 1323 2688 glacie
1369 2625 1753 2686 temperentur,
1781 2629 1922 2671 nunc
1950 2624 2031 2673 te-

444 2725 575 2782 pore
604 2709 922 2776 animentur,
954 2725 1096 2765 nunc
1120 2708 1306 2766 bibulo
1341 2708 1549 2780 liquore
1580 2709 2033 2780 conSpergantur?

444 2806 573 2874 Quis
597 2804 711 2861 haec
737 2805 914 2859 omnia
944 2812 999 2859 et
1026 2805 1154 2859 fecit
1199 2819 1266 2859 ex
1316 2802 1506 2871 nihilo,
1550 2811 1603 2859 et
1656 2817 1753 2873 per
1797 2803 2035 2875 lucisja-

444 2912 602 2954 nuam
644 2912 674 2951 a
723 2902 995 2968 perpetuae
1038 2896 1211 2952 noctis
1250 2894 1403 2951 furva
1449 2892 1713 2950 densitate
1750 2893 2030 2966 discrevit,

442 2984 672 3059 fecitque
719 2988 1025 3059 perenniter
1070 2989 1331 3044 laudanda
1363 2987 1715 3059 dispositione
1736 2984 2031 3061 piissimus,

442 3090 563 3154 post
595 3080 726 3135 lucis
746 3080 1044 3136 claritatem
1085 3097 1194 3135 non
1224 3081 1433 3136 borreri
1471 3082 1723 3137 tenebras
1754 3094 2031 3141 reverten-

2143 1876 2318 1933 lentus
2366 1880 2419 1933 in
2465 1880 2735 1936 fluctibus.
2786 1881 2929 1935 Nihil
2976 1881 3064 1937 hic
3102 1890 3186 1939 est
3220 1884 3273 1938 in
3294 1898 3402 1954 quo
3429 1883 3729 1955 discrepent

2140 1970 2356 2041 antiqua
2396 1972 2550 2026 novis
2578 1982 2670 2029 aut
2717 1972 2976 2028 moderna
3029 1975 3322 2030 veteribus.
3381 1975 3457 2031 'l‘u
3505 1991 3727 2047 semper

2137 2064 2282 2121 idem
2314 2064 2567 2121 Dominus
2589 2073 2643 2121 et
2660 2065 2913 2122 sacerdos
2942 2072 3268 2123 memoratus
3289 2080 3385 2136 per
3406 2068 3733 2138 prophetam

2138 2147 2238 2225 Hic
2268 2165 2350 2212 est
2378 2156 2446 2211 ad
2475 2157 2627 2226 cujus
2658 2165 2930 2227 precatum
2958 2156 3159 2213 fluenta
3190 2158 3481 2225 siccentur,
3514 2168 3572 2213 ut
3619 2158 3726 2214 He-

2137 2247 2316 2305 braeus
2346 2257 2597 2316 transeat,
2644 2248 2927 2321 [Egyptins
2977 2250 3331 2320 deprimatur,
3370 2261 3425 2307 et
3453 2250 3651 2307 mersis
3677 2252 3727 2308 in

2138 2352 2275 2410 aqua
2328 2341 2663 2411 corporibus,
2740 2338 2857 2396 sola
2910 2342 3107 2397 sentiat
3154 2342 3313 2413 culpa
3365 2342 3727 2415 naufragium.

2138 2428 2251 2488 Hoc
2273 2441 2451 2488 autem
2500 2433 2618 2499 tibi,
2675 2431 2921 2499 Domine,
2964 2443 3129 2489 castae
3159 2435 3475 2504 operatricis
3505 2451 3722 2506 munus,

2136 2529 2194 2579 et
2221 2522 2358 2578 banc
2388 2522 2601 2579 intactae
2636 2523 2825 2579 matris
2851 2523 3094 2579 sobolem
3136 2526 3608 2592 commendamus;
3640 2540 3729 2597 per

2136 2624 2299 2685 quam
2337 2624 2572 2671 meretur
2601 2615 2800 2672 habere
2827 2624 2967 2671 terra
3010 2615 3152 2686 quod
3183 2617 3306 2673 coeli
3333 2626 3416 2675 est
3448 2634 3462 2675 :
3490 2633 3613 2689 qute
3644 2635 3724 2689 pet

2137 2705 2327 2762 domos
2356 2719 2542 2762 cereas
2573 2706 2755 2763 divino
2800 2708 2996 2779 stipant
3038 2707 3197 2766 mella
3222 2710 3543 2780 compendio
3572 2729 3586 2765 :
3615 2710 3729 2783 qui<

2138 2792 2240 2855 bus
2267 2814 2429 2857 causa
2468 2807 2552 2857 est
2598 2814 2904 2857 numerosas
2936 2802 3212 2874 progeniei
3260 2806 3497 2859 nescisse
3542 2805 3730 2875 conju-

2136 2890 2283 2960 gium
2316 2907 2331 2945 :
2360 2905 2429 2947 ne
2456 2892 2582 2947 dum
2610 2893 2920 2963 copularum
2950 2892 3175 2947 nexibus
3201 2900 3544 2964 occupantur,
3578 2893 3730 2950 labo-

2138 2983 2291 3038 randi
2320 2992 2527 3055 tempus
2550 2984 2823 3054 effugiant,
2853 2993 2908 3041 et
2935 2994 3245 3056 exspectent
3267 2993 3323 3040 ut
3344 2986 3547 3057 prolem
3577 2992 3729 3043 suam

2144 3075 2357 3145 turgida
2378 3076 2535 3131 alvus
2560 3074 2819 3144 effundat,
2850 3091 3007 3145 quam
3030 3076 3316 3134 herbarum
3342 3077 3491 3134 lucro
3511 3077 3729 3155 diiigen;

444 3179 526 3226 tes
561 3186 655 3239 per
682 3168 888 3225 dierum
917 3171 1070 3225 dies?
1092 3170 1221 3239 Quis
1244 3181 1295 3227 te
1316 3170 1401 3226 vel
1439 3171 1629 3242 dignus
1656 3183 1747 3226 aut
1778 3173 2034 3232 facundus
2058 3156 2110 3229 Β
2140 3169 2245 3224 tius
2274 3179 2497 3239 possunt
2544 3184 2640 3226 ore
2688 3170 2972 3241 profligare
3022 3186 3176 3242 quam
3222 3172 3446 3229 semine.
3480 3168 3537 3227 in
3574 3172 3729 3245 hujus

443 3261 686 3318 laudator
714 3260 1001 3332 eloquitur,
1025 3261 1177 3332 cujus
1214 3261 1495 3318 terminata
1523 3261 1828 3318 distributio
1850 3280 2035 3323 succe-

442 3356 605 3412 dente
636 3356 891 3410 varietate
931 3354 990 3411 fit
1022 3356 1261 3425 gratior:
1310 3370 1416 3426 quo
1449 3354 1676 3425 jubente
1704 3355 1914 3411 dulcior
1942 3357 2035 3415 lux

444 3459 549 3516 est,
579 3465 697 3520 quae
740 3447 1027 3519 aliquando
1054 3447 1273 3515 desiuit,
1317 3461 1475 3517 quam
1505 3446 1551 3503 si
1597 3445 1795 3517 jugiter
1824 3463 2034 3519 perma-

444 3540 629 3596 neret?
676 3540 814 3596 Ecce
844 3540 932 3595 illa
980 3555 1106 3608 nox,
1141 3553 1260 3611 qua:
1291 3539 1547 3593 mundum
1598 3536 1858 3595 hactenus
1902 3540 2033 3611 jugo

443 3630 824 3687 crudelissima:
853 3629 1136 3687 deditionis
1162 3638 1521 3703 oppresserat,
1550 3627 1778 3701 populos
1814 3643 1846 3684 a
1877 3631 2032 3685 nexi-

441 3721 545 3779 bus
574 3723 824 3778 violentae
847 3722 1171 3778 conditionis
1192 3721 1439 3793 absolvit,
1466 3726 1530 3778 ‘et
1558 3721 1616 3776 fit
1667 3720 1931 3777 libertatis
1951 3720 2031 3777 al-

444 3814 567 3881 trix,
598 3830 715 3885 quae
743 3822 914 3869 mater
940 3811 1114 3870 fuerat
1144 3813 1435 3869 servitutis.
1470 3810 1531 3867 In
1570 3810 1730 3881 bu;us
1770 3811 1887 3880 tibi,
1922 3810 2031 3867 Do-

442 3906 602 3973 mine,
636 3904 985 3962 sanctissimae
1027 3907 1198 3960 noctis
1225 3904 1523 3960 ministerio
1574 3904 1673 3958 hoc
1703 3918 1920 3958 cereum
1949 3903 2033 3958 lu-

442 4011 565 4054 men
592 3998 887 4067 offerimus,
920 4014 1013 4068 per
1056 3998 1195 4068 quod
1221 3999 1391 4069 caligo
1413 4006 1624 4055 vetusta
1650 3999 1881 4069 pellatur
1914 4017 1926 4052 :
1974 3998 2030 4055 in

441 4103 549 4159 quo
578 4091 785 4159 species
816 4090 957 4144 trino
998 4092 1369 4159 compaginata
1412 4090 1706 4155 consortio,
1756 4091 2031 4148 societatis

444 4179 833 4250 propemodum
881 4180 1122 4250 mysticae
1150 4179 1353 4249 glutino
1383 4180 1772 4250 conjungatur:
1804 4195 2029 4251 quarum

441 4284 620 4326 ceram
666 4270 870 4341 paravit
911 4270 1175 4327 nectareis
1214 4270 1476 4341 partubus
1500 4270 1606 4327 feta
1634 4271 1909 4341 virginitas
1938 4288 2032 4343 pa-

442 4380 634 4435 pyrum
678 4365 745 4421 ad
787 4366 1039 4421 alimenta
1085 4365 1283 4436 ignium
1333 4366 1550 4437 lympha
1603 4368 1915 4437 transmisit,
1948 4368 2031 4422 lu-

444 4473 568 4514 men
596 4458 875 4514 adhibetur
912 4475 944 4515 e
972 4459 1130 4515 atrio.
1174 4459 1316 4515 Nihil
1347 4460 1435 4514 hic
1471 4460 1629 4516 habet
1652 4476 1760 4516 vox
1793 4461 2026 4516 humana

441 4553 586 4623 quod
622 4559 920 4621 consecret,
951 4553 1041 4607 ubi
1084 4560 1255 4609 totum
1283 4553 1464 4625 dirigit
1489 4567 1721 4625 superna
1765 4552 2020 4623 cognitio.
2047 4538 2105 4602 1)

442 4722 563 4779 pam
597 4707 793 4779 faciunt
820 4705 1087 4764 rituaiium
1121 4709 1378 4765 librorum
1408 4709 1697 4778 scriptores
1726 4708 2018 4777 Alcuinus,

443 4778 498 4834 ct
537 4784 553 4802 ⁶
583 4778 914 4851 Amalarius,
938 4794 1044 4851 non
1074 4781 1355 4850 episcOpus
1385 4779 1741 4847 Trevirensis,
1775 4792 1831 4835 ut
1863 4783 2021 4851 vulgo

441 4857 794 4921 nuncupatur,
825 4849 919 4921 sed
947 4850 1223 4915 diaconus,
1268 4851 1359 4920 qui
1403 4853 1653 4919 episcopo
1693 4859 1852 4906 aetate
1892 4849 2019 4921 sup-

440 4935 556 4990 par,
586 4919 839 4991 Ludovici
868 4921 1205 4991 imperatoris
1228 4919 1382 4990 jussu
1412 4922 1464 4976 id
1493 4937 1628 4991 opus
1652 4924 1947 4977 contexuit.

514 4992 530 5021 ¹
575 4990 632 5044 Si
661 4990 771 5057 quis
792 4989 1207 5063 hincsumpserit]
1232 4989 1344 5046 Mos
1369 4993 1511 5046 enim
1532 4989 1652 5047 erat
1673 5008 1830 5063 quem
1853 4993 2015 5051 iidem

440 5068 685 5114 auctores
733 5060 967 5129 tradunt,
1001 5060 1058 5115 ut
1087 5077 1165 5134 ex
1191 5060 1353 5134 ceree
1390 5062 1623 5134 paschali
1663 5060 1753 5134 q‘ui
1790 5064 2016 5119 sabbato

440 5140 627 5218 sancto
653 5134 926 5218 conceptis
953 5124 1200 5218 precibus
1229 5124 1467 5218 sacratus
1496 5124 1695 5216 fuerat;
1730 5135 2014 5218 particulas

437 5201 873 5271 decerperentur,
925 5214 989 5257 ac
1046 5204 1240 5273 populo
1267 5202 1355 5260 die
1424 5206 1689 5262 dominica
1729 5201 1786 5260 in
1836 5205 2009 5272 Albis,

438 5282 558 5341 post
601 5284 809 5327 sacram
861 5278 1289 5330 communionem
1336 5274 1800 5341 distribuerentur,
1870 5276 2011 5331 unde

437 5343 672 5397 suffitum
702 5342 755 5415 in
785 5343 987 5400 uadibus
1011 5347 1122 5399 suis
1167 5346 1439 5411 facerent,
1480 5346 1565 5399 vei
1612 5360 1767 5415 agros
1796 5344 2010 5400 vineas-

437 5428 543 5482 que
594 5414 860 5470 munirent
915 5416 1172 5471 adversus
1215 5418 1518 5472 daemonum
1559 5414 1874 5485 praestigias,
1915 5425 2009 5471 aut

438 5485 852 5555 gontrafuigura
877 5495 934 5543 ct
976 5488 1228 5543 tonitrua.
1280 5490 1398 5555 Quo
1434 5488 1598 5543 etiam
1635 5494 1883 5554 spectant
1914 5486 2004 5541 illa

438 5553 668 5611 Eunodii
697 5553 895 5615 Bened.
944 5574 981 5613 ιι
1014 5575 1029 5615 :
1081 5553 1351 5630 Sumptain
1390 5574 1455 5615 ex
1480 5560 1575 5613 hoc
1597 5553 1773 5612 contra
1803 5556 2004 5629 procel-

2135 3272 2314 3319 autem
2344 3264 2485 3319 cerei
2518 3263 2734 3319 luminis
2763 3278 2988 3335 corpore
3019 3272 3091 3331 te,
3125 3263 3372 3332 Domine,
3397 3262 3729 3335 postulamus

2135 3364 2194 3409 ut
2217 3369 2462 3425 supernae
2500 3346 2887 3411 benedictionis
2930 3371 3123 3411 munus
3165 3356 3537 3413 accommodes
3592 3376 3607 3412 :
3670 3364 3725 3414 et

2138 3442 2157 3477 ‘
2211 3446 2257 3500 si
2283 3447 2401 3515 quis
2434 3446 2556 3501 hinc
2586 3447 2894 3516 sumpserit,
2926 3446 3183 3503 adversus
3221 3446 3385 3503 flabra
3412 3456 3723 3517 ventorum,

2135 3533 2399 3591 adt/orsus
2429 3537 2649 3606 spiritus
2681 3528 3056 3608 procellarum,
3091 3546 3177 3593 tua
3203 3532 3350 3610 jussa
3394 3538 3625 3606 faciens,
3658 3540 3727 3595 sit

2134 3626 2215 3682 illi
2236 3629 2507 3698 singulare
2535 3630 2836 3701 proingium
2867 3646 2881 3683 :
2919 3631 2989 3685 sit
3020 3644 3205 3686 murus
3252 3630 3321 3685 ab
3364 3631 3518 3687 hoste
3552 3631 3728 3689 fideli-

2134 3706 2253 3773 bus.
2282 3719 2451 3775 Simul
2480 3720 2640 3776 etiam
2670 3736 2974 3790 qumsumus
3004 3730 3056 3777 te
3108 3731 3165 3777 ut
3190 3723 3310 3793 quia
3336 3724 3401 3778 au
3445 3727 3723 3780 vernantis

2134 3810 2258 3863 anni
2288 3808 2473 3865 faciem
2505 3810 2772 3881 passionis
2801 3825 2861 3866 ac
2912 3811 3324 3869 resurrectionis
3371 3818 3474 3869 tut'e
3510 3822 3726 3887 tempus

2135 3898 2350 3968 aptasti,
2376 3913 2497 3954 cum
2528 3910 2645 3970 post
2664 3910 2943 3957 concretas
2968 3901 3183 3957 hiemali
3222 3912 3435 3974 torpore
3464 3903 3650 3975 glebas
3673 3908 3726 3962 et

2136 3993 2399 4048 infrenata
2444 3994 2611 4064 glacie
2650 3993 2890 4065 flumina,
2942 3997 3181 4053 novellas
3211 3995 3477 4054 frondium
3513 4002 3724 4058 tunicas

2133 4097 2343 4154 gemma
2373 4086 2703 4151 conscendit,
2737 4096 2790 4143 et
2825 4102 2944 4142 cum
2991 4098 3213 4146 auctore
3264 4091 3565 4160 germinum
3618 4093 3720 4147 Do-

2134 4178 2280 4233 mino
2305 4178 2460 4233 nobis
2476 4179 2656 4234 omnia
2682 4180 3005 4236 reviviscunt
3034 4198 3049 4234 :
3076 4182 3146 4237 da
3165 4182 3487 4252 multiplices
3508 4184 3722 4240 fructus

2133 4267 2187 4323 in
2218 4270 2397 4335 terris,
2429 4278 2670 4326 nostrum
2699 4271 2854 4327 effice
2875 4273 3015 4343 quod
3045 4273 3305 4340 ostendis,
3333 4282 3387 4329 et
3410 4275 3718 4331 sacerdotis

2134 4359 2324 4429 nostri,
2362 4360 2447 4416 vel
2488 4360 2647 4418 totius
2673 4363 2804 4418 cleri
2833 4364 3197 4421 incolumitate
3225 4378 3459 4434 servata,
3493 4366 3715 4423 uberta-

2133 4456 2241 4507 tem
2274 4462 2569 4522 temporum
2599 4455 2714 4511 sine
2740 4454 2961 4512 adversa
2990 4465 3309 4527 tempestate
3332 4457 3593 4515 conce‘d’e.

2127 4713 2310 4768 las'vrl
2341 4731 2509 4791 omnes
2541 4718 2776 4791 incursus
2823 4719 2908 4790 fac
2951 4718 3195 4776 dimicare
3238 4721 3566 4791 particulam.
3601 4722 3721 4779 Ca:-

2126 4793 2301 4839 terum
2344 4786 2429 4840 hic
2478 4802 2593 4842 mos
2633 4790 2760 4843 olim
2791 4786 2944 4845 extra
2977 4791 3160 4847 urbem
3189 4786 3467 4848 duntaxat.
3520 4792 3719 4849 Romae

2124 4857 2266 4933 enim
2295 4858 2432 4913 cerei
2463 4860 2725 4933 paschalis
2756 4863 2871 4917 vice
2906 4877 3084 4917 ceram
3112 4864 3231 4919 oleo
3254 4862 3518 4933 perfusam
3544 4866 3717 4919 bene-

2123 4926 2339 5004 dicébat
2368 4926 2809 4985 archidiaconus:
2863 4933 2985 4988 inde
3017 4926 3302 5002 particulas
3346 4935 3401 4990 in
3444 4950 3715 5004 agnorum

2123 4997 2356 5074 effigiem
2398 5014 2680 5074 expressas
2728 4997 3065 5067 asservabat,
3093 5005 3287 5074 populo
3329 4997 3577 5060 similiter
3619 5004 3713 5061 die

2122 5083 2225 5136 qua
2258 5069 2457 5143 dictum
2487 5080 2590 5135 est,
2622 5071 2953 5130 dividendas.
2978 5069 3109 5142 Quae
3138 5069 3226 5132 res
3252 5077 3503 5131 nimirum
3534 5078 3709 5143 origi-

2121 5141 2423 5217 nemdedit
2464 5144 2635 5217 cere-is
2681 5144 2803 5213 agni
2855 5141 3087 5200 caelestis
3125 5147 3467 5217 imaginibus,
3524 5141 3651 5215 qua?
3681 5161 3711 5217 a

2121 5211 2460 5277 pontificibus
2497 5211 2626 5281 ipsis
2668 5211 2975 5283 augustiore
3018 5225 3201 5285 postea
3233 5211 3347 5272 'ritu
3392 5211 3707 5272 consecrari

2118 5293 2414 5349 coeperunt.

2177 5393 2193 5411 ‘
2214 5390 2338 5462 Vide
2362 5396 2492 5462 inter
2514 5396 2755 5462 Sirmondi
2778 5398 2928 5459 ipsius
2958 5398 3202 5462 opuscula,
3219 5400 3282 5449 de
3298 5400 3487 5450 duobus
3510 5398 3710 5462 Agmala-

2109 5453 2468 5566 ἕξεί-ξυιῗίειοιιιω
2492 5458 2549 5505 ad
2576 5453 2936 5511 Constantinum
2955 5453 3235 5524 Citjetauuin
3272 5465 3497 5514 abbatem
3532 5456 3709 5512 Sancti
