3974 6366
162 260 248 315 261
1465 259 1880 319 BENEDICTIO
1916 260 2146 317 CEREI.

3345 257 3450 313 262

196 389 3424 418 ww

1102 509 1842 635 OPUSCULUM
1915 502 2519 594 DECIMUM.

1446 673 1898 726 BENEDIG'I'IO
1939 673 2190 723 CEBEI.

237 931 294 985 ll.
335 929 574 1001 Dignum
604 938 664 986 et
695 930 895 1000 justum
923 935 1025 983 est.
1061 924 1197 983 Vere
1225 926 1445 997 dignum
1474 932 1528 980 et
1550 924 1755 994 justum
1787 927 1844 992 Α
1868 923 2003 980 duce
2032 921 2189 992 culpa
2220 932 2499 978 revocatus
2527 922 2776 980 exsilium
2817 924 2983 981 ﬂevit.
3022 925 3173 984 Hunc
3204 928 3305 984 nisi
3340 944 3454 984 om-

178 1032 268 1088 est,
295 1031 350 1074 ut
380 1021 632 1090 principe
674 1021 792 1074 loco
850 1019 992 1074 fores
1047 1018 1216 1074 beatae
1270 1017 1465 1081 noctis,
1520 1015 1765 1071 adhibito

178 1111 415 1182 praesenti
447 1111 777 1178 ministerio,
823 1109 980 1180 digna
1023 1110 1174 1179 quasi
1212 1109 1365 1164 clave
1407 1115 1761 1161 reserentur:

178 1214 227 1256 ut
251 1201 444 1256 nobilis
495 1203 720 1256 nuntius
766 1201 888 1254 vita:
935 1208 1160 1258 testetur
1197 1197 1512 1263 adventum,
1543 1205 1600 1254 ut
1628 1191 1767 1267 pra:-

171 1294 314 1349 conis
342 1294 542 1348 merito
573 1301 825 1350 secutura
855 1289 1241 1362 ponderentur,
1271 1289 1436 1344 sacris
1463 1279 1765 1360 ﬁdem'my-

169 1386 344 1438 steriis
401 1382 748 1438 venerandus
781 1396 1076 1452 praecessor
1117 1379 1507 1436 accommodet.
1555 1379 1766 1434 Justum

173 1483 252 1529 est
288 1483 348 1529 ut
397 1474 801 1544 proximitatem
833 1472 1078 1526 salutaris
1116 1485 1267 1540 aqua:
1297 1470 1510 1525 ﬂamma
1541 1467 1767 1522 manife-

169 1575 309 1623 stet:
349 1567 745 1621 elementorum
772 1563 1054 1620 diversitas
1081 1562 1133 1617 in
1164 1565 1446 1634 peregrina
1479 1575 1608 1631 pace
1638 1575 1767 1615 con-

169 1659 346 1714 veniat
375 1658 758 1728 :lympharum
784 1656 834 1709 in
886 1663 1136 1724 promptu
1179 1668 1299 1708 esse
1341 1651 1580 1708 remedia
1611 1666 1763 1706 sacer

169 1751 304 1824 ignis
330 1751 628 1807 ostendat:
688 1757 1008 1820 agnoscatur
1051 1762 1154 1802 non
1215 1760 1336 1801 esse
1383 1754 1609 1811 naturae,
1670 1743 1766 1800 sed

169 1843 594 1913 redemuionis,
645 1839 788 1912 quod
837 1837 1130 1894 concordat
1183 1834 1320 1891 unda
1365 1849 1486 1890 cum
1541 1833 1765 1888 lumine.

170 1933 415 1989 Laetetur
438 1935 491 1988 in
565 1933 818 2001 aperibus
867 1929 977 1984 suis
1028 1925 1316 1981 fabricator
1365 1924 1456 1980 ille
1508 1924 1765 1988 caelestis,

171 2043 284 2082 cum
318 2025 594 2082 benedicit
623 2025 738 2093 ipse
764 2021 902 2093 quod
936 2019 1156 2075 tribuit:
1191 2033 1310 2071 cum
1345 2015 1474 2071 illud
1507 2013 1649 2084 quod
1681 2028 1767 2069 se-

173 2122 296 2176 creti
342 2119 427 2176 sui
474 2115 722 2187 producit
756 2113 983 2184 origine,
1015 2110 1258 2166 nobilitat
1291 2115 1646 2164 sacramento.
1684 2105 1768 2160 ln-

175 2213 371 2283 telligat
400 2212 601 2282 linguae
625 2218 821 2265 nostra:
845 2203 1144 2262 ministerio
1165 2201 1454 2273 specialem
1481 2215 1639 2271 quam
1671 2213 1771 2253 no-

1869 1014 2160 1084 nipotentia
2209 1022 2318 1080 tua,
2365 1015 2616 1079 Domine,
2665 1025 3011 1085 regeneraret
3039 1019 3327 1087 perditum,
3361 1036 3457 1090 pa-

1867 1117 1987 1156 rum
2017 1109 2199 1170 posset
2238 1104 2493 1173 prodesse
2517 1105 2658 1175 quod
2691 1105 2927 1171 feceras;
2958 1117 3013 1162 et
3043 1109 3142 1164 nisi
3164 1124 3320 1178 opem
3353 1112 3457 1167 fer-

1871 1202 1954 1250 ret
1973 1203 2026 1248 et
2053 1209 2277 1250 numero
2297 1205 2350 1250 et
2369 1197 2726 1266 prosperitate
2746 1195 2970 1252 fecunda
2994 1201 3260 1267 nativitas,
3290 1204 3460 1272 prima

1869 1285 1923 1340 in
1947 1299 2049 1354 qua
2081 1295 2307 1340 mortem
2331 1301 2484 1344 error
2513 1288 2740 1356 peperit,
2763 1302 2868 1342 non
2893 1288 3126 1358 juvaret.
3155 1288 3460 1360 Postremo,

1870 1377 2004 1433 nihil
2058 1388 2202 1434 esset
2259 1380 2403 1448 quod
2460 1379 2526 1434 ad
2588 1379 2844 1436 fabricam
2887 1389 3124 1434 nostram
3182 1383 3461 1438 materiam

1871 1466 2066 1522 humus
2125 1469 2385 1538 prmbuit,
2445 1471 2544 1525 nisi
2593 1470 2732 1525 unda
2791 1481 3129 1526 succurreret
3176 1488 3188 1524 :
3245 1471 3462 1527 unicum

1871 1557 2026 1612 nobis
2067 1560 2389 1614 sacramenti
2445 1559 2603 1630 hujus
2667 1559 2918 1614 solatium
2971 1559 3268 1627 contulisti,
3322 1563 3464 1632 quod

1872 1663 2023 1719 aquae
2064 1647 2275 1704 diluunt
2303 1659 2522 1721 peccata
2555 1650 2782 1707 telluris.
2816 1650 2956 1720 Ergo
2977 1652 3087 1720 jam
3119 1661 3273 1723 typus
3316 1667 3467 1708 rece-

1873 1741 1997 1805 dat;
2029 1747 2084 1793 et
2136 1740 2228 1810 qui
2289 1741 2610 1812 imaginibus
2660 1742 3114 1796 annuntiaverunt
3165 1744 3468 1812 sequentia,

1873 1828 2254 1886 conticescant.
2282 1830 2336 1886 ln
2368 1831 2589 1888 veritate
2639 1841 2882 1886 tenemus
2929 1831 3188 1902 quidquid
3231 1835 3469 1892 colorata

1876 1921 2007 1994 legis
2034 1921 2222 1976 umbra
2273 1923 2614 1992 promiserat.
2663 1922 2898 1990 Tempus
2945 1933 3026 1978 est
3081 1937 3187 1992 quo
3243 1938 3470 1994 corpora

1875 2023 2082 2081 nostra,
2116 2017 2196 2069 vel
2242 2015 2436 2070 animae
2484 2013 2832 2082 Redemptori
2893 2010 3105 2068 Christo
3134 2013 3323 2068 feriato
3353 2031 3470 2070 tuu-

1875 2119 2040 2164 crone
2078 2105 2393 2161 dedicentur
2427 2123 2440 2158 :
2495 2119 2600 2174 quo
2627 2105 2773 2159 Salus
2811 2118 2905 2174 per
2936 2104 3156 2159 vulnera
3187 2120 3292 2160 non
3320 2122 3470 2176 quae-

1875 2208 2028 2255 ratur
2057 2216 2070 2253 :
2098 2214 2200 2269 quo
2231 2198 2526 2254 sacerdotis
2565 2197 2782 2252 dextera
2818 2194 3024 2250 lanista:
3047 2208 3183 2265 opus
3211 2195 3423 2267 abjuret
3452 2213 3471 2253 :

175 2300 249 2357 bis
295 2301 576 2357 concessit
619 2297 948 2355 distantiam.
1000 2294 1332 2363 Mancipetur
1378 2289 1622 2346 laudibus
1651 2287 1768 2358 ejus
1798 2317 1848 2379 Β
1876 2305 1985 2361 quo
2005 2291 2466 2348 consecrationem
2493 2288 2713 2359 impleat
2753 2286 2906 2354 ﬁdes,
2947 2286 3184 2358 lympha,
3216 2289 3469 2358 signa“-

178 2389 433 2461 quidquid
464 2406 496 2444 a
525 2392 737 2445 caeteris
762 2387 1082 2442 animalibus
1129 2384 1290 2451 jussit
1317 2383 1370 2436 in
1402 2381 1621 2464 homine
1648 2393 1770 2434 esse

178 2482 538 2551 pmstantius.
572 2480 707 2548 Quia
736 2480 921 2550 optimi
965 2475 1260 2532 conditoris
1291 2483 1476 2545 aperta
1510 2479 1633 2525 sunt
1680 2469 1772 2524 be-

179 2575 398 2638 nelicia;
432 2581 486 2628 et
521 2575 600 2628 ira
626 2585 657 2626 a
685 2572 882 2642 pietate
909 2584 1012 2623 non
1041 2569 1332 2634 discrepat,
1373 2562 1585 2635 quando
1608 2570 1661 2616 et
1688 2575 1774 2614 ar-

179 2672 276 2719 tem
310 2678 412 2718 nos
456 2663 798 2736 supplicandi
841 2662 1044 2728 docuit,
1087 2670 1138 2716 et
1178 2657 1289 2714 suis
1321 2655 1634 2712 muneribus
1662 2654 1774 2711 vult

178 2756 394 2826 placari.
432 2755 552 2825 lpse
580 2755 724 2811 enim
754 2753 1025 2808 hominem
1055 2751 1153 2805 sibi
1188 2749 1373 2818 templi
1409 2748 1526 2801 vice
1569 2744 1774 2800 daedala

180 2848 484 2917 provisione
537 2847 804 2902 formavit.
857 2845 978 2917 Ipse
1026 2840 1319 2915 penetralia
1371 2837 1550 2894 cordis
1602 2836 1774 2892 nostri

178 2947 364 2994 sancto
391 2937 678 2994 eruderata
702 2939 884 3006 pandit
913 2935 1156 3001 introitu,
1192 2935 1292 2988 nisi
1326 2947 1418 3003 per
1442 2928 1774 3001 propositum

179 3027 442 3084 libertatis
492 3028 634 3083 fmdo
662 3033 1005 3083 obstruantur
1044 3027 1252 3081 interna
1274 3023 1559 3092 contagio;
1577 3022 1772 3088 Quare,

180 3119 445 3174 universis
477 3134 658 3173 rerum
697 3121 862 3190 liquet
905 3117 1137 3184 arcanis,
1191 3116 1406 3170 vitalem
1437 3130 1529 3184 per
1560 3114 1778 3183 sapien-

176 3209 302 3265 tiam
331 3209 555 3266 factoris
579 3211 903 3280 machinam,
932 3213 1033 3266 nisi
1065 3227 1160 3282 per
1188 3225 1345 3266 suum
1373 3210 1632 3276 studium,
1667 3225 1774 3266 non

178 3303 377 3373 perire.
401 3302 503 3367 Qui
533 3316 632 3357 nos
663 3311 717 3358 et
750 3302 816 3358 ad
838 3303 1059 3360 meliora
1091 3304 1358 3375 formavit,
1381 3315 1437 3359 et
1464 3304 1660 3374 quibus
1690 3303 1779 3356 iti-

178 3393 398 3450 neribus
425 3393 572 3448 salus
603 3402 877 3463 peteretur
907 3394 1158 3449 ostendit.
1185 3394 1321 3450 Cum
1352 3396 1495 3450 enim
1523 3409 1589 3450 ex
1612 3393 1777 3449 humo

179 3484 452 3539 hominem
485 3485 747 3555 fingeret;
789 3501 907 3540 cum
950 3495 1091 3540 terra
1123 3485 1385 3541 victuram
1434 3486 1693 3556 migraret
1723 3485 1778 3541 in

180 3577 445 3644 formam;
478 3594 599 3634 cum
631 3589 788 3651 putre
835 3581 1008 3636 solum
1056 3596 1247 3637 novam
1299 3583 1550 3638 transiret
1600 3581 1654 3638 in
1702 3581 1776 3637 fa-

177 3673 347 3738 ciem;
375 3687 500 3728 cum
533 3671 897 3727 insufﬂatione
917 3673 1136 3742 Spiritus
1161 3675 1240 3728 sui
1269 3683 1615 3730 moverentur
1645 3687 1774 3729 arva
1805 3709 1854 3774 ο

182 3765 442 3833 vestigiis,
471 3774 526 3820 et
549 3765 702 3819 tellus
725 3766 1018 3836 respiceret
1049 3781 1416 3836 possessorem
1443 3781 1508 3821 ex
1539 3765 1771 3835 propriis

179 3856 514 3911 abstractum
546 3858 753 3912 sinibus
781 3857 996 3928 iu0pina
1021 3857 1144 3914 dote
1174 3866 1539 3928 praestantem,
1571 3856 1774 3913 haben-

180 3954 286 4002 tem
319 3947 461 4016 quod
494 3949 608 4019 ipsa
646 3964 764 4020 quae
792 3958 964 4004 mater
989 3949 1270 4019 putabatur
1305 3963 1447 4014 esse,
1478 3963 1585 4003 non
1606 3947 1774 4003 dede-

180 4049 295 4104 rat;
329 4054 455 4095 cum
483 4041 709 4096 referret
753 4041 976 4112 gloriam
1035 4040 1312 4095 nobilitata
1361 4054 1454 4110 per
1496 4039 1771 4107 sobolem;

181 4132 519 4203 imperfectio
541 4142 678 4205 erat,
712 4136 755 4190 si
781 4145 998 4191 actuum
1027 4135 1218 4190 callem
1257 4151 1364 4190 non
1403 4148 1502 4189 suo
1528 4137 1648 4204 jure
1672 4135 1782 4190 dis-

180 4235 433 4292 poneret.
466 4225 818 4292 Quotidiauus
849 4238 1050 4296 tamen,
1103 4227 1348 4295 Domine,
1395 4225 1778 4282 beneficiorum

183 4325 400 4374 tuorum
445 4333 730 4375 successus
777 4336 999 4376 munera
1051 4321 1265 4376 seniora
1321 4321 1672 4388 transcendit,
1727 4329 1782 4377 et

180 4415 546 4469 aestimatione
569 4413 904 4484 sequentium
924 4422 1129 4469 vetusta
1156 4421 1497 4483 superantur.
1524 4410 1614 4466 Ille
1637 4413 1781 4467 enim

175 4520 500 4579 perpetuam
532 4509 833 4566 destinatus
862 4511 927 4566 ad
957 4512 1142 4578 vitam,
1180 4512 1268 4567 ille
1302 4511 1370 4567 de
1399 4521 1623 4582 parente
1652 4511 1781 4567 limo

172 4604 306 4660 caeli
353 4608 486 4662 civis
536 4606 781 4674 eﬂectus,
835 4607 901 4663 ad
949 4608 1210 4678 originem
1254 4607 1557 4662 voluntario
1596 4621 1782 4663 errore

174 4693 442 4753 detrusus
469 4707 572 4754 est.
632 4699 699 4754 Et
751 4699 875 4769 quia
923 4699 1048 4755 dum
1106 4697 1310 4764 liceret,
1357 4699 1528 4752 noluit
1586 4697 1783 4754 sectari

171 4791 436 4859 meliora,
482 4792 865 4849 sublimitatem
900 4791 1131 4862 perdidit
1164 4807 1321 4863 quam
1352 4792 1580 4849 feliciter
1615 4792 1781 4861 dege~

171 4893 384 4941 berans
433 4883 576 4940 dono
617 4884 910 4941 conditoris
956 4896 1260 4956 acceperat,
1293 4893 1348 4941 et
1376 4886 1440 4940 ad
1479 4886 1783 4956 prosapiem

1879 2382 1990 2440 lum
2022 2400 2040 2442 :
2069 2399 2175 2454 quo
2217 2383 2509 2440 humanum
2538 2397 2708 2454 genus
2741 2382 2880 2438 unde
2907 2382 3126 2447 decidit,
3171 2382 3287 2439 fons
3317 2384 3472 2440 redu-

1877 2488 1985 2536 cat.
2033 2479 2092 2536 ln
2123 2479 2282 2551 hujus
2310 2495 2440 2550 ergo
2470 2478 2825 2551 suspicienda:
2865 2479 3036 2535 noctis
3074 2479 3272 2546 ofﬁcio,
3301 2496 3470 2538 vene-

1877 2571 2060 2627 randis
2114 2580 2449 2642 compactam
2505 2569 2789 2626 elementis
2837 2569 3008 2627 facem
3068 2570 3182 2638 tibi,
3224 2571 3476 2642 Domine,

1877 2664 2245 2733 mancipamus
2271 2679 2284 2717 :
2316 2663 2368 2717 in
2399 2677 2504 2734 qua
2543 2663 2704 2718 trium
2725 2662 2917 2732 c0pula
2940 2676 3219 2720 munerum
3243 2664 3477 2733 primum

1879 2758 1946 2814 de
1971 2760 2158 2829 impari
2187 2772 2412 2814 numero
2438 2757 2792 2828 complacebit
2819 2772 2834 2812 :
2857 2773 2978 2829 qua:
3003 2759 3147 2828 quod
3171 2761 3338 2827 gratis
3367 2761 3477 2815 Deo

1879 2854 2061 2909 veniat
2109 2853 2437 2917 auctoribus,
2481 2865 2590 2906 non
2639 2850 2866 2905 habetur
2914 2851 3178 2906 incertum
3225 2869 3238 2903 :
3287 2868 3480 2921 unum,

1878 2941 2023 3013 quod
2055 2941 2120 2997 de
2149 2941 2342 2996 fetibus
2371 2939 2652 2996 ﬂuminum
2677 2940 2940 2997 accedunt
2971 2942 3296 2997 nutrimenta
3327 2941 3479 2996 llam-

1881 3051 2089 3093 marum
2119 3054 2134 3091 :
2165 3035 2309 3090 aliud
2340 3031 2484 3106 quod
2520 3051 2681 3107 apum
2706 3036 2897 3092 tribuit
2934 3035 3257 3092 intemerata
3289 3035 3474 3092 fecun-

1881 3134 2050 3200 ditas,
2084 3132 2138 3188 in
2171 3147 2397 3203 quarum
2428 3131 2686 3202 partubus
2705 3131 2850 3186 nulla
2879 3129 3079 3201 patitur
3104 3129 3298 3186 damna
3319 3129 3479 3201 virgis

1880 3225 2056 3280 nitas:
2088 3224 2227 3294 ignis
2253 3225 2414 3279 etiam
2461 3223 2602 3279 caelo
2649 3221 2858 3279 infusus
2895 3222 3198 3279 adhibetur.
3255 3224 3480 3280 Redem-

1883 3326 2008 3387 ptor
2038 3316 2181 3372 enim
2214 3317 2433 3386 proprio
2461 3330 2629 3386 aquas
2653 3314 2923 3372 dedicavit
2945 3315 3265 3384 baptismate
3296 3332 3311 3370 :
3341 3316 3479 3371 inte-

1882 3411 2131 3480 gritatem
2162 3407 2508 3479 diligitquam
2542 3418 2596 3465 et
2613 3408 2884 3464 nascendo
2916 3408 2970 3464 in
2998 3417 3171 3464 matre
3201 3408 3472 3462 servavit:

1883 3513 1942 3556 ut
1968 3517 1996 3556 a
2021 3502 2280 3574 propheta
2304 3511 2487 3572 posset
2519 3503 2729 3573 inspici,
2767 3504 2981 3558 innocui
3024 3515 3220 3571 corpus
3246 3500 3482 3571 suscepit

1882 3595 2139 3663 incendii,
2191 3610 2313 3666 cum
2347 3594 2624 3651 frondibus
2659 3596 2711 3650 in
2741 3595 2876 3652 rubo
2905 3595 3294 3666 crepitantibus
3332 3593 3476 3648 nulla

1884 3687 2060 3743 frutex
2087 3687 2409 3743 detrimenta
2435 3688 2694 3753 sentiret;
2718 3700 2838 3742 cum
2867 3685 3016 3740 arida
3049 3685 3298 3756 pabulum
3331 3685 3483 3739 flam-

1882 3783 2005 3848 mis,
2030 3782 2156 3837 dum
2199 3782 2586 3851 lamberentur,
2618 3781 2759 3850 ligna
2795 3796 2902 3836 non
2933 3781 3144 3836 fierent.
3180 3781 3322 3849 Ergo
3354 3795 3479 3850 pro-

1882 3877 2056 3946 prium
2089 3875 2182 3930 tibi
2213 3884 2315 3942 est,
2359 3876 2606 3941 Domine,
2637 3874 2896 3944 quidquid
2939 3875 2992 3928 in
3039 3873 3141 3931 hoc
3166 3887 3328 3928 cereo
3358 3888 3477 3928 ser-

1883 3983 2072 4024 vorum
2089 3976 2300 4024 tuorum
2327 3965 3007 4039 praeparavitobsequium.
3041 3965 3259 4021 Serenis
3290 3965 3343 4020 in
3375 3965 3480 4020 isto

1885 4062 2093 4131 respice
2113 4061 2304 4125 oculis,
2335 4061 2477 4130 quod
2517 4059 2746 4115 contulit
2775 4058 2994 4125 ccelum,
3023 4057 3242 4124 ﬂuenta,
3276 4056 3486 4126 pudici-

1883 4153 1976 4210 tia.
2008 4153 2090 4210 Tu
2109 4154 2176 4208 ad
2202 4152 2541 4210 tribuendam
2573 4151 3006 4208 benedictionem
3032 4157 3289 4206 evocatus
3314 4149 3477 4204 mini-

1882 4246 2048 4302 sterio
2079 4245 2298 4302 humani
2329 4247 2619 4312 sermonis,
2655 4245 2916 4301 inlabere.
2956 4245 3034 4299 Tu
3066 4243 3482 4299 resurrectionis

1884 4347 1992 4394 tuae
2022 4348 2288 4408 tempore,
2315 4354 2423 4410 quo
2454 4347 2640 4394 vernat
2667 4339 2789 4392 anni
2833 4337 3201 4394 reviviscentis
3232 4334 3481 4400 infantia,

1891 4441 2163 4502 sumptam
2199 4447 2264 4486 ex
2295 4430 2398 4487 hoc
2441 4439 2628 4486 contra
2660 4430 2921 4500 procellas
2948 4429 3035 4486 vel
3075 4443 3263 4483 omnes
3301 4427 3483 4482 incur-

1892 4541 2006 4593 sus,
2042 4525 2122 4581 fac
2151 4525 2413 4582 dimicare
2455 4524 2771 4595 particulam
2806 4543 2820 4580 :
2873 4532 2929 4578 ut
2969 4522 3273 4579 sacerdotis
3317 4523 3488 4580 nostri

1896 4623 2076 4677 votiva
2116 4621 2385 4687 omnibus,
2439 4620 2524 4676 vel
2576 4619 2740 4676 totius
2790 4616 2920 4674 cieri
2958 4618 3075 4688 ejus
3123 4615 3490 4674 incolumitate

1896 4728 2180 4780 concessa,
2209 4714 2507 4769 ubertatem
2549 4722 2814 4768 terrarum
2839 4727 2961 4768 cum
2987 4718 3200 4768 actuum
3230 4709 3490 4766 innocen-

1900 4808 1970 4862 tia
2000 4816 2056 4866 et
2088 4808 2454 4879 prosperitate
2476 4805 2764 4863 concedas.
