3974 6366
1739 340 2105 401 DICTIONES.

3463 348 3568 401 ‘266

280 463 487 510 natura:
525 451 779 522 gaudium
808 451 1077 509 elementa
1110 460 1393 510 testantur.
1422 455 1543 510 Tibi
1588 470 1738 527 ergo,
1768 471 1866 510 an-
1897 460 1950 517 Α
1975 453 2280 509 sustinehas
2309 463 2576 510 tormenta
2633 454 2947 523 multorum,
2998 465 3054 511 ut
3103 458 3179 512 alt
3230 456 3520 526 Apostolus
3548 473 3564 510 :

276 546 450 613 tistes,
481 558 626 599 nunc
678 558 785 599 non
844 542 1064 598 reddam
1116 543 1258 613 quod
1308 545 1425 599 aliis
1468 556 1723 615 prmstare
1760 546 1872 615 iam

276 634 433 691 didici
456 652 471 701 ;
496 652 662 705 quem
690 634 755 690 ad
783 634 1143 704 pontificalem
1166 636 1371 705 apicem
1394 638 1651 705 gravitas,
1679 638 1867 704 pudor,
1906 694 1911 697 _

276 726 554 797 pudicitia,
595 735 851 781 venustas
876 725 1140 791 adduxit;
1172 727 1258 796 qui
1291 736 1369 782 tot
1397 727 1615 783 dotibus
1643 730 1791 784 velut
1821 731 1875 785 in

276 833 528 872 acervum
558 818 781 885 coactis,
814 831 1004 873 canam
1035 817 1351 887 dignitatem
1386 818 1669 887 praesentis
1708 819 1877 876 ofﬁcii

275 909 589 979 suscepisti,
622 908 828 964 habens
850 917 1120 964 tantarum
1150 908 1565 966 honestamenta
1594 912 1872 978 virtutum,

276 1011 601 1069 quantarum
632 999 859 1071 singula:
885 1000 1166 1070 probatum
1191 1000 1433 1057 facerent
1457 1002 1667 1072 species
1694 1017 1875 1058 sacer-

275 1091 453 1146 dotem
469 1093 495 1145 ?
516 1091 693 1147 Taceo
716 1092 1081 1148 universitatis
1101 1094 1152 1147 in
1175 1094 1443 1150 electione
1461 1102 1550 1149 tua
1573 1109 1877 1150 consonan-

279 1184 427 1250 tiam,
443 1193 500 1240 et
518 1185 878 1242 discretarum
901 1188 1179 1243 nationum
1198 1189 1524 1245 concordem
1545 1190 1873 1245 sententiam

276 1290 381 1329 non
414 1275 675 1331 revolvo:
704 1286 905 1332 statuat
925 1278 1027 1332 ista
1056 1278 1175 1333 loco
1206 1278 1403 1345 laudis,
1430 1281 1515 1336 cui
1544 1296 1651 1336 non
1681 1296 1877 1351 suppe-

277 1364 337 1417 tit
398 1365 548 1435 quod
596 1367 765 1436 possit
833 1368 1126 1437 praedicare
1172 1369 1239 1425 de
1284 1370 1543 1426 moribus.
1592 1372 1876 1427 Momentis

274 1456 415 1509 enim
444 1444 764 1527 plerumque
812 1457 1000 1514 incerti
1050 1457 1247 1513 favoris
1291 1474 1418 1514 aura
1468 1462 1743 1530 popularis
1773 1462 1876 1516 im-

275 1547 528 1616 pellitur,
561 1558 617 1604 et
645 1548 825 1604 nescia
881 1549 1145 1605 examinis
1202 1550 1358 1606 turba
1404 1553 1668 1620 Quiritum
1696 1596 1710 1620 ,
1741 1556 1870 1610 dum

273 1640 465 1695 studiis
492 1642 719 1712 rapitur,
750 1650 893 1695 amat
923 1642 1239 1714 incognitos.
1270 1644 1325 1698 In
1353 1654 1404 1700 te
1433 1644 1623 1701 libram
1666 1648 1871 1714 tenuit,

274 1732 361 1800 qui
392 1732 669 1801 petitionis
698 1740 802 1786 tute
832 1742 925 1787 ant
950 1734 1155 1789 socium
1186 1749 1246 1789 se
1276 1735 1527 1803 praestitit
1555 1747 1649 1793 aut
1678 1748 1873 1795 aucto-

1980 544 2108 611 Quis
2153 552 2370 599 vestrum
2411 547 2689 615 cruciatur,
2732 556 2779 600 ct
2805 563 2904 601 non
2933 562 3027 617 ego
3052 545 3141 617 (ΙΙ
3173 546 3294 602 Cor.
3329 564 3403 613 xt,
3438 547 3571 616 f9)?

1978 636 2127 692 Inter
2152 637 2251 692 ista
2282 646 2461 693 tamen
2489 638 2715 693 fractum
2743 650 2793 695 te
2816 656 2921 695 non
2951 640 3079 693 vidit
3105 639 3402 695 adversitas
3426 656 3439 693 :
3465 639 3571 695 hoc

1979 731 2266 800 triumphis
2314 731 2428 785 suis
2459 730 2678 799 decerpi
2708 734 2880 788 sensit
2930 734 3198 799 inimicus,
3232 734 3373 803 quod
3424 736 3569 803 capti

1982 821 2278 877 sacerdotis
2308 822 2545 877 animum
2569 838 2675 878 non
2696 824 2926 894 subegit.
2960 825 3242 895 Pugnabas
3270 826 3443 881 adhuc
3470 843 3571 897 pro

1978 914 2317 970 absolutione
2362 913 2754 984 plurimorum,
2785 924 2840 969 et
2881 915 2974 970 tibi
3015 916 3146 971 nihil
3186 925 3453 984 metuens,
3503 918 3571 972 de

1979 1004 2153 1073 plebis
2184 1016 2288 1059 tua:
2315 1005 2585 1061 anxietate
2620 1005 2914 1075 pendebas.
2939 1005 3074 1063 Nolo
3103 1006 3302 1061 diutius
3325 1008 3569 1062 tristibus

1978 1099 2293 1166 immorari;
2326 1100 2452 1156 nolo
2498 1100 2814 1170 tragcediam
2862 1099 3079 1170 maligni
3133 1101 3393 1171 temporis
3441 1116 3569 1169 ape-

1977 1196 2107 1259 rire.
2154 1195 2326 1250 libens
2372 1196 2440 1252 de
2490 1196 2688 1251 illustri
2714 1195 3127 1251 conservatione
3173 1204 3263 1251 tua
3294 1196 3569 1265 aliquanta

1980 1291 2302 1359 prmtervolo
2323 1335 2337 1359 ,
2372 1306 2439 1345 ne
2486 1300 2537 1346 te
2564 1290 2835 1345 narrando
2876 1305 3064 1361 cogam
3093 1289 3272 1345 denuo
3301 1291 3571 1345 sustinere

1977 1396 2098 1452 qua:
2131 1396 2322 1452 passus
2352 1397 2411 1437 es
2436 1399 2450 1435 :
2478 1398 2786 1453 quanquam
2815 1382 3005 1437 doctor
3034 1380 3271 1452 gentium
3315 1380 3368 1434 itt
3400 1379 3570 1433 tribu-
3603 1400 3607 1411 ι

1977 1474 2177 1530 latione
2207 1476 2503 1530 exercitum
2529 1492 2589 1532 se
2617 1475 2785 1532 fuisse
2821 1484 3214 1532 commemoret
3234 1473 3568 1529 vociferans:

1977 1563 2105 1619 Cum
2126 1568 2382 1634 inﬁrmor,
2406 1576 2513 1621 tum
2530 1578 2707 1639 potens
2730 1584 2845 1622 sum
2866 1565 2957 1641 (II
2980 1565 3099 1621 Cor.
3116 1582 3212 1633 xtl,
3260 1567 3376 1633 f0).
3395 1565 3572 1619 Taceo

1977 1658 2230 1726 inediam,
2266 1660 2469 1729 frigus,
2503 1669 2557 1716 ct
2579 1660 2825 1731 injurias,
2857 1668 2911 1715 et
2940 1659 3033 1714 illa
3078 1675 3199 1728 quae.
3230 1658 3325 1713 tibi
3364 1654 3572 1711 inimici

1975 1751 2187 1805 animus
2217 1752 2454 1821 providit
2497 1762 2781 1823 augmenta
2815 1752 3150 1808 morborum.
3200 1751 3330 1820 Sed,
3362 1750 3528 1807 credo
3550 1789 3571 1816 ,

276 1836 419 1877 rem.
464 1820 736 1915 imperita:
785 1834 958 1915 ctetus
1008 1826 1367 1883 multitudinis
1415 1831 1666 1885 meritum
1723 1841 1870 1889 tuum
1900 1830 1951 1891 Β
1979 1840 2095 1896 Ιιωο
2146 1843 2392 1912 puerilia,
2425 1853 2479 1899 et
2516 1820 2678 1900 succo
2705 1846 2942 1915 antiquas
2989 1845 3309 1901 valetudinis
3350 1844 3571 1899 robusta

278 1914 535 1982 expendit
558 1914 713 1970 lance
746 1914 1001 1985 perfecti:
1037 1926 1091 1972 et
1112 1916 1237 1972 dum
1267 1917 1320 1973 in
1350 1926 1403 1974 te
1424 1930 1864 1978 ornamentorum

274 2008 510 2062 varietas
536 2007 734 2078 placet,
760 2009 911 2077 quasi
940 2025 1077 2065 unus
1108 2010 1282 2068 haares
1311 2011 1667 2069 diversissimi
1698 2014 1868 2071 fueris

270 2098 534 2164 instituti;
565 2100 645 2156 sic
691 2101 885 2171 singuli
918 2100 1020 2155 hoc
1059 2101 1127 2158 de
1156 2102 1401 2158 claritate
1450 2112 1536 2157 tua
1574 2106 1869 2161 censebant

268 2191 524 2249 sufﬁcere
568 2192 713 2263 quod
741 2192 1076 2263 probabant:
1119 2194 1239 2264 quia
1279 2194 1418 2249 bona
1448 2194 1629 2250 omnia
1661 2210 1867 2266 nequa-

271 2299 428 2352 quam
477 2283 729 2339 omnihus
754 2292 879 2337 nota
909 2297 1030 2339 esse
1053 2295 1381 2354 potuerunt:
1410 2294 1466 2339 et
1492 2286 1770 2356 speciatim
1799 2287 1867 2344 ad

272 2376 513 2431 favorem
542 2376 737 2431 sideris
766 2376 840 2431 tui
868 2378 1149 2432 universos
1186 2377 1458 2445 illexeras,
1502 2378 1657 2435 alteri
1686 2390 1868 2435 osten-

272 2467 447 2524 dendo
477 2468 621 2536 quod
655 2469 771 2537 pius
791 2483 871 2532 es,
904 2469 1059 2524 alteri
1090 2469 1233 2540 quod
1265 2484 1511 2535 severus,
1538 2471 1698 2527 alteri
1723 2473 1867 2542 quod

269 2562 405 2617 bene
449 2560 699 2631 acquisiti
739 2560 1058 2616 distributor
1105 2562 1447 2629 patrimonii,
1502 2564 1657 2620 alteri
1719 2565 1865 2634 quod

269 2653 434 2710 scires
466 2663 617 2709 recte
647 2662 795 2723 parta
826 2667 1069 2709 servare.
1105 2653 1160 2709 Id
1191 2654 1354 2710 studii
1382 2657 1607 2725 sumpsit
1643 2658 1863 2714 univer-

269 2745 417 2812 sitas,
452 2754 514 2801 ut
535 2761 657 2800 cum
698 2745 765 2801 de
796 2746 1063 2818 proposita
1098 2746 1255 2802 laude
1286 2749 1651 2820 unusquisque
1678 2751 1864 2806 vince-

270 2848 369 2907 ret,
393 2839 684 2894 collatione
715 2848 889 2894 tamen
914 2840 968 2895 in
993 2839 1277 2910 prmconiis
1309 2840 1413 2895 tuis
1443 2840 1682 2896 melioris
1714 2842 1855 2899 tituli

270 2926 335 2979 ab
359 2925 535 2980 altero
581 2925 909 2981 vinceretur.
962 2924 1097 2981 Nolo
1137 2925 1253 2981 istis
1303 2926 1503 2982 diutius
1556 2926 1856 2985 immorari.

268 3016 607 3074 Veniendum
639 3027 724 3075 est
749 3018 813 3073 ad
844 3018 1041 3074 laboris
1065 3019 1141 3074 ttti
1164 3019 1447 3086 exercitia;
1480 3020 1602 3091 quia
1624 3034 1742 3091 ego,
1768 3021 1861 3092 qui

268 3126 371 3168 non
403 3126 527 3167 sum
554 3111 609 3166 in
644 3110 952 3167 laudatione
997 3121 1084 3167 tua
1118 3112 1344 3168 idoneus
1371 3112 1643 3179 maximis,
1674 3115 1859 3171 nescio

1976 1934 2219 1989 membra
2250 1935 2573 1993 tolerabant.
2617 1937 2810 1994 Nonne
2852 1939 3112 1993 emortuis
3150 1952 3247 2007 per
3283 1949 3568 2006 compages

1972 2025 2227 2092 artubus,
2259 2032 2367 2083 eta
2412 2029 2771 2099 possibilitate
2820 2032 3037 2101 propria
3069 2031 3224 2099 longa
3268 2030 3377 2099 jam
3409 2036 3568 2084 aetate

1973 2120 2263 2187 distractis,
2289 2122 2403 2176 sola
2431 2123 2608 2177 anima
2642 2123 2782 2178 flecti
2807 2126 2988 2179 nescia
3020 2123 3343 2189 sustinebat,
3365 2132 3419 2177 et
3451 2123 3569 2179 imi-

1976 2210 2137 2265 tanda
2194 2212 2497 2267 intentione
2549 2213 2809 2269 adversus
2853 2216 3227 2284 impugnantes
3260 2229 3415 2268 muro
3441 2228 3567 2269 con-

1971 2304 2186 2358 stantiae
2239 2306 2475 2359 stabilita
2530 2306 2965 2361 certabat?Post
3008 2309 3121 2362 haec
3164 2307 3231 2362 ad
3270 2306 3568 2362 redivivum

1972 2404 2172 2451 statum
2199 2396 2466 2451 libertatis
2490 2408 2685 2463 aptatae
2709 2414 2980 2469 nunquam
3012 2401 3094 2469 pia
3118 2408 3239 2453 vota
3268 2398 3568 2467 despiciens

1970 2488 2220 2543 Chrisms
2260 2489 2590 2560 Redemptor
2638 2502 2820 2547 noster
2848 2493 3105 2556 occurrit,
3152 2500 3207 2547 et
3237 2491 3432 2546 fraetas
3456 2490 3567 2545 Ro-

1970 2582 2117 2635 mani
2145 2581 2379 2636 nominis
2410 2584 2557 2637 vires
2600 2582 2795 2637 artiﬁci
2836 2583 3044 2638 medela
3080 2582 3308 2638 solidata
3340 2582 3395 2636 in
3419 2584 3565 2653 vigo-

1968 2687 2088 2729 rem
2133 2674 2468 2730 salutifernm
2500 2690 2590 2730 res
2619 2678 2851 2731 contrita
2881 2682 3161 2733 remeavit.
3192 2676 3324 2732 Cum
3360 2692 3429 2732 ex
3458 2679 3565 2735 aito

1967 2767 2217 2837 benignis
2246 2770 2417 2822 oculis
2447 2769 2685 2825 ccelestis
2713 2770 3022 2826 dominator
3043 2771 3280 2838 aspexit,
3309 2768 3564 2825 Mediola-

1968 2860 2219 2914 nensium
2262 2855 2398 2914 nrbi'
2439 2862 2527 2915 lux
2578 2871 2662 2916 est
2714 2864 2920 2931 proprii
2976 2862 3184 2917 reddita
3240 2862 3561 2920 sacerdotis.

1970 2951 2122 3005 Tunc
2150 2965 2273 3007 Cum
2318 2966 2471 3006 rarus
2514 2951 2802 3019 habitator,
2832 2964 2958 3007 tunc
2982 2968 3103 3008 cum
3134 2968 3289 3009 error
3316 2956 3368 3009 in
3398 2954 3564 3011 domi-

1965 3042 2089 3109 bus,
2112 3052 2167 3097 et
2196 3058 2287 3111 per
2308 3042 2480 3098 dulcia
2503 3044 2871 3099 cubiculorum
2896 3044 3079 3100 limina
3101 3044 3323 3100 confusa
3350 3047 3564 3103 discur-

1971 3136 2096 3203 sio;
2128 3144 2255 3191 tunc
2284 3151 2404 3191 eum
2437 3137 2632 3207 ubique
2663 3152 2827 3207 pavor
2851 3146 2907 3194 et
2932 3138 3126 3207 luctus,
3157 3147 3211 3194 et
3238 3139 3330 3194 Dei
3364 3141 3563 3209 templa

266 3205 429 3302 55°}
456 3218 624 3302 pa"?
650 3212 956 3302 (fomentus'
999 3207 1019 3235 ’
1047 3204 1288 3302 Ψῖθηξδ
1316 3213 1369 3302 ⁸9
1392 3204 1569 3302 θδδξω
1598 3206 1864 3275 ίίηῑδοδίίτε
1892 3208 1941 3274 C
1970 3232 2205 3289 ferarum
2240 3204 2561 3288 habitationi
2605 3204 2857 3302 deputata
2911 3204 3237 3290 sordebant:
3264 3250 3385 3290 cum
3415 3204 3562 3292 mar-

264 3298 542 3370 dignitatis
612 3297 881 3353 labentem
941 3298 1179 3368 vestigiis
1244 3298 1525 3354 ineluctati
1597 3302 1859 3369 temporis

264 3392 505 3463 suscepit
546 3391 890 3458 adversitas,
922 3400 977 3448 et
1019 3393 1247 3448 tironem
1291 3391 1550 3463 pontificii
1592 3394 1863 3449 exercita-

266 3486 537 3542 tissimum
586 3486 812 3542 militem
843 3485 1100 3541 adversus
1128 3484 1434 3541 libertatem
1469 3488 1699 3557 impacta
1722 3487 1863 3543 bella

262 3579 638 3635 reddiderunt.
670 3578 750 3634 Ttt
782 3577 1049 3649 praedonis
1080 3576 1296 3633 nescisti
1332 3578 1521 3633 timere
1556 3580 1818 3649 saevitiam
1844 3597 1859 3648 ;

262 3682 317 3728 tu
343 3674 845 3729 biandimentorum
872 3671 1015 3741 quod
1056 3672 1110 3727 in
1158 3670 1444 3726 malitiosis
1473 3672 1754 3728 nocentius
1784 3680 1864 3728 te-

261 3764 369 3821 lum
397 3776 506 3836 est,
540 3774 697 3820 scuto
725 3764 1044 3821 constantia:
1065 3778 1270 3818 venena
1294 3764 1569 3833 respuisti.
1599 3764 1861 3831 Quotiens

262 3865 315 3912 te
339 3857 432 3927 qui
464 3855 767 3912 certamine
793 3871 899 3911 non
930 3856 1124 3926 potuit,
1156 3854 1413 3910 insidiosa
1446 3854 1863 3931 honorificentia

263 3947 572 4005 lacessivit?
593 3948 856 4016 Quotiens
881 3949 935 4004 in
956 3948 1156 4004 damno
1178 3949 1331 4004 bona:
1361 3948 1631 4019 Opinionis
1651 3951 1860 4008 servitii

263 4040 343 4095 sui
366 4050 419 4095 te
447 4040 686 4097 credidit
706 4042 957 4111 ﬁgmenta
980 4041 1278 4110 suscipere,
1303 4040 1405 4095 hoc
1426 4056 1455 4095 a
1485 4051 1537 4097 te
1558 4043 1855 4115 postulans,

262 4142 320 4186 ut
344 4131 594 4187 adhibito
636 4131 845 4187 hostem
890 4132 1125 4187 colludio
1157 4132 1297 4185 intra
1340 4131 1487 4186 urbis
1519 4148 1701 4187 muros
1721 4149 1857 4188 con-

262 4222 528 4286 cludercs,
560 4230 618 4277 et
643 4222 824 4277 ovium
861 4232 1073 4277 tuarum
1104 4222 1413 4291 dissipanda
1442 4222 1583 4290 lupis
1616 4224 1857 4279 membra

261 4318 594 4388 praestares?
621 4318 766 4388 paris
811 4316 960 4384 facti,
993 4316 1134 4386 quod
1173 4316 1317 4371 dictu
1348 4316 1499 4371 nefas
1528 4324 1631 4382 est,
1663 4318 1859 4372 multo-

262 4420 376 4463 rum
410 4408 663 4478 exempla
720 4422 1035 4479 suggerens.
1094 4408 1226 4474 Quae
1279 4406 1497 4477 quidem
1552 4416 1607 4461 tu
1638 4408 1856 4465 vitanda

262 4497 564 4569 despiciens
584 4540 601 4567 ,
632 4508 689 4554 et
718 4497 782 4553 ad
814 4498 1101 4554 vindictam
1137 4498 1313 4553 sereni
1346 4498 1602 4568 temporis
1629 4514 1854 4557 servans

260 4590 539 4647 memorias
586 4590 936 4657 commisisti,
963 4589 1299 4646 detestabilia
1350 4590 1619 4659 retinens,
1661 4607 1730 4648 ne
1761 4607 1857 4662 per
1880 4588 1935 4650 D

259 4680 593 4738 oblivionem
624 4681 842 4751 impune
872 4682 1183 4747 transirent,
1213 4690 1268 4737 et
1289 4680 1547 4752 majorem
1573 4682 1853 4741 horrorem

260 4774 577 4832 excessibus
603 4773 829 4839 debens,
852 4773 977 4829 dum
1010 4772 1222 4829 ruinam
1252 4774 1447 4829 metuis
1475 4774 1717 4830 aliorum.
1746 4775 1854 4834 Sed

258 4866 483 4923 remotis
510 4865 727 4921 dicendi
753 4865 1066 4931 obstaculis,
1096 4864 1379 4919 veniamus
1408 4864 1474 4919 ad
1498 4864 1589 4918 illa
1617 4882 1735 4933 quae
1767 4883 1855 4922 re-

257 4958 451 5031 lgioso
481 4968 611 5014 sunt
638 4958 796 5029 digna
848 4966 1169 5014 memoratu.
1219 4956 1351 5012 Cum
1386 4956 1595 5013 hostilis
1626 4959 1853 5030 irruptio

256 5066 412 5107 more
464 5065 720 5122 pecorum
767 5049 1132 5106 Christianum
1180 5048 1438 5120 populum
1495 5065 1590 5119 per
1639 5051 1851 5107 diversa

256 5144 627 5210 distraheret,
658 5152 714 5198 tu
748 5143 1018 5199 variorum
1065 5142 1352 5213 generibus
1388 5142 1719 5197 cruciatuum
1760 5157 1852 5197 ca-

257 5235 495 5306 piebaris
540 5236 595 5292 in
624 5237 907 5301 omnibus,
957 5248 1011 5291 tu
1039 5244 1260 5307 paterna
1307 5244 1602 5291 conventus
1649 5237 1853 5306 pietate

330 5355 346 5385 ⁸
374 5352 560 5408 Schol.
574 5394 589 5417 ,
621 5368 799 5422 parvo.

328 5425 350 5455 ³
382 5419 681 5495 Νουειζὶεἰε
709 5422 914 5495 adfine]
940 5421 1213 5495 Successit
1237 5419 1556 5495 Laurentius
1586 5419 1639 5473 in
1660 5420 1851 5476 cathe-

249 5494 353 5549 dra
377 5494 761 5549 Mediolanensi
784 5492 1068 5548 Theodoro
1088 5495 1361 5561 episcopo,
1394 5492 1448 5546 in
1477 5506 1637 5560 quem
1670 5502 1847 5547 exstat

252 5566 490 5619 Ennodii
517 5564 845 5634 epigramma
873 5565 962 5619 88.
996 5564 1161 5619 Paulo
1188 5575 1309 5632 post
1356 5572 1537 5618 secuta
1589 5570 1670 5634 est
1711 5562 1848 5616 tlire—

249 5637 370 5706 ptio
395 5636 539 5689 urbis
558 5632 983 5690 Metlinlanensis
1023 5644 1075 5706 et
1109 5634 1353 5706 exsilium
1402 5632 1703 5706 Laurentii,
1750 5648 1846 5706 per

247 5704 555 5762 Odoacrem
577 5706 789 5775 Opinor,
818 5705 1034 5775 quando
1049 5704 1183 5758 Tufa
1210 5706 1365 5769 duce,
1394 5714 1450 5758 ut
1469 5704 1523 5757 in
1557 5704 1839 5771 Epiphanii

248 5778 374 5833 Vita
422 5777 621 5831 dictum
654 5786 768 5839 est,
801 5778 1057 5831 adversus
1103 5776 1493 5829 Theodericum
1540 5775 1837 5829 rebellavit.

242 5847 588 5907 Theoderico
636 5848 857 5903 victoria
892 5848 1059 5916 potito
1106 5846 1429 5902 Laurentius
1476 5845 1836 5901 Mediolanum

735 5937 1009 6021 Pax-non.
1038 5937 1266 6003 LXIII.

1966 3340 2096 3382 cens
2136 3324 2339 3379 incuria
2371 3324 2805 3393 splendidissima
2837 3326 3036 3381 dudum
3058 3327 3191 3381 atria
3234 3328 3335 3381 situ
3366 3327 3562 3384 vetusti

1967 3416 2212 3471 humoris
2240 3414 2559 3481 obnuherat,
2591 3415 2830 3471 lmtitiam
2862 3417 3075 3472 caeteris
3125 3426 3216 3472 tuo
3246 3416 3444 3472 dedisti
3492 3417 3565 3476 de

1966 3509 2163 3575 reditu,
2192 3516 2248 3563 tu
2273 3522 2551 3577 regressus
2574 3509 2639 3563 ad
2673 3510 2958 3582 lacrymas.
2992 3510 3141 3566 Tunc
3168 3526 3321 3567 more
3359 3512 3562 3582 avium,

1965 3603 2180 3674 quibus,
2207 3602 2334 3657 dum
2363 3610 2503 3657 terra
2532 3604 2747 3660 nivibus
2772 3605 3018 3675 vestitur,
3044 3617 3099 3661 et
3126 3606 3355 3676 alicujus
3385 3606 3485 3662 loci
3509 3607 3565 3664 in

1965 3709 2116 3766 spem
2148 3693 2250 3750 cibi
2280 3692 2540 3762 spoliatur
2587 3697 2852 3766 angustia,
2885 3697 3097 3753 videres
3122 3714 3244 3768 quae
3282 3713 3564 3757 remanere

1965 3796 2255 3856 potuerunt
2285 3790 2455 3857 plebis
2482 3788 2735 3857 reliquias
2758 3788 3107 3854 confluxisse,
3140 3799 3197 3844 et
3220 3789 3289 3844 ad
3318 3790 3443 3844 boni
3464 3804 3560 3858 pa-

1964 3879 2127 3933 storis
2157 3882 2499 3950 prtesentiam
2520 3880 2754 3950 undique
2781 3881 3013 3950 fatigatts
3043 3880 3221 3936 balatu
3250 3882 3563 3939 nemoribus

1964 3986 2157 4041 greges
2187 3986 2495 4029 accurrere.
2529 3971 2678 4028 Alios
2710 3982 2833 4025 tunc
2859 4012 2873 4035 ,
2914 3971 3190 4039 multiplici
3224 3970 3562 4027 sustentandi

1962 4079 2183 4134 genere,
2217 4066 2494 4122 mulcebas
2538 4065 2731 4130 aifatu;
2778 4064 2914 4119 alios
2940 4064 3221 4120 reﬁciebas
3252 4063 3559 4133 impendio;

1961 4155 2105 4211 alios
2159 4156 2465 4214 hortabaris
2494 4159 2763 4226 exemplo.
2815 4156 2971 4210 Brevi
3016 4166 3134 4225 post
3181 4157 3233 4209 in
3281 4156 3561 4225 antiquum

1961 4257 2157 4303 statum
2201 4250 2289 4316 qui
2324 4250 2414 4305 tibi
2466 4260 2582 4318 post
2617 4249 2786 4303 Deum
2815 4248 3063 4313 debetur,
3096 4247 3220 4302 urbs
3240 4249 3349 4317 jam
3381 4249 3559 4318 septtl~

1962 4352 2014 4396 ta
2037 4343 2300 4407 revaluit;
2328 4352 2382 4397 et
2411 4359 2529 4412 quae
2558 4359 2661 4398 non
2685 4342 2938 4397 credebat
2963 4342 3014 4396 in
3035 4356 3095 4396 se
3123 4344 3357 4410 reparari
3391 4330 3567 4411 posse

1962 4436 2103 4505 quod
2136 4434 2330 4500 fuerat,
2363 4436 2526 4503 coepit
2566 4435 2674 4504 jam
2724 4435 2944 4488 meliora
2976 4432 3237 4489 tumulati.
3285 4432 3434 4489 Tunc
3463 4435 3557 4504 qui

1961 4529 2085 4583 vita:
2118 4543 2243 4583 usus
2287 4538 2369 4582 est
2411 4528 2519 4597 jam
2565 4543 2787 4583 cernere
2816 4536 2934 4583 erat
2977 4526 3154 4580 omnia
3207 4527 3272 4580 ad
3306 4527 3555 4584 latiorem

1965 4620 2265 4691 protectum
2300 4618 2456 4674 bonis
2477 4619 2816 4675 successibus
2839 4618 3075 4673 invitari.
3114 4616 3287 4672 Curro
3320 4634 3415 4687 per
3438 4620 3554 4673 sin-

1962 4714 2108 4785 gula,
2140 4712 2367 4767 strictim
2402 4711 2687 4767 referendo
2726 4712 2918 4780 quibus
2968 4725 3106 4780 opus
3137 4719 3218 4766 est
3254 4710 3399 4782 larga
3430 4728 3556 4767 nar~

1964 4804 2103 4860 ratio
2130 4819 2144 4866 ;
2186 4802 2251 4857 ad
2282 4818 2506 4872 agonem
2544 4802 2669 4856 vita:
2701 4810 2836 4865 tute,
2866 4801 2932 4855 ad
2962 4802 3155 4855 summi
3188 4801 3556 4859 celebritatem

1966 4893 2225 4964 propositi
2251 4907 2626 4963 perventurus.
2656 4892 2677 4923 ³
2699 4893 2946 4948 Secunda
3000 4900 3121 4962 post
3150 4892 3370 4947 dubium
3414 4903 3555 4949 tent-

1964 4990 2111 5057 poris
2135 4994 2257 5041 nata
2283 4994 2367 5041 est
2395 4984 2449 5039 in
2480 4986 2721 5041 Ecclesia
2753 4986 2993 5041 Romana
3014 4987 3315 5056 captivitas,
3349 5003 3471 5057 qua:
3510 4999 3559 5041 te

1960 5080 2113 5152 quasi
2139 5080 2247 5149 jam
2276 5079 2367 5133 diu
2394 5079 2651 5148 desidem,
2688 5089 2742 5134 et
2768 5081 2963 5135 laboris
3007 5080 3247 5151 fugacem
3278 5080 3348 5135 de
3380 5081 3557 5149 longa:

1959 5175 2083 5229 sinu
2112 5172 2306 5242 quietis
2335 5172 2707 5236 abstraheret;
2750 5188 2872 5229 cum
2906 5174 2989 5229 vix
3022 5189 3119 5244 spe
3173 5174 3319 5244 pacis
3349 5173 3558 5227 laboris

1960 5265 2035 5320 tui
2062 5278 2211 5319 arma
2253 5263 2496 5332 deposita
2545 5274 2909 5319 resumttntur.
2950 5264 3248 5321 Deberetur
3284 5261 3498 5332 quidem
3537 5303 3553 5327 ,

1961 5418 2144 5481 rediit,
2168 5416 2465 5487 urbemque
2490 5432 2552 5470 ex
2585 5418 2823 5486 pristinis
2853 5420 3107 5472 aerumnis
3150 5413 3433 5487 recreavit.

2027 5489 2048 5519 ³
2068 5490 2308 5543 Secunda
2328 5484 2627 5559 in'Ecclesia
2645 5487 2881 5543 Romana
2898 5484 3179 5559 captivitas]
3197 5484 3276 5559 0b
3292 5484 3545 5539 schisma-

1956 5560 2181 5635 ficorum
2234 5558 2657 5635 machinationes
2698 5555 2968 5635 adversus
3006 5555 3415 5635 Symmachum;
3440 5572 3553 5635 qua.

1951 5632 2019 5685 de
2042 5647 2197 5683 causa
2234 5631 2414 5684 horna:
2438 5630 2527 5682 ditt
2555 5641 2798 5683 versatus
2823 5637 2904 5681 est
2929 5628 3271 5697 Laurentius,
3301 5638 3354 5679 et
3381 5642 3544 5697 syno-

1948 5703 2020 5755 do
2047 5701 2397 5755 absolutionis
2421 5699 2651 5767 praefuit,
2670 5715 2828 5767 quam
2851 5708 3090 5751 senatum
3118 5696 3281 5751 curia:
3302 5696 3544 5754 cmlestis

1948 5773 2209 5835 nominat,
2244 5769 2777 5841 impugnantiumque
2804 5767 2942 5824 odiis
2971 5780 3025 5824 et
3058 5769 3223 5824 furori
3273 5772 3540 5831 constanti

1947 5844 2127 5901 animo
2163 5843 2375 5899 restitit.
