3974 6366
479 332 583 391 267

1602 322 1881 382 ENNODII
1918 318 2226 378 EPISCOPI
2259 315 2642 379 'TICINENSIS

3628 332 3716 391 268

482 446 589 500 nisi
631 460 717 501 me
766 443 940 499 laudis
971 450 1076 498 tuae
1106 453 1329 497 censura
1369 434 1728 509 pertraheret,
1763 438 1816 493 in
1843 435 2074 508 lugenda
2101 436 2153 494 Α
2180 435 2415 490 verentia
2445 437 2634 507 fugatis
2664 435 2975 493 inStituatur
3003 436 3369 504 libam‘iniltus;
3401 441 3530 510 quod
3561 456 3715 503 sacra-

482 554 642 594 causa
675 538 961 603 silentium,
998 547 1051 589 ut
1078 535 1131 590 in
1155 549 1255 589 una
1281 542 1439 589 aetate
1468 534 1742 588 memoria:
1773 539 1955 602 pereat
1981 544 2071 585 res

480 630 729 686 nefanda.
757 630 985 683 Senatus
1008 627 1096 681 ille
1123 626 1287 682 curiae
1333 625 1571 682 ctelestis
1603 624 1804 678 accitus
1834 629 1919 677 est
1942 639 1955 676 :
1980 621 2070 677 ubi

479 736 545 777 ex
574 722 734 775 Variis
767 718 1052 791 provinciis
1081 719 1454 789 episcoporum
1480 717 1630 771 turba
1659 714 1913 772 conﬂuxit
1937 732 1948 766 :
1979 712 2068 769 ubi

476 821 647 868 coetus
676 810 793 877 ille,
826 818 954 879 quot
984 808 1259 864 hominum
1304 824 1524 879 genera,
1564 818 1644 862 tot
1674 805 2064 861 sententiarum

475 904 762 957 varietates
784 900 1021 956 advexit.
1043 902 1147 957 Sed
1175 901 1367 971 quibus
1394 901 1563 956 inerat
1590 898 1882 970 spiritualis
1906 912 2066 967 sapor

470 995 864 1065 intelligentiae,
894 995 1046 1065 quasi
1075 995 1266 1052 ducem
1297 1003 1350 1050 te
1382 994 1689 1065 principalis
1716 991 2061 1048 deliberatio-

468 1090 556 1145 nis
585 1086 813 1145 caritate
843 1088 1151 1145 tenuerunt.
1182 1084 1328 1143 Tunc
1351 1100 1457 1159 Quo
1486 1084 1799 1143 minantium
1834 1087 2065 1156 impetus

465 1180 964 1237 blandimentorum
1018 1178 1175 1237 melle
1216 1181 1514 1249 domuisti,
1559 1182 1660 1251 qua
1712 1179 2063 1249 superbarum

467 1272 633 1327 corda
680 1272 986 1329 veneranda
1036 1272 1355 1328 humilitatis
1384 1274 1658 1329 erectione
1699 1272 1930 1341 fregisti,
1959 1284 2064 1341 qua

468 1363 767 1419 labantium
792 1366 1003 1420 animos
1042 1365 1253 1421 consilii
1295 1365 1476 1420 radice
1506 1363 1763 1430 fundasti,
1794 1364 2063 1435 explicare

466 1470 577 1511 non
600 1455 775 1512 valeo.
810 1455 905 1512 Rei
937 1465 1101 1528 geste
1127 1458 1371 1511 notitiam
1402 1457 1541 1511 scire
1569 1456 1818 1524 cupidum
1850 1471 1916 1510 ex
1939 1455 2062 1510 facti

467 1548 926 1620 contemplatione
955 1548 1239 1620 compello.
1278 1550 1450 1607 Unum
1500 1560 1552 1606 te
1596 1550 1768 1605 secuti
1814 1559 1939 1603 sunt
1986 1558 2063 1603 tot

465 1640 649 1708 electi,
680 1650 735 1696 et
774 1643 825 1695 in
884 1642 1204 1698 sententiam
1253 1651 1396 1696 tuam
1428 1641 1735 1696 recidermit
1792 1648 2059 1694 tantarum

462 1733 734 1803 principes
757 1728 1057 1789 civitatum.
1088 1734 1346 1804 Coquitur
1376 1732 1778 1788 lamentationis
1814 1731 2055 1797 aestibus,

2174 527 2311 581 rium
2364 528 2627 597 apelletur
2672 528 2883 596 merito,
2937 538 3215 600 postquam
3268 534 3497 587 seniores
3542 537 3716 595 hostias

2171 617 2456 687 abjnravit,
2488 626 2544 675 et
2572 620 2623 675 in
2675 620 2925 677 adolendi
2959 622 3251 677 mutatione
3285 625 3521 680 saerilicii
3547 627 3715 684 divina:

2171 711 2303 767 aedis
2351 718 2548 769 nomen
2600 714 2990 784 assumpserit:
3022 723 3287 781 postremo
3314 717 3447 785 quod
3490 717 3539 771 in
3577 719 3717 773 alium

2171 808 2368 858 statum
2394 804 2730 862 inconcussis
2754 808 3119 878 migraverunt
3149 805 3483 862 fundamenta
3505 809 3718 865 culmini-

2170 895 2269 951 bus
2303 915 2317 950 :
2362 896 2560 953 etcum
2590 898 2655 955 ad
2684 900 3009 955 structuram
3059 912 3244 969 parum
3294 899 3545 955 humanus
3575 902 3709 956 sudor

2169 990 2383 1061 adjecit,
2415 1002 2746 1065 quaecunque
2773 994 2989 1050 fuerunt
3019 994 3263 1048 innovata
3289 994 3414 1061 sint,
3454 990 3567 1047 dum
3601 1008 3699 1063 ρει-ε

2169 1085 2386 1141 sistunt.
2420 1083 2475 1141 In
2507 1092 2734 1153 suntma,
2764 1089 2918 1157 cujus
2960 1086 3333 1142 aestimandum
3371 1095 3449 1140 est
3471 1088 3717 1154 mineuli,

2171 1177 2259 1233 ubi
2284 1179 2412 1233 dum
2440 1179 2656 1235 modum
2687 1180 2864 1235 teneat
2892 1178 3159 1242 machina,
3208 1178 3379 1234 adhuc
3409 1192 3507 1231 no‘u
3537 1177 3718 1233 desistit

2167 1269 2486 1335 ascendere,
2511 1282 2565 1326 et
2590 1273 2640 1325 in
2666 1271 2897 1340 antiquis
2925 1272 3212 1325 constituta
3241 1270 3469 1338 vestigiis
3488 1262 3717 1325 attollitur

2169 1356 2547 1417 incremento?
2578 1362 2974 1433 Requirendum
3020 1377 3149 1416 sane
3194 1362 3312 1430 quis
3357 1358 3506 1429 hujus
3532 1360 3713 1428 operis,

2169 1454 2291 1523 quis
2349 1453 2707 1509 innovationis
2763 1464 2949 1508 auctor
3001 1454 3323 1507 exstiterit:
3387 1451 3714 1520 praedecessor

2166 1560 2359 1615 nempe
2404 1547 2678 1615 parvitatis
2728 1562 2859 1601 mea:
2897 1549 2917 1578 ²
2960 1545 3141 1599 Victor
3189 1544 3429 1599 antistes.
3473 1545 3492 1575 ⁸
3529 1543 3715 1599 Futura:

2166 1640 2533 1694 annuntiatrix
2582 1640 2907 1694 innocentim
2942 1638 3198 1693 divinitas
3227 1652 3419 1693 nomen
3458 1622 3713 1705 imposuit:

2166 1748 2288 1787 nam
2318 1734 2406 1803 qui
2436 1734 2503 1788 de
2533 1735 2616 1789 his
2638 1751 2754 1804 qua:
2779 1733 3142 1802 suscipiuntur
3159 1731 3415 1785 adversus
3440 1729 3558 1782 vitia
3588 1741 3716 1781 mun-

459 1827 551 1895 qui
584 1840 615 1880 a
647 1838 696 1881 te
738 1826 902 1883 cruda
933 1826 1295 1882 obstinatione
1335 1826 1561 1881 descivit
1587 1841 1602 1891 ;
1634 1834 1684 1880 et
1731 1824 1861 1878 nihil
1895 1823 2055 1877 habet
2084 1816 2133 1876 Β
2160 1823 2320 1892 dana,
2354 1828 2735 1881 certaminibus
2757 1826 3012 1896 praedicto
3037 1832 3261 1879 eventus
3293 1821 3587 1883 accesserit,
3608 1831 3715 1873 cum

455 1918 513 1976 in
546 1920 793 1976 solatium
829 1928 1024 1991 praeter
1052 1922 1374 1977 calamitatis
1406 1922 1689 1992 lacrymas,
1723 1920 1811 1989 qui
1843 1919 2048 1972 divisus

456 2020 561 2067 est.
597 2012 747 2068 Dicat
773 2014 966 2084 aliquis
994 2013 1240 2080 forsitan,
1272 2022 1452 2067 rerum
1479 2021 1751 2081 gestarum
1784 2010 2047 2078 malignus

452 2105 747 2175 interpres,
783 2123 942 2178 quam
973 2108 1163 2161 sortita
1201 2115 1284 2160 est
1314 2107 1381 2160 de
1413 2104 1715 2173 hujusmodi
1748 2101 2047 2157 constantia

452 2210 701 2267 praesens
731 2213 890 2251 causa
913 2198 1239 2253 decisionem
1270 2214 1280 2251 :
1310 2206 1532 2265 quaerat,
1566 2197 1652 2264 qui
1683 2194 1812 2247 lines
1841 2194 1906 2247 de
1938 2194 2049 2245 lau-

455 2286 583 2341 dato
614 2288 812 2342 sudore
835 2288 1194 2357 contigerunt.
1226 2287 1355 2341 Huic
1385 2302 1484 2356 ego
1515 2286 1685 2339 fidens
1732 2284 2004 2352 replicabo
2032 2299 2045 2345 ;

453 2387 510 2432 te
534 2379 765 2448 przesule
791 2377 1014 2443 factum,
1042 2393 1111 2433 ne
1140 2376 1749 2432 sacerdotes’ministros
1779 2375 2050 2442 acciperet

446 2470 606 2525 furor
658 2470 911 2524 alienus:
946 2478 1014 2525 ne
1049 2478 1289 2525 eruenta:
1338 2468 1685 2538 indignationi
1738 2466 2047 2536 pontificum

451 2564 726 2619 sententia
755 2564 1041 2618 militaret:
1076 2578 1145 2619 ne
1186 2564 1237 2616 in
1287 2577 1439 2617 usum
1472 2563 1610 2615 male
1658 2562 1908 2613 commoti
1942 2568 2049 2612 tra-

448 2654 645 2710 herent
677 2656 895 2710 evenire
923 2658 1082 2724 posse
1113 2654 1254 2723 quod
1288 2654 1506 2708 vellent.
1540 2652 1820 2707 Postremo
1848 2652 2047 2718 impro-

451 2746 649 2802 borum
682 2747 982 2817 loquacitas
1008 2748 1367 2811 Obmutescat,
1400 2746 1557 2816 hujus
1587 2746 1774 2799 saltem
1816 2746 2048 2798 aestima-

447 2841 599 2897 tione
644 2843 871 2907 secreti;
902 2842 1023 2911 quia
1076 2838 1322 2897 odiorum
1381 2841 1626 2895 incendia
1679 2854 1797 2910 quae
1830 2852 1933 2892 non
1979 2844 2046 2892 ex

444 2934 742 3005 impugnati
776 2935 987 3000 merito,
1035 2933 1129 2989 sed
1172 2950 1237 2988 ex
1285 2933 1581 2989 studiorum
1618 2933 1867 2987 fomentis
1895 2945 2047 2985 arse-

442 3034 593 3094 rtnit,
629 3043 729 3083 nec
776 3037 979 3083 sanctae
1020 3027 1427 3083 deliberationis
1473 3035 1758 3095 potuerunt
1784 3026 1931 3080 fonte
1961 3039 2047 3078 re-

441 3120 666 3191 ttingui.
693 3121 811 3176 Tibi
853 3136 981 3191 ergo
1009 3121 1236 3176 debetur
1255 3121 1644 3177 venerabilium
1675 3117 1917 3173 custodia
1948 3130 2040 3170 ca-

2156 1916 2476 1974 vocabulum
2512 1918 2793 1987 didiceris,
2827 1927 2972 1985 gesta
3006 1916 3308 1986 cognoscis.
3337 1914 3438 1968 l5te
3464 1928 3551 1982 per
3574 1910 3714 1981 spiri-

2157 2011 2321 2064 talem
2352 2008 2774 2075 dimicationem,
2809 2017 2865 2063 ut
2888 2009 3144 2062 victorem
3176 2005 3375 2071 decuit,
3409 2004 3471 2059 (le
3499 2002 3713 2056 crimini-

2160 2101 2258 2154 bus
2288 2100 2671 2169 triumphavit:
2703 2107 2755 2155 et
2785 2098 3037 2170 quidquid
3067 2100 3245 2168 portio
3301 2098 3509 2151 sinistra
3539 2101 3717 2149 morta-

2155 2191 2298 2247 libus
2330 2191 2543 2260 ingerit,
2577 2191 2644 2247 de
2671 2206 2737 2247 eo
2764 2206 2948 2247 casum
2980 2206 3084 2245 non
3122 2191 3389 2259 requiras,
3424 2202 3536 2242 cum
3566 2185 3717 2238 nomi-

2155 2292 2336 2339 natum
2370 2285 2632 2353 intelligas
2651 2284 2815 2340 fuisse
2835 2284 2975 2355 quod
3013 2284 3193 2338 dictus
3225 2292 3332 2337 est.
3363 2280 3521 2349 Cujus
3551 2281 3715 2331 merita

2156 2381 2420 2434 orationis
2438 2393 2684 2448 campum
2707 2378 2997 2448 postulant,
3019 2378 3061 2431 si
3082 2390 3171 2431 tne
3194 2377 3266 2431 ad
3297 2376 3475 2429 latiora
3498 2368 3716 2444 progredi

2168 2480 2259 2523 aut
2310 2470 2508 2540 ingenii
2541 2471 2735 2524 macies
2784 2477 3090 2538 pateretur,
3124 2476 3223 2529 aut,
3268 2467 3472 2523 meriti:
3504 2464 3718 2535 quzedam

2159 2561 2303 2616 enim
2336 2571 2569 2616 actuum
2601 2558 2852 2616 nobilitas
2905 2569 3009 2625 est,
3042 2560 3269 2629 dignum
3327 2558 3543 2613 inveniri
3586 2554 3720 2609 laude

2148 2652 2497 2723 magnorum.
2534 2652 2686 2707 Hunc
2708 2653 3054 2707 mediocritas
3079 2662 3267 2706 nostra
3299 2652 3350 2706 in
3380 2646 3720 2704 mdilicationis

2158 2763 2284 2802 cura
2306 2747 2431 2801 dum
2454 2749 2715 2816 sequitur,
2732 2748 2795 2803 ad
2819 2748 3365 2815 consummationem,
3389 2745 3492 2801 Deo
3509 2745 3717 2813 auspice,

2154 2842 2274 2895 vota
2310 2840 2577 2909 perduxit.
2628 2841 2798 2896 Nemo
2847 2841 3077 2897 aestimet
3106 2844 3430 2911 arrogantia:
3458 2852 3571 2894 esse
3599 2834 3719 2907 quod

2154 2931 2301 2989 dixi:
2334 2933 2412 2987 fas
2443 2943 2526 2988 est
2552 2949 2672 2989 cum
2712 2950 2777 2989 eo
2809 2944 2927 2989 vota
2983 2935 3340 3004 conjungere,
3392 2934 3473 2988 cui
3503 2946 3588 3001 par
3616 2942 3721 2984 esse

2157 3041 2389 3095 nequeas
2418 3014 2661 3083 actione:
2695 3028 2817 3098 quia
2848 3027 3071 3082 assertio
3123 3027 3473 3083 conscientiae
3512 3032 3586 3079 est
3628 3034 3724 3075 me-

2162 3119 2351 3173 liorem
2396 3121 2447 3174 in
2478 3135 2799 3191 quacunque
2832 3129 2981 3190 parte
3011 3120 3203 3175 sectari
3242 3139 3255 3173 :
3291 3132 3550 3188 nunquam
3597 3124 3724 3169 tene-

440 3222 665 3270 nonum.
699 3206 821 3269 Tibi
853 3215 995 3284 quod
1049 3217 1166 3272 'sine
1197 3218 1487 3287 episcopali
1540 3224 1663 3270 nota
1716 3214 2002 3282 contigerit
2034 3251 2049 3276 ,
2080 3188 2129 3263 ί)
2161 3207 2377 3264 brosum
2436 3210 2651 3275 callem,
2681 3210 2821 3266 sicut
2850 3217 3200 3278 :esttmamus,
3233 3211 3479 3276 incurrit,
3508 3208 3589 3278 qui
3618 3220 3724 3261 eum

440 3306 705 3377 quidquid
748 3308 800 3361 in
839 3308 1131 3377 praesentia
1177 3309 1329 3363 saevit
1357 3307 1692 3377 improbitas.
1724 3306 1845 3361 Tibi
1875 3306 2044 3375 patuit

439 3396 588 3469 quod
619 3398 740 3454 aliis
768 3406 1087 3454 accusantes
1136 3400 1470 3456 clandesdna
1520 3400 1707 3455 fraude
1758 3405 2038 3454 texerunt:

439 3492 582 3563 apud
609 3501 661 3548 te
707 3500 1039 3563 compertum
1063 3493 1183 3562 fuit,
1230 3509 1336 3550 non
1387 3494 1822 3549 satisfaciendum
1861 3492 2039 3556 odiis,

442 3584 690 3654 quotiens
738 3584 843 3641 llde
880 3585 1149 3643 deseritur
1170 3588 1261 3657 qui
1294 3587 1530 3642 lacessit.
1566 3587 1671 3643 Sed
1697 3587 1890 3641 melius
1920 3584 2042 3641 aliis

444 3674 738 3733 Servantur
783 3678 1047 3734 narranda
1084 3678 1434 3749 temporibus.
1469 3680 1644 3744 Salve,
1680 3680 2040 3735 Ecclesiarum

446 3772 635 3840 Sidus,
670 3782 724 3828 et
758 3773 823 3829 ad
873 3780 1204 3829 senectutem
1235 3775 1429 3829 bonam
1475 3774 1709 3830 Abrahre
1764 3774 2045 3830 aemulator

442 3864 685 3929 accede;
726 3864 848 3935 quia
878 3864 1243 3919 testimonium
1298 3864 1577 3934 probitatis
1608 3873 1718 3929 est,
1751 3864 1840 3922 diu
1871 3864 2045 3920 homi-

442 3958 569 4012 hem
602 3958 654 4011 in
686 3957 1049 4012 ecclesiastica
1091 3971 1216 4011 arce
1259 3959 1486 4024 servari,
1532 3966 1590 4011 ut
1619 3956 1879 4025 scriptum
1918 3966 2039 4013 eSt:

448 4044 562 4100 Viri
612 4048 922 4116 sanguinum
958 4056 1004 4101 et
1035 4047 1203 4101 dolosi
1251 4064 1353 4100 non
1399 4048 1741 4102 dimidiabunt
1785 4049 1893 4102 dies
1925 4064 2044 4102 suos

439 4134 614 4211 (Psal.
649 4152 796 4205 inv,
824 4136 939 4206 24).
991 4138 1071 4191 Tu
1102 4153 1217 4193 aevo
1248 4148 1511 4205 maturus,
1543 4148 1597 4193 et
1637 4140 1701 4192 ad
1734 4138 2043 4208 religiosum

440 4230 695 4283 sudorem
748 4229 1039 4297 primzevus
1088 4244 1381 4299 exsupera.
1430 4230 1510 4285 Tu
1542 4231 1741 4301 pietate
1788 4230 2040 4285 laudabili

440 4320 599 4375 bonis
643 4321 943 4391 disciplinis
973 4322 1227 4391 exempla
1263 4336 1489 4393 suggere
1514 4340 1526 4389 ;
1556 4323 1726 4377 malos
1756 4323 2046 4377 severitate

442 4418 769 4481 compesce;
802 4422 851 4469 et
882 4414 1004 4469 boni
1040 4416 1321 4485 utriusque
1366 4414 1522 4469 fibula
1563 4414 1743 4484 operis
1797 4416 1847 4470 in
1883 4415 2039 4470 testi-

446 4504 633 4559 monio
662 4520 886 4561 summa:
911 4506 1097 4578 gloriae
1126 4508 1245 4561 sine
1279 4506 1398 4562 labe
1430 4506 1684 4577 perdura.

1074 4600 1291 4657 DICTIO
1343 4600 1405 4655 ll.

450 4690 468 4721 ³
500 4689 665 4776 {lisse-
698 4689 750 4745 Η
754 4694 1233 4776 ariaratoepiswpo
1255 4694 1700 4776 _Norarieus‘i,.in‘
1718 4694 2043 4776 dedicatione

516 4762 743 4819 basilica:
774 4762 1265 4835 Apostolorum,ubi
1289 4766 1531 4837 templum
1557 4766 1654 4835 fuit
1682 4766 1963 4821 idolorum.

1003 4871 1168 4911 SACRA
1207 4871 1464 4913 SECUNDA.

514 4944 694 5002 Credo
719 4962 819 5016 ego
850 4962 969 5014 vos,
991 4949 1184 5003 fratres
1213 4949 1502 5015 carissimi,
1538 4958 1646 5004 tota
1676 4952 1873 5006 mentis
1902 4966 2033 5007 cura

444 5040 714 5104 venerari,
743 5040 885 5110 quod
908 5043 962 5095 in
990 5042 1109 5096 loco
1132 5041 1253 5111 hoc,
1292 5048 1544 5097 manente
1569 5044 1751 5114 templi
1782 5046 2035 5110 nomine,

436 5139 591 5185 vetus
608 5132 823 5200 perierit
854 5147 949 5201 pro
978 5133 1238 5203 religione
1258 5135 1466 5190 cultura
1492 5150 1508 5191 :
1530 5137 1672 5207 quod
1709 5138 1926 5195 delubri
1949 5156 2039 5196 re-

511 5246 527 5277 ¹
563 5247 730 5324 υξςιὶο
759 5248 912 5324 missa
955 5245 1261 5324 Honorino]
1288 5248 1501 5321 Scripta
1538 5251 1653 5309 haec
1702 5254 1921 5324 quidem
1966 5256 2037 5313 ab

436 5316 706 5385 Ennodio,
738 5320 833 5372 sed
857 5322 906 5373 in
924 5323 1149 5388 gratiam
1174 5316 1433 5378 Honorati
1468 5316 2030 5383 Novarite'lnsubrum

438 5391 700 5467 episcopi,
743 5392 980 5467 quieam
1010 5394 1362 5467 recitavit,ut
1391 5410 1561 5451 suam.
1596 5397 1685 5453 Sic
1713 5398 1877 5452 etiam
1906 5416 2030 5467 quae

438 5465 684 5535 proxime
705 5466 946 5532 sequitur
974 5466 1039 5518 ab
1088 5465 1333 5521 Enuodio
1382 5469 1676 5535 composita
1707 5475 1810 5532 est,
1840 5484 1870 5523 a
1899 5465 2024 5525 Ste-

437 5531 617 5605 phano
638 5534 842 5588 vicario
865 5537 1225 5603 pronuntiata.
1252 5537 1388 5592 Sunt
1408 5547 1461 5591 et
1488 5531 1605 5590 alia:
1629 5536 1679 5590 id
1703 5554 1869 5605 genus
1896 5556 2029 5595 non-

438 5602 622 5676 nullae,
650 5617 783 5676 quas
813 5621 909 5673 pro
948 5608 1172 5661 diversis
1222 5612 1524 5675 composuit
1548 5624 1562 5659 :
1588 5602 1883 5676 .quoimore
1910 5610 2027 5665 Sal-

438 5672 654 5753 !‘ianmn
684 5672 1067 5753 Massiliensem
1098 5672 1466 5753 presbyterum
1500 5672 2027 5753 liotriiliasepiscopis

437 5739 638 5819 fecisse
663 5746 1070 5819 multasauc‘tor
1095 5739 1178 5803 est
1200 5739 1506 5804 Gennadius
1538 5751 1591 5803 in
1613 5739 1878 5819 catalogo.

510 5812 534 5846 ²
573 5812 746 5872 Victor
766 5817 1006 5888 antistes]
1035 5819 1328 5891 Episcopus
1370 5820 1734 5892 Novariensis,
1766 5812 2027 5881 decessor

2151 3321 2311 3374 quem
2345 3307 2491 3360 novit
2521 3302 2854 3375 praetendere
2892 3308 3014 3362 vitae
3056 3309 3233 3363 lumen
3293 3309 3601 3378 insequitur.
3633 3302 3723 3358 Lu-

2152 3396 2425 3452 eulentius
2450 3407 2628 3453 tamen
2651 3410 2917 3469 gestarum
2943 3397 3100 3455 ﬁdem
3125 3415 3309 3455 rerum
3334 3399 3590 3455 sermonis
3614 3411 3725 3466 pan-

2151 3489 2340 3544 damus
2365 3488 2565 3544 ol'llcio.
2599 3490 2692 3544 Hic
2714 3500 2837 3546 ante
2861 3491 3137 3548 fallacibus
3158 3492 3410 3549 dedicata
3436 3490 3721 3563 praestigiis,

2152 3589 2207 3639 et
2250 3584 2391 3652 turpi
2423 3583 2687 3654 pecudum
2718 3600 2909 3640 cruore
2959 3586 3174 3656 perfusa
3205 3598 3425 3643 veteres
3463 3582 3726 3642 simulacra

2151 3679 2471 3733 coluerunt:
2501 3677 2590 3734 hic
2636 3679 2687 3734 in
2722 3677 3011 3735 divinitatis
3065 3680 3284 3749 injuria,
3321 3696 3416 3751 per
3458 3681 3617 3733 altare
3656 3676 3727 3730 in-

2152 3768 2341 3824 faustis
2369 3770 2699 3826 cumnlatum
2729 3772 3063 3838 muneribus,
3097 3787 3183 3828 res
3212 3766 3357 3829 caelo
3403 3772 3606 3828 debitas
3633 3767 3729 3823 da:-

2152 3861 2349 3916 moniis
2379 3860 2689 3918 obtulerunt
2718 3880 2731 3916 :
2765 3862 2851 3917 hic
2877 3862 3117 3933 junicum
3161 3875 3288 3920 exta
3338 3864 3605 3921 semivivis
3632 3859 3728 3931 pal-

2152 3952 2375 4021 pitantia
2394 3954 2627 4009 motibus
2654 3954 2853 4010 misero
2880 3955 3181 4026 inquisitori
3206 3956 3386 4011 futura
3412 3959 3726 4011 cecinerunt:

2153 4042 2281 4099 hinc
2310 4045 2490 4099 fumus
2519 4044 2752 4100 sordidis
2773 4061 2952 4101 aerem
2976 4047 3150 4115 ipsum
3185 4049 3382 4117 polluit
3412 4063 3623 4120 sparsus
3649 4058 3731 4113 per

2154 4135 2315 4190 multa
2339 4136 2619 4206 contagiis.
2645 4136 2725 4191 Ad
2753 4137 2958 4204 ultima,
2992 4137 3116 4194 hinc
3147 4150 3382 4196 mactata
3410 4156 3503 4212 per
3533 4139 3732 4193 lanistas

2153 4224 2449 4281 hostiarum
2494 4227 2801 4294 multitudo,
2855 4231 3115 4301 quidquid
3148 4233 3295 4289 Deus
3343 4246 3426 4289 est
3458 4232 3730 4302 ell'ugavit,

2154 4313 2282 4369 duin
2310 4317 2470 4383 farra,
2500 4320 2740 4390 sanguis,
2776 4329 2914 4389 tura,
2940 4325 3174 4378 vervinae
3204 4325 3366 4381 idolis
3394 4318 3731 4381 exhibentur:

2152 4406 2280 4462 dum
2304 4408 2603 4480 simplicem
2630 4414 2789 4467 ritum
2817 4422 2948 4468 artas
2980 4414 3191 4470 Christo
3222 4418 3443 4473 inimica
3476 4434 3580 4471 non
3619 4413 3735 4469 reci.

2155 4500 2233 4568 pit
2261 4541 2276 4565 ,
2316 4509 2368 4556 et
2398 4503 2704 4559 multifariis
2737 4504 2759 4535 ⁸
2782 4520 3007 4561 censura
3066 4506 3346 4565 laborante
3388 4506 3735 4565 oblationibus

2073 4580 2133 4654 Ι)
2157 4605 2444 4661 supernam
2464 4607 2732 4651 mercatur
2753 4598 3029 4654 offensam.
3060 4598 3273 4655 Liberet
3294 4602 3374 4656 ire
3406 4619 3501 4671 per
3522 4596 3733 4670 singula,

2152 4693 2206 4743 et
2237 4686 2564 4743 funestorum
2594 4700 2802 4746 secreta
2833 4693 3028 4763 lingua:
3058 4694 3210 4750 clave
3245 4711 3518 4760 reserare,
3562 4692 3611 4747 ni
3638 4704 3738 4744 me-

2150 4778 2255 4834 rito
2284 4781 2614 4836 aestimemus
2662 4782 2772 4839 oris
2803 4784 3053 4855 injuriam
3103 4804 3328 4843 narrare
3360 4784 3660 4850 sordentia,
3691 4790 3739 4835 ct

2150 4873 2290 4945 quod
2317 4873 2437 4929 illos
2466 4877 2682 4933 actione
2706 4880 2951 4948 perculit,
2976 4897 3072 4935 nos
3095 4883 3305 4951 loquela
3330 4882 3737 4938 contaminaret.

2152 4954 2494 5037 Explicemus
2525 4968 2763 5035 interim,
2794 4971 2989 5041 quibus
3016 4974 3126 5028 sint
3168 4974 3267 5029 ista
3298 4984 3508 5029 mutata
3538 4984 3741 5027 succes-
3804 5016 3812 5026 .

2149 5061 2313 5127 sibus,
2357 5072 2559 5132 quanto
2590 5074 2860 5134 prmventa
2910 5082 3012 5121 nox
3045 5068 3339 5136 Splendore
3394 5067 3617 5139 fugerit.
3650 5060 3739 5119 Ubi

2145 5164 2267 5209 sunt
2316 5156 2492 5227 sigilla
2549 5160 2825 5214 numinum
2878 5162 3018 5216 votis
3073 5162 3361 5233 imaginata
3418 5156 3741 5218 facientum‘l

2145 5265 2433 5342 Honorati,
2475 5270 2638 5341 cujus
2693 5270 3020 5340 epitaphium
3049 5275 3260 5342 scripsit
3314 5273 3601 5327 Ennodius
3630 5268 3741 5339 epi-

2143 5352 2310 5406 gram.
2343 5340 2435 5395 95.
2468 5340 2953 5413 At’epigrammate
2984 5345 3039 5398 ll
3080 5340 3269 5398 dehac
3294 5345 3491 5399 eadem
3526 5360 3615 5398 re:

2298 5431 2382 5494 Di,
2399 5436 2583 5500 quibus
2602 5437 2699 5500 hoc
2716 5440 2900 5499 patuit,
2924 5450 3172 5499 possessas
3191 5438 3403 5500 linquite
3427 5438 3597 5487 sedes.

2386 5496 2524 5563 Quod
2550 5496 2670 5563 fecit
2686 5496 2870 5558 Victor,
2889 5496 3050 5563 victor
3080 5503 3260 5563 ubique
3277 5496 3455 5550 'tenet.

2294 5560 2489 5608 Addidit
2514 5560 2571 5606 ad
2598 5560 2778 5608 iultum
2800 5562 2974 5610 mot‘ilo
2992 5560 3245 5611 successor
3270 5572 3322 5610 et
3346 5565 3477 5611 actis

2388 5624 2479 5680 Qui
2505 5634 2692 5669 morum
2716 5636 2894 5672 nomen
2915 5624 3027 5674 hinc
3049 5624 3294 5674 Honorate
3317 5625 3477 5686 geris.

2226 5706 2246 5736 ³
2277 5705 2485 5769 Scltot.,
2516 5703 2611 5757 Cui
2636 5709 2840 5773 futura.

2217 5796 2239 5827 ⁸
2270 5795 2481 5865 Schot.,
2510 5810 2681 5853 censu.
