3974 6366
218 341 328 417 eos

1678 341 2062 417 ntcr'toass.

3423 359 3530 418 270

226 469 452 544 quorum
471 463 641 529 facies
666 472 720 528 in
749 479 1012 543 potestate
1042 471 1296 544 pependit
1323 471 1590 528 artificis?
1616 473 1812 544 quibus
1838 455 1890 538 Α
1917 475 2058 530 nitor
2089 473 2288 544 ingenii
2316 474 2471 546 :quia
2500 459 2552 530 in
2575 475 2660 531 bis
2688 475 2851 532 etiam
2877 473 2994 532 sine
3022 452 3209 532 amore
3238 474 3514 531 blanditur

232 563 464 635 pretium
497 573 591 619 aut
621 565 927 621 sollicitudo
954 567 1160 637 peperit
1188 563 1491 636 operantis,
1520 576 1611 621 aut
1636 568 1827 622 metal-

223 661 375 716 lum?
404 659 506 716 Ubi
540 667 669 715 sunt
697 662 771 716 dii
825 662 1019 731 quibus
1051 661 1342 730 potentiam
1411 660 1671 715 dederunt
1723 659 1828 715 bo-

223 755 397 808 mines
429 751 641 824 fulgore
671 755 1048 824 gemmarum?
1081 752 1161 808 En
1194 753 1372 820 video,
1406 752 1586 809 omnia
1621 753 1742 817 ista,
1768 758 1828 806 ut

226 846 413 912 credo,
440 844 731 916 fugerunt:
754 846 1004 903 Christus
1026 847 1299 918 ingressus
1321 845 1404 902 est
1427 865 1440 900 :
1471 847 1827 917 respiciamus

217 940 417 1011 Quibus
449 939 616 994 fultus
649 941 890 996 auxiliis.
943 941 1215 996 Venerunt
1265 957 1385 998 cum
1441 955 1506 996 eo
1561 941 1824 995 cmlorum

218 1033 380 1097 radii,
411 1035 788 1101 apostolorum
820 1033 1146 1102 diademata,
1180 1031 1372 1090 Petrus
1395 1043 1447 1088 et
1478 1014 1696 1088 i’aulus.
1727 1031 1826 1098 Qui

219 1125 362 1181 enim
396 1125 451 1179 in
503 1124 903 1182 restauratione
955 1125 1088 1182 aedis
1138 1135 1324 1182 essent
1377 1123 1690 1188 necessarii,
1725 1123 1827 1178 nisi

221 1214 554 1272 architectus
577 1226 630 1272 et.
652 1219 838 1288 petra?
860 1217 962 1272 nisi
986 1218 1118 1288 lapis
1142 1227 1197 1274 et
1223 1217 1699 1287 supermdiftcans?
1723 1216 1824 1271 nisi

223 1307 640 1366 fundamentum
692 1319 747 1364 et
802 1310 1035 1379 opifex?
1073 1311 1210 1375 Quid
1265 1309 1542 1378 lrepidatis
1593 1308 1828 1379 pericula

221 1399 588 1456 mortalium?
611 1400 740 1471 quid
770 1403 930 1455 anxio
960 1400 1137 1472 fugam
1181 1402 1383 1471 paratis
1424 1400 1697 1457 excursu"!
1739 1400 1828 1457 ille

223 1500 328 1558 est,
361 1492 452 1547 cui
488 1493 672 1547 nullus
696 1495 984 1548 versutiam
1013 1504 1248 1549 vestram
1298 1493 1477 1562 lapsus
1507 1493 1824 1548 abscondit:

223 1587 313 1654 qui
341 1601 468 1642 cum
496 1586 619 1641 loco
651 1602 758 1641 non
792 1598 1090 1652 moveatur,
1126 1602 1450 1656 quocunque
1481 1585 1725 1641 abieritis
1750 1586 1832 1640 in-

223 1678 662 1748 seqtiitur.,Veni
693 1692 840 1748 ergo,
892 1677 1132 1747 piissime
1162 1679 1413 1744 Domine,
1443 1689 1497 1732 et
1523 1678 1588 1730 ad
1631 1691 1827 1732 conse-

229 1768 530 1824 crationem
579 1771 759 1838 operis
809 1769 883 1823 tui
917 1770 1104 1838 plenus
1147 1770 1403 1824 illabere.
1433 1769 1551 1823 vice
1604 1768 1825 1822 humani

1936 567 2245 634 eloquentia
2275 610 2288 634 ,
2322 568 2370 621 in
2423 567 2527 622 illis
2571 568 2910 635 Splendorem
2952 583 3105 624 suum
3152 570 3352 624 veritas
3383 569 3524 625 nuda

1935 657 2294 713 commendat.
2326 657 2456 714 Sine
2483 658 2717 729 phaleris
2743 671 2824 716 est
2852 677 3011 717 omne
3031 661 3171 730 quod
3198 659 3364 716 dictat
3392 659 3530 716 affe-

1931 755 2077 808 ctio:
2109 753 2175 806 ad
2219 769 2450 824 unguem
2480 755 2806 809 fabricantur
2844 755 2956 821 illa,
2987 772 3106 826 quae
3134 755 3385 811 volumus
3415 753 3528 812 non

1933 857 2039 903 tam
2088 849 2320 920 speciem
2354 851 2487 903 recti
2534 849 2754 915 habere,
2785 866 2944 919 quam
2983 837 3412 906 similitudinem.
3445 839 3530 905 Αίι

1933 951 2004 1005 te,
2037 942 2361 996 venerabilis
2387 941 2518 994 mihi
2550 942 2778 996 antistes
2805 942 3053 1007 Maxime,
3080 959 3259 998 sermo
3286 951 3370 998 est
3394 959 3409 996 :
3441 941 3532 998 cui

1933 1034 1986 1088 in
2017 1034 2336 1090 meritorum
2368 1032 2679 1088 testimonio
2709 1033 2880 1087 virtus
2905 1033 3071 1102 coepit
3099 1049 3130 1088 a
3156 1031 3439 1100 vocabulo,
3476 1032 3534 1090 iu

1930 1143 2038 1198 quo
2087 1137 2237 1183 actus
2291 1127 2592 1197 eloquitur,
2625 1126 2714 1198 qui
2763 1141 2957 1182 nomen
2991 1128 3230 1200 appellat
3261 1144 3276 1181 :
3309 1126 3534 1197 provida

1931 1225 2217 1290 parentum
2241 1228 2454 1274 tuorum
2479 1218 2758 1289 diligentia
2784 1218 2930 1286 prius
2959 1223 3011 1272 te
3034 1201 3156 1287 eligi
3180 1216 3348 1271 vnluit
3367 1231 3532 1288 quam

1931 1312 2169 1382 probari.
2195 1313 2273 1367 Te
2300 1311 2428 1367 olim
2474 1311 2825 1367 sm’cularibns
2857 1309 3210 1366 inbarrentem
3253 1309 3420 1364 titulis
3444 1324 3535 1364 ca-

1931 1405 2159 1460 5trensis
2197 1404 2364 1460 sudor
2394 1403 2645 1469 excoluit,
2679 1413 2732 1459 et
2757 1403 2822 1458 ad
2866 1396 3126 1458 Ecclesiae
3167 1401 3535 1472 gubernacula

1935 1497 2059 1568 pars
2091 1499 2318 1554 adversa
2357 1495 2610 1554 solidavit
2637 1515 2648 1550 :
2682 1499 2819 1552 sicut
2853 1493 2992 1550 Deus
3021 1494 3256 1564 loquitur
3281 1497 3374 1563 per
3405 1499 3532 1564 pro-

1934 1590 2173 1660 phetam,
2208 1589 2309 1656 Qui
2337 1588 2389 1642 iu
2421 1589 2624 1643 modico
2655 1586 2844 1648 fidelis.
2881 1598 2926 1640 et
2959 1588 3010 1640 in
3035 1603 3220 1657 magno
3248 1581 3416 1654 ﬁdelis
3450 1593 3530 1640 ut

1934 1681 2086 1752 (Luc.
2121 1697 2242 1748 xw,
2274 1680 2386 1751 10).
2415 1679 2436 1712 ⁸
2465 1681 2540 1735 Te
2593 1694 2870 1735 sacrarum
2908 1680 3074 1752 judex
3107 1683 3157 1734 et
3183 1678 3392 1734 consilii
3433 1693 3530 1734 co-

1935 1777 2118 1830 mitem
2154 1776 2352 1829 meruit
2381 1782 2433 1828 et
2460 1771 2685 1828 laboris.
2718 1772 2862 1827 Bene
2887 1769 3208 1827 venerandis
3239 1768 3530 1826 initiaudus

228 1869 328 1932 per
387 1863 647 1932 baptisma
694 1863 926 1931 pectoris
975 1872 1265 1932 purgentur
1309 1857 1423 1915 hth
1450 1860 1644 1930 templa
1681 1861 1820 1930 turpi
1851 1857 1901 1923 B
1927 1867 2207 1932 altaribus,
2228 1874 2284 1921 et
2304 1866 2355 1920 in
2384 1865 2521 1920 laica’
2542 1863 2956 1920 conversatione
2979 1866 3121 1933 quod
3146 1879 3357 1918 sacrum
3377 1865 3528 1918 esset

224 1955 492 2011 hactenus
523 1953 778 2010 dedicata
812 1954 1126 2025 patrocinio.
1160 1955 1399 2017 lnstitue,
1434 1952 1676 2018 Domine,
1707 1966 1826 2006 ver—

225 2045 396 2101 tendo
442 2045 746 2111 sacriﬁcia;
791 2054 846 2101 et
893 2045 1021 2100 dum
1078 2045 1224 2114 puris
1273 2043 1608 2099 eumulamus
1637 2044 1825 2098 altaria

223 2153 411 2197 sancta
428 2141 690 2206 donariis,
720 2142 1061 2210 prmsentiam
1083 2149 1186 2195 tua:
1210 2141 1507 2210 maiestatis
1539 2142 1822 2208 intersere,

223 2245 488 2291 evocatus
514 2244 822 2290 sanctorum
859 2235 1050 2290 merito
1091 2234 1456 2302 sacerdotum,
1482 2233 1637 2289 electi
1677 2249 1828 2289 seor-

223 2341 348 2384 sum
383 2329 666 2399 praesentis
699 2330 714 2361 ¹
744 2329 919 2383 Patris
959 2328 1127 2383 nostri
1155 2328 1427 2384 Laurentii
1459 2329 1783 2383 conscientia
1810 2345 1824 2384 :

229 2423 324 2495 qui
351 2431 431 2478 tot
459 2424 657 2494 plenus
707 2423 924 2478 dotibus
971 2423 1034 2476 ad
1094 2423 1352 2479 Ecclesia:
1383 2422 1588 2492 fastigia
1617 2423 1825 2490 crevit,

227 2511 364 2584 quot
392 2516 644 2571 fecissent
685 2531 950 2571 summum
992 2516 1198 2584 singula
1229 2529 1456 2585 quasque
1487 2516 1824 2585 pontificem.

229 2603 294 2660 in
312 2621 417 2675 qtto
441 2616 628 2661 vernat
652 2606 898 2676 princeps
921 2607 1044 2661 boni
1059 2607 1240 2674 aperis
1262 2614 1316 2662 et
1341 2616 1510 2662 mater
1532 2607 1830 2663 honestatis

231 2700 578 2764 verecundia,
607 2701 878 2768 religionis
909 2710 1110 2755 sancta:
1139 2700 1318 2755 nutrix
1353 2701 1632 2768 patientia.
1658 2700 1827 2754 Deum

230 2804 450 2862 seraper
481 2792 756 2854 placatura
784 2793 989 2862 pietas,
1017 2791 1105 2860 qui
1136 2792 1518 2848 ecclesiasucis
1572 2790 1830 2846 membris

231 2899 347 2941 non
386 2893 638 2943 sermbne
691 2887 815 2942 vita:
865 2887 1103 2941 instituta
1139 2887 1343 2952 tribuit,
1395 2886 1490 2942 sed
1529 2886 1829 2954 exemplis:

231 2980 330 3048 qui
360 2993 575 3034 omnem
605 2980 796 3036 callem
837 2995 945 3050 quo
975 2980 1038 3035 ad
1083 2980 1248 3036 Deum
1277 2981 1402 3044 itur,
1430 2979 1556 3034 dum
1604 2978 1832 3048 praevius

234 3071 464 3137 incedit,
499 3072 770 3128 ostendit:
803 3074 1089 3144 adjuvante
1119 3087 1179 3129 se
1223 3073 1450 3128 Domino
1481 3079 1669 3127 nostro
1700 3070 1832 3126 Jesu

231 3163 488 3234 Christo,
518 3182 639 3223 cum
672 3167 832 3225 Patre
871 3178 1131 3240 regnante
1175 3169 1226 3223 in
1257 3168 1454 3225 s'acula
1483 3167 1827 3223 swculorum.

235 3259 438 3314 Amen.

860 3349 1088 3407 DICTIO
1125 3352 1214 3406 ΙΙΙ.

239 3475 246 3479 -
313 3444 338 3478 ³
365 3442 503 3499 θαι
528 3441 794 3515 Stephano
819 3443 842 3476 ⁸
873 3443 942 3499 γ.
965 3443 1026 3500 S.
1055 3446 1242 3501 uicario
1273 3445 1490 3499 dicenda
1525 3443 1758 3499 Maximo

903 3541 1143 3611 episCOpo

819 3647 986 3690 SACRA
1041 3650 1259 3689 TERTIA.

321 3726 508 3784 Prodit
534 3727 802 3798 religiosae
828 3737 1011 3784 votum
1043 3729 1388 3784 conscientiae
1414 3743 1565 3782 mens
1590 3726 1836 3782 laudibus

239 3819 446 3876 devota
494 3822 850 3891 pontificum;
882 3823 1108 3876 assertio
1130 3822 1325 3890 ingenii
1369 3831 1450 3876 est
1476 3862 1490 3887 ,
1527 3821 1634 3876 Deo
1680 3821 1838 3876 obse-

237 3913 528 3983 quentibus
546 3915 855 3984 mancipare
878 3913 1017 3984 quod
1046 3915 1329 3983 loquimur.
1363 3915 1416 3968 Iit
1440 3929 1666 3982 quorum
1701 3929 1839 3982 pra:-

236 4003 416 4059 eouiis
448 4004 587 4060 forte
611 4017 873 4076 angusms
901 4021 1081 4060 sermo
1109 4007 1287 4076 vulget
1330 4007 1687 4076 imperitiam:
1719 4021 1834 4059 ma-

234 4097 457 4153 nifestat
482 4107 686 4165 tamen,
716 4101 762 4154 si
793 4101 1149 4165 abstineatur,
1183 4099 1484 4153 infantiam.
1519 4098 1648 4166 Quis
1679 4113 1833 4152 men-

235 4189 414 4245 dicam
438 4192 801 4246 narrationem
834 4192 1083 4260 aestimet,
1114 4207 1270 4261 quam
1305 4206 1428 4245 vcta
1459 4192 1835 4260 lucttpletant?

233 4281 394 4351 Saepe
449 4284 500 4338 in
547 4284 812 4338 facundiae
861 4283 1075 4339 dotibus
1125 4299 1324 4354 pauper
1373 4284 1645 4338 invenitur
1700 4299 1833 4337 vena

233 4377 608 4448 praedicantis,
635 4387 690 4432 et
717 4394 746 4431 c
773 4378 988 4433 diverso
1013 4380 1297 4433 thesaurus
1326 4377 1502 4432 cnrdis
1527 4375 1749 4432 irradiat
1781 4380 1831 4432 in

237 4477 477 4538 egestate
517 4472 825 4525 verborum.
854 4471 952 4538 Qui
992 4473 1106 4526 vice
1135 4471 1225 4526 Dei
1271 4471 1491 4540 iudicat,
1529 4486 1633 4523 non
1685 4471 1833 4524 desi-

233 4564 390 4618 derat
417 4563 556 4632 picta
587 4563 874 4634 colloquia,
908 4565 1000 4618 scd
1040 4581 1159 4633 quae
1204 4565 1468 4618 inlucatus
1493 4564 1833 4618 commendat
1875 4625 1884 4630 _

1860 4639 1916 4700 Β
1941 4670 2202 4724 continet.
2235 4666 2384 4720 Dieta
2418 4664 2576 4735 igitur
2595 4669 2677 4715 est
2700 4660 2933 4735 Maximo
2959 4658 3212 4735 episcopo
3234 4657 3533 4735 Ticinensi,

307 4678 322 4707 ¹
353 4676 531 4730 Patris
560 4677 722 4730 nostri
752 4675 1047 4802 Laurentii}
1084 4679 1328 4747 Episcopi
1376 4677 1786 4731 Mmliolancnsis
1809 4719 1826 4742 ,

312 4764 395 4802 em
444 4747 669 4802 proinde
703 4758 758 4802 ut
787 4760 1029 4802 metrnno
1056 4753 1257 4802 itanum
1293 4765 1447 4802 suum
1501 4751 1664 4802 nutris
1709 4750 1826 4802 loco

229 4764 395 4816 quem
444 4747 669 4816 proinde
703 4758 758 4802 ut
787 4747 1257 4813 metropolitanum
1293 4765 1447 4803 suum
1501 4751 1664 4816 patris
1709 4750 1827 4804 loco

228 4817 510 4878 habebant
539 4818 913 4875 Novarienses.
940 4821 1092 4888 Quod
1123 4837 1251 4874 vero
1283 4821 1331 4873 iu
1364 4819 1410 4890 ej
1439 4836 1481 4872 IS
1530 4823 1712 4874 laudes
1742 4820 1828 4873 di-

225 4890 473 4959 greditur
496 4932 509 4952 ,
541 4890 812 4957 specimen
847 4892 1007 4946 habet
1056 4895 1242 4960 prisca:
1267 4907 1638 4958 episcOporum
1686 4894 1827 4945 inter

224 4975 291 5015 se
326 4961 681 5016 observantia:
707 4980 719 5014 :
749 4979 974 5022 quorum
1027 4963 1371 5018 concionibm
1408 4965 1446 5014 si
1485 4969 1702 5028 quando
1731 4963 1827 5015 ad-

223 5043 388 5086 erant
415 5033 643 5086 aliarum
667 5035 877 5088 sedium
909 5035 1194 5097 antistites,
1230 5035 1460 5102 aliquam
1491 5050 1677 5087 eorum
1711 5033 1825 5086 lau-

223 5102 503 5174 (lationem
527 5105 768 5159 intexere
790 5105 1052 5160 solebant.
1076 5107 1241 5174 Cujus
1263 5121 1336 5158 ret
1360 5106 1516 5160 obvia
1535 5115 1652 5158 situt
1681 5105 1824 5170 apud

225 5173 454 5229 Graecos
479 5185 533 5230 et
562 5175 782 5230 Latinos
811 5177 1081 5244 exempla.
1109 5173 1212 5230 seu
1247 5177 1452 5229 illustte
1477 5176 1615 5230 Petri
1649 5176 1823 5242 Chry-

221 5245 398 5316 solngi
425 5263 677 5302 sermone
707 5246 810 5302 i56
839 5250 890 5301 in
923 5248 1225 5315 Adelphum
1253 5248 1584 5312 epist-opum.

300 5318 323 5348 ³
351 5317 519 5390 Dictis
541 5320 664 5370 data
683 5317 976 5390 Stephano]
1012 5319 1306 5374 Dictiouetu
1339 5319 1474 5373 hanc
1501 5319 1824 5372 Cresconius

219 5397 279 5443 et
312 5389 434 5442 alie
460 5391 703 5456 quaedam
722 5389 1322 5457 antiquze’collectioues
1352 5391 1488 5443 inter
1512 5390 1824 5457 Symmachi

222 5475 387 5529 papae
413 5461 672 5527 cpi-tolas
696 5470 998 5525 numerant,
1025 5478 1143 5514 rttm
1174 5463 1544 5529 inscriptione.
1570 5472 1822 5528 tauquam

217 5532 290 5584 ad
319 5530 669 5587 Laurentium
695 5533 1002 5599 episcopum
1028 5533 1482 5587 Mediolauensem
1508 5535 1702 5597 scripta
1719 5532 1820 5584 sit:

215 5617 339 5672 quo
369 5605 532 5658 etiam
561 5604 782 5666 factum,
816 5613 873 5656 ut
903 5607 950 5654 iu
982 5619 1180 5670 nupera
1211 5605 1446 5658 editione
1463 5603 1824 5656 Conciliorum

216 5677 442 5729 ca'teris
473 5673 782 5746 Symmachi
815 5675 1060 5744 epistolis
1090 5677 1286 5729 inserta
1316 5691 1341 5728 s
1368 5685 1406 5738 t,
1441 5690 1623 5728 errore
1653 5675 1826 5726 maui-

221 5749 368 5800 l'esto
394 5764 412 5808 ;
440 5760 560 5799 eum
587 5747 912 5814 Symmacho
942 5747 1159 5798 minime
1187 5757 1467 5814 cot‘tgruat,
1497 5755 1550 5798 et
1593 5746 1823 5812 episto'a

217 5819 461 5886 ttotrsit,
495 5818 591 5871 sed
615 5817 821 5872 oratio:
856 5832 1013 5885 quam
1037 5819 1247 5886 quidem
1272 5819 1334 5870 ad
1367 5818 1710 5870 Laurentium
1737 5832 1820 5870 re-

218 5885 373 5948 ferri
397 5903 510 5944 non
534 5888 735 5959 patitur
754 5888 944 5944 allusio
965 5887 1032 5944 ad
1057 5885 1266 5944 Maximi
1295 5888 1630 5965 vocabulum,
1659 5903 1818 5957 quam

815 6048 923 6070 ῖη--ὶ

1931 1959 2158 2030 elegisti.
2185 1957 2264 2013 Tu
2288 1957 2558 2028 pudicitiae"
2582 1957 2633 2010 iu
2664 1957 2751 2011 illa
2776 1964 2936 2012 aetate
2960 1965 3142 2010 custos
3167 1956 3417 2010 inventus
3445 1967 3529 2024 es,

1931 2051 1987 2105 ln
2019 2065 2122 2120 qua
2149 2049 2202 2104 et
2245 2049 2328 2104 lex
2377 2049 2691 2118 obsequitur
2732 2047 3039 2103 desideriis.
3089 2047 3234 2103 Satis
3275 2048 3418 2101 enim
3451 2054 3534 2103 est

1932 2144 2183 2215 pueritia:
2211 2142 2470 2198 ambitum
2496 2157 2655 2210 quem
2679 2141 2896 2197 licentia
2928 2140 3095 2204 fulcit,
3131 2141 3357 2195 horreri.
3382 2139 3534 2194 Chri-

1932 2247 2049 2292 stus
2072 2235 2270 2290 milites
2294 2249 2420 2290 suos
2442 2249 2578 2304 quos
2601 2235 2653 2289 in
2679 2247 2960 2310 personam
2976 2235 3128 2289 ducis
3152 2233 3380 2295 attollat,
3397 2235 3535 2289 inter

1934 2328 2080 2382 acies
2108 2326 2301 2396 qurerit
2338 2324 2585 2382 hostiles.
2633 2325 2885 2380 Adscitus
2919 2326 3192 2389 Ecclesiae,
3227 2324 3536 2394 pontiﬁcem

1935 2421 2142 2476 actibus
2172 2419 2402 2489 implesti
2460 2427 2586 2474 ante
2634 2427 2874 2488 tempora
2924 2419 3220 2489 dignitatis.
3272 2415 3388 2472 Non
3437 2413 3535 2472 fuit

1935 2516 2141 2571 advena
2170 2513 2490 2584 benignitas,
2526 2528 2646 2584 qua:
2675 2522 2880 2568 naturae
2913 2513 3102 2568 innixa
3141 2511 3431 2576 radicibus,
3467 2511 3535 2568 de

1935 2621 2072 2663 cano
2117 2605 2251 2662 flore
2304 2621 2525 2678 germen
2574 2605 2828 2660 nSIendit.
2873 2605 3195 2676 Temporale
3231 2615 3314 2660 est
3374 2607 3535 2661 omne

1935 2698 2080 2769 quod
2110 2700 2364 2765 tingitur:
2405 2710 2722 2767 perpetuum
2773 2695 2914 2767 quod
2959 2712 3079 2753 cum
3111 2707 3268 2752 :etate
3300 2699 3535 2752 matures

1935 2791 2058 2847 scit.
2086 2790 2203 2845 Non
2231 2789 2326 2845 tibi
2372 2789 2735 2844 sacerdotium
2776 2782 2890 2844 rem
2938 2789 3064 2845 doni
3106 2790 3377 2845 credimus
3410 2803 3535 2846 eve-

1937 2886 2106 2950 nisse,
2137 2883 2232 2940 sed
2277 2883 2505 2953 prmmii.
2549 2884 2699 2937 Alius
2743 2883 2884 2950 vulgi
2931 2897 3080 2947 aura,
3125 2885 3296 2950 gratia
3334 2884 3533 2938 lenoci-

1939 2983 2136 3044 nante,
2183 2975 2592 3032 commendatur
2634 2991 2646 3026 :
2684 2972 2779 3027 tibi
2828 2972 2998 3041 rigida
3040 2973 3181 3026 circa
3230 2974 3534 3041 culpabiles

1939 3068 2206 3126 districtio
2230 3067 2378 3124 dedit
2407 3066 2677 3120 alTectttm.
2709 3063 2887 3119 Manet
2920 3071 2971 3120 te
3000 3064 3286 3134 singularis
3309 3067 3534 3136 sapien-

1939 3164 2012 3218 tia
2040 3183 2051 3215 :
2084 3176 2205 3234 quze
2242 3161 2366 3216 licet
2393 3159 2722 3230 generaliter
2751 3158 2986 3227 optanda
3015 3167 3117 3225 est,
3145 3169 3324 3215 tamen
3351 3162 3536 3219 exiSIit

1861 3231 1911 3317 Ε
1944 3253 2000 3309 in
2029 3231 2286 3321 magistro
2327 3250 2652 3306 necessaria.
2697 3247 2912 3304 Frustra
2943 3248 3224 3305 monitoris
3251 3263 3539 3320 personam

1943 3344 2186 3414 suscipit,
2218 3343 2310 3414 qui
2338 3343 2557 3412 impacti
2590 3355 2694 3396 non
2731 3341 2985 3410 prmvalet
3014 3343 3284 3398 aestimare
3328 3341 3538 3412 pondus

1943 3437 2110 3494 otticii
2147 3455 2158 3490 :
2192 3435 2466 3491 vilissimis
2509 3433 2903 3502 comparandus
2946 3443 3026 3488 est
3051 3477 3067 3504 ,
3114 3433 3217 3488 nisi
3265 3433 3538 3504 praecellat

1944 3531 2196 3594 scientia,
2226 3529 2317 3594 qui
2347 3537 2430 3582 est
2471 3527 2676 3581 honore
2703 3525 3067 3594 praestantior.
3115 3523 3272 3580 Dedit
3300 3525 3396 3580 tibi
3426 3525 3538 3592 api.-

1943 3637 2058 3680 cem
2086 3631 2172 3677 res
2209 3619 2418 3691 iudicii,
2462 3634 2566 3673 non
2603 3617 2838 3673 lavoris:
2872 3619 3065 3687 dignus
3098 3613 3347 3684 pontifice
3386 3625 3540 3674 amor

1943 3725 2045 3777 est,
2077 3728 2236 3783 quem
2269 3725 2496 3765 censura
2523 3709 2810 3765 conciliat:
2843 3709 3161 3764 devenustat
3187 3709 3540 3766 inStitutinnis

1941 3806 2179 3878 genium,
2211 3805 2302 3874 qui
2351 3817 2446 3872 per
2479 3803 2646 3857 solam
2679 3801 2906 3870 gratiam
2937 3801 3049 3855 vult
3081 3803 3315 3870 placere.
3350 3800 3430 3857 Tu
3455 3802 3539 3858 his

1943 3898 2190 3956 conditus
2213 3905 2262 3953 et
2297 3897 2555 3950 formatus
2581 3896 2703 3952 οωΙί
2726 3894 3024 3959 beneficiis,
3050 3893 3169 3961 plus
3205 3893 3412 3964 agendo
3439 3909 3539 3964 pu-

1943 3994 2126 4064 pulum
2177 3990 2433 4055 instituis,
2463 4003 2620 4058 quam
2670 3987 2958 4056 loquendo.
2993 3985 3088 4041 illa
3132 3984 3335 4041 monita
3381 3985 3538 4040 disci~

1945 4088 2191 4158 pulorum
2246 4083 2631 4138 conscientiam
2683 4079 3008 4148 cruderant,
3059 4093 3178 4148 quae
3233 4077 3541 4147 prazbeutur

1943 4181 2233 4250 exemplo:
2269 4180 2386 4233 sine
2429 4177 2630 4245 pudore
2675 4174 2866 4230 invitat
2896 4175 2960 4228 ad
3006 4172 3399 4238 innocentiam,
3445 4171 3538 4241 qui

1943 4277 2088 4332 illam
2121 4291 2226 4328 non
2251 4273 2407 4327 fuerit
2431 4273 2545 4340 ipse
2577 4279 2833 4324 sectatus.
2863 4268 2941 4324 Te
2967 4268 3108 4322 inter
3136 4277 3344 4322 secreta
3378 4280 3540 4336 pene-

1945 4371 2155 4426 tralium
2175 4369 2329 4438 quasi
2353 4376 2540 4421 testem
2565 4372 2830 4428 metuunt,
2854 4363 2944 4432 qui
2968 4376 3191 4431 peccare
3209 4360 3534 4430 disponunt:

1944 4461 2290 4519 nascentibus
2318 4457 2486 4528 culpis
2515 4438 2710 4519 m'etus,
2739 4467 2792 4510 et
2820 4454 3122 4509 reverentia
3153 4462 3244 4508 tua
3273 4461 3430 4523 negat
3460 4451 3541 4508 ef-

1944 4557 2164 4611 fectum.
2209 4551 2312 4620 Qui
2341 4552 2484 4606 inter
2513 4547 2736 4604 exordia
2765 4545 3002 4601 occurrit
3029 4545 3190 4610 vitiis,
3222 4556 3272 4600 et
3295 4544 3537 4600 occasio-

1942 4739 2219 4808 Epiphanii
2256 4737 2307 4790 in
2336 4752 2394 4790 ea
2426 4731 2556 4790 sede
2587 4733 2908 4799 successori,
2934 4731 3019 4786 cui
3060 4741 3240 4801 postea
3270 4732 3539 4786 successit

1940 4821 2123 4866 tio-tor
2143 4810 2438 4864 Eunodius.

2013 4893 2032 4924 ³
2067 4892 2130 4946 ιτ.
2159 4892 2220 4944 S.
2247 4886 2468 4958 uicario]
2491 4885 2602 4940 Viri
2621 4883 2934 4958 spectabilis
2959 4881 3302 4958 notas‘adjeci
3334 4896 3398 4936 ex
3419 4899 3536 4958 ma-

1938 4964 2251 5031 nuscriptis.
2298 4961 2430 5014 Hinc
2455 4953 2919 5031 etiitnvicariana:
2965 4953 3300 5031 praefectum
3339 4964 3394 5008 et
3424 4955 3535 5031 iam

1935 5038 2063 5090 olim
2118 5028 2358 5102 proprius
2392 5032 2571 5102 fuerat
2596 5029 2800 5089 titulus,
2830 5036 2885 5102 et
2914 5029 3244 5102 adhucnerat
3273 5039 3393 5102 aevo
3429 5028 3537 5102 ttin-

1940 5097 2492 5162 nutliiaCa'ssiodorus
2519 5099 2613 5153 lib.
2648 5115 2728 5164 ιιι,
2761 5098 2918 5167 epist.
2956 5099 3055 5152 l7:
3091 5097 3436 5165 Spectabilem
3462 5099 3537 5149 ui-

1937 5194 2054 5232 rum
2098 5175 2400 5235 Gemellum,
2448 5172 2695 5224 vicarium
2750 5173 3127 5241 praefectorum,
3174 5169 3276 5235 ﬁde
3313 5168 3456 5220 nobis
3489 5174 3536 5218 et

1937 5248 2192 5304 industria
2223 5252 2552 5314 compertum.

2008 5329 2105 5381 ’δῖε
2133 5341 2395 5380 sacrarum
2413 5323 2582 5392 judea:
2601 5321 2618 5392 ’1
2643 5322 2838 5377 Comes
2865 5336 3138 5376 sacrarum
3165 5318 3530 5392 largitionum.

1936 5400 2107 5469 llujus
2137 5412 2378 5452 3388550?
2398 5385 2568 5469 fuerat
2601 5385 2878 5469 Maximus,-
2908 5404 2966 5469 ut
2991 5393 3118 5469 olim
3151 5385 3376 5469 Alypius
3405 5389 3530 5469 item

1936 5457 2062 5525 anle
2090 5471 2481 5536 episcopatum.
2514 5467 2606 5520 Sic
2637 5465 2778 5519 enim
2801 5463 2869 5518 de
2897 5457 3302 5536 Alypioscribit
3330 5457 3392 5511 D.
3425 5460 3535 5536 Att-

1935 5529 2186 5610 gustinus
2219 5529 2310 5593 lib.
2334 5555 2387 5592 vr
2416 5535 2849 5610 (loulessionum,
2896 5529 3014 5601 cap.
3055 5533 3118 5586 lt)
3141 5529 3367 5610 :__lioma:
3398 5532 3535 5584 ussi-

1934 5600 2086 5668 debztt
2114 5614 2288 5667 comiti
2312 5610 2650 5678 largitionum
2682 5600 3024 5678 italicarum;
3055 5600 3232 5678 et‘lib.
3262 5617 3374 5662 vut.
3409 5618 3529 5673 cap.

1933 5686 1996 5739 6:
2024 5683 2226 5737 Mecum
2259 5691 2364 5735 erat
2395 5674 2610 5748 Alypius
2633 5677 2822 5727 otiosus
2843 5675 2904 5727 ab
2932 5674 3526 5748 operejurisperitorunt

1932 5765 2045 5824 post
2073 5775 2119 5806 tu
2131 5755 2404 5808 sessionem
2425 5744 2648 5812 tertiam,
2673 5753 2969 5814 exspectans
2991 5744 3174 5816 quibus
3203 5745 3389 5802 iterum
3411 5762 3535 5802 σοιιο

1929 5827 2048 5881 siliu
2077 5825 2332 5881 venderet.
2681 5833 2683 5836 ‘
