3974 6366
505 311 605 370 I‘ll

1524 254 1529 267 ί
1626 310 1901 369 ENNODII
1939 307 2247 368 EPlSCOPl
2285 304 2656 367 TlClNENSlS

3640 314 3731 373 an

506 449 631 490 nem
661 437 840 501 lapsus
886 431 1089 498 adimit,
1122 439 1175 485 et
1211 429 1659 500 concupiscentiae
1688 438 1878 499 purgat
1907 436 2091 483 aucto-
2116 428 2169 489 Α
2197 425 2364 496 gium,
2395 422 2461 479 de
2487 438 2645 479 manu
2676 419 2830 477 iactis
2851 417 2990 491 quod
3016 419 3163 475 nulla
3186 420 3344 490 possit
3365 433 3616 481 senectute
3631 429 3728 486 vio-

508 544 645 585 retn.
686 518 809 582 lltec
838 525 1149 582 beatitudini
1180 535 1283 579 tum
1310 526 1465 595 quasi
1508 524 1735 578 strictim
1770 538 1867 594 pro
1898 523 2091 592 lingute

506 633 643 672 mere
669 615 1133 672 commendatione
1159 616 1423 672 dedicavi.
1455 615 1510 670 Si
1542 614 1788 683 precibus
1828 614 1931 667 tuis
1972 614 2095 666 vitae

504 722 787 765 successus
816 708 1083 773 arriserit,
1110 718 1383 778 gestorum
1418 717 1627 762 tuorum
1654 707 1812 777 plena
1844 720 1928 759 me
1956 705 2096 758 rela-

502 800 653 861 tione
680 800 1043 854 consecrabo:
1077 808 1131 854 ut
1158 815 1277 869 quae
1322 798 1586 854 universis
1611 808 1736 852 nota
1762 805 1907 863 sunt,
1940 810 2093 849 man-

500 892 643 959 suris
665 891 719 947 in
746 900 1019 962 posterum
1049 892 1268 959 litteris,
1294 902 1558 962 quatenus
1587 888 1819 961 gaudeat
1847 900 1977 944 mtas
2006 901 2094 943 se-

500 993 712 1054 cutura,
738 995 1044 1043 serventur.

1020 1168 1029 1175 κ
1123 1093 1349 1152 Dic-rio
1388 1095 1477 1151 tv.

699 1191 716 1221 ⁸
746 1188 814 1245 1η
843 1189 1171 1246 dedicatione
1200 1190 1355 1244 missa
1383 1187 1611 1243 Maximo
1641 1187 1901 1258 episcopo.

1078 1296 1244 1337 SACRA
1284 1296 1511 1344 QUARTA.

574 1369 855 1442 Nunquam
898 1387 1102 1441 pauper
1128 1388 1264 1427 vena
1287 1372 1542 1426 timeatur
1567 1368 1787 1441 ingenii,
1821 1368 1913 1424 ubi
1943 1367 2094 1424 dives

499 1472 769 1520 estcausa
814 1464 1049 1519 dicendi.
1083 1464 1301 1518 Transit
1333 1463 1628 1527 hominem,
1659 1461 1910 1531 quotiens
1932 1459 2094 1516 caele-

495 1559 672 1615 stibus
696 1560 891 1614 militat
915 1573 1066 1614 mens
1096 1568 1279 1613 nostra
1308 1557 1533 1613 culturis
1560 1575 1572 1611 :
1604 1570 1701 1610 nec
1730 1556 1783 1609 in
1810 1562 2092 1624 angustum

495 1650 761 1721 redigitur
782 1652 1108 1706 narrationis
1129 1651 1363 1718 exilitas,
1387 1649 1433 1703 si
1454 1647 1629 1717 epifici
1650 1662 1748 1703 suo
1770 1646 2093 1715 obsequium

493 1741 697 1798 referat
723 1754 1054 1799 narraturus.
1077 1743 1262 1798 Potest
1281 1744 1424 1798 enim
1449 1742 1683 1811 linguam
1706 1738 1972 1795 facundia:
1992 1738 2092 1793 do-

2194 516 2315 572 lari.
2347 515 2608 571 Occasum
2638 514 2780 568 enim
2812 512 2921 566 Deo
2951 511 3130 566 oblata
3162 527 3262 566 non
3284 514 3541 570 sentiunt:
3566 533 3653 573 nec
3673 520 3729 576 ad

2196 618 2517 664 vetustatem
2574 607 2855 662 tremulam
2908 606 3107 674 pietate
3155 605 3281 659 fulta
3331 607 3731 669 mittuntur:stat

2197 702 2438 758 soliditas
2463 700 2743 768 machina;
2767 714 2925 769 quam
2958 696 3204 752 Christus
3231 699 3509 766 ingreditur
3533 719 3544 754 :
3568 712 3615 757 et
3640 704 3733 759 ori-

2196 796 2417 866 ginarize
2456 795 2620 849 oblita
2670 793 2994 861 fragilitatis,
3028 793 3338 860 adipiscitur
3366 794 3429 848 de
3458 810 3732 861 possessore

2198 889 2479 943 virtutem.
2508 888 2672 943 Tecta
2702 887 2827 941 vilia
2856 888 2924 942 de
2967 888 3330 941 consecramis
3374 888 3629 942 nobilitate
3656 890 3733 945 de-

2195 990 2471 1045 corantur,
2500 980 2627 1035 dum
2664 980 2742 1034 rei
2783 979 3001 1039 caduca:
3030 979 3258 1048 pretium
3309 980 3545 1034 tribuitur
3565 980 3735 1038 habere

2196 1074 2266 1129 de
2314 1074 2562 1128 Domino.
2613 1072 2694 1127 Tu
2746 1083 2949 1139 autem,
2999 1072 3164 1127 frater
3204 1072 3554 1139 sanctissime,
3603 1074 3736 1143 hujus

2195 1166 2407 1221 oblator
2443 1166 2675 1231 :edilicii,
2704 1165 2770 1221 de
2813 1166 3076 1221 mercedis
3104 1166 3446 1221 retributione
3480 1169 3735 1236 gratulare.

2197 1257 2377 1314 Nescit
2416 1272 2541 1327 spes
2570 1258 2839 1325 titubare,
2872 1259 2960 1313 cui
3008 1257 3165 1313 bonre
3210 1258 3404 1313 fructus
3448 1260 3737 1328 promittitur

2196 1350 2421 1404 actionis
2438 1367 2451 1402 :
2475 1349 2543 1403 ab
2559 1348 2818 1404 exercitio
2835 1349 3112 1405 descendit
3134 1350 3530 1405 retributionum
3552 1352 3736 1421 ﬁducia,

2197 1455 2296 1497 nec
2326 1441 2433 1496 ullo
2464 1449 2616 1497 nutat
2640 1441 2845 1497 incerto
2874 1443 2965 1508 qui
2998 1441 3261 1496 laudanda
3293 1442 3588 1498 meditatur.

2827 1550 3054 1607 DICTIO
3093 1550 3157 1608 γ.

2680 1646 2701 1676 ⁸
2733 1642 3035 1713 Incipientis
3064 1644 3299 1714 episc0pt.

2779 1751 2945 1791 SACRA
2982 1752 3195 1800 QUINTA.

494 1835 639 1890 tibus
661 1850 853 1891 ornare
879 1836 971 1905 qui
991 1835 1242 1901 contulit,
1266 1842 1322 1890 et
1342 1834 1471 1888 dare
1492 1802 1670 1888 verbis
1691 1833 1906 1902 genium
1932 1846 2088 1899 quem
2121 1802 2171 1863 Β
2272 1828 2376 1883 Par
2414 1828 2629 1899 quidem
2674 1827 2953 1897 discipulis
2994 1830 3256 1899 incipiens
3298 1830 3539 1899 magister
3572 1839 3665 1895 est,
3696 1836 3741 1885 et

492 1928 725 1984 fatemur
755 1930 972 1986 dedisse
1020 1943 1350 1986 sermonem.
1395 1926 1529 1982 Nam
1562 1926 1862 1997 prophetici
1894 1924 2094 1980 dudum

490 2022 719 2078 maciem
745 2022 888 2092 juvit
934 2023 1166 2093 eloquii,
1215 2022 1343 2076 dum
1389 2022 1455 2075 ad
1504 2020 1796 2090 perfectam
1850 2018 2095 2088 magistri

499 2112 863 2183 eloquentiam
896 2124 951 2168 et
973 2113 1250 2168 fortissimi
1284 2111 1571 2166 monitoris
1598 2110 1779 2166 tubam
1825 2109 2096 2164 imbecilla

498 2202 675 2274 Moysi
713 2205 1009 2275 erigeretur
1042 2203 1266 2257 infantia
1295 2221 1306 2256 :
1337 2203 1431 2273 qui
1479 2203 1641 2257 nullis
1676 2201 1927 2272 gradibus
1966 2200 2093 2256 dum

491 2295 746 2367 peritiam
786 2296 1075 2351 meditatur
1108 2295 1365 2361 effloruit,
1396 2310 1496 2349 nec
1523 2310 1619 2365 per
1662 2294 1840 2349 aetatis
1870 2292 2095 2363 alicujus

492 2388 778 2445 scientiam
822 2389 891 2443 ad
930 2403 1158 2445 messem
1192 2388 1540 2459 perfectionis
1568 2387 1813 2443 ascendit
1841 2403 1854 2440 :
1885 2386 1973 2454 qui
2003 2386 2093 2440 diu

490 2481 719 2538 militem
746 2480 1068 2536 infabricato
1100 2482 1337 2549 portavit
1366 2480 1583 2551 ingenio
1610 2498 1621 2532 :
1653 2480 1892 2534 ollicium
1942 2478 2093 2533 ducis

490 2571 673 2646 jussus
714 2574 984 2643 arripere,
1031 2575 1156 2645 quia
1205 2573 1511 2629 verecunde
1538 2574 1749 2638 renuit,
1784 2582 2095 2627 consranter

492 2664 754 2735 implevit.
783 2666 872 2722 Sic
902 2681 1001 2723 nos
1022 2667 1379 2722 dedicationis
1395 2667 1525 2721 festa
1555 2666 1915 2731 celebrantes,
1950 2665 2093 2720 inter

492 2756 752 2826 spiritalis
781 2757 975 2813 laetitia:
1003 2759 1141 2812 bona
1173 2756 1546 2825 praestolamur
1573 2758 1822 2826 gratiam,
1851 2756 1975 2810 dum
2005 2771 2092 2825 pa-

493 2863 698 2905 remus.
750 2850 904 2904 Absit
958 2849 1188 2904 formido
1230 2848 1426 2904 debilis
1465 2857 1850 2904 :removcatur
1895 2847 2091 2903 fiducia

492 2942 725 2997 inaniter
753 2953 1015 3013 concepta
1043 2958 1140 3013 per
1170 2942 1428 2997 studium.
1460 2941 1567 2997 Nos
1589 2942 1657 2997 de
1689 2942 1940 2996 humanae
1971 2957 2092 3011 per-

490 3035 739 3091 fectionis
768 3035 1053 3091 schemate
1093 3050 1194 3089 nec
1224 3036 1601 3105 prmsutnimus
1630 3034 1860 3102 aliquid,
1895 3048 1995 3088 nec
2027 3034 2088 3086 ti-

491 3144 724 3186 memus.
756 3128 961 3184 Deinde
993 3129 1111 3199 quis
1133 3129 1185 3183 iu
1212 3129 1358 3184 beati
1384 3128 1606 3185 Joannis
1638 3126 1913 3200 pr0pllet2e
1935 3126 2089 3196 cujus

493 3221 753 3289 templum
779 3220 881 3277 hoc
900 3222 1253 3276 sanctificavit
1278 3221 1578 3289 ingressus,
1598 3221 1683 3276 vel
1711 3230 1861 3276 muta
1881 3218 2091 3274 dubitet
2118 3188 2167 3253 C

494 3327 593 3369 ora
620 3312 825 3369 laxari?
851 3314 1007 3385 cujus
1043 3314 1227 3369 senior
1268 3315 1458 3383 gratia.
1510 3330 1668 3385 quam
1710 3321 1934 3379 natura,
1967 3313 2095 3367 dum

497 3416 627 3463 ante
654 3408 787 3464 lucis
832 3409 1131 3479 ingressum
1173 3409 1245 3479 pii
1276 3409 1413 3463 vatis
1440 3409 1718 3479 implesset
1739 3408 1998 3474 officiutn,
2033 3408 2096 3463 li-

494 3516 621 3557 men
649 3501 773 3556 vitae
800 3500 959 3570 hujus
1000 3502 1195 3555 virtute
1218 3502 1466 3569 signavit.
1500 3502 1631 3555 Nam
1662 3517 1768 3556 uno
1795 3501 2095 3571 eodemque

496 3600 763 3659 tempore,
798 3602 849 3646 et
879 3602 1103 3647 matrem
1154 3592 1480 3647 fecunditate
1506 3593 1743 3647 nobilem
1775 3592 1901 3647 fecit
1930 3602 1985 3648 et
2012 3592 2096 3647 in-

497 3682 743 3739 officiosa
774 3684 1033 3753 genitoris
1081 3684 1223 3738 labia
1268 3685 1321 3738 in
1356 3684 1623 3753 loquelam
1674 3685 1953 3755 pristinam
1992 3699 2094 3740 usu

496 3785 776 3833 remeante
846 3778 1158 3832 commovit.
1209 3776 1376 3832 Nemo
1431 3775 1697 3831 Joannem
1766 3778 2092 3841 nominans,

498 3877 627 3939 post
651 3869 886 3939 exempli
914 3869 1264 3939 praecedentis
1294 3869 1572 3936 miracula,
1592 3869 1873 3940 pristinam
1896 3870 2094 3940 linguae

495 3959 806 4017 habiturum
837 3976 895 4017 se
924 3963 1228 4032 suspicetur
1258 3962 1605 4030 imperitiam.
1642 3961 1769 4016 Post
1787 3962 2092 4017 sacratissi-

492 4069 642 4110 mum
689 4052 1002 4107 Zachariam
1031 4052 1185 4121 cujus
1232 4053 1475 4106 faucibus
1515 4054 1788 4108 eliminata
1824 4070 1918 4121 per
1948 4053 2093 4109 ialUd

493 4144 818 4203 vocabulum
866 4144 1128 4200 remeavit
1177 4143 1503 4210 humanitas,
1553 4144 1621 4198 ab
1670 4144 1934 4199 universis
1969 4144 2094 4214 jure

493 4236 733 4293 creditur
758 4235 992 4291 Joannes
1019 4235 1295 4305 apostolus
1321 4234 1487 4290 clavis
1517 4250 1639 4291 esse
1684 4235 1990 4291 verborum.
2030 4238 2090 4292 ln

494 4328 656 4399 hujus
680 4331 935 4385 comitatu
982 4330 1314 4394 Antoninus,
1349 4330 1545 4384 vetusti
1598 4331 1759 4385 heros
1804 4330 2010 4397 saeculi,
2036 4341 2092 4386 et

495 4420 793 4477 beatissimi
841 4424 1082 4477 Cassiani
1121 4422 1302 4493 juncta
1334 4422 1615 4489 claritudo,
1662 4422 1861 4477 faciunt
1886 4423 1953 4479 de
1972 4424 2091 4480 aede

496 4524 914 4582 sacramentum,
943 4514 1011 4571 de
1041 4525 1255 4571 terrena
1303 4514 1632 4571 habitatione
1661 4515 1887 4571 creleste
1926 4516 2090 4571 colle-

623 4671 869 4743 Dictioin
897 4673 1215 4727 dedicatione
1261 4674 1416 4727 missa
1448 4672 1709 4728 Maximol
1743 4672 1930 4727 Eidem
1962 4674 2083 4743 epi-

497 4742 746 4812 episcopo
780 4742 1070 4809 Ticinensi,
1094 4747 1180 4810 qui
1209 4747 1418 4814 synodo
1447 4743 1799 4798 absolutionis
1827 4742 2082 4814 Symma-

498 4814 583 4867 chi
610 4828 727 4867 cum
750 4815 961 4868 cmteris
985 4815 1223 4868 interfuit
1242 4823 1298 4869 et
1322 4815 1655 4883 subscripsit.
1672 4816 1927 4884 Superior
1954 4831 2081 4870 ora-

499 4884 575 4938 tio
603 4885 833 4939 Maximo
859 4884 999 4938 dieta
1026 4884 1124 4938 fuit
1149 4903 1160 4936 :
1189 4886 1301 4938 haec
1324 4900 1352 4937 a
1377 4886 1627 4953 Maximo,
1655 4902 1774 4941 eum
1801 4888 2084 4943 dedicare-

497 4965 585 5008 tur
613 4955 827 5028 hasilica
850 4955 905 5010 S.
929 4955 1151 5009 Jomnis
1182 4954 1449 5022 Baptistae,
1474 4972 1631 5028 quem
1662 4973 1801 5013 noro
1832 4959 2082 5028 exetnplo

495 5026 799 5091 apostolum
830 5040 1043 5098 quoque
1082 5027 1447 5098 nominataut
1480 5027 1822 5093 prodromum
1858 5026 2081 5098 nempe,

497 5098 831 5165 missumque
852 5106 977 5149 ante
1002 5096 1198 5168 Christi
1231 5096 1433 5168 Domini
1453 5100 1770 5154 adventum:
1795 5116 1902 5168 quo
1921 5096 2083 5156 modo

497 5177 553 5221 et
585 5169 872 5236 prophetas
904 5170 955 5219 in
987 5166 1332 5236 Apologetico
1362 5167 1516 5230 dixit,
1557 5170 1679 5236 quia
1710 5183 1763 5227 et
1797 5166 1894 5239 ipsi
1930 5173 2080 5227 missi

495 5248 649 5301 sunt,
696 5238 966 5304 apostolos
1021 5253 1178 5307 posse
1207 5242 1524 5308 nuncupari.
1557 5239 1751 5295 Verum
1793 5238 1936 5298 ardes
1989 5244 2080 5297 illa

493 5324 600 5379 non
629 5310 801 5363 solum
834 5308 1055 5363 Joannis
1086 5309 1369 5379 Baptistae,
1397 5310 1494 5366 sed
1525 5313 1783 5367 Antonini
1826 5314 1991 5368 etiam
2020 5324 2078 5369 et

491 5378 732 5436 Cassiani
761 5380 917 5435 titulo
951 5378 1217 5437 dedicata.

568 5458 588 5486 ²
624 5456 788 5510 Dictio
828 5458 999 5527 incipi.
1015 5469 1113 5528 nts
1154 5457 1397 5528 episcopi]
1444 5457 1707 5513 Incertum
1747 5466 1831 5513 est
1857 5474 1925 5512 an
1953 5473 2082 5515 con-

498 5527 654 5587 cione
700 5527 797 5582 hac
840 5544 971 5583 usus
1015 5527 1083 5581 sit
1130 5527 1403 5582 Ennodius
1450 5531 1580 5597 ipse,
1627 5545 1748 5582 cum
1795 5530 2081 5598 episc0pns

496 5606 853 5676 creatnsest,
906 5616 995 5676 an,
1033 5600 1174 5668 quod
1228 5600 1402 5664 potius
1447 5615 1588 5676 reor,
1634 5599 1913 5654 formulam
1958 5602 2080 5676 aliis

496 5669 769 5731 scripserit
792 5686 893 5735 qua
920 5673 969 5723 in
999 5674 1338 5739 epiSoopatus
1366 5671 1615 5737 auspiciis
1642 5681 1936 5723 uterentur.
1962 5672 2079 5725 Cre-

497 5744 669 5790 terunt
715 5738 782 5791 de
823 5741 1047 5793 Ennodii
1096 5738 1347 5796 cathedra
1396 5743 1546 5807 longi
1599 5743 1918 5795 νοτῑειυιιτυηθ
1971 5759 2074 5796 non

494 5818 634 5877 eget,
665 5810 804 5878 quod
848 5825 879 5866 a
924 5811 1191 5867 Bernardo
1225 5815 1391 5870 SnCCU
1438 5815 1488 5867 in
1535 5813 1764 5869 Historia
1808 5813 2075 5871 'l'icineusi

2113 4569 2170 4633 D

2200 1923 2343 1977 inter
2370 1921 2590 1976 exordia
2633 1921 2822 1975 doctor
2851 1920 2992 1975 nulla
3038 1931 3121 1976 est
3166 1922 3235 1975 ab
3279 1923 3596 1977 auditoribus
3622 1931 3742 1978 sorte

2201 2013 2483 2069 sublimior
2506 2030 2520 2068 :
2543 2014 2779 2083 expertis
2807 2014 2981 2068 honor
3009 2013 3233 2069 debetur
3264 2015 3480 2084 ingeniis
3509 2030 3524 2071 :
3553 2015 3631 2068 vix
3651 2029 3743 2071 me-

2199 2104 2440 2160 diocrem
2474 2105 2674 2159 cultum
2721 2106 2942 2174 exigunt
2972 2121 3079 2159 non
3110 2106 3341 2175 probati.
3385 2106 3473 2161 Illa
3502 2116 3616 2160 sunt
3642 2120 3744 2161 vera

2199 2200 2489 2270 prteconia,
2520 2215 2641 2270 quae
2669 2200 2859 2269 longus
2903 2199 3068 2254 sudor
3100 2200 3285 2255 elicuit
3314 2218 3328 2254 :
3359 2200 3744 2255 blandimentqu

2198 2303 2299 2360 est,
2345 2310 2452 2348 non
2496 2292 2781 2363 judicium,
2817 2294 3065 2363 quotiens
3109 2293 3351 2349 laborem
3379 2294 3538 2365 gloria
3570 2293 3745 2363 ingesta

2199 2389 2555 2458 pra'cesserit.
2618 2386 2761 2441 Inter
2815 2385 3050 2440 maculas
3110 2395 3387 2451 numeret,
3440 2398 3745 2455 quoscunque

2198 2478 2502 2549 triumphos
2546 2489 2671 2535 ante
2708 2478 3096 2534 discussionem
3128 2478 3305 2547 campi
3346 2478 3493 2532 miles
3519 2478 3746 2546 acquiret.

2197 2571 2297 2639 Qui
2349 2572 2650 2641 properatis
2699 2572 2933 2627 subeunt
2982 2571 3288 2641 Olympiaca
3336 2570 3472 2624 bella
3515 2568 3745 2637 vestigiis,

2197 2663 2441 2735 Nunquid
2472 2666 2551 2721 eis
2570 2675 2695 2721 ante
2716 2666 3240 2720 consummationem
3264 2665 3563 2719 certaminis
3582 2676 3750 2731 suppe-

2195 2756 2262 2811 tit
2300 2770 2422 2826 spes
2464 2759 2715 2813 coronze?
2744 2757 2957 2812 dicente
2988 2758 3252 2825 Apostolo
3298 2774 3311 2811 :
3344 2756 3463 2811 Non
3490 2764 3752 2819 coronatur,

2195 2853 2297 2906 nisi
2323 2854 2411 2923 qui
2443 2852 2665 2923 legitime
2694 2852 2960 2906 certaverit
2995 2849 3086 2921 (ΙΙ
3126 2850 3271 2905 Tim.
3316 2867 3374 2918 ll,
3414 2851 3488 2921 5).
3520 2851 3643 2905 Ecce
3676 2862 3756 2903 nec

2194 2946 2314 3001 illos
2339 2945 2495 2999 decet
2532 2953 2658 2999 ante
2702 2946 2949 2999 meritum
2997 2943 3345 3013 przedicatio,
3376 2959 3405 2997 a
3435 2944 3613 3013 quibus
3633 2942 3755 3011 juste

2196 3043 2432 3113 poscitur
2454 3050 2573 3109 post
2597 3040 2859 3095 laborem.
2885 3039 3076 3095 Nostra
3104 3055 3135 3095 e
3159 3040 3383 3097 diverso
3406 3039 3601 3109 prolixo
3620 3036 3757 3090 distat

2196 3135 2331 3190 calle
2371 3132 2609 3188 conditio
2649 3149 2663 3185 :
2702 3133 2895 3202 quibus
2942 3141 3144 3187 tantum
3192 3133 3501 3203 decerpitur
3537 3130 3599 3185 de
3631 3128 3757 3197 fruge

2202 3230 2546 3294 innocentia,
2569 3233 2826 3299 quantum
2857 3227 3148 3282 accesserit
3175 3226 3249 3283 de
3280 3226 3481 3283 favore.
3505 3224 3625 3281 Nam
3646 3222 3760 3278 sicut

2202 3322 2363 3392 positi
2405 3322 2456 3376 in
2506 3320 2769 3375 tirociniis
2808 3320 3160 3384 aistimamus,
3196 3322 3415 3389 plenum
3459 3315 3757 3374 necessitatis

2202 3424 2255 3468 et
2300 3411 2528 3482 periculi
2562 3413 2665 3467 iter
2698 3420 2799 3477 est,
2835 3411 2887 3464 in
2917 3426 3023 3481 quo
3048 3420 3103 3466 et
3130 3411 3389 3467 sectanda
3426 3420 3506 3464 est
3535 3411 3633 3463 vita
3668 3408 3759 3460 lau-

2200 3504 2416 3569 dabilis,
2447 3514 2501 3558 et
2541 3504 2598 3557 fit
2635 3501 2848 3572 probris
2892 3502 3191 3569 uberrima,
3227 3504 3274 3559 si
3308 3502 3570 3559 desideret
3592 3499 3652 3552 ab
3675 3498 3759 3551 hu-

2198 3597 2455 3651 manitate
2485 3594 2713 3650 laudari.
2744 3594 2896 3650 Actio
2924 3604 3129 3658 nostra,
3154 3594 3197 3648 si
3231 3595 3302 3650 de
3329 3594 3481 3649 bonis
3502 3592 3607 3647 suis
3630 3589 3761 3645 fuerit

2199 3690 2358 3755 elata,
2390 3690 2687 3753 sordescet,
2726 3686 3147 3755 protestantibus
3176 3685 3378 3742 divinis
3408 3685 3654 3755 eloquiis:
3678 3679 3760 3746 Qui

2198 3797 2283 3836 vos
2315 3780 2551 3843 laudant,
2584 3780 2828 3835 seducunt
2851 3795 2955 3847 vos,
2981 3790 3025 3832 et
3051 3778 3353 3833 subvertant
3380 3780 3580 3834 semitas
3599 3774 3763 3845 pedum

2196 3881 2474 3927 vestrorum
2513 3869 2669 3942 (Isai.
2721 3886 2796 3935 nt,
2847 3870 2959 3939 12).
3002 3869 3363 3940 Splendorem
3400 3868 3649 3941 pontificis
3668 3879 3760 3929 res,

2198 3980 2304 4019 non
2336 3964 2513 4033 lingua
2546 3972 2776 4019 testetur
2809 3979 2823 4016 :
2861 3962 2979 4032 plus
3008 3962 3150 4017 lucet
3178 3963 3402 4018 claritas
3442 3962 3594 4030 hujus
3623 3953 3764 4012 ofﬁcii

2195 4059 2439 4114 veritatis
2476 4058 2675 4113 indicio
2722 4072 2881 4126 quam
2925 4056 3171 4124 loquelae.
3205 4056 3352 4111 Ecce
3389 4055 3601 4111 cernitis
3626 4061 3762 4121 quam

2195 4159 2307 4206 tuta
2346 4150 2415 4205 sit
2456 4166 2615 4205 causa
2658 4147 2907 4218 subjecti,
2936 4158 2988 4204 et
3018 4148 3235 4219 quantis
3268 4147 3661 4203 discriminibus
3691 4154 3765 4196 so-

2196 4244 2332 4299 ciata
2366 4242 2657 4312 praepositi.
2700 4242 2875 4296 Munia
2909 4256 3026 4295 mea
3056 4241 3169 4309 plus
3205 4242 3455 4309 poteritis
3486 4238 3659 4293 fulcire
3682 4246 3761 4303 ge-

2195 4336 2435 4402 mitibus,
2463 4351 2623 4406 quam
2652 4335 2909 4390 clamore.
2942 4333 3111 4387 Nemo
3144 4333 3292 4403 quod
3335 4332 3555 4388 auribus
3593 4324 3766 4383 lenoei.

2196 4437 2376 4491 natur,
2424 4427 2609 4483 credat
2645 4426 2903 4482 eximium
2939 4441 2953 4479 :
2987 4440 3168 4480 sermo
3205 4434 3418 4491 noster,
3464 4422 3562 4477 nisi
3597 4420 3766 4474 anima:

2194 4522 2462 4587 medetur,
2509 4521 2749 4591 abjectus
2787 4528 2890 4575 est.
2931 4518 3082 4574 Illum
3123 4518 3400 4589 prseferte,
3433 4516 3523 4587 qui
3567 4506 3768 4583 spiritali

2190 4676 2284 4731 lib.
2316 4689 2426 4737 Vlll,
2457 4687 2575 4738 cap.
2610 4672 2659 4737 l,
2691 4672 2946 4739 scriptum
2975 4678 3077 4733 est,
3121 4671 3430 4725 Ennodium
3466 4682 3606 4723 anno
3630 4661 3764 4718 Chri-

2190 4746 2260 4802 sti
2303 4744 2409 4799 490
2450 4743 2641 4798 sedere
2686 4746 2934 4811 coepisse.
2971 4742 3072 4809 Qui
3114 4742 3255 4796 enim
3303 4742 3479 4810 potuit
3522 4739 3611 4793 illo
3647 4746 3771 4789 anno

2191 4818 2476 4888 episcopus
2503 4816 2694 4879 creari,
2732 4816 2818 4881 qui
2859 4828 3003 4888 anno
3031 4814 3274 4888 proxime
3302 4811 3656 4888 antecedente
3678 4818 3769 4873 quo

2189 4883 2393 4942 italiam
2427 4888 2697 4959 ingressus
2738 4895 2819 4939 est
2858 4883 3248 4959 Theodericus,
3296 4883 3539 4959 sedecim
3587 4888 3769 4959 tantum

2194 4969 2307 5013 erat
2340 4954 2640 5011 annorum?
2678 4964 2769 5010 aut
2809 4954 3080 5022 quomodo
3123 4956 3325 5024 imponi
3359 4966 3471 5007 tum
3507 4954 3669 5020 potuit
3692 4961 3770 5024 caf

2192 5032 2394 5085 thedra:
2418 5026 2707 5087 Ticinensi,
2736 5041 2893 5095 quam
2920 5025 3093 5080 adhuc
3120 5022 3341 5095 regebat
3367 5036 3422 5079 et
3444 5024 3643 5097 aliquot
3654 5022 3772 5097 post

2192 5102 2349 5157 annis
2396 5100 2536 5154 rexit
2584 5090 2934 5168 Epiphanius,
2978 5112 3039 5149 ac
3079 5090 3203 5166 post
3233 5090 3595 5164 Epiphaniam
3620 5090 3773 5168 ltlaxi:

2191 5155 2311 5227 tntis
2354 5186 2513 5241 quem
2564 5155 2771 5241 synodo
2820 5155 3038 5238 palinuri
3081 5155 3406 5241 interfuisse
3453 5155 3774 5241 tuonuimus?

2189 5245 2353 5299 Certe
2373 5237 2433 5297 et
2461 5244 2511 5296 in
2544 5237 2799 5308 Apologia
2823 5237 2937 5307 pro
2966 5240 3195 5310 synodo,
3230 5247 3283 5291 et
3316 5244 3367 5291 in
3401 5237 3648 5310 omnibus
3675 5242 3774 5293 epla

2188 5315 2344 5369 stolis
2372 5328 2503 5383 quas
2541 5306 2653 5366 toto
2701 5306 3010 5383 Symmachi
3057 5310 3373 5383 pontiﬁcatu
3414 5306 3653 5383 scripsit,
3683 5312 3774 5383 non

2189 5375 2420 5453 amplius
2440 5400 2501 5437 se
2524 5397 2681 5452 quam
2710 5375 2993 5453 diaconum
3018 5375 3588 5453 appellat_Ennodius.
3618 5375 3777 5437 Quare
3825 5420 3831 5427 .

2186 5448 2387 5509 certius
2416 5448 2643 5519 videtur,
2668 5452 2810 5520 quod
2839 5452 2928 5505 alii
2963 5462 3209 5519 censent,
3241 5448 3549 5503 Ilormisdie
3576 5454 3773 5520 scrupo-

2186 5526 2338 5581 ribus
2369 5524 2433 5577 ad
2465 5539 2582 5578 eam
2611 5511 2923 5591 dignitatem
2949 5511 3208 5577 evectum'
3224 5520 3415 5591 fuisse.
3445 5519 3553 5578 Sed
3580 5531 3694 5572 cum
3715 5511 3775 5564 de

2183 5610 2328 5649 anno
2358 5595 2472 5649 initi
2496 5590 2838 5668 episcopatus
2869 5608 2976 5668 non
2999 5590 3323 5668 _liqueat,_de
3354 5592 3464 5645 line
3491 5594 3695 5668 causa}
3716 5596 3775 5668 mf

2182 5668 2408 5721 consule
2438 5656 2543 5735 qui-
2560 5656 2790 5721 Ennodii
2813 5656 3086 5735 epitaphio
3108 5664 3379 5733 ascriptus
3406 5671 3514 5728 est,
3540 5656 3777 5716 incidisse

2182 5736 2240 5793 in
2272 5752 2474 5793 annum
2503 5734 2630 5793 521.

2182 5751 2240 5795 tn
2272 5752 2474 5793 annum
2503 5751 2601 5793 ΟΖΙ
2612 5774 2630 5793 ο
