3974 6366
214 394 308 453 273

1680 362 2054 435 DlCTlONES.

3378 363 3497 437 ΞΜ

215 509 346 565 falce
371 507 625 563 sentibus
652 503 840 577 pisrgat
865 503 1095 559 interna.
1122 500 1272 555 Tunc
1303 496 1590 568 pretiosum
1615 504 1796 565 pasto-
1823 501 1876 555 Α
1903 508 1973 563 pu
1996 509 2008 544 :
2029 506 2094 547 eo
2121 491 2264 546 circa
2292 503 2391 545 nos
2414 485 2522 546 eius
2545 490 2809 546 bonorum
2837 487 3120 559 largitione
3139 487 3488 559 clementior,

215 601 283 659 ris
308 600 561 655 diadema
598 606 701 665 est,
731 594 947 667 quando
979 591 1215 648 suasioni
1245 590 1364 660 ejus
1396 604 1523 660 grex
1551 585 1803 642 ecclesia-

216 696 396 759 sticus,
430 691 563 747 dum
609 688 679 743 ad
724 688 1039 757 probitatem
1079 682 1342 754 graditur,
1374 695 1481 735 non
1516 686 1799 748 repugnat.

218 785 303 841 lllc
323 785 445 839 sine
468 780 593 836 fuco
615 780 933 834 monitorem
954 786 1009 831 et
1028 774 1219 831 feriato
1237 787 1334 827 Ore
1357 771 1547 841 diligit,
1570 770 1659 839 qui
1683 768 1802 838 ejus

218 876 457 931 instituta
488 881 748 929 sectatur.
775 869 1002 925 Additur
1029 867 1173 939 quod
1204 865 1468 936 imperitia
1498 872 1680 918 nostra
1716 861 1803 930 ju-

216 980 349 1030 stam
377 968 613 1024 sustinet
633 967 701 1022 de
721 967 834 1036 ipsa
862 964 1095 1019 novitate
1116 960 1453 1017 formidinem
1482 974 1496 1012 :
1521 956 1609 1027 qui
1634 970 1804 1025 nuper

219 1063 279 1119 de
305 1060 545 1116 ovilibus
571 1057 638 1113 ad
668 1054 966 1113 custodiam
1002 1051 1306 1123 praeparati,
1347 1048 1709 1105 assuescimus
1736 1046 1806 1103 de

220 1156 591 1212 universorum
622 1148 740 1207 fieri
774 1147 1090 1206 necessitate
1114 1145 1381 1215 suspecti;
1410 1152 1463 1199 et
1486 1142 1571 1199 cui
1594 1141 1683 1197 vix
1707 1141 1808 1195 fuit

219 1261 310 1319 pro
337 1260 400 1301 se
423 1244 531 1299 fida
554 1242 755 1306 cautio,
777 1239 998 1309 suscipit
1020 1237 1254 1292 Officium
1275 1243 1467 1290 cuncta
1495 1232 1799 1288 metuentis.

220 1341 431 1395 Scimus
462 1344 720 1408 quantum
751 1335 855 1389 erit
893 1331 1143 1387 humilior
1188 1328 1587 1393 famulantibus,
1615 1324 1708 1396 qui
1736 1324 1804 1381 ad

221 1431 532 1501 religiosum
568 1435 789 1482 vocatur
826 1423 1131 1495 imperium.
1166 1421 1396 1477 Necesse
1437 1427 1519 1474 est
1553 1426 1613 1471 ut
1638 1417 1803 1472 etiam

218 1530 480 1577 extremae
506 1516 830 1574 conditionis
855 1514 1101 1584 personis
1126 1512 1482 1581 obtemperet,
1513 1509 1597 1563 cui
1628 1509 1807 1561 immi-

220 1621 305 1667 net
337 1611 421 1665 sic
459 1609 671 1679 jubere.
710 1607 799 1663 Ait
827 1607 969 1661 enim
1011 1606 1199 1661 doctor
1231 1603 1473 1675 gentium
1508 1621 1521 1656 :
1556 1599 1805 1654 Omnibus

218 1704 386 1758 omnia
409 1702 580 1771 factus
600 1716 733 1765 sum,
758 1707 815 1752 ut
834 1713 1004 1752 omnes
1034 1695 1346 1766 acquirerem
1370 1691 1424 1765 (Ι
1446 1691 1564 1748 Cor.
1588 1706 1665 1755 lx,
1686 1688 1802 1758 22).

222 1793 377 1850 Modo
402 1790 709 1847 Divinitatis
734 1789 975 1861 Operatio
1004 1786 1143 1843 adsit
1173 1785 1380 1840 muneri
1419 1799 1539 1851 suo,
1565 1792 1621 1839 et
1644 1796 1802 1852 quem

223 1886 442 1957 dignum
471 1884 622 1953 apice
661 1891 809 1937 tanto
842 1896 947 1935 non
978 1878 1200 1945 invenit,
1232 1876 1450 1933 efficiat.

723 1987 981 2027 PRECA'I’IO
1019 1984 1302 2026 HISSARUI.

284 2070 519 2140 Dignum
549 2075 605 2122 et
639 2068 841 2136 justum
868 2071 970 2119 est.
1010 2063 1149 2117 Vere
1194 2062 1409 2130 dignum
1442 2064 1546 2125 est,
1582 2064 1639 2111 ut
1665 2056 1805 2111 inter

217 2164 436 2219 exordia
470 2158 751 2231 dignitatis
790 2158 885 2212 tibi
925 2155 1304 2227 principiorum
1338 2152 1563 2207 Domino
1599 2148 1804 2219 suppli-

219 2272 418 2323 cemus,
450 2254 546 2325 qui
580 2252 764 2309 mundi
797 2252 963 2322 ipsius
993 2250 1047 2304 in
1073 2258 1264 2304 novam
1296 2248 1468 2302 lucem
1493 2243 1804 2315 prodeuntis

218 2348 522 2412 infantiam,
552 2330 749 2416 quanto
796 2343 1057 2397 bonorum
1110 2347 1319 2394 tuorum
1362 2346 1568 2393 secreto
1596 2333 1805 2390 orditus

220 2455 293 2505 es,
320 2446 472 2493 tanta
506 2436 759 2507 potentiae
788 2434 986 2488 virtute
1019 2430 1281 2484 solidasti.
1326 2427 1513 2485 Stabat
1542 2430 1596 2481 in
1626 2423 1801 2479 admi-

218 2534 422 2590 ratione
464 2531 551 2585 sui
602 2536 783 2584 tenera
822 2526 970 2581 orbis
1016 2522 1307 2586 inchoatio,
1336 2530 1391 2576 et
1429 2534 1563 2589 pene
1592 2516 1804 2573 decoris

218 2626 414 2696 proprii
444 2634 713 2679 concussa
740 2628 957 2689 stupore
994 2615 1283 2680 titubabat;
1320 2622 1448 2668 ante
1476 2610 1802 2682 agnitionem

216 2716 415 2772 ordinis
451 2714 628 2771 solam
654 2714 839 2768 sortita
866 2711 933 2766 de
960 2718 1178 2764 auctore
1207 2709 1559 2763 substantiam
1587 2703 1802 2774 :requi-

217 2825 335 2866 rens
362 2824 478 2880 quo
515 2815 663 2864 esset
700 2804 924 2861 rOtanda
963 2803 1054 2857 lux
1098 2801 1353 2856 attributa
1399 2795 1800 2861 moderamine;

215 2905 423 2973 qualem
453 2902 618 2956 finem
648 2898 755 2954 diei
782 2907 994 2967 tempus
1027 2897 1321 2964 exciperet,
1354 2893 1399 2947 si
1432 2907 1528 2962 per
1555 2889 1804 2945 assiduos

215 3009 428 3066 semper
457 3000 834 3057 renasceretur
862 3001 1087 3046 occasus
1111 3002 1126 3041 :
1154 2985 1199 3040 si
1224 3001 1327 3040 nox
1359 2982 1613 3038 mundum
1639 2979 1803 3036 fuscis

213 3091 477 3145 ambitura
506 3072 1070 3155 complexibus,quasi
1097 3095 1211 3136 rem
1242 3064 1582 3149 originariam
1610 3090 1804 3145 peren-

214 3183 347 3238 niter
379 3197 494 3237 non
527 3187 755 3235 teneret.
785 3177 844 3232 ln
871 3178 973 3231 hoc
1004 3172 1275 3243 ambiguo,
1302 3181 1362 3226 ut
1384 3170 1545 3225 certis
1573 3168 1800 3225 famula-

1834 1866 1885 1929 B

1907 598 2015 654 quo
2044 584 2342 638 substantia
2379 592 2559 637 nostra
2591 583 2726 638 facta
2755 594 2835 638 est
2863 583 2931 638 de
2960 582 3162 652 peccati
3196 583 3336 637 fasce
3365 597 3493 653 pro-

1905 676 2114 731 clivior.
2158 676 2253 743 Da,
2300 677 2440 731 bone
2485 677 2795 745 imperator,
2837 676 3050 745 dignam
3092 684 3181 730 tua
3228 676 3493 735 electione

1907 767 2156 823 virtutem
2188 786 2201 821 :
2229 769 2353 838 quia
2382 768 2483 823 sub
2514 770 2600 836 pio
2632 768 2867 837 principe
2904 769 3045 823 nulla
3085 770 3305 824 militem
3331 770 3487 826 deco-

1907 857 2047 913 lorat
2090 858 2320 929 abjcctio
2352 877 2365 913 :
2401 875 2495 929 per
2524 861 2804 915 Dominum
2837 868 3078 914 nostrum
3115 861 3298 917 Jesum
3326 862 3493 918 Chri-

1906 958 2069 1006 stum.

2517 1042 2741 1100 DICT!O
2784 1044 2873 1100 Vl.

2340 1135 2352 1164 ⁸
2388 1134 2463 1188 De
2491 1135 2740 1190 Itwreticis
2770 1145 2817 1189 et
2847 1136 3065 1207 synodo.

2493 1242 2660 1282 SACIIA
2699 1243 2891 1283 SEXTA.

1980 1336 2088 1391 Pro
2116 1336 2326 1392 ratione
2350 1338 2665 1395 solvendum
2695 1351 2779 1395 est
2807 1342 2947 1410 quod
2976 1357 3073 1412 pro
3101 1343 3309 1399 ratione
3332 1343 3497 1400 tacui-

1908 1441 2029 1482 mus
2064 1446 2076 1479 :
2111 1442 2236 1482 nam
2276 1440 2334 1483 ut
2383 1440 2561 1497 pateat
2595 1441 2651 1486 et
2693 1434 2885 1502 lingua:
2916 1446 3114 1489 nostrm
3144 1436 3314 1489 officia
3340 1446 3391 1490 et
3416 1436 3494 1491 si-

1907 1519 2132 1573 lentium
2172 1522 2435 1576 ordinatis
2464 1526 2698 1579 servisse
2727 1526 3081 1593 temporibus,
3116 1527 3216 1580 fide
3248 1526 3496 1583 hortante

1908 1612 1962 1666 in
1993 1611 2229 1666 Officium
2270 1615 2535 1670 sermonis
2561 1620 2913 1684 erumpimus.
2949 1617 3090 1672 Idem
3122 1620 3263 1673 enim
3293 1631 3370 1673 est
3399 1633 3494 1673 su-

1909 1718 2175 1770 pervacue
2197 1704 2337 1774 loqui
2362 1708 2503 1776 quod
2535 1710 2835 1764 necessarie
2856 1726 2961 1763 non
2995 1698 3255 1778 locutum,
3281 1711 3495 1765 dicente

1907 1797 2051 1850 enim
2092 1800 2394 1867 Apostolo:
2432 1798 2523 1853 Va:
2562 1801 2688 1853 mihi
2728 1811 2823 1865 est,
2853 1803 2898 1855 si
2941 1818 3042 1855 non
3080 1802 3493 1873 erangelizavero

1913 1886 1967 1958 (Ι
2000 1888 2119 1943 Cor.
2152 1905 2226 1955 ιι,
2261 1890 2382 1959 16>;
2420 1900 2474 1944 et
2512 1891 2639 1945 alibi
2671 1910 2684 1947 :
2720 1894 2934 1964 Tempus
2963 1896 3157 1948 tacendi
3182 1895 3378 1964 (Ercle.
3410 1912 3491 1961 ιιι,

1909 1980 2000 2046 7);
2033 1996 2132 2035 nos
2163 1981 2428 2051 praecipue
2454 1998 2587 2052 quos
2616 1985 2815 2052 praelati
2848 1985 3058 2042 caeteris
3087 1987 3329 2039 hortatur
3362 2002 3494 2055 pon-

1905 2069 2007 2125 dlh'
2040 2072 2312 2141 obsequii,
2354 2074 2509 2141 decet
2550 2083 2641 2129 aut
2680 2076 2816 2131 bona
2852 2078 3107 2133 facientes
3132 2079 3367 2145 elevare,
3402 2092 3494 2137 aut

1906 2162 2047 2217 mala
2078 2169 2456 2233 comprimere.
2502 2166 2568 2221 Et
2602 2167 2816 2236 quidem
2852 2183 2948 2223 vos
2989 2170 3187 2226 docere
3214 2186 3318 2225 non
3346 2172 3495 2228 aliud

1906 2263 1990 2311 est
2020 2271 2179 2327 quam
2218 2257 2464 2312 stimulos
2494 2258 2795 2314 admovisse
2824 2261 3123 2316 calcaribus
3158 2279 3172 2317 :
3202 2276 3324 2316 nam
3349 2264 3494 2333 quod

1907 2363 1973 2404 ex
1999 2350 2273 2419 proposito
2302 2349 2495 2417 facitis,
2528 2351 2743 2419 superbi
2770 2367 2978 2417 sumus,
3004 2353 3049 2408 si
3076 2355 3273 2407 nostris
3293 2353 3493 2409 deben-

1905 2440 2031 2495 dum
2054 2441 2322 2497 credimus
2345 2443 2603 2499 institutis
2636 2462 2648 2497 :
2681 2446 2773 2500 sed
2803 2447 2891 2516 qui
2923 2445 3061 2501 bona
3084 2448 3255 2502 studia
3280 2448 3490 2517 probat,

1905 2535 2215 2601 amplificat.
2248 2537 2365 2592 Stat
2396 2537 2535 2606 apud
2566 2538 2925 2593 conscientias
2946 2548 3151 2595 vestras
3174 2550 3369 2610 quanta
3398 2541 3494 2596 Ne-

1905 2626 2102 2681 storius
2132 2637 2187 2682 et
2226 2627 2512 2697 Eutyches,
2542 2630 2754 2697 gemina
2791 2630 3070 2686 diabolicae
3098 2632 3494 2688 informationis

1905 2726 2141 2783 OStenta,
2175 2718 2264 2772 diu
2294 2728 2499 2774 castam
2539 2720 2898 2776 Ecclesiarutn
2940 2723 3293 2778 Orientalium
3330 2725 3493 2779 disci-

1907 2809 2107 2880 plinam
2150 2810 2384 2878 perfidiae
2426 2812 2776 2869 fornicatione
2816 2817 3173 2885 corruperint,
3212 2818 3301 2888 qui
3342 2819 3493 2887 juxta

1906 2900 2149 2970 Apostoli
2182 2901 2503 2956 sententiam
2539 2918 2554 2958 :
2591 2904 2923 2960 Dilectionem
2954 2908 3177 2961 veritatis
3216 2925 3316 2962 non
3354 2926 3493 2965 rece-

1904 3002 2110 3064 perunt,
2136 3003 2193 3047 ut
2216 2994 2344 3048 salvi
2372 2994 2551 3063 ﬁerent
2581 3011 2600 3049 :
2622 3007 2665 3049 et
2693 2996 2809 3051 ideo
2840 2998 2974 3051 misit
3010 2999 3114 3052 illis
3146 2999 3280 3054 Deus
3309 3017 3492 3072 Opera-

1907 3087 2093 3140 tionem
2115 3088 2326 3151 erroris,
2353 3096 2407 3141 ut
2429 3088 2685 3143 crederent
2709 3089 2975 3145 mendacio
2999 3091 3045 3162 (Ι
3071 3090 3249 3147 Thess.
3278 3109 3337 3161 ll,
3362 3094 3490 3165 10):

1905 3178 2031 3235 dum
2068 3195 2163 3249 per
2203 3178 2593 3249 subripientem
2635 3180 2871 3237 scandali
2915 3183 3253 3238 occasionem
3294 3184 3492 3243 Christi

210 3286 398 3329 rentur
411 3288 513 3341 per
528 3272 743 3341 longum
758 3267 978 3324 confusa
991 3264 1342 3337 temporibus,
1359 3263 1448 3317 Dei
1466 3263 1631 3316 nostri
1646 3260 1799 3316 exsti-

1908 3272 2107 3327 milites
2151 3272 2241 3327 ille
2282 3275 2689 3328 contentionum
2738 3288 2959 3343 campus
3005 3276 3274 3332 examinat
3308 3296 3321 3333 :
3352 3278 3493 3335 sicut

213 3365 275 3420 tit
292 3365 381 3421 lex
407 3363 683 3419 voluntas.
712 3360 899 3417 Omnis
917 3357 1246 3428 dispensatio
1266 3354 1477 3409 statutis
1502 3352 1713 3422 praefixa
1738 3351 1802 3405 li-

209 3460 430 3515 mitibus
458 3467 667 3513 tantum
694 3456 885 3527 potuit,
904 3464 1161 3526 quantum
1189 3450 1436 3521 praestitit
1458 3449 1545 3519 qui
1576 3446 1798 3503 crearit.

211 3552 297 3608 Sic
328 3568 454 3617 nos,
485 3551 576 3620 pie
605 3550 803 3619 opifex,
830 3548 971 3602 inter
999 3542 1348 3601 sacerdotalis
1377 3541 1516 3596 tituli
1542 3539 1799 3608 auspicia,

207 3648 320 3702 sole
359 3643 797 3703 conversationis
846 3640 1041 3696 irradia
1076 3656 1087 3692 :
1119 3653 1214 3708 per
1256 3636 1447 3691 sudum
1487 3635 1556 3690 de
1597 3632 1802 3689 meritis

209 3738 409 3792 nostris
455 3735 661 3804 fulgeat
686 3732 803 3788 dies
829 3730 993 3787 officii
1025 3747 1039 3785 :
1075 3729 1217 3784 nulla
1247 3724 1608 3797 subreptione,
1644 3723 1802 3778 nullis

207 3830 409 3885 diaboli
454 3825 840 3883 blandimentis
880 3831 1067 3895 pereat
1098 3822 1241 3893 quod
1272 3835 1526 3877 vocamur
1554 3837 1570 3876 :
1600 3832 1707 3874 non
1739 3818 1801 3872 li-

206 3932 326 3979 ceat
370 3922 687 3991 admisisse,
718 3918 861 3989 quod
902 3933 1005 3972 non
1049 3916 1204 3971 decet
1233 3931 1249 3969 :
1282 3914 1412 3971 recti
1455 3911 1717 3976 studium,
1749 3918 1803 3965 te

206 4016 538 4085 imperante,
563 4020 796 4067 transeat
825 4010 877 4065 in
904 4017 1148 4064 naturam
1175 4024 1189 4060 :
1216 4006 1356 4062 adsit
1383 4003 1579 4060 muniis
1605 4004 1801 4058 nostris

204 4107 432 4175 aequalis
482 4102 728 4174 Operatio
755 4118 771 4160 :
798 4100 1098 4170 composita
1137 4098 1392 4155 servitute
1439 4097 1653 4152 beatum
1683 4109 1801 4151 cre-

203 4210 316 4257 scat
342 4198 662 4268 imperium,
688 4212 787 4253 nec
811 4195 1087 4265 subjaceat
1116 4194 1377 4262 moribus,
1399 4193 1488 4263 qui
1518 4192 1801 4261 praeminet

202 4291 471 4362 dignitate
506 4308 519 4344 :
552 4305 650 4359 per
675 4288 957 4344 Dominum
986 4295 1229 4343 nostrum
1260 4285 1440 4341 Jesum
1467 4282 1761 4340 Christum.

707 4396 897 4437 ORATIO
923 4396 1064 4436 ANTE
1092 4394 1305 4435 IISSAI.

265 4476 526 4533 Collator
558 4476 821 4531 bonorum
861 4473 1028 4538 Deus,
1059 4471 1146 4527 cui
1177 4470 1401 4526 effectus
1430 4468 1484 4523 in
1514 4473 1640 4523 voto
1669 4472 1753 4521 est
1781 4484 1796 4521 :

197 4570 285 4640 qui
316 4573 389 4625 de
426 4569 613 4625 medio
656 4567 835 4639 pOpuli
883 4567 1100 4638 Moysen
1149 4566 1201 4621 in
1249 4564 1524 4635 prophetae
1570 4578 1799 4634 persona

194 4663 466 4719 dedicasti
500 4678 515 4715 :
544 4621 671 4717 naui
697 4621 820 4716 dum
850 4621 1089 4730 queritur
1120 4658 1189 4714 de
1215 4621 1601 4724 imbecillitate,
1626 4666 1678 4714 te
1705 4673 1801 4713 au-

194 4765 347 4811 ctore
390 4752 681 4809 convaluit
725 4769 737 4804 :
781 4752 1006 4822 sumpsit
1054 4750 1302 4805 meritum
1342 4749 1627 4819 pontificis.
1671 4750 1799 4805 dum

190 4848 371 4916 justus
402 4846 496 4900 sui
529 4843 733 4899 arbiter
756 4857 816 4898 se
840 4842 1097 4899 vociferat
1122 4841 1193 4896 nil
1218 4842 1437 4907 mereri,
1465 4842 1550 4896 cui
1591 4840 1798 4911 apicem

190 4941 416 4993 actione
468 4936 758 4990 sublimem
806 4932 1113 4989 conciliavit
1153 4930 1427 4986 humilitas
1460 4947 1475 4985 :
1508 4931 1574 4985 da
1614 4946 1798 5001 parem

186 5031 401 5085 nostris
434 5027 681 5084 exordiis
716 5028 963 5098 gratiam,
1008 5026 1132 5095 quia
1172 5026 1576 5095 propensibrem
1613 5025 1799 5081 deberi

185 5122 410 5177 actibus
439 5120 781 5175 declaramus
809 5119 1085 5175 offensam.
1116 5118 1230 5173 Non
1251 5127 1375 5173 sunt
1401 5117 1651 5174 inusitata
1672 5134 1794 5190 quae

182 5214 489 5283 poscimus
517 5226 535 5265 :
565 5212 865 5280 benignitas
894 5220 979 5264 tua
1020 5210 1328 5264 testimonio
1356 5216 1569 5264 tenetur
1597 5225 1791 5265 exem-

256 5330 271 5359 ⁸
310 5326 504 5380 Dictio
529 5325 593 5379 de
621 5324 891 5379 heresibns
918 5321 1277 5395 Orientalium]
1301 5322 1516 5395 Lemma
1542 5323 1792 5378 dictionis

179 5414 291 5454 non
324 5408 422 5453 est
460 5396 689 5450 Ennodii
721 5414 735 5450 :
770 5411 889 5449 nam
924 5396 973 5449 in
1005 5393 1276 5448 veteribus
1320 5393 1468 5448 libris
1496 5408 1577 5448 εει
1604 5398 1792 5463 anepi-

178 5471 422 5540 grapha,
464 5466 704 5537 praefixis
746 5474 949 5540 tantum
991 5465 1073 5519 bis
1111 5465 1311 5529 verbis,
1352 5481 1401 5540 lN
1441 5463 1656 5540 C_nnt_s1'|
1695 5481 1793 5540 NO—

176 5535 334 5597 iuatr.
391 5535 481 5594 ln'
509 5553 567 5591 ea
614 5551 776 5606 porro
819 5535 950 5589 nihil
995 5546 1218 5605 apparet
1264 5537 1404 5590 unde
1443 5536 1510 5589 ab
1551 5535 1793 5589 Ennodio

176 5616 373 5681 potius
406 5623 582 5681 quam
613 5609 679 5661 ab
707 5607 812 5661 alio
841 5607 1089 5677 quopiam
1112 5608 1364 5681 episcOpO
1388 5606 1529 5660 dicta
1558 5608 1795 5681 suspice-

174 5678 327 5736 inur.
366 5678 500 5737 Sed
526 5678 683 5745 digna
706 5688 788 5733 est
815 5692 1035 5747 prorsus
1056 5678 1241 5745 Optimi
1265 5678 1522 5746 cujusque
1542 5678 1796 5733 antistitis

171 5755 392 5817 studio,
436 5757 507 5803 ut
530 5763 656 5802 suos
680 5752 747 5803 ab
777 5749 1038 5804 haeresum
1065 5750 1380 5817 contagione
1407 5759 1614 5814 avocet,
1638 5758 1798 5818 atque

174 5827 229 5900 in
258 5820 601 5900 orthodoxa
625 5826 687 5900 et
723 5819 882 5875 Petro
908 5835 1002 5875 seu
1030 5818 1141 5875 sedi
1166 5819 1471 5889 apostolicae
1492 5818 1799 5875 adhaerente

174 5896 457 5952 doctrinm
493 5896 786 5946 contineat.

1904 3362 2159 3433 scriptum
2189 3372 2266 3419 est
2302 3381 2315 3416 :
2357 3362 2565 3432 Oportet
2595 3381 2701 3420 esse
2729 3370 3114 3437 certaminaﬂtt
3146 3370 3345 3439 probati
3374 3388 3491 3426 rna-

1903 3454 2075 3522 nifesti
2104 3455 2231 3524 [iant
2256 3452 2310 3527 (I
2341 3453 2459 3510 Cor.
2488 3472 2564 3523 ix,
2592 3457 2705 3527 l9).
2732 3459 2883 3529 Apud
2907 3476 3064 3530 quem
3086 3460 3493 3520 Chalcedonen-

1902 3548 1980 3603 sis
2022 3564 2127 3603 non
2171 3548 2300 3603 vivit
2337 3551 2779 3606 commemoratio
2820 3555 3122 3609 veneranda
3158 3558 3393 3625 concilii,
3433 3564 3492 3616 ln

1902 3654 2009 3709 quo
2052 3640 2338 3694 Dioscorus
2382 3655 2503 3695 cum
2554 3644 2909 3699 seetatoribus
2949 3646 3061 3700 suis
3091 3648 3231 3719 stle
3269 3650 3369 3718 piae
3407 3650 3492 3707 di-

1901 3732 2195 3787 strictionis
2228 3732 2471 3787 addictus
2504 3742 2606 3799 est,
2636 3743 2692 3789 et
2720 3746 2917 3791 sancta:
2945 3740 3219 3792 memoriae
3249 3739 3493 3797 Flaviani

1902 3822 2171 3877 adoranda
2219 3822 2544 3878 monimenta
2585 3824 2862 3881 exsultans
2897 3826 3492 3898 Constantinopolitana

1902 3916 2088 3971 civitas
2118 3916 2339 3986 recepit,
2371 3916 2523 3986 cujus
2558 3915 2670 3986 jam
2703 3916 2907 3986 pridem
2948 3917 3288 3973 ﬁrmaverant
3324 3921 3490 3976 ctele-

1902 4010 2005 4064 stia
2047 4009 2261 4065 decreta
2309 4008 2663 4066 sententiam?
2702 4011 2721 4041 ’
2757 4009 2854 4064 Ubi
2898 4010 3137 4081 gentium
3174 4010 3489 4069 Timotheus

1903 4099 2200 4171 ignoratur,
2233 4101 2322 4171 qui
2358 4110 2577 4172 propter
2605 4100 2960 4172 suscipiendae
2990 4102 3079 4173 (an
3108 4103 3490 4175 suspiciendm)

1905 4193 2297 4249 recordationis
2328 4192 2560 4249 Proterii
2599 4194 2800 4249 caedem
2830 4193 2944 4250 fieri
2984 4195 3103 4264 plus
3130 4211 3287 4265 quam
3319 4198 3488 4265 patri-

1904 4285 2022 4342 cida
2050 4300 2158 4340 non
2192 4286 2440 4339 horruit?
2462 4285 2591 4339 Nam
2623 4287 2760 4340 sacri
2794 4290 3166 4356 persecutione
3196 4288 3488 4356 pontificis,

1900 4386 1957 4435 et
1984 4392 2179 4449 genera
2209 4378 2495 4433 criminum
2525 4378 2653 4432 vicit
2679 4386 2732 4433 et
2762 4378 2999 4433 nomina.
3025 4378 3045 4409 ³
3067 4379 3243 4435 Scitur
3270 4380 3482 4448 Petrus,

1902 4479 1959 4525 et
1998 4470 2194 4541 Cyrus,
2237 4482 2291 4526 et
2335 4469 2681 4537 Timotheus,
2723 4470 2814 4539 qui
2850 4469 2976 4525 dum
3023 4470 3221 4540 jacenti
3270 4488 3484 4528 manum

1908 4562 2161 4617 Dioscoro
2210 4563 2505 4633 porrigunt,
2554 4572 2873 4617 corruerunt
2906 4580 2919 4617 :
2951 4562 3004 4617 hi
3047 4562 3116 4619 de
3156 4580 3488 4634 praecessore

1905 4669 2003 4710 suo
2028 4663 2085 4709 et
2109 4654 2406 4709 studiorum
2434 4652 2801 4707 haereditatem
2834 4653 3012 4723 adepti
3049 4664 3175 4711 sunt
3206 4666 3260 4712 et
3290 4660 3484 4714 ruina).

1907 4748 2156 4813 Proinde,
2197 4750 2408 4816 fratres,
2450 4756 2753 4803 manentem
2786 4749 2837 4802 in
2876 4750 3125 4818 supernis
3169 4761 3401 4821 patrum,
3434 4762 3489 4810 et

1906 4842 2271 4899 adhaerentem
2298 4842 2456 4897 beato
2478 4841 2638 4897 Petro
2660 4850 2835 4898 tenete
2856 4848 3176 4899 sententiam
3203 4862 3217 4898 :
3240 4847 3362 4916 quia
3385 4862 3487 4902 nos

1907 4934 2116 4990 mundae
2146 4934 2404 4989 Ecclesiae
2431 4942 2487 4989 et
2526 4949 2633 4989 non
2670 4933 2915 4991 habentis
2944 4938 3206 4993 maculam
3235 4948 3486 5010 optamus

1907 5027 2161 5082 unitatem
2197 5024 2410 5095 (Ephes.
2444 5042 2495 5090 v,
2526 5027 2641 5097 2'7).
2676 5027 2949 5084 Patienter
2972 5029 3195 5085 sufferre
3221 5046 3328 5085 non
3359 5046 3483 5098 pos-

1900 5134 2085 5174 sumus
2112 5133 2243 5172 vana
2277 5119 2330 5172 in
2361 5116 2628 5173 Christum
2666 5131 2909 5176 nostrum
2951 5131 3004 5176 et
3046 5122 3356 5192 blaspheme
3391 5138 3480 5176 ru-

1896 5220 2105 5268 ctantes
2134 5229 2146 5263 :
2178 5212 2375 5266 scimus
2404 5206 2493 5279 qbi
2525 5212 2573 5263 in
2608 5214 2846 5281 putribus
2886 5214 3138 5269 membris
3178 5230 3279 5269 non
3319 5214 3484 5267 utitur

1970 5327 1990 5356 ³
2040 5324 2138 5379 Ubi
2187 5324 2408 5395 gentium
2455 5322 2779 5395 Timotheus]
2828 5326 3044 5381 Murus
3093 5332 3479 5395 cognomento,

1899 5396 2237 5451 Alexandria:
2267 5394 2431 5461 sedis,
2464 5410 2602 5449 cwso
2632 5394 2873 5450 Proterio
2904 5397 2993 5465 qui
3033 5397 3083 5450 in
3130 5394 3368 5465 lliuscori
3400 5394 3482 5447 lo-

1899 5482 2021 5521 cum
2060 5466 2312 5521 suffectus
2340 5466 2560 5529 fuerat,
2612 5467 2843 5521 insessor
2882 5484 2895 5520 :
2938 5469 3003 5521 de
3042 5479 3148 5534 quo
3192 5464 3481 5520 Liberatus

1896 5537 2035 5591 diae.
2063 5552 2180 5603 cap.
2206 5538 2277 5591 15
2298 5536 2572 5590 Breviarii.

1971 5607 1991 5638 ³
2023 5607 2219 5679 Scitula
2246 5605 2449 5679 Petrus]
2481 5607 2677 5679 Petrus
2713 5604 2930 5673 Moggus
2972 5603 3141 5679 Ᾱζιιιτί
3174 5619 3481 5672 successor,

1900 5686 1956 5733 et
1983 5677 2345 5732 Dioscorianzn
2372 5677 2613 5731 faetionis
2642 5679 2941 5743 praecipuus
2969 5678 3211 5730 incentor
3231 5693 3293 5731 ac
3316 5679 3484 5746 'signi-

1902 5750 1980 5803 fer
2016 5767 2026 5801 :
2061 5748 2149 5816 qui
2182 5758 2448 5815 expuncto
2484 5763 2550 5800 ex
2592 5746 2858 5814 tliptyCl.is
2884 5746 3119 5816 nomine
3168 5749 3391 5802 Proterii
3432 5759 3484 5804 et

1904 5815 2172 5873 Timothei
2202 5816 2475 5880 catholici,
2512 5816 2746 5868 [)ioscori
2779 5825 2832 5867 et
2860 5815 3028 5870 [Elurl
3062 5834 3253 5875 nomen
3293 5821 3482 5874 inscri-

1906 5891 2028 5952 psit,
2055 5898 2113 5943 ut
2138 5897 2318 5943 narrat
2352 5886 2491 5941 idem
2526 5885 2802 5939 Liberatus
2828 5902 2946 5945 can.
2979 5889 3044 5943 {8
