  <div class='ocr_page' id='page_1' title='image "/cluster/home/n/w/nwhite01/storage/ocr_20150623/63/hvd.32044015469307/141.png"; bbox 0 0 3974 6366; ppageno 0'>
   <div class='ocr_carea' id='block_1_1' title="bbox 487 271 593 330">
    <p class='ocr_par' dir='ltr' id='par_1_1' title="bbox 487 271 593 330">
     <span class='ocr_line' id='line_1_1' title="bbox 487 271 593 330; baseline -0.047 -1"><span class='ocrx_word' id='word_1_1' title='bbox 487 271 593 330; x_wconf 63' lang='grc'><strong>275</strong></span> 
     </span>
    </p>
   </div>
   <div class='ocr_carea' id='block_1_2' title="bbox 1608 272 3708 351">
    <p class='ocr_par' dir='ltr' id='par_1_2' title="bbox 1608 272 3708 351">
     <span class='ocr_line' id='line_1_2' title="bbox 1608 272 3708 351; baseline 0.008 -19"><span class='ocrx_word' id='word_1_2' title='bbox 1608 276 1885 333; x_wconf 78' lang='lat' dir='ltr'><strong>ENNODII</strong></span> <span class='ocrx_word' id='word_1_3' title='bbox 1922 272 2229 334; x_wconf 81' lang='lat' dir='ltr'><strong>EPISCOPI</strong></span> <span class='ocrx_word' id='word_1_4' title='bbox 2266 274 2647 334; x_wconf 82' lang='lat' dir='ltr'><strong>TICINENSIS</strong></span> <span class='ocrx_word' id='word_1_5' title='bbox 3617 293 3708 351; x_wconf 66' lang='lat'><strong>276</strong></span> 
     </span>
    </p>
   </div>
   <div class='ocr_carea' id='block_1_3' title="bbox 480 394 3709 477">
    <p class='ocr_par' dir='ltr' id='par_1_3' title="bbox 480 394 3709 477">
     <span class='ocr_line' id='line_1_3' title="bbox 480 394 3709 477; baseline 0.012 -47"><span class='ocrx_word' id='word_1_6' title='bbox 480 400 605 456; x_wconf 61' lang='lat' dir='ltr'><strong>le&quot;;</strong></span> <span class='ocrx_word' id='word_1_7' title='bbox 628 398 914 462; x_wconf 55' lang='lat' dir='ltr'><strong>medzcina,</strong></span> <span class='ocrx_word' id='word_1_8' title='bbox 938 397 1276 468; x_wconf 65' lang='lat' dir='ltr'><strong>serpentibus</strong></span> <span class='ocrx_word' id='word_1_9' title='bbox 1300 396 1503 451; x_wconf 87' lang='lat' dir='ltr'><strong>morbis</strong></span> <span class='ocrx_word' id='word_1_10' title='bbox 1526 404 1743 467; x_wconf 67' lang='lat' dir='ltr'><strong>praestat</strong></span> <span class='ocrx_word' id='word_1_11' title='bbox 1764 394 2019 464; x_wconf 86' lang='lat' dir='ltr'><strong>obsequia</strong></span> <span class='ocrx_word' id='word_1_12' title='bbox 2050 409 2063 445; x_wconf 92' lang='lat'>:</span> <span class='ocrx_word' id='word_1_13' title='bbox 2094 394 2150 456; x_wconf 76' lang='grc' dir='ltr'><strong>Α</strong></span> <span class='ocrx_word' id='word_1_14' title='bbox 2173 408 2262 462; x_wconf 90' lang='lat' dir='ltr'><strong>go,</strong></span> <span class='ocrx_word' id='word_1_15' title='bbox 2309 396 2541 450; x_wconf 86' lang='lat' dir='ltr'><strong>nutritor</strong></span> <span class='ocrx_word' id='word_1_16' title='bbox 2591 396 2944 466; x_wconf 90' lang='lat' dir='ltr'><strong>profectoum,</strong></span> <span class='ocrx_word' id='word_1_17' title='bbox 2990 398 3078 453; x_wconf 79' lang='lat' dir='ltr'><strong>fax</strong></span> <span class='ocrx_word' id='word_1_18' title='bbox 3123 409 3178 455; x_wconf 92' lang='lat' dir='ltr'><strong>et</strong></span> <span class='ocrx_word' id='word_1_19' title='bbox 3223 403 3461 472; x_wconf 82' lang='lat' dir='ltr'><strong>splendor</strong></span> <span class='ocrx_word' id='word_1_20' title='bbox 3504 407 3709 477; x_wconf 75' lang='lat' dir='ltr'><strong>ingenui-</strong></span> 
     </span>
    </p>
   </div>
   <div class='ocr_carea' id='block_1_4' title="bbox 480 487 2068 555">
    <p class='ocr_par' dir='ltr' id='par_1_4' title="bbox 480 487 2068 555">
     <span class='ocr_line' id='line_1_4' title="bbox 480 487 2068 555; baseline -0.004 -8"><span class='ocrx_word' id='word_1_21' title='bbox 480 508 606 547; x_wconf 89' lang='lat' dir='ltr'><strong>nam</strong></span> <span class='ocrx_word' id='word_1_22' title='bbox 650 491 751 546; x_wconf 84' lang='lat' dir='ltr'><strong>nisi</strong></span> <span class='ocrx_word' id='word_1_23' title='bbox 798 500 1047 546; x_wconf 73' lang='lat' dir='ltr'><strong>secentur</strong></span> <span class='ocrx_word' id='word_1_24' title='bbox 1087 489 1367 555; x_wconf 90' lang='lat' dir='ltr'><strong>tabefacta,</strong></span> <span class='ocrx_word' id='word_1_25' title='bbox 1399 488 1788 543; x_wconf 88' lang='lat' dir='ltr'><strong>contaminant.</strong></span> <span class='ocrx_word' id='word_1_26' title='bbox 1840 487 2068 541; x_wconf 86' lang='lat' dir='ltr'><strong>Pacifica</strong></span> 
     </span>
    </p>
   </div>
   <div class='ocr_carea' id='block_1_5' title="bbox 480 581 2070 650">
    <p class='ocr_par' dir='ltr' id='par_1_5' title="bbox 480 581 2070 650">
     <span class='ocr_line' id='line_1_5' title="bbox 480 581 2070 650; baseline -0.004 -10"><span class='ocrx_word' id='word_1_27' title='bbox 480 595 563 641; x_wconf 86' lang='lat' dir='ltr'><strong>est</strong></span> <span class='ocrx_word' id='word_1_28' title='bbox 586 600 706 639; x_wconf 93' lang='lat' dir='ltr'><strong>cum</strong></span> <span class='ocrx_word' id='word_1_29' title='bbox 733 583 815 637; x_wconf 89' lang='lat' dir='ltr'><strong>his</strong></span> <span class='ocrx_word' id='word_1_30' title='bbox 843 582 929 649; x_wconf 88' lang='lat' dir='ltr'><strong>qui</strong></span> <span class='ocrx_word' id='word_1_31' title='bbox 960 591 1161 636; x_wconf 89' lang='lat' dir='ltr'><strong>rectum</strong></span> <span class='ocrx_word' id='word_1_32' title='bbox 1186 581 1428 636; x_wconf 88' lang='lat' dir='ltr'><strong>nituntur</strong></span> <span class='ocrx_word' id='word_1_33' title='bbox 1448 581 1787 650; x_wconf 80' lang='lat' dir='ltr'><strong>impugnare,</strong></span> <span class='ocrx_word' id='word_1_34' title='bbox 1813 593 2070 649; x_wconf 78' lang='lat' dir='ltr'><strong>congres-</strong></span> 
     </span>
    </p>
   </div>
   <div class='ocr_carea' id='block_1_6' title="bbox 481 674 2066 746">
    <p class='ocr_par' dir='ltr' id='par_1_6' title="bbox 481 674 2066 746">
     <span class='ocr_line' id='line_1_6' title="bbox 481 674 2066 746; baseline -0.004 -13"><span class='ocrx_word' id='word_1_35' title='bbox 481 679 565 733; x_wconf 85' lang='lat' dir='ltr'><strong>sio</strong></span> <span class='ocrx_word' id='word_1_36' title='bbox 590 694 603 731; x_wconf 85' lang='lat'><strong>:</strong></span> <span class='ocrx_word' id='word_1_37' title='bbox 629 679 747 746; x_wconf 88' lang='lat' dir='ltr'><strong>quis</strong></span> <span class='ocrx_word' id='word_1_38' title='bbox 773 691 802 730; x_wconf 90' lang='lat' dir='ltr'><strong>a</strong></span> <span class='ocrx_word' id='word_1_39' title='bbox 830 675 985 731; x_wconf 90' lang='lat' dir='ltr'><strong>bellis</strong></span> <span class='ocrx_word' id='word_1_40' title='bbox 1010 676 1204 732; x_wconf 79' lang='lat' dir='ltr'><strong>talibus</strong></span> <span class='ocrx_word' id='word_1_41' title='bbox 1230 675 1438 730; x_wconf 92' lang='lat' dir='ltr'><strong>timoris</strong></span> <span class='ocrx_word' id='word_1_42' title='bbox 1461 684 1743 730; x_wconf 81' lang='lat' dir='ltr'><strong>revocetur</strong></span> <span class='ocrx_word' id='word_1_43' title='bbox 1767 674 2066 740; x_wconf 77' lang='lat' dir='ltr'><strong>obStaculo,</strong></span> 
     </span>
    </p>
   </div>
   <div class='ocr_carea' id='block_1_7' title="bbox 479 766 2069 839">
    <p class='ocr_par' dir='ltr' id='par_1_7' title="bbox 479 766 2069 839">
     <span class='ocr_line' id='line_1_7' title="bbox 479 766 2069 839; baseline -0.003 -16"><span class='ocrx_word' id='word_1_44' title='bbox 479 770 550 825; x_wconf 87' lang='lat' dir='ltr'><strong>de</strong></span> <span class='ocrx_word' id='word_1_45' title='bbox 577 770 769 838; x_wconf 86' lang='lat' dir='ltr'><strong>quibus</strong></span> <span class='ocrx_word' id='word_1_46' title='bbox 795 769 943 823; x_wconf 88' lang='lat' dir='ltr'><strong>vitali</strong></span> <span class='ocrx_word' id='word_1_47' title='bbox 978 771 1149 839; x_wconf 88' lang='lat' dir='ltr'><strong>possit</strong></span> <span class='ocrx_word' id='word_1_48' title='bbox 1171 778 1344 824; x_wconf 88' lang='lat' dir='ltr'><strong>morte</strong></span> <span class='ocrx_word' id='word_1_49' title='bbox 1372 767 1643 839; x_wconf 87' lang='lat' dir='ltr'><strong>gaudere?</strong></span> <span class='ocrx_word' id='word_1_50' title='bbox 1666 767 1860 837; x_wconf 85' lang='lat' dir='ltr'><strong>quibus</strong></span> <span class='ocrx_word' id='word_1_51' title='bbox 1886 766 2069 821; x_wconf 92' lang='lat' dir='ltr'><strong>mundi</strong></span> 
     </span>
    </p>
   </div>
   <div class='ocr_carea' id='block_1_8' title="bbox 479 860 2069 932">
    <p class='ocr_par' dir='ltr' id='par_1_8' title="bbox 479 860 2069 932">
     <span class='ocr_line' id='line_1_8' title="bbox 479 860 2069 932; baseline -0.003 -15"><span class='ocrx_word' id='word_1_52' title='bbox 479 863 639 932; x_wconf 81' lang='lat' dir='ltr'><strong>hujus</strong></span> <span class='ocrx_word' id='word_1_53' title='bbox 687 862 1016 932; x_wconf 90' lang='lat' dir='ltr'><strong>potentibus,</strong></span> <span class='ocrx_word' id='word_1_54' title='bbox 1062 863 1145 918; x_wconf 87' lang='lat' dir='ltr'><strong>vel</strong></span> <span class='ocrx_word' id='word_1_55' title='bbox 1193 864 1236 917; x_wconf 96' lang='lat' dir='ltr'><strong>si</strong></span> <span class='ocrx_word' id='word_1_56' title='bbox 1286 864 1577 927; x_wconf 86' lang='lat' dir='ltr'><strong>minentur,</strong></span> <span class='ocrx_word' id='word_1_57' title='bbox 1621 860 2069 931; x_wconf 86' lang='lat' dir='ltr'><strong>acquiesccndum</strong></span> 
     </span>
    </p>
   </div>
   <div class='ocr_carea' id='block_1_9' title="bbox 478 955 2068 1027">
    <p class='ocr_par' dir='ltr' id='par_1_9' title="bbox 478 955 2068 1027">
     <span class='ocr_line' id='line_1_9' title="bbox 478 955 2068 1027; baseline -0.002 -17"><span class='ocrx_word' id='word_1_58' title='bbox 478 956 775 1022; x_wconf 85' lang='lat' dir='ltr'><strong>credimus,</strong></span> <span class='ocrx_word' id='word_1_59' title='bbox 805 957 1021 1026; x_wconf 86' lang='lat' dir='ltr'><strong>quando</strong></span> <span class='ocrx_word' id='word_1_60' title='bbox 1052 957 1197 1012; x_wconf 87' lang='lat' dir='ltr'><strong>aliud</strong></span> <span class='ocrx_word' id='word_1_61' title='bbox 1246 958 1471 1026; x_wconf 88' lang='lat' dir='ltr'><strong>imperat</strong></span> <span class='ocrx_word' id='word_1_62' title='bbox 1498 957 1585 1027; x_wconf 90' lang='lat' dir='ltr'><strong>qui</strong></span> <span class='ocrx_word' id='word_1_63' title='bbox 1616 972 1779 1025; x_wconf 88' lang='lat' dir='ltr'><strong>regna</strong></span> <span class='ocrx_word' id='word_1_64' title='bbox 1820 955 2068 1009; x_wconf 85' lang='lat' dir='ltr'><strong>modera-</strong></span> 
     </span>
    </p>
   </div>
   <div class='ocr_carea' id='block_1_10' title="bbox 482 1048 2072 1120">
    <p class='ocr_par' dir='ltr' id='par_1_10' title="bbox 482 1048 2072 1120">
     <span class='ocr_line' id='line_1_10' title="bbox 482 1048 2072 1120; baseline -0.001 -18"><span class='ocrx_word' id='word_1_65' title='bbox 482 1048 603 1102; x_wconf 88' lang='lat' dir='ltr'><strong>tur?</strong></span> <span class='ocrx_word' id='word_1_66' title='bbox 628 1048 842 1104; x_wconf 84' lang='lat' dir='ltr'><strong>dicente</strong></span> <span class='ocrx_word' id='word_1_67' title='bbox 876 1052 1174 1119; x_wconf 82' lang='lat' dir='ltr'><strong>Apostolo:</strong></span> <span class='ocrx_word' id='word_1_68' title='bbox 1210 1049 1327 1102; x_wconf 83' lang='lat' dir='ltr'><strong>Non</strong></span> <span class='ocrx_word' id='word_1_69' title='bbox 1361 1059 1480 1102; x_wconf 85' lang='lat' dir='ltr'><strong>sunt</strong></span> <span class='ocrx_word' id='word_1_70' title='bbox 1517 1048 1787 1120; x_wconf 76' lang='lat' dir='ltr'><strong>condigna:</strong></span> <span class='ocrx_word' id='word_1_71' title='bbox 1812 1048 2072 1117; x_wconf 71' lang='lat' dir='ltr'><strong>passione:</strong></span> 
     </span>
    </p>
   </div>
   <div class='ocr_carea' id='block_1_11' title="bbox 481 1138 2072 1211">
    <p class='ocr_par' dir='ltr' id='par_1_11' title="bbox 481 1138 2072 1211">
     <span class='ocr_line' id='line_1_11' title="bbox 481 1138 2072 1211; baseline 0.001 -18"><span class='ocrx_word' id='word_1_72' title='bbox 481 1141 638 1210; x_wconf 77' lang='lat' dir='ltr'><strong>huius</strong></span> <span class='ocrx_word' id='word_1_73' title='bbox 668 1138 847 1195; x_wconf 77' lang='lat' dir='ltr'><strong>rnundi</strong></span> <span class='ocrx_word' id='word_1_74' title='bbox 877 1143 947 1195; x_wconf 89' lang='lat' dir='ltr'><strong>ad</strong></span> <span class='ocrx_word' id='word_1_75' title='bbox 975 1152 1387 1210; x_wconf 78' lang='lat' dir='ltr'><strong>superventuram</strong></span> <span class='ocrx_word' id='word_1_76' title='bbox 1410 1142 1649 1211; x_wconf 78' lang='lat' dir='ltr'><strong>gloriam,</strong></span> <span class='ocrx_word' id='word_1_77' title='bbox 1679 1156 1790 1210; x_wconf 67' lang='lat' dir='ltr'><strong>qua?</strong></span> <span class='ocrx_word' id='word_1_78' title='bbox 1826 1140 2072 1195; x_wconf 81' lang='lat' dir='ltr'><strong>revelabi-</strong></span> 
     </span>
    </p>
   </div>
   <div class='ocr_carea' id='block_1_12' title="bbox 483 1232 2069 1303">
    <p class='ocr_par' dir='ltr' id='par_1_12' title="bbox 483 1232 2069 1303">
     <span class='ocr_line' id='line_1_12' title="bbox 483 1232 2069 1303; baseline 0.001 -16"><span class='ocrx_word' id='word_1_79' title='bbox 483 1245 567 1288; x_wconf 86' lang='lat' dir='ltr'><strong>tur</strong></span> <span class='ocrx_word' id='word_1_80' title='bbox 611 1235 665 1289; x_wconf 86' lang='lat' dir='ltr'><strong>in</strong></span> <span class='ocrx_word' id='word_1_81' title='bbox 707 1235 849 1289; x_wconf 84' lang='lat' dir='ltr'><strong>nobis</strong></span> <span class='ocrx_word' id='word_1_82' title='bbox 875 1234 1053 1302; x_wconf 85' lang='lat' dir='ltr'><strong>(Rom.</strong></span> <span class='ocrx_word' id='word_1_83' title='bbox 1087 1251 1203 1302; x_wconf 83' lang='lat' dir='ltr'><strong>vui,</strong></span> <span class='ocrx_word' id='word_1_84' title='bbox 1240 1234 1350 1303; x_wconf 73' lang='lat'><strong>18).</strong></span> <span class='ocrx_word' id='word_1_85' title='bbox 1382 1232 1547 1288; x_wconf 82' lang='lat' dir='ltr'><strong>Fluxa</strong></span> <span class='ocrx_word' id='word_1_86' title='bbox 1585 1233 2069 1289; x_wconf 84' lang='lat' dir='ltr'><strong>ecclesiasticarum</strong></span> 
     </span>
    </p>
   </div>
   <div class='ocr_carea' id='block_1_13' title="bbox 480 1328 2070 1401">
    <p class='ocr_par' dir='ltr' id='par_1_13' title="bbox 480 1328 2070 1401">
     <span class='ocr_line' id='line_1_13' title="bbox 480 1328 2070 1401; baseline -0.002 -17"><span class='ocrx_word' id='word_1_87' title='bbox 480 1329 645 1385; x_wconf 88' lang='lat' dir='ltr'><strong>corda</strong></span> <span class='ocrx_word' id='word_1_88' title='bbox 671 1340 756 1383; x_wconf 92' lang='lat' dir='ltr'><strong>aut</strong></span> <span class='ocrx_word' id='word_1_89' title='bbox 784 1331 1001 1386; x_wconf 83' lang='lat' dir='ltr'><strong>turbant</strong></span> <span class='ocrx_word' id='word_1_90' title='bbox 1027 1345 1149 1401; x_wconf 73' lang='lat' dir='ltr'><strong>qua:</strong></span> <span class='ocrx_word' id='word_1_91' title='bbox 1181 1331 1233 1384; x_wconf 91' lang='lat' dir='ltr'><strong>in</strong></span> <span class='ocrx_word' id='word_1_92' title='bbox 1262 1329 1516 1399; x_wconf 62' lang='lat' dir='ltr'><strong>praesenti</strong></span> <span class='ocrx_word' id='word_1_93' title='bbox 1543 1331 1648 1382; x_wconf 91' lang='lat' dir='ltr'><strong>vita</strong></span> <span class='ocrx_word' id='word_1_94' title='bbox 1677 1337 1821 1393; x_wconf 91' lang='lat' dir='ltr'><strong>sunt,</strong></span> <span class='ocrx_word' id='word_1_95' title='bbox 1852 1335 1944 1381; x_wconf 90' lang='lat' dir='ltr'><strong>aut</strong></span> <span class='ocrx_word' id='word_1_96' title='bbox 1972 1328 2070 1381; x_wconf 60' lang='lat' dir='ltr'><strong>de-</strong></span> 
     </span>
    </p>
   </div>
   <div class='ocr_carea' id='block_1_14' title="bbox 479 1417 2071 1491">
    <p class='ocr_par' dir='ltr' id='par_1_14' title="bbox 479 1417 2071 1491">
     <span class='ocr_line' id='line_1_14' title="bbox 479 1417 2071 1491; baseline -0.002 -16"><span class='ocrx_word' id='word_1_97' title='bbox 479 1421 684 1476; x_wconf 86' lang='lat' dir='ltr'><strong>lectant</strong></span> <span class='ocrx_word' id='word_1_98' title='bbox 714 1439 724 1473; x_wconf 95' lang='lat'>:</span> <span class='ocrx_word' id='word_1_99' title='bbox 750 1421 941 1491; x_wconf 89' lang='lat' dir='ltr'><strong>quibus</strong></span> <span class='ocrx_word' id='word_1_100' title='bbox 973 1422 988 1453; x_wconf 82' lang='grc'>¹</span> <span class='ocrx_word' id='word_1_101' title='bbox 1017 1422 1244 1477; x_wconf 86' lang='lat' dir='ltr'><strong>Aeacius</strong></span> <span class='ocrx_word' id='word_1_102' title='bbox 1268 1422 1354 1491; x_wconf 87' lang='lat' dir='ltr'><strong>qui</strong></span> <span class='ocrx_word' id='word_1_103' title='bbox 1379 1421 1499 1475; x_wconf 92' lang='lat' dir='ltr'><strong>diro</strong></span> <span class='ocrx_word' id='word_1_104' title='bbox 1520 1420 1719 1475; x_wconf 85' lang='lat' dir='ltr'><strong>diaboli</strong></span> <span class='ocrx_word' id='word_1_105' title='bbox 1752 1434 1781 1473; x_wconf 90' lang='lat' dir='ltr'><strong>a</strong></span> <span class='ocrx_word' id='word_1_106' title='bbox 1805 1417 2071 1474; x_wconf 85' lang='lat' dir='ltr'><strong>sententia</strong></span> 
     </span>
    </p>
   </div>
   <div class='ocr_carea' id='block_1_15' title="bbox 480 1514 2071 1583">
    <p class='ocr_par' dir='ltr' id='par_1_15' title="bbox 480 1514 2071 1583">
     <span class='ocr_line' id='line_1_15' title="bbox 480 1514 2071 1583; baseline -0.004 -13"><span class='ocrx_word' id='word_1_107' title='bbox 480 1530 576 1570; x_wconf 85' lang='lat' dir='ltr'><strong>sua</strong></span> <span class='ocrx_word' id='word_1_108' title='bbox 627 1524 804 1570; x_wconf 90' lang='lat' dir='ltr'><strong>motus</strong></span> <span class='ocrx_word' id='word_1_109' title='bbox 846 1515 1091 1583; x_wconf 78' lang='lat' dir='ltr'><strong>imperio,</strong></span> <span class='ocrx_word' id='word_1_110' title='bbox 1127 1514 1337 1569; x_wconf 89' lang='lat' dir='ltr'><strong>erubuit</strong></span> <span class='ocrx_word' id='word_1_111' title='bbox 1376 1514 1467 1567; x_wconf 92' lang='lat' dir='ltr'><strong>diu</strong></span> <span class='ocrx_word' id='word_1_112' title='bbox 1515 1522 1967 1583; x_wconf 80' lang='lat' dir='ltr'><strong>propugnatorem</strong></span> <span class='ocrx_word' id='word_1_113' title='bbox 2012 1523 2071 1565; x_wconf 90' lang='lat' dir='ltr'><strong>se</strong></span> 
     </span>
    </p>
   </div>
   <div class='ocr_carea' id='block_1_16' title="bbox 479 1605 2069 1670">
    <p class='ocr_par' dir='ltr' id='par_1_16' title="bbox 479 1605 2069 1670">
     <span class='ocr_line' id='line_1_16' title="bbox 479 1605 2069 1670; baseline -0.002 -10"><span class='ocrx_word' id='word_1_114' title='bbox 479 1606 647 1661; x_wconf 86' lang='lat' dir='ltr'><strong>fuisse</strong></span> <span class='ocrx_word' id='word_1_115' title='bbox 684 1606 950 1670; x_wconf 74' lang='lat' dir='ltr'><strong>veritatis;</strong></span> <span class='ocrx_word' id='word_1_116' title='bbox 991 1616 1048 1660; x_wconf 91' lang='lat' dir='ltr'><strong>et</strong></span> <span class='ocrx_word' id='word_1_117' title='bbox 1086 1606 1215 1660; x_wconf 84' lang='lat' dir='ltr'><strong>clari</strong></span> <span class='ocrx_word' id='word_1_118' title='bbox 1250 1605 1506 1659; x_wconf 90' lang='lat' dir='ltr'><strong>deserens</strong></span> <span class='ocrx_word' id='word_1_119' title='bbox 1547 1613 1860 1659; x_wconf 90' lang='lat' dir='ltr'><strong>ornamenta</strong></span> <span class='ocrx_word' id='word_1_120' title='bbox 1892 1612 2069 1659; x_wconf 83' lang='lat' dir='ltr'><strong>certa-</strong></span> 
     </span>
    </p>
   </div>
   <div class='ocr_carea' id='block_1_17' title="bbox 480 1698 2072 1769">
    <p class='ocr_par' dir='ltr' id='par_1_17' title="bbox 480 1698 2072 1769">
     <span class='ocr_line' id='line_1_17' title="bbox 480 1698 2072 1769; baseline 0.001 -17"><span class='ocrx_word' id='word_1_121' title='bbox 480 1700 665 1763; x_wconf 81' lang='lat' dir='ltr'><strong>minis,</strong></span> <span class='ocrx_word' id='word_1_122' title='bbox 689 1698 1014 1769; x_wconf 88' lang='lat' dir='ltr'><strong>triumphum</strong></span> <span class='ocrx_word' id='word_1_123' title='bbox 1042 1714 1196 1753; x_wconf 90' lang='lat' dir='ltr'><strong>suum</strong></span> <span class='ocrx_word' id='word_1_124' title='bbox 1240 1714 1396 1766; x_wconf 91' lang='lat' dir='ltr'><strong>quem</strong></span> <span class='ocrx_word' id='word_1_125' title='bbox 1437 1700 1536 1753; x_wconf 89' lang='lat' dir='ltr'><strong>sub</strong></span> <span class='ocrx_word' id='word_1_126' title='bbox 1578 1699 1833 1754; x_wconf 87' lang='lat' dir='ltr'><strong>Basilisco</strong></span> <span class='ocrx_word' id='word_1_127' title='bbox 1863 1698 1951 1768; x_wconf 91' lang='lat' dir='ltr'><strong>pio</strong></span> <span class='ocrx_word' id='word_1_128' title='bbox 1981 1714 2072 1753; x_wconf 85' lang='lat' dir='ltr'><strong>su-</strong></span> 
     </span>
    </p>
   </div>
   <div class='ocr_carea' id='block_1_18' title="bbox 2177 488 3695 565">
    <p class='ocr_par' dir='ltr' id='par_1_18' title="bbox 2177 488 3695 565">
     <span class='ocr_line' id='line_1_18' title="bbox 2177 488 3695 565; baseline 0.013 -26"><span class='ocrx_word' id='word_1_129' title='bbox 2177 488 2298 541; x_wconf 88' lang='lat' dir='ltr'><strong>tatis</strong></span> <span class='ocrx_word' id='word_1_130' title='bbox 2331 489 2454 557; x_wconf 88' lang='lat' dir='ltr'><strong>:qui</strong></span> <span class='ocrx_word' id='word_1_131' title='bbox 2483 489 2677 543; x_wconf 90' lang='lat' dir='ltr'><strong>nobilia</strong></span> <span class='ocrx_word' id='word_1_132' title='bbox 2723 492 2964 557; x_wconf 81' lang='lat' dir='ltr'><strong>germina</strong></span> <span class='ocrx_word' id='word_1_133' title='bbox 3008 492 3287 549; x_wconf 77' lang='lat' dir='ltr'><strong>laboriosis</strong></span> <span class='ocrx_word' id='word_1_134' title='bbox 3321 500 3574 565; x_wconf 75' lang='lat' dir='ltr'><strong>purgando</strong></span> <span class='ocrx_word' id='word_1_135' title='bbox 3599 518 3695 557; x_wconf 82' lang='lat' dir='ltr'><strong>sar-</strong></span> 
     </span>
    </p>
   </div>
   <div class='ocr_carea' id='block_1_19' title="bbox 2176 580 3708 655">
    <p class='ocr_par' dir='ltr' id='par_1_19' title="bbox 2176 580 3708 655">
     <span class='ocr_line' id='line_1_19' title="bbox 2176 580 3708 655; baseline 0.01 -22"><span class='ocrx_word' id='word_1_136' title='bbox 2176 580 2310 634; x_wconf 92' lang='lat' dir='ltr'><strong>culis</strong></span> <span class='ocrx_word' id='word_1_137' title='bbox 2343 580 2393 633; x_wconf 93' lang='lat' dir='ltr'><strong>in</strong></span> <span class='ocrx_word' id='word_1_138' title='bbox 2422 580 2685 637; x_wconf 89' lang='lat' dir='ltr'><strong>fructibus</strong></span> <span class='ocrx_word' id='word_1_139' title='bbox 2709 580 2841 636; x_wconf 86' lang='lat' dir='ltr'><strong>facis</strong></span> <span class='ocrx_word' id='word_1_140' title='bbox 2877 585 3095 652; x_wconf 82' lang='lat' dir='ltr'><strong>agnosci</strong></span> <span class='ocrx_word' id='word_1_141' title='bbox 3124 586 3245 655; x_wconf 90' lang='lat' dir='ltr'><strong>:qui</strong></span> <span class='ocrx_word' id='word_1_142' title='bbox 3269 586 3317 640; x_wconf 92' lang='lat' dir='ltr'><strong>in</strong></span> <span class='ocrx_word' id='word_1_143' title='bbox 3339 602 3463 642; x_wconf 89' lang='lat' dir='ltr'><strong>cano</strong></span> <span class='ocrx_word' id='word_1_144' title='bbox 3487 590 3605 647; x_wconf 84' lang='lat' dir='ltr'><strong>ﬂore</strong></span> <span class='ocrx_word' id='word_1_145' title='bbox 3624 609 3708 648; x_wconf 64' lang='lat' dir='ltr'><strong>non</strong></span> 
     </span>
    </p>
   </div>
   <div class='ocr_carea' id='block_1_20' title="bbox 2176 670 3713 749">
    <p class='ocr_par' dir='ltr' id='par_1_20' title="bbox 2176 670 3713 749">
     <span class='ocr_line' id='line_1_20' title="bbox 2176 670 3713 749; baseline 0.012 -25"><span class='ocrx_word' id='word_1_146' title='bbox 2176 670 2328 725; x_wconf 71' lang='lat' dir='ltr'><strong>vellae</strong></span> <span class='ocrx_word' id='word_1_147' title='bbox 2357 673 2714 740; x_wconf 85' lang='lat' dir='ltr'><strong>posteritatis,</strong></span> <span class='ocrx_word' id='word_1_148' title='bbox 2758 684 3017 744; x_wconf 88' lang='lat' dir='ltr'><strong>quantum</strong></span> <span class='ocrx_word' id='word_1_149' title='bbox 3060 678 3259 733; x_wconf 81' lang='lat' dir='ltr'><strong>horreis</strong></span> <span class='ocrx_word' id='word_1_150' title='bbox 3298 693 3518 749; x_wconf 86' lang='lat' dir='ltr'><strong>paretur,</strong></span> <span class='ocrx_word' id='word_1_151' title='bbox 3559 700 3713 743; x_wconf 74' lang='lat' dir='ltr'><strong>oeten-</strong></span> 
     </span>
    </p>
   </div>
   <div class='ocr_carea' id='block_1_21' title="bbox 2173 764 3715 835">
    <p class='ocr_par' dir='ltr' id='par_1_21' title="bbox 2173 764 3715 835">
     <span class='ocr_line' id='line_1_21' title="bbox 2173 764 3715 835; baseline 0.01 -16"><span class='ocrx_word' id='word_1_152' title='bbox 2173 764 2257 819; x_wconf 80' lang='lat' dir='ltr'><strong>dis</strong></span> <span class='ocrx_word' id='word_1_153' title='bbox 2284 780 2300 819; x_wconf 90' lang='lat'><strong>:</strong></span> <span class='ocrx_word' id='word_1_154' title='bbox 2331 768 2419 830; x_wconf 84' lang='lat' dir='ltr'><strong>qui</strong></span> <span class='ocrx_word' id='word_1_155' title='bbox 2449 765 2519 821; x_wconf 91' lang='lat' dir='ltr'><strong>de</strong></span> <span class='ocrx_word' id='word_1_156' title='bbox 2544 767 3065 835; x_wconf 45' lang='lat' dir='ltr'><strong>feraromLcubilibus</strong></span> <span class='ocrx_word' id='word_1_157' title='bbox 3094 779 3146 826; x_wconf 90' lang='lat' dir='ltr'><strong>et</strong></span> <span class='ocrx_word' id='word_1_158' title='bbox 3186 771 3445 827; x_wconf 87' lang='lat' dir='ltr'><strong>bubonnm</strong></span> <span class='ocrx_word' id='word_1_159' title='bbox 3480 776 3715 834; x_wconf 87' lang='lat' dir='ltr'><strong>habitacu-</strong></span> 
     </span>
    </p>
   </div>
   <div class='ocr_carea' id='block_1_22' title="bbox 2173 856 3715 940">
    <p class='ocr_par' dir='ltr' id='par_1_22' title="bbox 2173 856 3715 940">
     <span class='ocr_line' id='line_1_22' title="bbox 2173 856 3715 940; baseline 0.008 -27"><span class='ocrx_word' id='word_1_160' title='bbox 2173 858 2241 913; x_wconf 90' lang='lat' dir='ltr'><strong>lis</strong></span> <span class='ocrx_word' id='word_1_161' title='bbox 2264 856 2333 913; x_wconf 90' lang='lat' dir='ltr'><strong>ad</strong></span> <span class='ocrx_word' id='word_1_162' title='bbox 2356 858 2467 913; x_wconf 88' lang='lat' dir='ltr'><strong>fora</strong></span> <span class='ocrx_word' id='word_1_163' title='bbox 2493 873 2593 914; x_wconf 89' lang='lat' dir='ltr'><strong>nos</strong></span> <span class='ocrx_word' id='word_1_164' title='bbox 2619 874 2863 927; x_wconf 85' lang='lat' dir='ltr'><strong>revocas,</strong></span> <span class='ocrx_word' id='word_1_165' title='bbox 2889 861 3033 917; x_wconf 80' lang='lat' dir='ltr'><strong>unde</strong></span> <span class='ocrx_word' id='word_1_166' title='bbox 3057 863 3287 931; x_wconf 86' lang='lat' dir='ltr'><strong>majores</strong></span> <span class='ocrx_word' id='word_1_167' title='bbox 3316 879 3445 934; x_wconf 86' lang='lat' dir='ltr'><strong>pene</strong></span> <span class='ocrx_word' id='word_1_168' title='bbox 3460 868 3557 934; x_wconf 88' lang='lat' dir='ltr'><strong>jam</strong></span> <span class='ocrx_word' id='word_1_169' title='bbox 3579 869 3715 940; x_wconf 76' lang='lat' dir='ltr'><strong>longa</strong></span> 
     </span>
    </p>
   </div>
   <div class='ocr_carea' id='block_1_23' title="bbox 2174 952 3718 1027">
    <p class='ocr_par' dir='ltr' id='par_1_23' title="bbox 2174 952 3718 1027">
     <span class='ocr_line' id='line_1_23' title="bbox 2174 952 3718 1027; baseline 0.01 -22"><span class='ocrx_word' id='word_1_170' title='bbox 2174 959 2333 1006; x_wconf 70' lang='lat' dir='ltr'><strong>aetate</strong></span> <span class='ocrx_word' id='word_1_171' title='bbox 2369 952 2759 1011; x_wconf 82' lang='lat' dir='ltr'><strong>discesserant.</strong></span> <span class='ocrx_word' id='word_1_172' title='bbox 2811 952 2925 1009; x_wconf 86' lang='lat' dir='ltr'><strong>Non</strong></span> <span class='ocrx_word' id='word_1_173' title='bbox 2957 958 3099 1011; x_wconf 83' lang='lat' dir='ltr'><strong>enim</strong></span> <span class='ocrx_word' id='word_1_174' title='bbox 3153 965 3332 1027; x_wconf 88' lang='lat' dir='ltr'><strong>patent</strong></span> <span class='ocrx_word' id='word_1_175' title='bbox 3372 960 3582 1016; x_wconf 82' lang='lat' dir='ltr'><strong>eruditis</strong></span> <span class='ocrx_word' id='word_1_176' title='bbox 3624 964 3718 1021; x_wconf 83' lang='lat' dir='ltr'><strong>loca</strong></span> 
     </span>
    </p>
   </div>
   <div class='ocr_carea' id='block_1_24' title="bbox 2177 1048 3719 1124">
    <p class='ocr_par' dir='ltr' id='par_1_24' title="bbox 2177 1048 3719 1124">
     <span class='ocr_line' id='line_1_24' title="bbox 2177 1048 3719 1124; baseline 0.006 -22"><span class='ocrx_word' id='word_1_177' title='bbox 2177 1048 2301 1112; x_wconf 87' lang='lat' dir='ltr'><strong>ista,</strong></span> <span class='ocrx_word' id='word_1_178' title='bbox 2356 1048 2554 1118; x_wconf 88' lang='lat' dir='ltr'><strong>quibus</strong></span> <span class='ocrx_word' id='word_1_179' title='bbox 2606 1050 2890 1105; x_wconf 86' lang='lat' dir='ltr'><strong>scientiam</strong></span> <span class='ocrx_word' id='word_1_180' title='bbox 2935 1067 3040 1105; x_wconf 91' lang='lat' dir='ltr'><strong>non</strong></span> <span class='ocrx_word' id='word_1_181' title='bbox 3086 1052 3403 1122; x_wconf 87' lang='lat' dir='ltr'><strong>primoribus</strong></span> <span class='ocrx_word' id='word_1_182' title='bbox 3438 1054 3587 1109; x_wconf 88' lang='lat' dir='ltr'><strong>labris</strong></span> <span class='ocrx_word' id='word_1_183' title='bbox 3622 1056 3719 1124; x_wconf 87' lang='lat' dir='ltr'><strong>ipsa</strong></span> 
     </span>
    </p>
   </div>
   <div class='ocr_carea' id='block_1_25' title="bbox 2174 1141 3719 1217">
    <p class='ocr_par' dir='ltr' id='par_1_25' title="bbox 2174 1141 3719 1217">
     <span class='ocr_line' id='line_1_25' title="bbox 2174 1141 3719 1217; baseline 0.004 -21"><span class='ocrx_word' id='word_1_184' title='bbox 2174 1142 2520 1198; x_wconf 90' lang='lat' dir='ltr'><strong>contulerint.</strong></span> <span class='ocrx_word' id='word_1_185' title='bbox 2575 1141 2743 1215; x_wconf 86' lang='lat' dir='ltr'><strong>Cujus</strong></span> <span class='ocrx_word' id='word_1_186' title='bbox 2782 1145 2925 1199; x_wconf 90' lang='lat' dir='ltr'><strong>enim</strong></span> <span class='ocrx_word' id='word_1_187' title='bbox 2980 1145 3104 1200; x_wconf 85' lang='lat' dir='ltr'><strong>tuba</strong></span> <span class='ocrx_word' id='word_1_188' title='bbox 3152 1148 3487 1213; x_wconf 81' lang='lat' dir='ltr'><strong>cognoscitur</strong></span> <span class='ocrx_word' id='word_1_189' title='bbox 3527 1148 3719 1217; x_wconf 89' lang='lat' dir='ltr'><strong>eloquii,</strong></span> 
     </span>
    </p>
   </div>
   <div class='ocr_carea' id='block_1_26' title="bbox 2176 1234 3721 1305">
    <p class='ocr_par' dir='ltr' id='par_1_26' title="bbox 2176 1234 3721 1305">
     <span class='ocr_line' id='line_1_26' title="bbox 2176 1234 3721 1305; baseline 0.003 -17"><span class='ocrx_word' id='word_1_190' title='bbox 2176 1234 2280 1289; x_wconf 87' lang='lat' dir='ltr'><strong>nisi</strong></span> <span class='ocrx_word' id='word_1_191' title='bbox 2297 1234 2451 1304; x_wconf 81' lang='lat' dir='ltr'><strong>cujus</strong></span> <span class='ocrx_word' id='word_1_192' title='bbox 2475 1236 2701 1305; x_wconf 87' lang='lat' dir='ltr'><strong>puerilia</strong></span> <span class='ocrx_word' id='word_1_193' title='bbox 2727 1237 3064 1292; x_wconf 86' lang='lat' dir='ltr'><strong>innotuerint</strong></span> <span class='ocrx_word' id='word_1_194' title='bbox 3091 1237 3388 1293; x_wconf 89' lang='lat' dir='ltr'><strong>rudimenta</strong></span> <span class='ocrx_word' id='word_1_195' title='bbox 3412 1241 3721 1294; x_wconf 83' lang='lat' dir='ltr'><strong>sermonum?</strong></span> 
     </span>
    </p>
   </div>
   <div class='ocr_carea' id='block_1_27' title="bbox 2174 1326 3724 1398">
    <p class='ocr_par' dir='ltr' id='par_1_27' title="bbox 2174 1326 3724 1398">
     <span class='ocr_line' id='line_1_27' title="bbox 2174 1326 3724 1398; baseline 0.003 -16"><span class='ocrx_word' id='word_1_196' title='bbox 2174 1326 2295 1382; x_wconf 83' lang='lat' dir='ltr'><strong>Tibi</strong></span> <span class='ocrx_word' id='word_1_197' title='bbox 2348 1342 2478 1398; x_wconf 87' lang='lat' dir='ltr'><strong>ergo</strong></span> <span class='ocrx_word' id='word_1_198' title='bbox 2529 1329 2797 1385; x_wconf 78' lang='lat' dir='ltr'><strong>debentur</strong></span> <span class='ocrx_word' id='word_1_199' title='bbox 2847 1329 2963 1384; x_wconf 65' lang='lat' dir='ltr'><strong>haec</strong></span> <span class='ocrx_word' id='word_1_200' title='bbox 3008 1328 3287 1397; x_wconf 79' lang='lat' dir='ltr'><strong>hctieﬁcia,</strong></span> <span class='ocrx_word' id='word_1_201' title='bbox 3338 1331 3471 1398; x_wconf 90' lang='lat' dir='ltr'><strong>quod</strong></span> <span class='ocrx_word' id='word_1_202' title='bbox 3498 1331 3724 1387; x_wconf 73' lang='lat' dir='ltr'><strong>citatum</strong></span> 
     </span>
    </p>
   </div>
   <div class='ocr_carea' id='block_1_28' title="bbox 2173 1420 3714 1491">
    <p class='ocr_par' dir='ltr' id='par_1_28' title="bbox 2173 1420 3714 1491">
     <span class='ocr_line' id='line_1_28' title="bbox 2173 1420 3714 1491; baseline 0.001 -18"><span class='ocrx_word' id='word_1_203' title='bbox 2173 1433 2324 1473; x_wconf 88' lang='lat' dir='ltr'><strong>reum</strong></span> <span class='ocrx_word' id='word_1_204' title='bbox 2371 1420 2676 1475; x_wconf 82' lang='lat' dir='ltr'><strong>causidicus</strong></span> <span class='ocrx_word' id='word_1_205' title='bbox 2745 1422 2884 1475; x_wconf 91' lang='lat' dir='ltr'><strong>inter</strong></span> <span class='ocrx_word' id='word_1_206' title='bbox 2937 1422 3074 1476; x_wconf 87' lang='lat' dir='ltr'><strong>atria</strong></span> <span class='ocrx_word' id='word_1_207' title='bbox 3131 1422 3241 1491; x_wconf 90' lang='lat' dir='ltr'><strong>jam</strong></span> <span class='ocrx_word' id='word_1_208' title='bbox 3289 1421 3501 1489; x_wconf 91' lang='lat' dir='ltr'><strong>probata</strong></span> <span class='ocrx_word' id='word_1_209' title='bbox 3552 1421 3714 1476; x_wconf 84' lang='lat' dir='ltr'><strong>dictio-</strong></span> 
     </span>
    </p>
   </div>
   <div class='ocr_carea' id='block_1_29' title="bbox 2175 1514 3726 1585">
    <p class='ocr_par' dir='ltr' id='par_1_29' title="bbox 2175 1514 3726 1585">
     <span class='ocr_line' id='line_1_29' title="bbox 2175 1514 3726 1585; baseline 0.004 -20"><span class='ocrx_word' id='word_1_210' title='bbox 2175 1527 2298 1567; x_wconf 87' lang='lat' dir='ltr'><strong>nem</strong></span> <span class='ocrx_word' id='word_1_211' title='bbox 2356 1514 2680 1571; x_wconf 84' lang='lat' dir='ltr'><strong>metuendus</strong></span> <span class='ocrx_word' id='word_1_212' title='bbox 2717 1515 2957 1584; x_wconf 90' lang='lat' dir='ltr'><strong>incipiet.</strong></span> <span class='ocrx_word' id='word_1_213' title='bbox 2989 1514 3108 1569; x_wconf 85' lang='lat' dir='ltr'><strong>Tibi</strong></span> <span class='ocrx_word' id='word_1_214' title='bbox 3155 1530 3279 1585; x_wconf 89' lang='lat' dir='ltr'><strong>spes</strong></span> <span class='ocrx_word' id='word_1_215' title='bbox 3326 1515 3476 1570; x_wconf 87' lang='lat' dir='ltr'><strong>unica</strong></span> <span class='ocrx_word' id='word_1_216' title='bbox 3517 1516 3726 1571; x_wconf 71' lang='lat' dir='ltr'><strong>honesta:</strong></span> 
     </span>
    </p>
   </div>
   <div class='ocr_carea' id='block_1_30' title="bbox 2174 1599 3728 1677">
    <p class='ocr_par' dir='ltr' id='par_1_30' title="bbox 2174 1599 3728 1677">
     <span class='ocr_line' id='line_1_30' title="bbox 2174 1599 3728 1677; baseline 0.002 -19"><span class='ocrx_word' id='word_1_217' title='bbox 2174 1602 2529 1672; x_wconf 82' lang='lat' dir='ltr'><strong>professionis</strong></span> <span class='ocrx_word' id='word_1_218' title='bbox 2597 1604 2964 1672; x_wconf 83' lang='lat' dir='ltr'><strong>ascribenda,</strong></span> <span class='ocrx_word' id='word_1_219' title='bbox 3025 1599 3191 1677; x_wconf 60' lang='lat' dir='ltr'><strong>quod&#39;</strong></span> <span class='ocrx_word' id='word_1_220' title='bbox 3226 1606 3467 1661; x_wconf 88' lang='lat' dir='ltr'><strong>nobilitas</strong></span> <span class='ocrx_word' id='word_1_221' title='bbox 3519 1607 3728 1662; x_wconf 87' lang='lat' dir='ltr'><strong>decursis</strong></span> 
     </span>
    </p>
   </div>
   <div class='ocr_carea' id='block_1_31' title="bbox 2176 1696 3729 1768">
    <p class='ocr_par' dir='ltr' id='par_1_31' title="bbox 2176 1696 3729 1768">
     <span class='ocr_line' id='line_1_31' title="bbox 2176 1696 3729 1768; baseline 0.002 -17"><span class='ocrx_word' id='word_1_222' title='bbox 2176 1696 2328 1751; x_wconf 86' lang='lat' dir='ltr'><strong>brevi</strong></span> <span class='ocrx_word' id='word_1_223' title='bbox 2365 1697 2697 1766; x_wconf 88' lang='lat' dir='ltr'><strong>temporibus</strong></span> <span class='ocrx_word' id='word_1_224' title='bbox 2728 1699 2936 1753; x_wconf 89' lang='lat' dir='ltr'><strong>liberali</strong></span> <span class='ocrx_word' id='word_1_225' title='bbox 2991 1699 3187 1754; x_wconf 87' lang='lat' dir='ltr'><strong>sudore</strong></span> <span class='ocrx_word' id='word_1_226' title='bbox 3220 1699 3471 1768; x_wconf 84' lang='lat' dir='ltr'><strong>placitura</strong></span> <span class='ocrx_word' id='word_1_227' title='bbox 3504 1710 3598 1754; x_wconf 88' lang='lat' dir='ltr'><strong>est.</strong></span> <span class='ocrx_word' id='word_1_228' title='bbox 3639 1700 3729 1754; x_wconf 86' lang='lat' dir='ltr'><strong>Sed</strong></span> 
     </span>
    </p>
   </div>
   <div class='ocr_carea' id='block_1_32' title="bbox 478 1777 3726 1867">
    <p class='ocr_par' dir='ltr' id='par_1_32' title="bbox 478 1777 3726 1867">
     <span class='ocr_line' id='line_1_32' title="bbox 478 1777 3726 1867; baseline 0.001 -25"><span class='ocrx_word' id='word_1_229' title='bbox 478 1789 615 1844; x_wconf 88' lang='lat' dir='ltr'><strong>dore</strong></span> <span class='ocrx_word' id='word_1_230' title='bbox 655 1798 956 1854; x_wconf 85' lang='lat' dir='ltr'><strong>meruerat,</strong></span> <span class='ocrx_word' id='word_1_231' title='bbox 997 1789 1285 1845; x_wconf 83' lang='lat' dir='ltr'><strong>debellavit</strong></span> <span class='ocrx_word' id='word_1_232' title='bbox 1322 1807 1334 1842; x_wconf 90' lang='lat'><strong>:</strong></span> <span class='ocrx_word' id='word_1_233' title='bbox 1376 1791 1465 1861; x_wconf 91' lang='lat' dir='ltr'><strong>qui</strong></span> <span class='ocrx_word' id='word_1_234' title='bbox 1506 1791 1635 1845; x_wconf 91' lang='lat' dir='ltr'><strong>solis</strong></span> <span class='ocrx_word' id='word_1_235' title='bbox 1676 1791 1911 1859; x_wconf 61' lang='lat' dir='ltr'><strong>praemiis</strong></span> <span class='ocrx_word' id='word_1_236' title='bbox 1954 1791 2067 1845; x_wconf 89' lang='lat' dir='ltr'><strong>suis</strong></span> <span class='ocrx_word' id='word_1_237' title='bbox 2178 1802 2283 1856; x_wconf 89' lang='lat' dir='ltr'><strong>quo</strong></span> <span class='ocrx_word' id='word_1_238' title='bbox 2314 1802 2400 1842; x_wconf 92' lang='lat' dir='ltr'><strong>me</strong></span> <span class='ocrx_word' id='word_1_239' title='bbox 2426 1787 2672 1857; x_wconf 89' lang='lat' dir='ltr'><strong>ignarum</strong></span> <span class='ocrx_word' id='word_1_240' title='bbox 2701 1786 2891 1843; x_wconf 89' lang='lat' dir='ltr'><strong>virium</strong></span> <span class='ocrx_word' id='word_1_241' title='bbox 2924 1791 2996 1844; x_wconf 90' lang='lat' dir='ltr'><strong>tui</strong></span> <span class='ocrx_word' id='word_1_242' title='bbox 3020 1791 3158 1860; x_wconf 90' lang='lat' dir='ltr'><strong>rapit</strong></span> <span class='ocrx_word' id='word_1_243' title='bbox 3187 1790 3414 1856; x_wconf 84' lang='lat' dir='ltr'><strong>affectio,</strong></span> <span class='ocrx_word' id='word_1_244' title='bbox 3442 1791 3726 1846; x_wconf 83' lang='lat' dir='ltr'><strong>narrationis</strong></span> 
     </span>
    </p>
   </div>
   <div class='ocr_carea' id='block_1_33' title="bbox 478 1881 2069 1952">
    <p class='ocr_par' dir='ltr' id='par_1_33' title="bbox 478 1881 2069 1952">
     <span class='ocr_line' id='line_1_33' title="bbox 478 1881 2069 1952; baseline 0.002 -16"><span class='ocrx_word' id='word_1_245' title='bbox 478 1895 618 1949; x_wconf 84' lang='lat' dir='ltr'><strong>pene</strong></span> <span class='ocrx_word' id='word_1_246' title='bbox 648 1892 891 1951; x_wconf 89' lang='lat' dir='ltr'><strong>tempore</strong></span> <span class='ocrx_word' id='word_1_247' title='bbox 916 1881 1218 1952; x_wconf 85' lang='lat' dir='ltr'><strong>adeptionis</strong></span> <span class='ocrx_word' id='word_1_248' title='bbox 1243 1882 1464 1949; x_wconf 86' lang='lat' dir='ltr'><strong>invidet,</strong></span> <span class='ocrx_word' id='word_1_249' title='bbox 1493 1898 1642 1951; x_wconf 87' lang='lat' dir='ltr'><strong>spem</strong></span> <span class='ocrx_word' id='word_1_250' title='bbox 1674 1882 1934 1937; x_wconf 88' lang='lat' dir='ltr'><strong>honorum</strong></span> <span class='ocrx_word' id='word_1_251' title='bbox 1962 1885 2069 1939; x_wconf 82' lang='lat' dir='ltr'><strong>fru-</strong></span> 
     </span>
    </p>
   </div>
   <div class='ocr_carea' id='block_1_34' title="bbox 476 1974 2067 2044">
    <p class='ocr_par' dir='ltr' id='par_1_34' title="bbox 476 1974 2067 2044">
     <span class='ocr_line' id='line_1_34' title="bbox 476 1974 2067 2044; baseline -0.001 -15"><span class='ocrx_word' id='word_1_252' title='bbox 476 1980 659 2029; x_wconf 88' lang='lat' dir='ltr'><strong>ctuum</strong></span> <span class='ocrx_word' id='word_1_253' title='bbox 712 1976 951 2044; x_wconf 65' lang='lat' dir='ltr'><strong>perfidia;</strong></span> <span class='ocrx_word' id='word_1_254' title='bbox 993 1974 1128 2030; x_wconf 84' lang='lat' dir='ltr'><strong>falce</strong></span> <span class='ocrx_word' id='word_1_255' title='bbox 1180 1975 1480 2031; x_wconf 82' lang='lat' dir='ltr'><strong>succidens.</strong></span> <span class='ocrx_word' id='word_1_256' title='bbox 1526 1974 1751 2030; x_wconf 81' lang='lat' dir='ltr'><strong>Gravius</strong></span> <span class='ocrx_word' id='word_1_257' title='bbox 1790 1977 1934 2031; x_wconf 81' lang='lat' dir='ltr'><strong>enim</strong></span> <span class='ocrx_word' id='word_1_258' title='bbox 1964 1985 2067 2043; x_wconf 89' lang='lat' dir='ltr'><strong>est,</strong></span> 
     </span>
    </p>
   </div>
   <div class='ocr_carea' id='block_1_35' title="bbox 477 2069 2073 2140">
    <p class='ocr_par' dir='ltr' id='par_1_35' title="bbox 477 2069 2073 2140">
     <span class='ocr_line' id='line_1_35' title="bbox 477 2069 2073 2140; baseline 0.003 -17"><span class='ocrx_word' id='word_1_259' title='bbox 477 2069 755 2140; x_wconf 81' lang='lat' dir='ltr'><strong>degustata</strong></span> <span class='ocrx_word' id='word_1_260' title='bbox 778 2071 916 2127; x_wconf 90' lang='lat' dir='ltr'><strong>bona</strong></span> <span class='ocrx_word' id='word_1_261' title='bbox 941 2086 1100 2139; x_wconf 89' lang='lat' dir='ltr'><strong>quam</strong></span> <span class='ocrx_word' id='word_1_262' title='bbox 1129 2071 1326 2125; x_wconf 88' lang='lat' dir='ltr'><strong>intacta</strong></span> <span class='ocrx_word' id='word_1_263' title='bbox 1352 2071 1612 2126; x_wconf 83' lang='lat' dir='ltr'><strong>calcasse.</strong></span> <span class='ocrx_word' id='word_1_264' title='bbox 1640 2072 1776 2125; x_wconf 85' lang='lat' dir='ltr'><strong>Nihil</strong></span> <span class='ocrx_word' id='word_1_265' title='bbox 1805 2071 2073 2127; x_wconf 85' lang='lat' dir='ltr'><strong>defensio-</strong></span> 
     </span>
    </p>
   </div>
   <div class='ocr_carea' id='block_1_36' title="bbox 477 2162 2068 2235">
    <p class='ocr_par' dir='ltr' id='par_1_36' title="bbox 477 2162 2068 2235">
     <span class='ocr_line' id='line_1_36' title="bbox 477 2162 2068 2235; baseline -0.001 -15"><span class='ocrx_word' id='word_1_266' title='bbox 477 2165 565 2220; x_wconf 88' lang='lat' dir='ltr'><strong>nis</strong></span> <span class='ocrx_word' id='word_1_267' title='bbox 604 2174 851 2235; x_wconf 89' lang='lat' dir='ltr'><strong>superest</strong></span> <span class='ocrx_word' id='word_1_268' title='bbox 881 2166 1105 2234; x_wconf 81' lang='lat' dir='ltr'><strong>homini,</strong></span> <span class='ocrx_word' id='word_1_269' title='bbox 1154 2174 1275 2235; x_wconf 88' lang='lat' dir='ltr'><strong>post</strong></span> <span class='ocrx_word' id='word_1_270' title='bbox 1315 2165 1525 2220; x_wconf 83' lang='lat' dir='ltr'><strong>dulcem</strong></span> <span class='ocrx_word' id='word_1_271' title='bbox 1553 2162 1771 2233; x_wconf 80' lang='lat' dir='ltr'><strong>justitiae</strong></span> <span class='ocrx_word' id='word_1_272' title='bbox 1798 2180 2068 2233; x_wconf 91' lang='lat' dir='ltr'><strong>saporem,</strong></span> 
     </span>
    </p>
   </div>
   <div class='ocr_carea' id='block_1_37' title="bbox 478 2258 2071 2314">
    <p class='ocr_par' dir='ltr' id='par_1_37' title="bbox 478 2258 2071 2314">
     <span class='ocr_line' id='line_1_37' title="bbox 478 2258 2071 2314; baseline 0 -1"><span class='ocrx_word' id='word_1_273' title='bbox 478 2258 546 2313; x_wconf 91' lang='lat' dir='ltr'><strong>ad</strong></span> <span class='ocrx_word' id='word_1_274' title='bbox 585 2258 861 2314; x_wconf 83' lang='lat' dir='ltr'><strong>mortifera</strong></span> <span class='ocrx_word' id='word_1_275' title='bbox 905 2259 1251 2314; x_wconf 89' lang='lat' dir='ltr'><strong>schismatum</strong></span> <span class='ocrx_word' id='word_1_276' title='bbox 1304 2272 1509 2314; x_wconf 82' lang='lat' dir='ltr'><strong>venena</strong></span> <span class='ocrx_word' id='word_1_277' title='bbox 1557 2258 1823 2314; x_wconf 87' lang='lat' dir='ltr'><strong>redeunti.</strong></span> <span class='ocrx_word' id='word_1_278' title='bbox 1869 2258 1948 2314; x_wconf 90' lang='lat' dir='ltr'><strong>De</strong></span> <span class='ocrx_word' id='word_1_279' title='bbox 1987 2258 2071 2314; x_wconf 91' lang='lat' dir='ltr'><strong>his</strong></span> 
     </span>
    </p>
   </div>
   <div class='ocr_carea' id='block_1_38' title="bbox 481 2352 2071 2423">
    <p class='ocr_par' dir='ltr' id='par_1_38' title="bbox 481 2352 2071 2423">
     <span class='ocr_line' id='line_1_38' title="bbox 481 2352 2071 2423; baseline -0.001 -16"><span class='ocrx_word' id='word_1_280' title='bbox 481 2368 602 2422; x_wconf 72' lang='lat' dir='ltr'><strong>qua:</strong></span> <span class='ocrx_word' id='word_1_281' title='bbox 635 2352 839 2421; x_wconf 64' lang='lat' dir='ltr'><strong>prmfati</strong></span> <span class='ocrx_word' id='word_1_282' title='bbox 876 2368 1066 2409; x_wconf 89' lang='lat' dir='ltr'><strong>sumus</strong></span> <span class='ocrx_word' id='word_1_283' title='bbox 1094 2362 1278 2408; x_wconf 90' lang='lat' dir='ltr'><strong>natum</strong></span> <span class='ocrx_word' id='word_1_284' title='bbox 1309 2365 1414 2421; x_wconf 88' lang='lat' dir='ltr'><strong>est,</strong></span> <span class='ocrx_word' id='word_1_285' title='bbox 1442 2354 1582 2423; x_wconf 91' lang='lat' dir='ltr'><strong>quod</strong></span> <span class='ocrx_word' id='word_1_286' title='bbox 1614 2354 1665 2408; x_wconf 95' lang='lat' dir='ltr'><strong>in</strong></span> <span class='ocrx_word' id='word_1_287' title='bbox 1696 2354 2071 2409; x_wconf 89' lang='lat' dir='ltr'><strong>Constantino-</strong></span> 
     </span>
    </p>
   </div>
   <div class='ocr_carea' id='block_1_39' title="bbox 482 2445 2070 2516">
    <p class='ocr_par' dir='ltr' id='par_1_39' title="bbox 482 2445 2070 2516">
     <span class='ocr_line' id='line_1_39' title="bbox 482 2445 2070 2516; baseline 0.001 -17"><span class='ocrx_word' id='word_1_288' title='bbox 482 2445 717 2515; x_wconf 75' lang='lat' dir='ltr'><strong>politana</strong></span> <span class='ocrx_word' id='word_1_289' title='bbox 745 2460 915 2516; x_wconf 88' lang='lat' dir='ltr'><strong>nuper</strong></span> <span class='ocrx_word' id='word_1_290' title='bbox 946 2446 1186 2502; x_wconf 80' lang='lat' dir='ltr'><strong>Ecclesia</strong></span> <span class='ocrx_word' id='word_1_291' title='bbox 1216 2446 1390 2502; x_wconf 84' lang='lat' dir='ltr'><strong>fertur</strong></span> <span class='ocrx_word' id='word_1_292' title='bbox 1419 2447 1733 2503; x_wconf 89' lang='lat' dir='ltr'><strong>admissum.</strong></span> <span class='ocrx_word' id='word_1_293' title='bbox 1778 2447 1903 2501; x_wconf 91' lang='lat' dir='ltr'><strong>lnde</strong></span> <span class='ocrx_word' id='word_1_294' title='bbox 1934 2448 2070 2515; x_wconf 88' lang='lat' dir='ltr'><strong>pati-</strong></span> 
     </span>
    </p>
   </div>
   <div class='ocr_carea' id='block_1_40' title="bbox 478 2538 2070 2609">
    <p class='ocr_par' dir='ltr' id='par_1_40' title="bbox 478 2538 2070 2609">
     <span class='ocr_line' id='line_1_40' title="bbox 478 2538 2070 2609; baseline 0.002 -17"><span class='ocrx_word' id='word_1_295' title='bbox 478 2554 605 2593; x_wconf 91' lang='lat' dir='ltr'><strong>mur</strong></span> <span class='ocrx_word' id='word_1_296' title='bbox 649 2541 767 2595; x_wconf 87' lang='lat' dir='ltr'><strong>sine</strong></span> <span class='ocrx_word' id='word_1_297' title='bbox 818 2538 967 2594; x_wconf 80' lang='lat' dir='ltr'><strong>vocis</strong></span> <span class='ocrx_word' id='word_1_298' title='bbox 1015 2554 1175 2595; x_wconf 92' lang='lat' dir='ltr'><strong>usura</strong></span> <span class='ocrx_word' id='word_1_299' title='bbox 1217 2540 1484 2595; x_wconf 90' lang='lat' dir='ltr'><strong>tristitiam</strong></span> <span class='ocrx_word' id='word_1_300' title='bbox 1520 2558 1532 2589; x_wconf 86' lang='lat'><strong>:</strong></span> <span class='ocrx_word' id='word_1_301' title='bbox 1567 2541 1653 2609; x_wconf 92' lang='lat' dir='ltr'><strong>qui</strong></span> <span class='ocrx_word' id='word_1_302' title='bbox 1700 2540 1839 2594; x_wconf 89' lang='lat' dir='ltr'><strong>enim</strong></span> <span class='ocrx_word' id='word_1_303' title='bbox 1878 2541 2070 2595; x_wconf 88' lang='lat' dir='ltr'><strong>oblatis</strong></span> 
     </span>
    </p>
   </div>
   <div class='ocr_carea' id='block_1_41' title="bbox 478 2631 2071 2707">
    <p class='ocr_par' dir='ltr' id='par_1_41' title="bbox 478 2631 2071 2707">
     <span class='ocr_line' id='line_1_41' title="bbox 478 2631 2071 2707; baseline 0.001 -21"><span class='ocrx_word' id='word_1_304' title='bbox 478 2631 735 2707; x_wconf 83' lang='lat' dir='ltr'><strong>remediis</strong></span> <span class='ocrx_word' id='word_1_305' title='bbox 786 2645 892 2686; x_wconf 90' lang='lat' dir='ltr'><strong>non</strong></span> <span class='ocrx_word' id='word_1_306' title='bbox 938 2633 1231 2695; x_wconf 88' lang='lat' dir='ltr'><strong>obediunt,</strong></span> <span class='ocrx_word' id='word_1_307' title='bbox 1280 2633 1472 2687; x_wconf 89' lang='lat' dir='ltr'><strong>merito</strong></span> <span class='ocrx_word' id='word_1_308' title='bbox 1514 2632 1644 2687; x_wconf 84' lang='lat' dir='ltr'><strong>nihil</strong></span> <span class='ocrx_word' id='word_1_309' title='bbox 1687 2632 2071 2687; x_wconf 82' lang='lat' dir='ltr'><strong>consolationis</strong></span> 
     </span>
    </p>
   </div>
   <div class='ocr_carea' id='block_1_42' title="bbox 479 2724 1579 2795">
    <p class='ocr_par' dir='ltr' id='par_1_42' title="bbox 479 2724 1579 2795">
     <span class='ocr_line' id='line_1_42' title="bbox 479 2724 1579 2795; baseline 0 -16"><span class='ocrx_word' id='word_1_310' title='bbox 479 2732 721 2795; x_wconf 82' lang='lat' dir='ltr'><strong>tempore</strong></span> <span class='ocrx_word' id='word_1_311' title='bbox 751 2738 857 2795; x_wconf 92' lang='lat' dir='ltr'><strong>quo</strong></span> <span class='ocrx_word' id='word_1_312' title='bbox 888 2736 1222 2795; x_wconf 89' lang='lat' dir='ltr'><strong>premuntur,</strong></span> <span class='ocrx_word' id='word_1_313' title='bbox 1258 2724 1579 2780; x_wconf 84' lang='lat' dir='ltr'><strong>habuerunt.</strong></span> 
     </span>
    </p>
   </div>
   <div class='ocr_carea' id='block_1_43' title="bbox 1078 2816 1456 2873">
    <p class='ocr_par' dir='ltr' id='par_1_43' title="bbox 1078 2816 1456 2873">
     <span class='ocr_line' id='line_1_43' title="bbox 1078 2816 1456 2873; baseline -0.008 0"><span class='ocrx_word' id='word_1_314' title='bbox 1078 2816 1303 2873; x_wconf 88' lang='lat' dir='ltr'><strong>DICTIO</strong></span> <span class='ocrx_word' id='word_1_315' title='bbox 1346 2816 1456 2872; x_wconf 82' lang='lat' dir='ltr'><strong>VII.</strong></span> 
     </span>
    </p>
   </div>
   <div class='ocr_carea' id='block_1_44' title="bbox 475 2910 2070 3054">
    <p class='ocr_par' dir='ltr' id='par_1_44' title="bbox 475 2910 2070 3054">
     <span class='ocr_line' id='line_1_44' title="bbox 475 2910 2070 3054; baseline -0.003 -87"><span class='ocrx_word' id='word_1_316' title='bbox 475 2910 547 2967; x_wconf 83' lang='grc' dir='ltr'><em>1η</em></span> <span class='ocrx_word' id='word_1_317' title='bbox 574 2913 593 2944; x_wconf 82' lang='grc'><strong>¹</strong></span> <span class='ocrx_word' id='word_1_318' title='bbox 619 2911 945 2968; x_wconf 75' lang='lat' dir='ltr'><strong>dedicatione</strong></span> <span class='ocrx_word' id='word_1_319' title='bbox 971 2913 1215 3054; x_wconf 44' lang='lat' dir='ltr'><strong>auditori</strong></span> <span class='ocrx_word' id='word_1_320' title='bbox 1244 2914 1447 2983; x_wconf 85' lang='lat' dir='ltr'><strong>quando</strong></span> <span class='ocrx_word' id='word_1_321' title='bbox 1483 2911 1552 2964; x_wconf 88' lang='lat' dir='ltr'><strong>ad</strong></span> <span class='ocrx_word' id='word_1_322' title='bbox 1595 2916 1769 2981; x_wconf 80' lang='lat' dir='ltr'><strong>forum</strong></span> <span class='ocrx_word' id='word_1_323' title='bbox 1800 2911 2070 2966; x_wconf 79' lang='lat' dir='ltr'><strong>translatio</strong></span> 
     </span>
     <span class='ocr_line' id='line_1_45' title="bbox 490 2994 1395 3038; baseline -0.002 1"><span class='ocrx_word' id='word_1_324' title='bbox 490 3018 495 3023; x_wconf 90' lang='lat'><strong><em>-</em></strong></span> <span class='ocrx_word' id='word_1_325' title='bbox 1163 2994 1279 3038; x_wconf 85' lang='lat' dir='ltr'><strong>acta</strong></span> <span class='ocrx_word' id='word_1_326' title='bbox 1304 2994 1395 3038; x_wconf 78' lang='lat' dir='ltr'><strong>est.</strong></span> 
     </span>
    </p>
   </div>
   <div class='ocr_carea' id='block_1_45' title="bbox 490 2994 1395 3038">
    <p class='ocr_par' dir='ltr' id='par_1_45' title="bbox 490 2994 1395 3038">
     <span class='ocr_line' id='line_1_46' title="bbox 490 2994 1395 3038; baseline -0.002 1"><span class='ocrx_word' id='word_1_327' title='bbox 490 3018 495 3023; x_wconf 85' lang='grc'><strong>-</strong></span> <span class='ocrx_word' id='word_1_328' title='bbox 1142 2994 1279 3038; x_wconf 85' lang='lat' dir='ltr'><strong>facta</strong></span> <span class='ocrx_word' id='word_1_329' title='bbox 1304 2994 1395 3038; x_wconf 68' lang='grc' dir='ltr'><strong>εει.</strong></span> 
     </span>
    </p>
   </div>
   <div class='ocr_carea' id='block_1_46' title="bbox 990 3091 1556 3133">
    <p class='ocr_par' dir='ltr' id='par_1_46' title="bbox 990 3091 1556 3133">
     <span class='ocr_line' id='line_1_47' title="bbox 990 3091 1556 3133; baseline 0.002 -3"><span class='ocrx_word' id='word_1_330' title='bbox 990 3091 1154 3133; x_wconf 79' lang='lat' dir='ltr'><strong>SCIIOL</strong></span> <span class='ocrx_word' id='word_1_331' title='bbox 1163 3091 1346 3132; x_wconf 70' lang='lat' dir='ltr'><strong>ASTICA</strong></span> <span class='ocrx_word' id='word_1_332' title='bbox 1375 3092 1531 3131; x_wconf 69' lang='lat' dir='ltr'><strong>PRIMA</strong></span> <span class='ocrx_word' id='word_1_333' title='bbox 1540 3115 1556 3131; x_wconf 78' lang='grc' dir='ltr'><strong>ο</strong></span> 
     </span>
    </p>
   </div>
   <div class='ocr_carea' id='block_1_47' title="bbox 2180 1881 3728 1951">
    <p class='ocr_par' dir='ltr' id='par_1_47' title="bbox 2180 1881 3728 1951">
     <span class='ocr_line' id='line_1_48' title="bbox 2180 1881 3728 1951; baseline 0.002 -17"><span class='ocrx_word' id='word_1_334' title='bbox 2180 1881 2400 1950; x_wconf 82' lang='lat' dir='ltr'><strong>pelagus</strong></span> <span class='ocrx_word' id='word_1_335' title='bbox 2428 1897 2474 1934; x_wconf 90' lang='lat' dir='ltr'><strong>n-</strong></span> <span class='ocrx_word' id='word_1_336' title='bbox 2501 1898 2533 1935; x_wconf 97' lang='grc' dir='ltr'><strong>ιι</strong></span> <span class='ocrx_word' id='word_1_337' title='bbox 2561 1882 2929 1951; x_wconf 88' lang='lat' dir='ltr'><strong>pendentem?</strong></span> <span class='ocrx_word' id='word_1_338' title='bbox 2958 1884 3157 1938; x_wconf 89' lang='lat' dir='ltr'><strong>sufﬁcit</strong></span> <span class='ocrx_word' id='word_1_339' title='bbox 3190 1884 3240 1938; x_wconf 94' lang='lat' dir='ltr'><strong>in</strong></span> <span class='ocrx_word' id='word_1_340' title='bbox 3276 1884 3379 1939; x_wconf 91' lang='lat' dir='ltr'><strong>loci</strong></span> <span class='ocrx_word' id='word_1_341' title='bbox 3407 1883 3558 1939; x_wconf 88' lang='lat' dir='ltr'><strong>amici</strong></span> <span class='ocrx_word' id='word_1_342' title='bbox 3576 1893 3623 1939; x_wconf 92' lang='lat' dir='ltr'><strong>et</strong></span> <span class='ocrx_word' id='word_1_343' title='bbox 3641 1883 3728 1938; x_wconf 81' lang='lat' dir='ltr'><strong>diei</strong></span> 
     </span>
    </p>
   </div>
   <div class='ocr_carea' id='block_1_48' title="bbox 2180 1973 3730 2045">
    <p class='ocr_par' dir='ltr' id='par_1_48' title="bbox 2180 1973 3730 2045">
     <span class='ocr_line' id='line_1_49' title="bbox 2180 1973 3730 2045; baseline 0.001 -18"><span class='ocrx_word' id='word_1_344' title='bbox 2180 1973 2498 2028; x_wconf 82' lang='lat' dir='ltr'><strong>celebritate</strong></span> <span class='ocrx_word' id='word_1_345' title='bbox 2516 1982 2643 2028; x_wconf 87' lang='lat' dir='ltr'><strong>vota</strong></span> <span class='ocrx_word' id='word_1_346' title='bbox 2663 1984 2933 2029; x_wconf 89' lang='lat' dir='ltr'><strong>testatum.</strong></span> <span class='ocrx_word' id='word_1_347' title='bbox 2960 1975 3039 2030; x_wconf 85' lang='lat' dir='ltr'><strong>A&#39;d</strong></span> <span class='ocrx_word' id='word_1_348' title='bbox 3059 1991 3153 2030; x_wconf 92' lang='lat' dir='ltr'><strong>vos</strong></span> <span class='ocrx_word' id='word_1_349' title='bbox 3176 1986 3437 2042; x_wconf 82' lang='lat' dir='ltr'><strong>revertor,</strong></span> <span class='ocrx_word' id='word_1_350' title='bbox 3455 1977 3632 2044; x_wconf 90' lang='lat' dir='ltr'><strong>quibus</strong></span> <span class='ocrx_word' id='word_1_351' title='bbox 3656 1991 3730 2045; x_wconf 89' lang='lat' dir='ltr'><strong>pa-</strong></span> 
     </span>
    </p>
   </div>
   <div class='ocr_carea' id='block_1_49' title="bbox 2178 2067 3733 2125">
    <p class='ocr_par' dir='ltr' id='par_1_49' title="bbox 2178 2067 3733 2125">
     <span class='ocr_line' id='line_1_50' title="bbox 2178 2067 3733 2125; baseline 0.004 -8"><span class='ocrx_word' id='word_1_352' title='bbox 2178 2072 2327 2118; x_wconf 89' lang='lat' dir='ltr'><strong>terna</strong></span> <span class='ocrx_word' id='word_1_353' title='bbox 2360 2076 2663 2119; x_wconf 86' lang='lat' dir='ltr'><strong>conventus</strong></span> <span class='ocrx_word' id='word_1_354' title='bbox 2696 2067 2976 2123; x_wconf 78' lang='lat' dir='ltr'><strong>affectione</strong></span> <span class='ocrx_word' id='word_1_355' title='bbox 3006 2084 3194 2123; x_wconf 77' lang='lat' dir='ltr'><strong>vocem</strong></span> <span class='ocrx_word' id='word_1_356' title='bbox 3223 2069 3395 2124; x_wconf 85' lang='lat' dir='ltr'><strong>debeo</strong></span> <span class='ocrx_word' id='word_1_357' title='bbox 3424 2084 3733 2125; x_wconf 82' lang='lat' dir='ltr'><strong>commonen-</strong></span> 
     </span>
    </p>
   </div>
   <div class='ocr_carea' id='block_1_50' title="bbox 2180 2155 3733 2230">
    <p class='ocr_par' dir='ltr' id='par_1_50' title="bbox 2180 2155 3733 2230">
     <span class='ocr_line' id='line_1_51' title="bbox 2180 2155 3733 2230; baseline 0.004 -22"><span class='ocrx_word' id='word_1_358' title='bbox 2180 2156 2268 2211; x_wconf 90' lang='lat' dir='ltr'><strong>tis.</strong></span> <span class='ocrx_word' id='word_1_359' title='bbox 2304 2155 2532 2213; x_wconf 83' lang='lat' dir='ltr'><strong>Reddite</strong></span> <span class='ocrx_word' id='word_1_360' title='bbox 2573 2174 2668 2213; x_wconf 87' lang='lat' dir='ltr'><strong>vos</strong></span> <span class='ocrx_word' id='word_1_361' title='bbox 2704 2160 2969 2215; x_wconf 90' lang='lat' dir='ltr'><strong>studendo</strong></span> <span class='ocrx_word' id='word_1_362' title='bbox 3009 2162 3228 2230; x_wconf 80' lang='lat' dir='ltr'><strong>origini,</strong></span> <span class='ocrx_word' id='word_1_363' title='bbox 3263 2162 3471 2216; x_wconf 77' lang='lat' dir='ltr'><strong>reddite</strong></span> <span class='ocrx_word' id='word_1_364' title='bbox 3496 2160 3733 2216; x_wconf 74' lang='lat' dir='ltr'><strong>natalibus</strong></span> 
     </span>
    </p>
   </div>
   <div class='ocr_carea' id='block_1_51' title="bbox 2179 2248 3732 2321">
    <p class='ocr_par' dir='ltr' id='par_1_51' title="bbox 2179 2248 3732 2321">
     <span class='ocr_line' id='line_1_52' title="bbox 2179 2248 3732 2321; baseline 0.003 -20"><span class='ocrx_word' id='word_1_365' title='bbox 2179 2248 2410 2303; x_wconf 77' lang='lat' dir='ltr'><strong>lectione</strong></span> <span class='ocrx_word' id='word_1_366' title='bbox 2445 2268 2458 2302; x_wconf 93' lang='lat'>:</span> <span class='ocrx_word' id='word_1_367' title='bbox 2490 2263 2693 2305; x_wconf 67' lang='lat' dir='ltr'><strong>natura:</strong></span> <span class='ocrx_word' id='word_1_368' title='bbox 2742 2251 2913 2306; x_wconf 92' lang='lat' dir='ltr'><strong>lucem</strong></span> <span class='ocrx_word' id='word_1_369' title='bbox 2956 2252 3116 2321; x_wconf 88' lang='lat' dir='ltr'><strong>jubar</strong></span> <span class='ocrx_word' id='word_1_370' title='bbox 3162 2253 3419 2307; x_wconf 87' lang='lat' dir='ltr'><strong>dictionis</strong></span> <span class='ocrx_word' id='word_1_371' title='bbox 3468 2253 3732 2308; x_wconf 79' lang='lat' dir='ltr'><strong>ostendat:</strong></span> 
     </span>
    </p>
   </div>
   <div class='ocr_carea' id='block_1_52' title="bbox 2179 2342 3731 2414">
    <p class='ocr_par' dir='ltr' id='par_1_52' title="bbox 2179 2342 3731 2414">
     <span class='ocr_line' id='line_1_53' title="bbox 2179 2342 3731 2414; baseline 0.005 -22"><span class='ocrx_word' id='word_1_372' title='bbox 2179 2342 2529 2409; x_wconf 85' lang='lat' dir='ltr'><strong>multiplicate</strong></span> <span class='ocrx_word' id='word_1_373' title='bbox 2567 2342 2791 2398; x_wconf 75' lang='lat' dir='ltr'><strong>suﬁ‘ectu</strong></span> <span class='ocrx_word' id='word_1_374' title='bbox 2829 2346 3067 2399; x_wconf 82' lang='lat' dir='ltr'><strong>scientiae</strong></span> <span class='ocrx_word' id='word_1_375' title='bbox 3091 2354 3375 2414; x_wconf 82' lang='lat' dir='ltr'><strong>parentum</strong></span> <span class='ocrx_word' id='word_1_376' title='bbox 3416 2347 3625 2399; x_wconf 79' lang='lat' dir='ltr'><strong>titulos:</strong></span> <span class='ocrx_word' id='word_1_377' title='bbox 3652 2360 3731 2399; x_wconf 84' lang='lat' dir='ltr'><strong>or-</strong></span> 
     </span>
    </p>
   </div>
   <div class='ocr_carea' id='block_1_53' title="bbox 2179 2433 3739 2506">
    <p class='ocr_par' dir='ltr' id='par_1_53' title="bbox 2179 2433 3739 2506">
     <span class='ocr_line' id='line_1_54' title="bbox 2179 2433 3739 2506; baseline 0.003 -22"><span class='ocrx_word' id='word_1_378' title='bbox 2179 2441 2301 2485; x_wconf 91' lang='lat' dir='ltr'><strong>nate</strong></span> <span class='ocrx_word' id='word_1_379' title='bbox 2333 2433 2639 2487; x_wconf 87' lang='lat' dir='ltr'><strong>eruditione</strong></span> <span class='ocrx_word' id='word_1_380' title='bbox 2685 2435 2881 2490; x_wconf 88' lang='lat' dir='ltr'><strong>decora</strong></span> <span class='ocrx_word' id='word_1_381' title='bbox 2914 2438 3203 2506; x_wconf 76' lang='lat' dir='ltr'><strong>majorum.</strong></span> <span class='ocrx_word' id='word_1_382' title='bbox 3258 2437 3407 2492; x_wconf 76' lang='lat' dir='ltr'><strong>Fulvi</strong></span> <span class='ocrx_word' id='word_1_383' title='bbox 3438 2437 3739 2492; x_wconf 89' lang='lat' dir='ltr'><strong>nobilitatem</strong></span> 
     </span>
    </p>
   </div>
   <div class='ocr_carea' id='block_1_54' title="bbox 2179 2522 3741 2597">
    <p class='ocr_par' dir='ltr' id='par_1_54' title="bbox 2179 2522 3741 2597">
     <span class='ocr_line' id='line_1_55' title="bbox 2179 2522 3741 2597; baseline 0.003 -21"><span class='ocrx_word' id='word_1_384' title='bbox 2179 2522 2382 2577; x_wconf 88' lang='lat' dir='ltr'><strong>metalli</strong></span> <span class='ocrx_word' id='word_1_385' title='bbox 2407 2526 2509 2577; x_wconf 91' lang='lat' dir='ltr'><strong>nisi</strong></span> <span class='ocrx_word' id='word_1_386' title='bbox 2538 2524 2601 2578; x_wconf 91' lang='lat' dir='ltr'><strong>ad</strong></span> <span class='ocrx_word' id='word_1_387' title='bbox 2628 2541 2860 2597; x_wconf 82' lang='lat' dir='ltr'><strong>unguem</strong></span> <span class='ocrx_word' id='word_1_388' title='bbox 2882 2543 3072 2582; x_wconf 85' lang='lat' dir='ltr'><strong>manus</strong></span> <span class='ocrx_word' id='word_1_389' title='bbox 3100 2527 3270 2583; x_wconf 88' lang='lat' dir='ltr'><strong>ducat</strong></span> <span class='ocrx_word' id='word_1_390' title='bbox 3300 2530 3541 2595; x_wconf 80' lang='lat' dir='ltr'><strong>artiﬁcis,</strong></span> <span class='ocrx_word' id='word_1_391' title='bbox 3570 2538 3741 2583; x_wconf 88' lang='lat' dir='ltr'><strong>mater-</strong></span> 
     </span>
    </p>
   </div>
   <div class='ocr_carea' id='block_1_55' title="bbox 2180 2615 3744 2692">
    <p class='ocr_par' dir='ltr' id='par_1_55' title="bbox 2180 2615 3744 2692">
     <span class='ocr_line' id='line_1_56' title="bbox 2180 2615 3744 2692; baseline 0.006 -25"><span class='ocrx_word' id='word_1_392' title='bbox 2180 2615 2264 2668; x_wconf 90' lang='lat' dir='ltr'><strong>nis</strong></span> <span class='ocrx_word' id='word_1_393' title='bbox 2292 2630 2428 2684; x_wconf 88' lang='lat' dir='ltr'><strong>pene</strong></span> <span class='ocrx_word' id='word_1_394' title='bbox 2459 2616 2729 2673; x_wconf 70' lang='lat' dir='ltr'><strong>hebetatur</strong></span> <span class='ocrx_word' id='word_1_395' title='bbox 2778 2620 3017 2674; x_wconf 77' lang='lat' dir='ltr'><strong>tenebris</strong></span> <span class='ocrx_word' id='word_1_396' title='bbox 3045 2637 3058 2675; x_wconf 92' lang='lat'><strong>:</strong></span> <span class='ocrx_word' id='word_1_397' title='bbox 3092 2631 3145 2676; x_wconf 90' lang='lat' dir='ltr'><strong>ct</strong></span> <span class='ocrx_word' id='word_1_398' title='bbox 3173 2623 3229 2676; x_wconf 89' lang='lat' dir='ltr'><strong>si</strong></span> <span class='ocrx_word' id='word_1_399' title='bbox 3266 2637 3371 2677; x_wconf 91' lang='lat' dir='ltr'><strong>non</strong></span> <span class='ocrx_word' id='word_1_400' title='bbox 3400 2622 3640 2692; x_wconf 84' lang='lat' dir='ltr'><strong>magistra</strong></span> <span class='ocrx_word' id='word_1_401' title='bbox 3667 2635 3744 2691; x_wconf 68' lang='lat' dir='ltr'><strong>po«</strong></span> 
     </span>
    </p>
   </div>
   <div class='ocr_carea' id='block_1_56' title="bbox 2178 2706 3741 2783">
    <p class='ocr_par' dir='ltr' id='par_1_56' title="bbox 2178 2706 3741 2783">
     <span class='ocr_line' id='line_1_57' title="bbox 2178 2706 3741 2783; baseline 0.003 -23"><span class='ocrx_word' id='word_1_402' title='bbox 2178 2706 2364 2762; x_wconf 89' lang='lat' dir='ltr'><strong>litione</strong></span> <span class='ocrx_word' id='word_1_403' title='bbox 2394 2720 2731 2779; x_wconf 86' lang='lat' dir='ltr'><strong>venustetur,</strong></span> <span class='ocrx_word' id='word_1_404' title='bbox 2770 2711 2901 2766; x_wconf 89' lang='lat' dir='ltr'><strong>nihil</strong></span> <span class='ocrx_word' id='word_1_405' title='bbox 2933 2713 2981 2767; x_wconf 92' lang='lat' dir='ltr'><strong>ei</strong></span> <span class='ocrx_word' id='word_1_406' title='bbox 3014 2714 3246 2782; x_wconf 82' lang='lat' dir='ltr'><strong>prodest</strong></span> <span class='ocrx_word' id='word_1_407' title='bbox 3285 2714 3580 2769; x_wconf 78' lang='lat' dir='ltr'><strong>sublimitas</strong></span> <span class='ocrx_word' id='word_1_408' title='bbox 3608 2726 3741 2783; x_wconf 89' lang='lat' dir='ltr'><strong>quam</strong></span> 
     </span>
    </p>
   </div>
   <div class='ocr_carea' id='block_1_57' title="bbox 2176 2802 3745 2873">
    <p class='ocr_par' dir='ltr' id='par_1_57' title="bbox 2176 2802 3745 2873">
     <span class='ocr_line' id='line_1_58' title="bbox 2176 2802 3745 2873; baseline 0.003 -21"><span class='ocrx_word' id='word_1_409' title='bbox 2176 2814 2310 2853; x_wconf 81' lang='lat' dir='ltr'><strong>vena</strong></span> <span class='ocrx_word' id='word_1_410' title='bbox 2339 2802 2693 2856; x_wconf 90' lang='lat' dir='ltr'><strong>concesserit.</strong></span> <span class='ocrx_word' id='word_1_411' title='bbox 2731 2802 3028 2872; x_wconf 88' lang='lat' dir='ltr'><strong>Adjuvatur</strong></span> <span class='ocrx_word' id='word_1_412' title='bbox 3048 2804 3274 2873; x_wconf 84' lang='lat' dir='ltr'><strong>quidem</strong></span> <span class='ocrx_word' id='word_1_413' title='bbox 3307 2806 3538 2860; x_wconf 87' lang='lat' dir='ltr'><strong>doctoris</strong></span> <span class='ocrx_word' id='word_1_414' title='bbox 3563 2804 3745 2858; x_wconf 72' lang='lat' dir='ltr'><strong>instan-</strong></span> 
     </span>
    </p>
   </div>
   <div class='ocr_carea' id='block_1_58' title="bbox 2176 2890 3746 2960">
    <p class='ocr_par' dir='ltr' id='par_1_58' title="bbox 2176 2890 3746 2960">
     <span class='ocr_line' id='line_1_59' title="bbox 2176 2890 3746 2960; baseline 0.003 -17"><span class='ocrx_word' id='word_1_415' title='bbox 2176 2890 2249 2943; x_wconf 85' lang='lat' dir='ltr'><strong>tia</strong></span> <span class='ocrx_word' id='word_1_416' title='bbox 2274 2890 2489 2945; x_wconf 88' lang='lat' dir='ltr'><strong>dotihus</strong></span> <span class='ocrx_word' id='word_1_417' title='bbox 2516 2893 2792 2960; x_wconf 81' lang='lat' dir='ltr'><strong>Sanguinis</strong></span> <span class='ocrx_word' id='word_1_418' title='bbox 2834 2894 3163 2959; x_wconf 84' lang='lat' dir='ltr'><strong>mundioris;</strong></span> <span class='ocrx_word' id='word_1_419' title='bbox 3198 2896 3294 2951; x_wconf 91' lang='lat' dir='ltr'><strong>sed</strong></span> <span class='ocrx_word' id='word_1_420' title='bbox 3327 2899 3432 2951; x_wconf 80' lang='lat' dir='ltr'><strong>nisi</strong></span> <span class='ocrx_word' id='word_1_421' title='bbox 3458 2898 3627 2950; x_wconf 87' lang='lat' dir='ltr'><strong>limata</strong></span> <span class='ocrx_word' id='word_1_422' title='bbox 3657 2908 3746 2948; x_wconf 85' lang='lat' dir='ltr'><strong>non</strong></span> 
     </span>
    </p>
   </div>
   <div class='ocr_carea' id='block_1_59' title="bbox 2178 2984 3749 3059">
    <p class='ocr_par' dir='ltr' id='par_1_59' title="bbox 2178 2984 3749 3059">
     <span class='ocr_line' id='line_1_60' title="bbox 2178 2984 3749 3059; baseline 0.001 -22"><span class='ocrx_word' id='word_1_423' title='bbox 2178 2984 2403 3037; x_wconf 84' lang='lat' dir='ltr'><strong>rutilant</strong></span> <span class='ocrx_word' id='word_1_424' title='bbox 2432 2985 2518 3038; x_wconf 90' lang='lat' dir='ltr'><strong>illa</strong></span> <span class='ocrx_word' id='word_1_425' title='bbox 2562 3000 2681 3053; x_wconf 64' lang='lat' dir='ltr'><strong>qua)</strong></span> <span class='ocrx_word' id='word_1_426' title='bbox 2731 3001 2789 3040; x_wconf 90' lang='lat' dir='ltr'><strong>se</strong></span> <span class='ocrx_word' id='word_1_427' title='bbox 2833 2986 3046 3057; x_wconf 89' lang='lat' dir='ltr'><strong>erigunt</strong></span> <span class='ocrx_word' id='word_1_428' title='bbox 3093 2990 3457 3059; x_wconf 62' lang='lat' dir='ltr'><strong>praerogativa</strong></span> <span class='ocrx_word' id='word_1_429' title='bbox 3499 2985 3749 3044; x_wconf 80' lang='lat' dir='ltr'><strong>nascendi.</strong></span> 
     </span>
    </p>
   </div>
   <div class='ocr_carea' id='block_1_60' title="bbox 2179 3076 3752 3136">
    <p class='ocr_par' dir='ltr' id='par_1_60' title="bbox 2179 3076 3752 3136">
     <span class='ocr_line' id='line_1_61' title="bbox 2179 3076 3752 3136; baseline 0.002 -8"><span class='ocrx_word' id='word_1_430' title='bbox 2179 3076 2579 3131; x_wconf 80' lang='lat' dir='ltr'><strong>Incrementum</strong></span> <span class='ocrx_word' id='word_1_431' title='bbox 2610 3078 2869 3133; x_wconf 90' lang='lat' dir='ltr'><strong>rusticum</strong></span> <span class='ocrx_word' id='word_1_432' title='bbox 2910 3090 3098 3135; x_wconf 57' lang='lat' dir='ltr'><strong>matus</strong></span> <span class='ocrx_word' id='word_1_433' title='bbox 3126 3096 3402 3136; x_wconf 87' lang='lat' dir='ltr'><strong>mammas</strong></span> <span class='ocrx_word' id='word_1_434' title='bbox 3436 3082 3568 3136; x_wconf 91' lang='lat' dir='ltr'><strong>inter</strong></span> <span class='ocrx_word' id='word_1_435' title='bbox 3597 3080 3752 3134; x_wconf 88' lang='lat' dir='ltr'><strong>sulcos</strong></span> 
     </span>
    </p>
   </div>
   <div class='ocr_carea' id='block_1_61' title="bbox 553 3161 3753 3255">
    <p class='ocr_par' dir='ltr' id='par_1_61' title="bbox 553 3161 3753 3255">
     <span class='ocr_line' id='line_1_62' title="bbox 553 3161 3753 3255; baseline -0.001 -29"><span class='ocrx_word' id='word_1_436' title='bbox 553 3169 622 3226; x_wconf 89' lang='lat' dir='ltr'><strong>Ut</strong></span> <span class='ocrx_word' id='word_1_437' title='bbox 654 3183 876 3239; x_wconf 88' lang='lat' dir='ltr'><strong>campus</strong></span> <span class='ocrx_word' id='word_1_438' title='bbox 920 3168 1166 3231; x_wconf 88' lang='lat' dir='ltr'><strong>militem,</strong></span> <span class='ocrx_word' id='word_1_439' title='bbox 1221 3183 1369 3222; x_wconf 88' lang='lat' dir='ltr'><strong>mare</strong></span> <span class='ocrx_word' id='word_1_440' title='bbox 1415 3169 1644 3233; x_wconf 91' lang='lat' dir='ltr'><strong>navitas,</strong></span> <span class='ocrx_word' id='word_1_441' title='bbox 1685 3167 1799 3222; x_wconf 88' lang='lat' dir='ltr'><strong>fora</strong></span> <span class='ocrx_word' id='word_1_442' title='bbox 1840 3166 2073 3221; x_wconf 64' lang='lat' dir='ltr'><strong>causidi-</strong></span> <span class='ocrx_word' id='word_1_443' title='bbox 2180 3179 2443 3235; x_wconf 88' lang='lat' dir='ltr'><strong>evacuat;</strong></span> <span class='ocrx_word' id='word_1_444' title='bbox 2478 3180 2531 3224; x_wconf 91' lang='lat' dir='ltr'><strong>et</strong></span> <span class='ocrx_word' id='word_1_445' title='bbox 2557 3186 2650 3240; x_wconf 83' lang='lat' dir='ltr'><strong>per</strong></span> <span class='ocrx_word' id='word_1_446' title='bbox 2681 3185 2873 3238; x_wconf 86' lang='lat' dir='ltr'><strong>pascua</strong></span> <span class='ocrx_word' id='word_1_447' title='bbox 2914 3186 3076 3240; x_wconf 84' lang='lat' dir='ltr'><strong>pecus</strong></span> <span class='ocrx_word' id='word_1_448' title='bbox 3110 3188 3304 3243; x_wconf 81' lang='lat' dir='ltr'><strong>agere,</strong></span> <span class='ocrx_word' id='word_1_449' title='bbox 3339 3172 3466 3227; x_wconf 88' lang='lat' dir='ltr'><strong>dum</strong></span> <span class='ocrx_word' id='word_1_450' title='bbox 3505 3173 3570 3227; x_wconf 89' lang='lat' dir='ltr'><strong>ab</strong></span> <span class='ocrx_word' id='word_1_451' title='bbox 3597 3168 3753 3225; x_wconf 72' lang='lat' dir='ltr'><strong>obeli-</strong></span> 
     </span>
    </p>
   </div>
   <div class='ocr_carea' id='block_1_62' title="bbox 477 3259 2072 3327">
    <p class='ocr_par' dir='ltr' id='par_1_62' title="bbox 477 3259 2072 3327">
     <span class='ocr_line' id='line_1_63' title="bbox 477 3259 2072 3327; baseline -0.001 -12"><span class='ocrx_word' id='word_1_452' title='bbox 477 3275 627 3327; x_wconf 89' lang='lat' dir='ltr'><strong>cum,</strong></span> <span class='ocrx_word' id='word_1_453' title='bbox 656 3260 950 3315; x_wconf 85' lang='lat' dir='ltr'><strong>sollicitant</strong></span> <span class='ocrx_word' id='word_1_454' title='bbox 990 3260 1190 3314; x_wconf 91' lang='lat' dir='ltr'><strong>incerta</strong></span> <span class='ocrx_word' id='word_1_455' title='bbox 1220 3267 1523 3327; x_wconf 87' lang='lat' dir='ltr'><strong>raptorem,</strong></span> <span class='ocrx_word' id='word_1_456' title='bbox 1566 3259 1638 3313; x_wconf 83' lang='lat' dir='ltr'><strong>ita</strong></span> <span class='ocrx_word' id='word_1_457' title='bbox 1671 3259 1935 3313; x_wconf 87' lang='lat' dir='ltr'><strong>auditoria</strong></span> <span class='ocrx_word' id='word_1_458' title='bbox 1966 3260 2072 3314; x_wconf 87' lang='lat' dir='ltr'><strong>lin-</strong></span> 
     </span>
    </p>
   </div>
   <div class='ocr_carea' id='block_1_63' title="bbox 477 3352 2074 3426">
    <p class='ocr_par' dir='ltr' id='par_1_63' title="bbox 477 3352 2074 3426">
     <span class='ocr_line' id='line_1_64' title="bbox 477 3352 2074 3426; baseline -0.001 -17"><span class='ocrx_word' id='word_1_459' title='bbox 477 3369 611 3426; x_wconf 75' lang='lat' dir='ltr'><strong>guas</strong></span> <span class='ocrx_word' id='word_1_460' title='bbox 634 3363 908 3410; x_wconf 73' lang='lat' dir='ltr'><strong>exercent.</strong></span> <span class='ocrx_word' id='word_1_461' title='bbox 930 3353 1069 3408; x_wconf 68' lang='lat' dir='ltr'><strong>Nam</strong></span> <span class='ocrx_word' id='word_1_462' title='bbox 1096 3368 1215 3423; x_wconf 60' lang='lat' dir='ltr'><strong>quae</strong></span> <span class='ocrx_word' id='word_1_463' title='bbox 1241 3355 1439 3407; x_wconf 91' lang='lat' dir='ltr'><strong>malum</strong></span> <span class='ocrx_word' id='word_1_464' title='bbox 1463 3353 1600 3407; x_wconf 90' lang='lat' dir='ltr'><strong>ratio</strong></span> <span class='ocrx_word' id='word_1_465' title='bbox 1630 3352 1876 3407; x_wconf 89' lang='lat' dir='ltr'><strong>suadebit</strong></span> <span class='ocrx_word' id='word_1_466' title='bbox 1909 3353 2074 3409; x_wconf 87' lang='lat' dir='ltr'><strong>silen-</strong></span> 
     </span>
    </p>
   </div>
   <div class='ocr_carea' id='block_1_64' title="bbox 477 3446 2072 3517">
    <p class='ocr_par' dir='ltr' id='par_1_64' title="bbox 477 3446 2072 3517">
     <span class='ocr_line' id='line_1_65' title="bbox 477 3446 2072 3517; baseline -0.001 -13"><span class='ocrx_word' id='word_1_467' title='bbox 477 3451 612 3504; x_wconf 84' lang='lat' dir='ltr'><strong>tium</strong></span> <span class='ocrx_word' id='word_1_468' title='bbox 637 3449 691 3502; x_wconf 90' lang='lat' dir='ltr'><strong>in</strong></span> <span class='ocrx_word' id='word_1_469' title='bbox 718 3448 835 3502; x_wconf 91' lang='lat' dir='ltr'><strong>loco</strong></span> <span class='ocrx_word' id='word_1_470' title='bbox 858 3447 1035 3517; x_wconf 85' lang='lat' dir='ltr'><strong>inquo</strong></span> <span class='ocrx_word' id='word_1_471' title='bbox 1057 3454 1182 3501; x_wconf 89' lang='lat' dir='ltr'><strong>sunt</strong></span> <span class='ocrx_word' id='word_1_472' title='bbox 1204 3447 1420 3515; x_wconf 71' lang='lat' dir='ltr'><strong>praemia</strong></span> <span class='ocrx_word' id='word_1_473' title='bbox 1445 3446 1730 3501; x_wconf 82' lang='lat' dir='ltr'><strong>constituta</strong></span> <span class='ocrx_word' id='word_1_474' title='bbox 1750 3447 2072 3502; x_wconf 81' lang='lat' dir='ltr'><strong>verborum?</strong></span> 
     </span>
    </p>
   </div>
   <div class='ocr_carea' id='block_1_65' title="bbox 478 3539 2070 3610">
    <p class='ocr_par' dir='ltr' id='par_1_65' title="bbox 478 3539 2070 3610">
     <span class='ocr_line' id='line_1_66' title="bbox 478 3539 2070 3610; baseline -0.001 -14"><span class='ocrx_word' id='word_1_475' title='bbox 478 3541 569 3596; x_wconf 88' lang='lat' dir='ltr'><strong>ubi</strong></span> <span class='ocrx_word' id='word_1_476' title='bbox 592 3540 852 3597; x_wconf 91' lang='lat' dir='ltr'><strong>orationis</strong></span> <span class='ocrx_word' id='word_1_477' title='bbox 881 3540 1080 3610; x_wconf 90' lang='lat' dir='ltr'><strong>palma,</strong></span> <span class='ocrx_word' id='word_1_478' title='bbox 1108 3541 1150 3594; x_wconf 89' lang='lat' dir='ltr'><strong>si</strong></span> <span class='ocrx_word' id='word_1_479' title='bbox 1185 3539 1271 3593; x_wconf 92' lang='lat' dir='ltr'><strong>hic</strong></span> <span class='ocrx_word' id='word_1_480' title='bbox 1296 3540 1460 3609; x_wconf 88' lang='lat' dir='ltr'><strong>gratia</strong></span> <span class='ocrx_word' id='word_1_481' title='bbox 1488 3540 1906 3596; x_wconf 81' lang='lat' dir='ltr'><strong>taciturnitatis?</strong></span> <span class='ocrx_word' id='word_1_482' title='bbox 1928 3542 2070 3596; x_wconf 86' lang='lat' dir='ltr'><strong>Bene</strong></span> 
     </span>
    </p>
   </div>
   <div class='ocr_carea' id='block_1_66' title="bbox 477 3633 2066 3703">
    <p class='ocr_par' dir='ltr' id='par_1_66' title="bbox 477 3633 2066 3703">
     <span class='ocr_line' id='line_1_67' title="bbox 477 3633 2066 3703; baseline -0.003 -11"><span class='ocrx_word' id='word_1_483' title='bbox 477 3636 765 3692; x_wconf 84' lang='lat' dir='ltr'><strong>solvuntur</strong></span> <span class='ocrx_word' id='word_1_484' title='bbox 793 3634 1006 3690; x_wconf 89' lang='lat' dir='ltr'><strong>sudoris</strong></span> <span class='ocrx_word' id='word_1_485' title='bbox 1051 3634 1241 3703; x_wconf 73' lang='lat' dir='ltr'><strong>pretia,</strong></span> <span class='ocrx_word' id='word_1_486' title='bbox 1277 3633 1364 3687; x_wconf 93' lang='lat' dir='ltr'><strong>ubi</strong></span> <span class='ocrx_word' id='word_1_487' title='bbox 1407 3642 1533 3689; x_wconf 83' lang='lat' dir='ltr'><strong>sunt</strong></span> <span class='ocrx_word' id='word_1_488' title='bbox 1562 3636 1754 3703; x_wconf 90' lang='lat' dir='ltr'><strong>templa</strong></span> <span class='ocrx_word' id='word_1_489' title='bbox 1779 3636 2020 3689; x_wconf 66' lang='lat' dir='ltr'><strong>victoria:</strong></span> <span class='ocrx_word' id='word_1_490' title='bbox 2052 3652 2066 3687; x_wconf 85' lang='lat'><strong>:</strong></span> 
     </span>
    </p>
   </div>
   <div class='ocr_carea' id='block_1_67' title="bbox 476 3726 2068 3800">
    <p class='ocr_par' dir='ltr' id='par_1_67' title="bbox 476 3726 2068 3800">
     <span class='ocr_line' id='line_1_68' title="bbox 476 3726 2068 3800; baseline -0.003 -13"><span class='ocrx_word' id='word_1_491' title='bbox 476 3730 618 3787; x_wconf 80' lang='lat' dir='ltr'><strong>bene</strong></span> <span class='ocrx_word' id='word_1_492' title='bbox 642 3726 907 3800; x_wconf 86' lang='lat' dir='ltr'><strong>efl&#39;ugator</strong></span> <span class='ocrx_word' id='word_1_493' title='bbox 933 3729 1163 3784; x_wconf 83' lang='lat' dir='ltr'><strong>servitus</strong></span> <span class='ocrx_word' id='word_1_494' title='bbox 1202 3728 1344 3784; x_wconf 85' lang='lat' dir='ltr'><strong>inter</strong></span> <span class='ocrx_word' id='word_1_495' title='bbox 1385 3730 1519 3783; x_wconf 87' lang='lat' dir='ltr'><strong>atria</strong></span> <span class='ocrx_word' id='word_1_496' title='bbox 1562 3728 1844 3783; x_wconf 87' lang='lat' dir='ltr'><strong>libertatis.</strong></span> <span class='ocrx_word' id='word_1_497' title='bbox 1877 3728 2068 3783; x_wconf 78' lang='lat' dir='ltr'><strong>Vincta</strong></span> 
     </span>
    </p>
   </div>
   <div class='ocr_carea' id='block_1_68' title="bbox 475 3822 2065 3892">
    <p class='ocr_par' dir='ltr' id='par_1_68' title="bbox 475 3822 2065 3892">
     <span class='ocr_line' id='line_1_69' title="bbox 475 3822 2065 3892; baseline -0.001 -14"><span class='ocrx_word' id='word_1_498' title='bbox 475 3822 569 3879; x_wconf 84' lang='lat' dir='ltr'><strong>hic</strong></span> <span class='ocrx_word' id='word_1_499' title='bbox 608 3836 702 3877; x_wconf 86' lang='lat' dir='ltr'><strong>ora</strong></span> <span class='ocrx_word' id='word_1_500' title='bbox 753 3828 933 3878; x_wconf 86' lang='lat' dir='ltr'><strong>teneat</strong></span> <span class='ocrx_word' id='word_1_501' title='bbox 981 3835 1133 3877; x_wconf 83' lang='lat' dir='ltr'><strong>mens</strong></span> <span class='ocrx_word' id='word_1_502' title='bbox 1170 3823 1379 3892; x_wconf 87' lang='lat' dir='ltr'><strong>captiva</strong></span> <span class='ocrx_word' id='word_1_503' title='bbox 1416 3837 1429 3874; x_wconf 88' lang='lat'><strong><em>:</em></strong></span> <span class='ocrx_word' id='word_1_504' title='bbox 1464 3835 1569 3876; x_wconf 91' lang='lat' dir='ltr'><strong>non</strong></span> <span class='ocrx_word' id='word_1_505' title='bbox 1612 3822 1855 3891; x_wconf 84' lang='lat' dir='ltr'><strong>agnoscit</strong></span> <span class='ocrx_word' id='word_1_506' title='bbox 1895 3822 2065 3876; x_wconf 91' lang='lat' dir='ltr'><strong>forum</strong></span> 
     </span>
    </p>
   </div>
   <div class='ocr_carea' id='block_1_69' title="bbox 475 3913 2062 3985">
    <p class='ocr_par' dir='ltr' id='par_1_69' title="bbox 475 3913 2062 3985">
     <span class='ocr_line' id='line_1_70' title="bbox 475 3913 2062 3985; baseline -0.004 -13"><span class='ocrx_word' id='word_1_507' title='bbox 475 3915 704 3972; x_wconf 81' lang='lat' dir='ltr'><strong>Romani</strong></span> <span class='ocrx_word' id='word_1_508' title='bbox 734 3915 937 3985; x_wconf 88' lang='lat' dir='ltr'><strong>populi,</strong></span> <span class='ocrx_word' id='word_1_509' title='bbox 971 3928 1077 3969; x_wconf 90' lang='lat' dir='ltr'><strong>non</strong></span> <span class='ocrx_word' id='word_1_510' title='bbox 1100 3914 1334 3970; x_wconf 83' lang='lat' dir='ltr'><strong>liberalis</strong></span> <span class='ocrx_word' id='word_1_511' title='bbox 1364 3913 1682 3969; x_wconf 90' lang='lat' dir='ltr'><strong>eruditionis</strong></span> <span class='ocrx_word' id='word_1_512' title='bbox 1705 3914 2062 3983; x_wconf 84' lang='lat' dir='ltr'><strong>gymnasium,</strong></span> 
     </span>
    </p>
   </div>
   <div class='ocr_carea' id='block_1_70' title="bbox 476 4005 2067 4081">
    <p class='ocr_par' dir='ltr' id='par_1_70' title="bbox 476 4005 2067 4081">
     <span class='ocr_line' id='line_1_71' title="bbox 476 4005 2067 4081; baseline -0.004 -17"><span class='ocrx_word' id='word_1_513' title='bbox 476 4010 567 4081; x_wconf 86' lang='lat' dir='ltr'><strong>qui</strong></span> <span class='ocrx_word' id='word_1_514' title='bbox 596 4009 771 4063; x_wconf 89' lang='lat' dir='ltr'><strong>adhuc</strong></span> <span class='ocrx_word' id='word_1_515' title='bbox 799 4009 947 4076; x_wconf 88' lang='lat' dir='ltr'><strong>quasi</strong></span> <span class='ocrx_word' id='word_1_516' title='bbox 982 4008 1033 4060; x_wconf 94' lang='lat' dir='ltr'><strong>in</strong></span> <span class='ocrx_word' id='word_1_517' title='bbox 1067 4006 1370 4061; x_wconf 88' lang='lat' dir='ltr'><strong>secessibus</strong></span> <span class='ocrx_word' id='word_1_518' title='bbox 1410 4005 1744 4060; x_wconf 87' lang='lat' dir='ltr'><strong>conticescit.</strong></span> <span class='ocrx_word' id='word_1_519' title='bbox 1777 4005 1897 4059; x_wconf 89' lang='lat' dir='ltr'><strong>Sint</strong></span> <span class='ocrx_word' id='word_1_520' title='bbox 1923 4015 2067 4058; x_wconf 90' lang='lat' dir='ltr'><strong>muta</strong></span> 
     </span>
    </p>
   </div>
   <div class='ocr_carea' id='block_1_71' title="bbox 476 4095 2067 4165">
    <p class='ocr_par' dir='ltr' id='par_1_71' title="bbox 476 4095 2067 4165">
     <span class='ocr_line' id='line_1_72' title="bbox 476 4095 2067 4165; baseline -0.003 -10"><span class='ocrx_word' id='word_1_521' title='bbox 476 4099 617 4155; x_wconf 84' lang='lat' dir='ltr'><strong>forte</strong></span> <span class='ocrx_word' id='word_1_522' title='bbox 660 4097 1001 4153; x_wconf 83' lang='lat' dir='ltr'><strong>diversoria:</strong></span> <span class='ocrx_word' id='word_1_523' title='bbox 1046 4096 1131 4149; x_wconf 90' lang='lat' dir='ltr'><strong>hic</strong></span> <span class='ocrx_word' id='word_1_524' title='bbox 1163 4097 1292 4149; x_wconf 86' lang='lat' dir='ltr'><strong>nihil</strong></span> <span class='ocrx_word' id='word_1_525' title='bbox 1331 4104 1413 4149; x_wconf 90' lang='lat' dir='ltr'><strong>est</strong></span> <span class='ocrx_word' id='word_1_526' title='bbox 1460 4105 1563 4148; x_wconf 88' lang='lat' dir='ltr'><strong>tam</strong></span> <span class='ocrx_word' id='word_1_527' title='bbox 1612 4095 1869 4151; x_wconf 91' lang='lat' dir='ltr'><strong>familiare</strong></span> <span class='ocrx_word' id='word_1_528' title='bbox 1908 4112 2067 4165; x_wconf 88' lang='lat' dir='ltr'><strong>quam</strong></span> 
     </span>
    </p>
   </div>
   <div class='ocr_carea' id='block_1_72' title="bbox 480 4186 2069 4258">
    <p class='ocr_par' dir='ltr' id='par_1_72' title="bbox 480 4186 2069 4258">
     <span class='ocr_line' id='line_1_73' title="bbox 480 4186 2069 4258; baseline -0.001 -14"><span class='ocrx_word' id='word_1_529' title='bbox 480 4204 673 4258; x_wconf 89' lang='lat' dir='ltr'><strong>pompa</strong></span> <span class='ocrx_word' id='word_1_530' title='bbox 716 4187 948 4244; x_wconf 88' lang='lat' dir='ltr'><strong>dicendi.</strong></span> <span class='ocrx_word' id='word_1_531' title='bbox 1011 4186 1373 4242; x_wconf 86' lang='lat' dir='ltr'><strong>Feseenninos</strong></span> <span class='ocrx_word' id='word_1_532' title='bbox 1419 4187 1559 4241; x_wconf 89' lang='lat' dir='ltr'><strong>sales</strong></span> <span class='ocrx_word' id='word_1_533' title='bbox 1602 4186 1895 4257; x_wconf 64' lang='lat' dir='ltr'><strong>hymenaeis</strong></span> <span class='ocrx_word' id='word_1_534' title='bbox 1938 4189 2069 4242; x_wconf 88' lang='lat' dir='ltr'><strong>dare</strong></span> 
     </span>
    </p>
   </div>
   <div class='ocr_carea' id='block_1_73' title="bbox 478 4277 2065 4352">
    <p class='ocr_par' dir='ltr' id='par_1_73' title="bbox 478 4277 2065 4352">
     <span class='ocr_line' id='line_1_74' title="bbox 478 4277 2065 4352; baseline -0.004 -15"><span class='ocrx_word' id='word_1_535' title='bbox 478 4281 692 4352; x_wconf 85' lang='lat' dir='ltr'><strong>genium</strong></span> <span class='ocrx_word' id='word_1_536' title='bbox 744 4287 1017 4336; x_wconf 70' lang='lat' dir='ltr'><strong>consueta:</strong></span> <span class='ocrx_word' id='word_1_537' title='bbox 1076 4277 1429 4350; x_wconf 81' lang='lat' dir='ltr'><strong>professionis</strong></span> <span class='ocrx_word' id='word_1_538' title='bbox 1487 4277 1706 4345; x_wconf 88' lang='lat' dir='ltr'><strong>plausus</strong></span> <span class='ocrx_word' id='word_1_539' title='bbox 1761 4277 2004 4333; x_wconf 90' lang='lat' dir='ltr'><strong>hortatur</strong></span> <span class='ocrx_word' id='word_1_540' title='bbox 2052 4296 2065 4331; x_wconf 91' lang='lat'><strong>:</strong></span> 
     </span>
    </p>
   </div>
   <div class='ocr_carea' id='block_1_74' title="bbox 478 4370 2069 4446">
    <p class='ocr_par' dir='ltr' id='par_1_74' title="bbox 478 4370 2069 4446">
     <span class='ocr_line' id='line_1_75' title="bbox 478 4370 2069 4446; baseline -0.004 -14"><span class='ocrx_word' id='word_1_541' title='bbox 478 4378 756 4446; x_wconf 89' lang='lat' dir='ltr'><strong>eriguntur</strong></span> <span class='ocrx_word' id='word_1_542' title='bbox 803 4375 948 4429; x_wconf 89' lang='lat' dir='ltr'><strong>lituis</strong></span> <span class='ocrx_word' id='word_1_543' title='bbox 994 4374 1286 4429; x_wconf 86' lang='lat' dir='ltr'><strong>bellatores</strong></span> <span class='ocrx_word' id='word_1_544' title='bbox 1332 4388 1347 4427; x_wconf 90' lang='lat'><strong>:</strong></span> <span class='ocrx_word' id='word_1_545' title='bbox 1394 4370 1591 4426; x_wconf 88' lang='lat' dir='ltr'><strong>virtute</strong></span> <span class='ocrx_word' id='word_1_546' title='bbox 1639 4370 1844 4425; x_wconf 88' lang='lat' dir='ltr'><strong>debiles</strong></span> <span class='ocrx_word' id='word_1_547' title='bbox 1890 4372 2069 4441; x_wconf 88' lang='lat' dir='ltr'><strong>gravis</strong></span> 
     </span>
    </p>
   </div>
   <div class='ocr_carea' id='block_1_75' title="bbox 477 4463 2070 4523">
    <p class='ocr_par' dir='ltr' id='par_1_75' title="bbox 477 4463 2070 4523">
     <span class='ocr_line' id='line_1_76' title="bbox 477 4463 2070 4523; baseline -0.004 0"><span class='ocrx_word' id='word_1_548' title='bbox 477 4467 821 4523; x_wconf 91' lang='lat' dir='ltr'><strong>buccinarum</strong></span> <span class='ocrx_word' id='word_1_549' title='bbox 848 4475 1037 4521; x_wconf 89' lang='lat' dir='ltr'><strong>cantus</strong></span> <span class='ocrx_word' id='word_1_550' title='bbox 1067 4464 1257 4520; x_wconf 88' lang='lat' dir='ltr'><strong>attollit</strong></span> <span class='ocrx_word' id='word_1_551' title='bbox 1293 4483 1306 4517; x_wconf 90' lang='lat'><strong>:</strong></span> <span class='ocrx_word' id='word_1_552' title='bbox 1340 4464 1461 4518; x_wconf 85' lang='lat' dir='ltr'><strong>data</strong></span> <span class='ocrx_word' id='word_1_553' title='bbox 1491 4472 1616 4518; x_wconf 88' lang='lat' dir='ltr'><strong>sunt</strong></span> <span class='ocrx_word' id='word_1_554' title='bbox 1646 4463 1913 4518; x_wconf 89' lang='lat' dir='ltr'><strong>universis</strong></span> <span class='ocrx_word' id='word_1_555' title='bbox 1938 4466 2070 4517; x_wconf 92' lang='lat' dir='ltr'><strong>ami-</strong></span> 
     </span>
    </p>
   </div>
   <div class='ocr_carea' id='block_1_76' title="bbox 2182 3262 3755 3333">
    <p class='ocr_par' dir='ltr' id='par_1_76' title="bbox 2182 3262 3755 3333">
     <span class='ocr_line' id='line_1_77' title="bbox 2182 3262 3755 3333; baseline -0.001 -19"><span class='ocrx_word' id='word_1_556' title='bbox 2182 3262 2278 3315; x_wconf 87' lang='lat' dir='ltr'><strong>bus</strong></span> <span class='ocrx_word' id='word_1_557' title='bbox 2310 3262 2530 3333; x_wconf 86' lang='lat' dir='ltr'><strong>pendet,</strong></span> <span class='ocrx_word' id='word_1_558' title='bbox 2574 3264 2875 3317; x_wconf 84' lang='lat' dir='ltr'><strong>assuescit:</strong></span> <span class='ocrx_word' id='word_1_559' title='bbox 2908 3264 3073 3333; x_wconf 89' lang='lat' dir='ltr'><strong>patris</strong></span> <span class='ocrx_word' id='word_1_560' title='bbox 3120 3264 3389 3332; x_wconf 77' lang='lat' dir='ltr'><strong>brachiis,</strong></span> <span class='ocrx_word' id='word_1_561' title='bbox 3430 3265 3552 3319; x_wconf 82' lang='lat' dir='ltr'><strong>dunt</strong></span> <span class='ocrx_word' id='word_1_562' title='bbox 3590 3264 3755 3331; x_wconf 83' lang='lat' dir='ltr'><strong>juven-</strong></span> 
     </span>
    </p>
   </div>
   <div class='ocr_carea' id='block_1_77' title="bbox 2175 3346 3756 3426">
    <p class='ocr_par' dir='ltr' id='par_1_77' title="bbox 2175 3346 3756 3426">
     <span class='ocr_line' id='line_1_78' title="bbox 2175 3346 3756 3426; baseline -0.001 -20"><span class='ocrx_word' id='word_1_563' title='bbox 2175 3369 2269 3407; x_wconf 85' lang='lat' dir='ltr'><strong>cos</strong></span> <span class='ocrx_word' id='word_1_564' title='bbox 2320 3354 2528 3424; x_wconf 85' lang='lat' dir='ltr'><strong>fatigat,</strong></span> <span class='ocrx_word' id='word_1_565' title='bbox 2582 3354 2889 3424; x_wconf 82' lang='lat' dir='ltr'><strong>adjungitur</strong></span> <span class='ocrx_word' id='word_1_566' title='bbox 2924 3373 2937 3409; x_wconf 88' lang='lat'><strong>:</strong></span> <span class='ocrx_word' id='word_1_567' title='bbox 2968 3367 3193 3425; x_wconf 76' lang='lat' dir='ltr'><strong>prensat</strong></span> <span class='ocrx_word' id='word_1_568' title='bbox 3240 3346 3523 3413; x_wconf 83' lang='lat' dir='ltr'><strong>dexteram</strong></span> <span class='ocrx_word' id='word_1_569' title='bbox 3560 3352 3756 3426; x_wconf 81' lang='lat' dir='ltr'><strong>grandia</strong></span> 
     </span>
    </p>
   </div>
   <div class='ocr_carea' id='block_1_78' title="bbox 2182 3446 3758 3517">
    <p class='ocr_par' dir='ltr' id='par_1_78' title="bbox 2182 3446 3758 3517">
     <span class='ocr_line' id='line_1_79' title="bbox 2182 3446 3758 3517; baseline -0.001 -16"><span class='ocrx_word' id='word_1_570' title='bbox 2182 3448 2341 3501; x_wconf 89' lang='lat' dir='ltr'><strong>terris</strong></span> <span class='ocrx_word' id='word_1_571' title='bbox 2394 3449 2601 3501; x_wconf 89' lang='lat' dir='ltr'><strong>semina</strong></span> <span class='ocrx_word' id='word_1_572' title='bbox 2650 3449 3110 3515; x_wconf 89' lang='lat' dir='ltr'><strong>committentem;</strong></span> <span class='ocrx_word' id='word_1_573' title='bbox 3160 3460 3224 3505; x_wconf 86' lang='lat' dir='ltr'><strong>et</strong></span> <span class='ocrx_word' id='word_1_574' title='bbox 3270 3452 3527 3506; x_wconf 87' lang='lat' dir='ltr'><strong>sudorem</strong></span> <span class='ocrx_word' id='word_1_575' title='bbox 3566 3446 3758 3517; x_wconf 81' lang='lat' dir='ltr'><strong>originis</strong></span> 
     </span>
    </p>
   </div>
   <div class='ocr_carea' id='block_1_79' title="bbox 2175 3539 3760 3611">
    <p class='ocr_par' dir='ltr' id='par_1_79' title="bbox 2175 3539 3760 3611">
     <span class='ocr_line' id='line_1_80' title="bbox 2175 3539 3760 3611; baseline -0.001 -18"><span class='ocrx_word' id='word_1_576' title='bbox 2175 3553 2287 3593; x_wconf 70' lang='lat' dir='ltr'><strong>sua:</strong></span> <span class='ocrx_word' id='word_1_577' title='bbox 2315 3539 2369 3593; x_wconf 92' lang='lat' dir='ltr'><strong>in</strong></span> <span class='ocrx_word' id='word_1_578' title='bbox 2406 3542 2527 3609; x_wconf 88' lang='lat' dir='ltr'><strong>ipso</strong></span> <span class='ocrx_word' id='word_1_579' title='bbox 2551 3540 2687 3595; x_wconf 90' lang='lat' dir='ltr'><strong>lucis</strong></span> <span class='ocrx_word' id='word_1_580' title='bbox 2714 3542 2901 3596; x_wconf 88' lang='lat' dir='ltr'><strong>limine</strong></span> <span class='ocrx_word' id='word_1_581' title='bbox 2938 3542 3256 3598; x_wconf 79' lang='lat' dir='ltr'><strong>meditatur.</strong></span> <span class='ocrx_word' id='word_1_582' title='bbox 3284 3544 3423 3611; x_wconf 85' lang='lat' dir='ltr'><strong>Quid</strong></span> <span class='ocrx_word' id='word_1_583' title='bbox 3457 3559 3551 3597; x_wconf 87' lang='lat' dir='ltr'><strong>vos</strong></span> <span class='ocrx_word' id='word_1_584' title='bbox 3577 3540 3760 3596; x_wconf 84' lang='lat' dir='ltr'><strong>faciatis</strong></span> 
     </span>
    </p>
   </div>
   <div class='ocr_carea' id='block_1_80' title="bbox 2174 3633 3760 3709">
    <p class='ocr_par' dir='ltr' id='par_1_80' title="bbox 2174 3633 3760 3709">
     <span class='ocr_line' id='line_1_81' title="bbox 2174 3633 3760 3709; baseline 0.001 -21"><span class='ocrx_word' id='word_1_585' title='bbox 2174 3649 2311 3704; x_wconf 88' lang='lat' dir='ltr'><strong>quos</strong></span> <span class='ocrx_word' id='word_1_586' title='bbox 2344 3634 2655 3690; x_wconf 90' lang='lat' dir='ltr'><strong>liberalibus</strong></span> <span class='ocrx_word' id='word_1_587' title='bbox 2682 3646 3006 3704; x_wconf 79' lang='lat' dir='ltr'><strong>pepererunt</strong></span> <span class='ocrx_word' id='word_1_588' title='bbox 3031 3648 3239 3692; x_wconf 88' lang='lat' dir='ltr'><strong>matres</strong></span> <span class='ocrx_word' id='word_1_589' title='bbox 3274 3634 3499 3709; x_wconf 73' lang='lat' dir='ltr'><strong>optima:</strong></span> <span class='ocrx_word' id='word_1_590' title='bbox 3536 3633 3760 3703; x_wconf 87' lang='lat' dir='ltr'><strong>discipli-</strong></span> 
     </span>
    </p>
   </div>
   <div class='ocr_carea' id='block_1_81' title="bbox 2174 3723 3763 3796">
    <p class='ocr_par' dir='ltr' id='par_1_81' title="bbox 2174 3723 3763 3796">
     <span class='ocr_line' id='line_1_82' title="bbox 2174 3723 3763 3796; baseline -0.004 -15"><span class='ocrx_word' id='word_1_591' title='bbox 2174 3727 2290 3781; x_wconf 87' lang='lat' dir='ltr'><strong>nis?</strong></span> <span class='ocrx_word' id='word_1_592' title='bbox 2323 3727 2768 3795; x_wconf 87' lang='lat' dir='ltr'><strong>peregrinandum</strong></span> <span class='ocrx_word' id='word_1_593' title='bbox 2796 3727 2947 3781; x_wconf 87' lang='lat' dir='ltr'><strong>vobis</strong></span> <span class='ocrx_word' id='word_1_594' title='bbox 2978 3738 3060 3781; x_wconf 89' lang='lat' dir='ltr'><strong>est</strong></span> <span class='ocrx_word' id='word_1_595' title='bbox 3102 3744 3129 3780; x_wconf 94' lang='lat' dir='ltr'><strong>a</strong></span> <span class='ocrx_word' id='word_1_596' title='bbox 3158 3732 3417 3796; x_wconf 85' lang='lat' dir='ltr'><strong>germine</strong></span> <span class='ocrx_word' id='word_1_597' title='bbox 3453 3729 3650 3792; x_wconf 89' lang='lat' dir='ltr'><strong>ditiori,</strong></span> <span class='ocrx_word' id='word_1_598' title='bbox 3676 3723 3763 3778; x_wconf 87' lang='lat' dir='ltr'><strong>nisi</strong></span> 
     </span>
    </p>
   </div>
   <div class='ocr_carea' id='block_1_82' title="bbox 2174 3819 3765 3888">
    <p class='ocr_par' dir='ltr' id='par_1_82' title="bbox 2174 3819 3765 3888">
     <span class='ocr_line' id='line_1_83' title="bbox 2174 3819 3765 3888; baseline -0.004 -13"><span class='ocrx_word' id='word_1_599' title='bbox 2174 3836 2270 3877; x_wconf 88' lang='lat' dir='ltr'><strong>vos</strong></span> <span class='ocrx_word' id='word_1_600' title='bbox 2293 3820 2501 3876; x_wconf 87' lang='lat' dir='ltr'><strong>nobiles</strong></span> <span class='ocrx_word' id='word_1_601' title='bbox 2528 3819 2769 3874; x_wconf 89' lang='lat' dir='ltr'><strong>instituta</strong></span> <span class='ocrx_word' id='word_1_602' title='bbox 2799 3821 3218 3874; x_wconf 88' lang='lat' dir='ltr'><strong>monstraverint</strong></span> <span class='ocrx_word' id='word_1_603' title='bbox 3235 3861 3249 3874; x_wconf 95' lang='lat'><strong>.</strong></span> <span class='ocrx_word' id='word_1_604' title='bbox 3276 3822 3505 3876; x_wconf 89' lang='lat' dir='ltr'><strong>llabetis</strong></span> <span class='ocrx_word' id='word_1_605' title='bbox 3530 3819 3765 3888; x_wconf 61' lang='lat' dir='ltr'><strong>praevium</strong></span> 
     </span>
    </p>
   </div>
   <div class='ocr_carea' id='block_1_83' title="bbox 2175 3910 3766 3983">
    <p class='ocr_par' dir='ltr' id='par_1_83' title="bbox 2175 3910 3766 3983">
     <span class='ocr_line' id='line_1_84' title="bbox 2175 3910 3766 3983; baseline -0.004 -14"><span class='ocrx_word' id='word_1_606' title='bbox 2175 3914 2498 3983; x_wconf 60' lang='lat' dir='ltr'><strong>eloquentia;</strong></span> <span class='ocrx_word' id='word_1_607' title='bbox 2551 3926 2870 3982; x_wconf 90' lang='lat' dir='ltr'><strong>morumque</strong></span> <span class='ocrx_word' id='word_1_608' title='bbox 2918 3913 3198 3967; x_wconf 90' lang='lat' dir='ltr'><strong>doctorem</strong></span> <span class='ocrx_word' id='word_1_609' title='bbox 3236 3932 3248 3967; x_wconf 90' lang='lat'><strong>:</strong></span> <span class='ocrx_word' id='word_1_610' title='bbox 3280 3916 3489 3969; x_wconf 90' lang='lat' dir='ltr'><strong>currite</strong></span> <span class='ocrx_word' id='word_1_611' title='bbox 3531 3910 3766 3982; x_wconf 64' lang='lat' dir='ltr'><strong>prosapia:</strong></span> 
     </span>
    </p>
   </div>
   <div class='ocr_carea' id='block_1_84' title="bbox 2180 4005 3770 4076">
    <p class='ocr_par' dir='ltr' id='par_1_84' title="bbox 2180 4005 3770 4076">
     <span class='ocr_line' id='line_1_85' title="bbox 2180 4005 3770 4076; baseline -0.003 -15"><span class='ocrx_word' id='word_1_612' title='bbox 2180 4007 2412 4061; x_wconf 90' lang='lat' dir='ltr'><strong>stimulis</strong></span> <span class='ocrx_word' id='word_1_613' title='bbox 2445 4006 2674 4070; x_wconf 89' lang='lat' dir='ltr'><strong>incitati,</strong></span> <span class='ocrx_word' id='word_1_614' title='bbox 2705 4016 2759 4060; x_wconf 90' lang='lat' dir='ltr'><strong>et</strong></span> <span class='ocrx_word' id='word_1_615' title='bbox 2785 4021 2903 4059; x_wconf 90' lang='lat' dir='ltr'><strong>cum</strong></span> <span class='ocrx_word' id='word_1_616' title='bbox 2933 4020 3028 4058; x_wconf 87' lang='lat' dir='ltr'><strong>vos</strong></span> <span class='ocrx_word' id='word_1_617' title='bbox 3058 4005 3121 4059; x_wconf 87' lang='lat' dir='ltr'><strong>ad</strong></span> <span class='ocrx_word' id='word_1_618' title='bbox 3145 4021 3389 4076; x_wconf 83' lang='lat' dir='ltr'><strong>agonem</strong></span> <span class='ocrx_word' id='word_1_619' title='bbox 3422 4007 3637 4076; x_wconf 74' lang='lat' dir='ltr'><strong>pimtnia</strong></span> <span class='ocrx_word' id='word_1_620' title='bbox 3665 4013 3770 4073; x_wconf 79' lang='lat' dir='ltr'><strong>pra-</strong></span> 
     </span>
    </p>
   </div>
   <div class='ocr_carea' id='block_1_85' title="bbox 2183 4096 3766 4169">
    <p class='ocr_par' dir='ltr' id='par_1_85' title="bbox 2183 4096 3766 4169">
     <span class='ocr_line' id='line_1_86' title="bbox 2183 4096 3766 4169; baseline -0.003 -15"><span class='ocrx_word' id='word_1_621' title='bbox 2183 4100 2347 4154; x_wconf 88' lang='lat' dir='ltr'><strong>missa</strong></span> <span class='ocrx_word' id='word_1_622' title='bbox 2377 4098 2752 4168; x_wconf 86' lang='lat' dir='ltr'><strong>perduxerint,</strong></span> <span class='ocrx_word' id='word_1_623' title='bbox 2788 4100 2891 4153; x_wconf 92' lang='lat' dir='ltr'><strong>mei</strong></span> <span class='ocrx_word' id='word_1_624' title='bbox 2934 4099 3253 4155; x_wconf 90' lang='lat' dir='ltr'><strong>meminisse</strong></span> <span class='ocrx_word' id='word_1_625' title='bbox 3296 4096 3766 4169; x_wconf 80' lang='lat' dir='ltr'><strong>dignaminizquia</strong></span> 
     </span>
    </p>
   </div>
   <div class='ocr_carea' id='block_1_86' title="bbox 2178 4187 3771 4262">
    <p class='ocr_par' dir='ltr' id='par_1_86' title="bbox 2178 4187 3771 4262">
     <span class='ocr_line' id='line_1_87' title="bbox 2178 4187 3771 4262; baseline -0.006 -14"><span class='ocrx_word' id='word_1_626' title='bbox 2178 4200 2303 4248; x_wconf 89' lang='lat' dir='ltr'><strong>sunt</strong></span> <span class='ocrx_word' id='word_1_627' title='bbox 2324 4206 2445 4262; x_wconf 65' lang='lat' dir='ltr'><strong>qum</strong></span> <span class='ocrx_word' id='word_1_628' title='bbox 2473 4206 2499 4243; x_wconf 89' lang='lat' dir='ltr'><strong>a</strong></span> <span class='ocrx_word' id='word_1_629' title='bbox 2532 4191 2684 4246; x_wconf 88' lang='lat' dir='ltr'><strong>vobis</strong></span> <span class='ocrx_word' id='word_1_630' title='bbox 2723 4199 2847 4260; x_wconf 88' lang='lat' dir='ltr'><strong>post</strong></span> <span class='ocrx_word' id='word_1_631' title='bbox 2885 4190 3161 4246; x_wconf 76' lang='lat' dir='ltr'><strong>ccelestcm</strong></span> <span class='ocrx_word' id='word_1_632' title='bbox 3212 4194 3637 4248; x_wconf 83' lang='lat' dir='ltr'><strong>retributionem</strong></span> <span class='ocrx_word' id='word_1_633' title='bbox 3668 4187 3771 4243; x_wconf 70' lang='lat' dir='ltr'><strong>Suf-</strong></span> 
     </span>
    </p>
   </div>
   <div class='ocr_carea' id='block_1_87' title="bbox 2173 4282 3773 4357">
    <p class='ocr_par' dir='ltr' id='par_1_87' title="bbox 2173 4282 3773 4357">
     <span class='ocr_line' id='line_1_88' title="bbox 2173 4282 3773 4357; baseline -0.004 -16"><span class='ocrx_word' id='word_1_634' title='bbox 2173 4286 2341 4356; x_wconf 86' lang='lat' dir='ltr'><strong>fragia</strong></span> <span class='ocrx_word' id='word_1_635' title='bbox 2367 4288 2603 4340; x_wconf 80' lang='lat' dir='ltr'><strong>hortator</strong></span> <span class='ocrx_word' id='word_1_636' title='bbox 2643 4286 2890 4354; x_wconf 89' lang='lat' dir='ltr'><strong>accipiat.</strong></span> <span class='ocrx_word' id='word_1_637' title='bbox 2938 4286 3062 4338; x_wconf 73' lang='lat' dir='ltr'><strong>Haec</strong></span> <span class='ocrx_word' id='word_1_638' title='bbox 3109 4295 3260 4350; x_wconf 88' lang='lat' dir='ltr'><strong>sunt,</strong></span> <span class='ocrx_word' id='word_1_639' title='bbox 3303 4303 3432 4357; x_wconf 69' lang='lat' dir='ltr'><strong>quae</strong></span> <span class='ocrx_word' id='word_1_640' title='bbox 3463 4301 3561 4341; x_wconf 91' lang='lat' dir='ltr'><strong>vos</strong></span> <span class='ocrx_word' id='word_1_641' title='bbox 3593 4282 3773 4338; x_wconf 88' lang='lat' dir='ltr'><strong>nostris</strong></span> 
     </span>
    </p>
   </div>
   <div class='ocr_carea' id='block_1_88' title="bbox 2176 4374 3776 4447">
    <p class='ocr_par' dir='ltr' id='par_1_88' title="bbox 2176 4374 3776 4447">
     <span class='ocr_line' id='line_1_89' title="bbox 2176 4374 3776 4447; baseline -0.004 -16"><span class='ocrx_word' id='word_1_642' title='bbox 2176 4378 2323 4431; x_wconf 90' lang='lat' dir='ltr'><strong>licuit</strong></span> <span class='ocrx_word' id='word_1_643' title='bbox 2371 4377 2596 4431; x_wconf 90' lang='lat' dir='ltr'><strong>vocibus</strong></span> <span class='ocrx_word' id='word_1_644' title='bbox 2640 4375 2937 4429; x_wconf 90' lang='lat' dir='ltr'><strong>admoneri.</strong></span> <span class='ocrx_word' id='word_1_645' title='bbox 3000 4375 3105 4429; x_wconf 86' lang='lat' dir='ltr'><strong>Vos</strong></span> <span class='ocrx_word' id='word_1_646' title='bbox 3150 4377 3507 4447; x_wconf 86' lang='lat' dir='ltr'><strong>diligentiam</strong></span> <span class='ocrx_word' id='word_1_647' title='bbox 3561 4374 3776 4446; x_wconf 85' lang='lat' dir='ltr'><strong>pectoris</strong></span> 
     </span>
    </p>
   </div>
   <div class='ocr_carea' id='block_1_89' title="bbox 2178 4465 3775 4535">
    <p class='ocr_par' dir='ltr' id='par_1_89' title="bbox 2178 4465 3775 4535">
     <span class='ocr_line' id='line_1_90' title="bbox 2178 4465 3775 4535; baseline -0.003 -14"><span class='ocrx_word' id='word_1_648' title='bbox 2178 4469 2282 4523; x_wconf 87' lang='lat' dir='ltr'><strong>mei</strong></span> <span class='ocrx_word' id='word_1_649' title='bbox 2314 4466 2603 4535; x_wconf 72' lang='lat' dir='ltr'><strong>expendite</strong></span> <span class='ocrx_word' id='word_1_650' title='bbox 2631 4466 3062 4520; x_wconf 84' lang='lat' dir='ltr'><strong>consideratione</strong></span> <span class='ocrx_word' id='word_1_651' title='bbox 3089 4468 3395 4523; x_wconf 86' lang='lat' dir='ltr'><strong>verborum</strong></span> <span class='ocrx_word' id='word_1_652' title='bbox 3434 4487 3445 4519; x_wconf 88' lang='lat'><strong>:</strong></span> <span class='ocrx_word' id='word_1_653' title='bbox 3471 4484 3578 4523; x_wconf 92' lang='lat' dir='ltr'><strong>non</strong></span> <span class='ocrx_word' id='word_1_654' title='bbox 3612 4465 3775 4535; x_wconf 86' lang='lat' dir='ltr'><strong>phale-</strong></span> 
     </span>
    </p>
   </div>
   <div class='ocr_carea' id='block_1_90' title="bbox 479 4553 3779 4633">
    <p class='ocr_par' dir='ltr' id='par_1_90' title="bbox 479 4553 3779 4633">
     <span class='ocr_line' id='line_1_91' title="bbox 479 4553 3779 4633; baseline -0.001 -18"><span class='ocrx_word' id='word_1_655' title='bbox 479 4575 539 4616; x_wconf 84' lang='lat' dir='ltr'><strong>ca</strong></span> <span class='ocrx_word' id='word_1_656' title='bbox 583 4560 923 4614; x_wconf 78' lang='lat' dir='ltr'><strong>incitamenta</strong></span> <span class='ocrx_word' id='word_1_657' title='bbox 967 4557 1275 4626; x_wconf 72' lang='lat' dir='ltr'><strong>propositis.</strong></span> <span class='ocrx_word' id='word_1_658' title='bbox 1311 4554 1447 4621; x_wconf 75' lang='lat' dir='ltr'><strong>Qnid</strong></span> <span class='ocrx_word' id='word_1_659' title='bbox 1494 4569 1593 4623; x_wconf 75' lang='lat' dir='ltr'><strong>ego</strong></span> <span class='ocrx_word' id='word_1_660' title='bbox 1635 4553 1847 4617; x_wconf 70' lang='lat' dir='ltr'><strong>faeiam.</strong></span> <span class='ocrx_word' id='word_1_661' title='bbox 1882 4554 2068 4607; x_wconf 74' lang='grc' dir='ltr'><strong>ἀυοιο·</strong></span> <span class='ocrx_word' id='word_1_662' title='bbox 2178 4572 2325 4615; x_wconf 90' lang='lat' dir='ltr'><strong>ratus</strong></span> <span class='ocrx_word' id='word_1_663' title='bbox 2348 4576 2547 4628; x_wconf 89' lang='lat' dir='ltr'><strong>sermo,</strong></span> <span class='ocrx_word' id='word_1_664' title='bbox 2594 4576 2699 4613; x_wconf 87' lang='lat' dir='ltr'><strong>non</strong></span> <span class='ocrx_word' id='word_1_665' title='bbox 2730 4560 3047 4615; x_wconf 85' lang='lat' dir='ltr'><strong>illecebrosa</strong></span> <span class='ocrx_word' id='word_1_666' title='bbox 3073 4571 3288 4615; x_wconf 90' lang='lat' dir='ltr'><strong>tantum</strong></span> <span class='ocrx_word' id='word_1_667' title='bbox 3321 4574 3381 4618; x_wconf 86' lang='lat' dir='ltr'><strong>et</strong></span> <span class='ocrx_word' id='word_1_668' title='bbox 3418 4564 3634 4633; x_wconf 87' lang='lat' dir='ltr'><strong>depicta</strong></span> <span class='ocrx_word' id='word_1_669' title='bbox 3659 4559 3779 4614; x_wconf 91' lang='lat' dir='ltr'><strong>fucis</strong></span> 
     </span>
    </p>
   </div>
   <div class='ocr_carea' id='block_1_91' title="bbox 479 4642 2107 4722">
    <p class='ocr_par' dir='ltr' id='par_1_91' title="bbox 479 4642 2107 4722">
     <span class='ocr_line' id='line_1_92' title="bbox 479 4642 2107 4722; baseline -0.006 -13"><span class='ocrx_word' id='word_1_670' title='bbox 479 4669 597 4709; x_wconf 84' lang='lat' dir='ltr'><strong>rum</strong></span> <span class='ocrx_word' id='word_1_671' title='bbox 632 4651 853 4722; x_wconf 84' lang='lat' dir='ltr'><strong>Optime,</strong></span> <span class='ocrx_word' id='word_1_672' title='bbox 894 4659 947 4705; x_wconf 89' lang='lat' dir='ltr'><strong>te</strong></span> <span class='ocrx_word' id='word_1_673' title='bbox 978 4649 1263 4719; x_wconf 85' lang='lat' dir='ltr'><strong>loquente?</strong></span> <span class='ocrx_word' id='word_1_674' title='bbox 1293 4648 1338 4702; x_wconf 93' lang='lat' dir='ltr'><strong>si</strong></span> <span class='ocrx_word' id='word_1_675' title='bbox 1378 4646 1688 4700; x_wconf 86' lang='lat' dir='ltr'><strong>infabricata</strong></span> <span class='ocrx_word' id='word_1_676' title='bbox 1736 4646 1896 4701; x_wconf 90' lang='lat' dir='ltr'><strong>verba</strong></span> <span class='ocrx_word' id='word_1_677' title='bbox 1928 4645 2067 4701; x_wconf 88' lang='lat' dir='ltr'><strong>intra</strong></span> <span class='ocrx_word' id='word_1_678' title='bbox 2104 4642 2107 4645; x_wconf 63' lang='grc'>’</span> 
     </span>
    </p>
   </div>
   <div class='ocr_carea' id='block_1_92' title="bbox 479 4740 2066 4812">
    <p class='ocr_par' dir='ltr' id='par_1_92' title="bbox 479 4740 2066 4812">
     <span class='ocr_line' id='line_1_93' title="bbox 479 4740 2066 4812; baseline -0.004 -13"><span class='ocrx_word' id='word_1_679' title='bbox 479 4743 841 4801; x_wconf 87' lang='lat' dir='ltr'><strong>verecundum</strong></span> <span class='ocrx_word' id='word_1_680' title='bbox 893 4744 1163 4812; x_wconf 88' lang='lat' dir='ltr'><strong>penetrale</strong></span> <span class='ocrx_word' id='word_1_681' title='bbox 1208 4743 1533 4804; x_wconf 88' lang='lat' dir='ltr'><strong>contineam,</strong></span> <span class='ocrx_word' id='word_1_682' title='bbox 1568 4740 1792 4793; x_wconf 88' lang='lat' dir='ltr'><strong>instituti</strong></span> <span class='ocrx_word' id='word_1_683' title='bbox 1827 4753 1912 4792; x_wconf 92' lang='lat' dir='ltr'><strong>me</strong></span> <span class='ocrx_word' id='word_1_684' title='bbox 1947 4753 2066 4793; x_wconf 86' lang='lat' dir='ltr'><strong>esse</strong></span> 
     </span>
    </p>
   </div>
   <div class='ocr_carea' id='block_1_93' title="bbox 478 4830 2063 4903">
    <p class='ocr_par' dir='ltr' id='par_1_93' title="bbox 478 4830 2063 4903">
     <span class='ocr_line' id='line_1_94' title="bbox 478 4830 2063 4903; baseline -0.003 -13"><span class='ocrx_word' id='word_1_685' title='bbox 478 4836 671 4891; x_wconf 91' lang='lat' dir='ltr'><strong>similis</strong></span> <span class='ocrx_word' id='word_1_686' title='bbox 718 4849 824 4889; x_wconf 88' lang='lat' dir='ltr'><strong>non</strong></span> <span class='ocrx_word' id='word_1_687' title='bbox 877 4848 1160 4903; x_wconf 88' lang='lat' dir='ltr'><strong>agnoscas.</strong></span> <span class='ocrx_word' id='word_1_688' title='bbox 1221 4831 1588 4885; x_wconf 88' lang='lat' dir='ltr'><strong>Amicitiarum</strong></span> <span class='ocrx_word' id='word_1_689' title='bbox 1642 4830 1953 4900; x_wconf 87' lang='lat' dir='ltr'><strong>religionem</strong></span> <span class='ocrx_word' id='word_1_690' title='bbox 2011 4831 2063 4886; x_wconf 92' lang='lat' dir='ltr'><strong>in</strong></span> 
     </span>
    </p>
   </div>
   <div class='ocr_carea' id='block_1_94' title="bbox 478 4915 2063 4999">
    <p class='ocr_par' dir='ltr' id='par_1_94' title="bbox 478 4915 2063 4999">
     <span class='ocr_line' id='line_1_95' title="bbox 478 4915 2063 4999; baseline -0.002 -18"><span class='ocrx_word' id='word_1_691' title='bbox 478 4929 648 4999; x_wconf 88' lang='lat' dir='ltr'><strong>gratia</strong></span> <span class='ocrx_word' id='word_1_692' title='bbox 703 4940 893 4996; x_wconf 90' lang='lat' dir='ltr'><strong>parcus</strong></span> <span class='ocrx_word' id='word_1_693' title='bbox 940 4923 1229 4989; x_wconf 71' lang='lat' dir='ltr'><strong>offendam,</strong></span> <span class='ocrx_word' id='word_1_694' title='bbox 1277 4924 1320 4977; x_wconf 92' lang='lat' dir='ltr'><strong>si</strong></span> <span class='ocrx_word' id='word_1_695' title='bbox 1371 4937 1467 4976; x_wconf 90' lang='lat' dir='ltr'><strong>nec</strong></span> <span class='ocrx_word' id='word_1_696' title='bbox 1515 4922 1877 4977; x_wconf 87' lang='lat' dir='ltr'><strong>translationis</strong></span> <span class='ocrx_word' id='word_1_697' title='bbox 1909 4915 2063 4989; x_wconf 79' lang='lat' dir='ltr'><strong>festa,</strong></span> 
     </span>
    </p>
   </div>
   <div class='ocr_carea' id='block_1_95' title="bbox 477 5015 2059 5077">
    <p class='ocr_par' dir='ltr' id='par_1_95' title="bbox 477 5015 2059 5077">
     <span class='ocr_line' id='line_1_96' title="bbox 477 5015 2059 5077; baseline -0.004 -2"><span class='ocrx_word' id='word_1_698' title='bbox 477 5035 576 5077; x_wconf 89' lang='lat' dir='ltr'><strong>nec</strong></span> <span class='ocrx_word' id='word_1_699' title='bbox 605 5020 798 5075; x_wconf 80' lang='lat' dir='ltr'><strong>debitae</strong></span> <span class='ocrx_word' id='word_1_700' title='bbox 837 5018 930 5073; x_wconf 87' lang='lat' dir='ltr'><strong>tibi</strong></span> <span class='ocrx_word' id='word_1_701' title='bbox 978 5016 1149 5071; x_wconf 89' lang='lat' dir='ltr'><strong>laudis</strong></span> <span class='ocrx_word' id='word_1_702' title='bbox 1180 5029 1373 5070; x_wconf 90' lang='lat' dir='ltr'><strong>munus</strong></span> <span class='ocrx_word' id='word_1_703' title='bbox 1416 5015 1713 5069; x_wconf 80' lang='lat' dir='ltr'><strong>exsolvere.</strong></span> <span class='ocrx_word' id='word_1_704' title='bbox 1768 5015 1928 5070; x_wconf 67' lang='lat' dir='ltr'><strong>Salve</strong></span> <span class='ocrx_word' id='word_1_705' title='bbox 1969 5031 2059 5070; x_wconf 89' lang='lat' dir='ltr'><strong>er-</strong></span> 
     </span>
    </p>
   </div>
   <div class='ocr_carea' id='block_1_96' title="bbox 547 5170 2041 5246">
    <p class='ocr_par' dir='ltr' id='par_1_96' title="bbox 547 5170 2041 5246">
     <span class='ocr_line' id='line_1_97' title="bbox 547 5170 2041 5246; baseline -0.003 -15"><span class='ocrx_word' id='word_1_706' title='bbox 547 5184 569 5221; x_wconf 76' lang='grc' dir='ltr'><strong>ι</strong></span> <span class='ocrx_word' id='word_1_707' title='bbox 599 5174 840 5246; x_wconf 75' lang='lat' dir='ltr'><strong>Aeacius]</strong></span> <span class='ocrx_word' id='word_1_708' title='bbox 868 5170 1820 5246; x_wconf 23' lang='lat' dir='ltr'><strong>Episcopns‘Constantiamolitanus,</strong></span> <span class='ocrx_word' id='word_1_709' title='bbox 1847 5172 1935 5246; x_wconf 78' lang='lat' dir='ltr'><strong>qui</strong></span> <span class='ocrx_word' id='word_1_710' title='bbox 1962 5172 2041 5240; x_wconf 90' lang='lat' dir='ltr'><strong>pri</strong></span> 
     </span>
    </p>
   </div>
   <div class='ocr_carea' id='block_1_97' title="bbox 472 5242 2057 5318">
    <p class='ocr_par' dir='ltr' id='par_1_97' title="bbox 472 5242 2057 5318">
     <span class='ocr_line' id='line_1_98' title="bbox 472 5242 2057 5318; baseline -0.004 -14"><span class='ocrx_word' id='word_1_711' title='bbox 472 5262 621 5304; x_wconf 89' lang='lat' dir='ltr'><strong>mum</strong></span> <span class='ocrx_word' id='word_1_712' title='bbox 644 5242 856 5318; x_wconf 84' lang='lat' dir='ltr'><strong>quidem</strong></span> <span class='ocrx_word' id='word_1_713' title='bbox 888 5262 981 5313; x_wconf 89' lang='lat' dir='ltr'><strong>pro</strong></span> <span class='ocrx_word' id='word_1_714' title='bbox 1006 5244 1194 5316; x_wconf 86' lang='lat' dir='ltr'><strong>synodi</strong></span> <span class='ocrx_word' id='word_1_715' title='bbox 1225 5243 1539 5318; x_wconf 65' lang='lat' dir='ltr'><strong>defensione</strong></span> <span class='ocrx_word' id='word_1_716' title='bbox 1565 5242 1821 5318; x_wconf 74' lang='lat' dir='ltr'><strong>adversus</strong></span> <span class='ocrx_word' id='word_1_717' title='bbox 1846 5243 2057 5318; x_wconf 74' lang='lat' dir='ltr'><strong>l’etrum</strong></span> 
     </span>
    </p>
   </div>
   <div class='ocr_carea' id='block_1_98' title="bbox 473 5314 2059 5391">
    <p class='ocr_par' dir='ltr' id='par_1_98' title="bbox 473 5314 2059 5391">
     <span class='ocr_line' id='line_1_99' title="bbox 473 5314 2059 5391; baseline -0.006 -18"><span class='ocrx_word' id='word_1_718' title='bbox 473 5314 722 5391; x_wconf 55' lang='lat' dir='ltr'><strong>Moggu&#39;in</strong></span> <span class='ocrx_word' id='word_1_719' title='bbox 756 5321 921 5382; x_wconf 88' lang='lat' dir='ltr'><strong>stetit,</strong></span> <span class='ocrx_word' id='word_1_720' title='bbox 952 5314 1244 5391; x_wconf 79' lang='lat' dir='ltr'><strong>auctorque</strong></span> <span class='ocrx_word' id='word_1_721' title='bbox 1292 5314 1547 5368; x_wconf 87' lang='lat' dir='ltr'><strong>Basilisco</strong></span> <span class='ocrx_word' id='word_1_722' title='bbox 1588 5314 1707 5373; x_wconf 83' lang='lat' dir='ltr'><strong>fuit,</strong></span> <span class='ocrx_word' id='word_1_723' title='bbox 1745 5326 1797 5367; x_wconf 89' lang='grc' dir='ltr'><strong>ιιι</strong></span> <span class='ocrx_word' id='word_1_724' title='bbox 1829 5316 2059 5391; x_wconf 65' lang='lat' dir='ltr'><strong>edictum</strong></span> 
     </span>
    </p>
   </div>
   <div class='ocr_carea' id='block_1_99' title="bbox 473 5386 2062 5462">
    <p class='ocr_par' dir='ltr' id='par_1_99' title="bbox 473 5386 2062 5462">
     <span class='ocr_line' id='line_1_100' title="bbox 473 5386 2062 5462; baseline -0.004 -16"><span class='ocrx_word' id='word_1_725' title='bbox 473 5386 621 5462; x_wconf 75' lang='lat' dir='ltr'><strong>quod</strong></span> <span class='ocrx_word' id='word_1_726' title='bbox 645 5392 901 5445; x_wconf 84' lang='lat' dir='ltr'><strong>adversus</strong></span> <span class='ocrx_word' id='word_1_727' title='bbox 932 5391 1075 5462; x_wconf 89' lang='lat' dir='ltr'><strong>illam</strong></span> <span class='ocrx_word' id='word_1_728' title='bbox 1108 5388 1743 5462; x_wconf 57' lang='lat' dir='ltr'><strong>scripserat,revocaret.</strong></span> <span class='ocrx_word' id='word_1_729' title='bbox 1779 5394 1835 5437; x_wconf 89' lang='lat' dir='ltr'><strong>ut</strong></span> <span class='ocrx_word' id='word_1_730' title='bbox 1869 5401 1931 5462; x_wconf 57' lang='lat' dir='ltr'><strong>es</strong></span> <span class='ocrx_word' id='word_1_731' title='bbox 1964 5386 2062 5462; x_wconf 80' lang='lat' dir='ltr'><strong>Za-</strong></span> 
     </span>
    </p>
   </div>
   <div class='ocr_carea' id='block_1_100' title="bbox 473 5456 2061 5527">
    <p class='ocr_par' dir='ltr' id='par_1_100' title="bbox 473 5456 2061 5527">
     <span class='ocr_line' id='line_1_101' title="bbox 473 5456 2061 5527; baseline -0.005 -10"><span class='ocrx_word' id='word_1_732' title='bbox 473 5456 657 5518; x_wconf 80' lang='lat' dir='ltr'><strong>charia</strong></span> <span class='ocrx_word' id='word_1_733' title='bbox 686 5464 903 5517; x_wconf 88' lang='lat' dir='ltr'><strong>rhetore</strong></span> <span class='ocrx_word' id='word_1_734' title='bbox 934 5461 1091 5514; x_wconf 89' lang='lat' dir='ltr'><strong>tradit</strong></span> <span class='ocrx_word' id='word_1_735' title='bbox 1122 5458 1379 5527; x_wconf 84' lang='lat' dir='ltr'><strong>Evagrius</strong></span> <span class='ocrx_word' id='word_1_736' title='bbox 1413 5456 1505 5510; x_wconf 91' lang='lat' dir='ltr'><strong>lib.</strong></span> <span class='ocrx_word' id='word_1_737' title='bbox 1540 5471 1591 5508; x_wconf 89' lang='grc' dir='ltr'><strong>ιιι</strong></span> <span class='ocrx_word' id='word_1_738' title='bbox 1635 5456 1768 5509; x_wconf 90' lang='lat' dir='ltr'><strong>llist.</strong></span> <span class='ocrx_word' id='word_1_739' title='bbox 1806 5456 2061 5509; x_wconf 70' lang='lat' dir='ltr'><strong>ecclesia-</strong></span> 
     </span>
    </p>
   </div>
   <div class='ocr_carea' id='block_1_101' title="bbox 474 5526 2061 5602">
    <p class='ocr_par' dir='ltr' id='par_1_101' title="bbox 474 5526 2061 5602">
     <span class='ocr_line' id='line_1_102' title="bbox 474 5526 2061 5602; baseline -0.004 -15"><span class='ocrx_word' id='word_1_740' title='bbox 474 5537 646 5597; x_wconf 67' lang='lat' dir='ltr'><strong>sticae,</strong></span> <span class='ocrx_word' id='word_1_741' title='bbox 674 5549 793 5602; x_wconf 91' lang='lat' dir='ltr'><strong>cap.</strong></span> <span class='ocrx_word' id='word_1_742' title='bbox 825 5532 877 5599; x_wconf 84' lang='lat'><strong>7.</strong></span> <span class='ocrx_word' id='word_1_743' title='bbox 912 5532 1039 5586; x_wconf 85' lang='lat' dir='ltr'><strong>Post</strong></span> <span class='ocrx_word' id='word_1_744' title='bbox 1084 5532 1220 5593; x_wconf 80' lang='lat' dir='ltr'><strong>haec,</strong></span> <span class='ocrx_word' id='word_1_745' title='bbox 1265 5535 1468 5581; x_wconf 91' lang='lat' dir='ltr'><strong>mutato</strong></span> <span class='ocrx_word' id='word_1_746' title='bbox 1501 5527 1788 5602; x_wconf 68' lang='lat' dir='ltr'><strong>levissima,</strong></span> <span class='ocrx_word' id='word_1_747' title='bbox 1818 5526 2061 5602; x_wconf 54' lang='lat' dir='ltr'><strong>utLibe-</strong></span> 
     </span>
    </p>
   </div>
   <div class='ocr_carea' id='block_1_102' title="bbox 474 5597 2055 5672">
    <p class='ocr_par' dir='ltr' id='par_1_102' title="bbox 474 5597 2055 5672">
     <span class='ocr_line' id='line_1_103' title="bbox 474 5597 2055 5672; baseline -0.006 -14"><span class='ocrx_word' id='word_1_748' title='bbox 474 5614 627 5658; x_wconf 83' lang='lat' dir='ltr'><strong>ratus</strong></span> <span class='ocrx_word' id='word_1_749' title='bbox 653 5597 772 5672; x_wconf 78' lang='lat' dir='ltr'><strong>cap.</strong></span> <span class='ocrx_word' id='word_1_750' title='bbox 808 5597 873 5659; x_wconf 81' lang='lat' dir='ltr'><strong>l7</strong></span> <span class='ocrx_word' id='word_1_751' title='bbox 905 5611 1070 5666; x_wconf 91' lang='lat' dir='ltr'><strong>notat,</strong></span> <span class='ocrx_word' id='word_1_752' title='bbox 1105 5617 1168 5654; x_wconf 79' lang='lat' dir='ltr'><strong>ex</strong></span> <span class='ocrx_word' id='word_1_753' title='bbox 1194 5615 1350 5672; x_wconf 75' lang='lat' dir='ltr'><strong>causa</strong></span> <span class='ocrx_word' id='word_1_754' title='bbox 1384 5597 1629 5672; x_wconf 68' lang='lat' dir='ltr'><strong>consilio,</strong></span> <span class='ocrx_word' id='word_1_755' title='bbox 1658 5597 2055 5672; x_wconf 17' lang='lat' dir='ltr'><strong>PtétroAMoggo,</strong></span> 
     </span>
    </p>
   </div>
   <div class='ocr_carea' id='block_1_103' title="bbox 474 5669 2059 5745">
    <p class='ocr_par' dir='ltr' id='par_1_103' title="bbox 474 5669 2059 5745">
     <span class='ocr_line' id='line_1_104' title="bbox 474 5669 2059 5745; baseline -0.004 -17"><span class='ocrx_word' id='word_1_756' title='bbox 474 5690 637 5745; x_wconf 89' lang='lat' dir='ltr'><strong>quem</strong></span> <span class='ocrx_word' id='word_1_757' title='bbox 683 5669 837 5729; x_wconf 88' lang='lat' dir='ltr'><strong>antea</strong></span> <span class='ocrx_word' id='word_1_758' title='bbox 878 5676 1173 5735; x_wconf 79' lang='lat' dir='ltr'><strong>damnarat,</strong></span> <span class='ocrx_word' id='word_1_759' title='bbox 1202 5671 1379 5745; x_wconf 81' lang='lat' dir='ltr'><strong>favere</strong></span> <span class='ocrx_word' id='word_1_760' title='bbox 1406 5669 1588 5745; x_wconf 62' lang='lat' dir='ltr'><strong>etrapit,</strong></span> <span class='ocrx_word' id='word_1_761' title='bbox 1622 5670 2059 5745; x_wconf 68' lang='lat' dir='ltr'><strong>gravissumeque</strong></span> 
     </span>
    </p>
   </div>
   <div class='ocr_carea' id='block_1_104' title="bbox 475 5740 2056 5811">
    <p class='ocr_par' dir='ltr' id='par_1_104' title="bbox 475 5740 2056 5811">
     <span class='ocr_line' id='line_1_105' title="bbox 475 5740 2056 5811; baseline -0.003 -10"><span class='ocrx_word' id='word_1_762' title='bbox 475 5740 937 5801; x_wconf 67' lang='lat' dir='ltr'><strong>ettnolestissima:</strong></span> <span class='ocrx_word' id='word_1_763' title='bbox 959 5748 1011 5799; x_wconf 92' lang='lat' dir='ltr'><strong>in</strong></span> <span class='ocrx_word' id='word_1_764' title='bbox 1033 5744 1271 5799; x_wconf 84' lang='lat' dir='ltr'><strong>Ecclesia</strong></span> <span class='ocrx_word' id='word_1_765' title='bbox 1295 5741 1712 5811; x_wconf 86' lang='lat' dir='ltr'><strong>perturbationis</strong></span> <span class='ocrx_word' id='word_1_766' title='bbox 1732 5750 1917 5793; x_wconf 90' lang='lat' dir='ltr'><strong>auctor</strong></span> <span class='ocrx_word' id='word_1_767' title='bbox 1938 5740 2056 5809; x_wconf 87' lang='lat' dir='ltr'><strong>fuit,</strong></span> 
     </span>
    </p>
   </div>
   <div class='ocr_carea' id='block_1_105' title="bbox 474 5811 2003 5894">
    <p class='ocr_par' dir='ltr' id='par_1_105' title="bbox 474 5811 2003 5894">
     <span class='ocr_line' id='line_1_106' title="bbox 474 5811 2003 5894; baseline -0.007 -18"><span class='ocrx_word' id='word_1_768' title='bbox 474 5834 598 5894; x_wconf 68' lang='lat' dir='ltr'><strong>quae</strong></span> <span class='ocrx_word' id='word_1_769' title='bbox 633 5827 752 5891; x_wconf 87' lang='lat' dir='ltr'><strong>post</strong></span> <span class='ocrx_word' id='word_1_770' title='bbox 782 5818 948 5888; x_wconf 90' lang='lat' dir='ltr'><strong>ipsius</strong></span> <span class='ocrx_word' id='word_1_771' title='bbox 974 5817 1134 5871; x_wconf 90' lang='lat' dir='ltr'><strong>etiam</strong></span> <span class='ocrx_word' id='word_1_772' title='bbox 1164 5822 1389 5869; x_wconf 88' lang='lat' dir='ltr'><strong>mortem</strong></span> <span class='ocrx_word' id='word_1_773' title='bbox 1419 5811 1717 5869; x_wconf 87' lang='lat' dir='ltr'><strong>diutissime</strong></span> <span class='ocrx_word' id='word_1_774' title='bbox 1745 5811 2003 5868; x_wconf 64' lang='lat' dir='ltr'><strong>desaaviit.</strong></span> 
     </span>
    </p>
   </div>
   <div class='ocr_carea' id='block_1_106' title="bbox 2176 4648 3779 4721">
    <p class='ocr_par' dir='ltr' id='par_1_106' title="bbox 2176 4648 3779 4721">
     <span class='ocr_line' id='line_1_107' title="bbox 2176 4648 3779 4721; baseline -0.002 -15"><span class='ocrx_word' id='word_1_775' title='bbox 2176 4654 2414 4707; x_wconf 90' lang='lat' dir='ltr'><strong>narratio</strong></span> <span class='ocrx_word' id='word_1_776' title='bbox 2446 4652 2713 4707; x_wconf 86' lang='lat' dir='ltr'><strong>delectet:</strong></span> <span class='ocrx_word' id='word_1_777' title='bbox 2750 4651 2972 4720; x_wconf 63' lang='lat' dir='ltr'><strong>quaerite</strong></span> <span class='ocrx_word' id='word_1_778' title='bbox 2997 4653 3136 4721; x_wconf 89' lang='lat' dir='ltr'><strong>apud</strong></span> <span class='ocrx_word' id='word_1_779' title='bbox 3168 4669 3259 4707; x_wconf 87' lang='lat' dir='ltr'><strong>me</strong></span> <span class='ocrx_word' id='word_1_780' title='bbox 3301 4670 3416 4708; x_wconf 89' lang='lat' dir='ltr'><strong>non</strong></span> <span class='ocrx_word' id='word_1_781' title='bbox 3446 4654 3664 4721; x_wconf 87' lang='lat' dir='ltr'><strong>blanda,</strong></span> <span class='ocrx_word' id='word_1_782' title='bbox 3694 4648 3779 4704; x_wconf 86' lang='lat' dir='ltr'><strong>sed</strong></span> 
     </span>
    </p>
   </div>
   <div class='ocr_carea' id='block_1_107' title="bbox 2176 4742 3784 4816">
    <p class='ocr_par' dir='ltr' id='par_1_107' title="bbox 2176 4742 3784 4816">
     <span class='ocr_line' id='line_1_108' title="bbox 2176 4742 3784 4816; baseline -0.002 -19"><span class='ocrx_word' id='word_1_783' title='bbox 2176 4745 2505 4807; x_wconf 90' lang='lat' dir='ltr'><strong>necessaria;</strong></span> <span class='ocrx_word' id='word_1_784' title='bbox 2549 4757 2653 4796; x_wconf 91' lang='lat' dir='ltr'><strong>non</strong></span> <span class='ocrx_word' id='word_1_785' title='bbox 2687 4742 2971 4810; x_wconf 88' lang='lat' dir='ltr'><strong>deliciosa,</strong></span> <span class='ocrx_word' id='word_1_786' title='bbox 3002 4744 3094 4798; x_wconf 90' lang='lat' dir='ltr'><strong>sed</strong></span> <span class='ocrx_word' id='word_1_787' title='bbox 3122 4743 3316 4800; x_wconf 88' lang='lat' dir='ltr'><strong>fortia.</strong></span> <span class='ocrx_word' id='word_1_788' title='bbox 3356 4746 3622 4816; x_wconf 83' lang='lat' dir='ltr'><strong>Nunquid</strong></span> <span class='ocrx_word' id='word_1_789' title='bbox 3651 4745 3784 4813; x_wconf 79' lang='lat' dir='ltr'><strong>juvat</strong></span> 
     </span>
    </p>
   </div>
   <div class='ocr_carea' id='block_1_108' title="bbox 2174 4835 3782 4908">
    <p class='ocr_par' dir='ltr' id='par_1_108' title="bbox 2174 4835 3782 4908">
     <span class='ocr_line' id='line_1_109' title="bbox 2174 4835 3782 4908; baseline -0.003 -18"><span class='ocrx_word' id='word_1_790' title='bbox 2174 4851 2421 4907; x_wconf 91' lang='lat' dir='ltr'><strong>pompam</strong></span> <span class='ocrx_word' id='word_1_791' title='bbox 2453 4844 2635 4889; x_wconf 81' lang='lat' dir='ltr'><strong>texere</strong></span> <span class='ocrx_word' id='word_1_792' title='bbox 2663 4844 2928 4904; x_wconf 68' lang='lat' dir='ltr'><strong>praecepta</strong></span> <span class='ocrx_word' id='word_1_793' title='bbox 2960 4835 3210 4889; x_wconf 89' lang='lat' dir='ltr'><strong>daturum</strong></span> <span class='ocrx_word' id='word_1_794' title='bbox 3235 4838 3261 4890; x_wconf 88' lang='lat'><strong>?</strong></span> <span class='ocrx_word' id='word_1_795' title='bbox 3296 4840 3396 4907; x_wconf 89' lang='lat' dir='ltr'><strong>qui</strong></span> <span class='ocrx_word' id='word_1_796' title='bbox 3430 4838 3651 4908; x_wconf 80' lang='lat' dir='ltr'><strong>probari</strong></span> <span class='ocrx_word' id='word_1_797' title='bbox 3688 4850 3782 4888; x_wconf 90' lang='lat' dir='ltr'><strong>non</strong></span> 
     </span>
    </p>
   </div>
   <div class='ocr_carea' id='block_1_109' title="bbox 2172 4927 3784 4998">
    <p class='ocr_par' dir='ltr' id='par_1_109' title="bbox 2172 4927 3784 4998">
     <span class='ocr_line' id='line_1_110' title="bbox 2172 4927 3784 4998; baseline -0.001 -15"><span class='ocrx_word' id='word_1_798' title='bbox 2172 4929 2341 4998; x_wconf 83' lang='lat' dir='ltr'><strong>magis</strong></span> <span class='ocrx_word' id='word_1_799' title='bbox 2389 4927 2638 4983; x_wconf 86' lang='lat' dir='ltr'><strong>sensibus</strong></span> <span class='ocrx_word' id='word_1_800' title='bbox 2684 4942 2846 4996; x_wconf 82' lang='lat' dir='ltr'><strong>quam</strong></span> <span class='ocrx_word' id='word_1_801' title='bbox 2889 4942 3141 4983; x_wconf 90' lang='lat' dir='ltr'><strong>sermone</strong></span> <span class='ocrx_word' id='word_1_802' title='bbox 3196 4929 3492 4997; x_wconf 77' lang='lat' dir='ltr'><strong>disponit,</strong></span> <span class='ocrx_word' id='word_1_803' title='bbox 3541 4930 3784 4985; x_wconf 73' lang='lat' dir='ltr'><strong>affectum</strong></span> 
     </span>
    </p>
   </div>
   <div class='ocr_carea' id='block_1_110' title="bbox 2173 5020 3787 5078">
    <p class='ocr_par' dir='ltr' id='par_1_110' title="bbox 2173 5020 3787 5078">
     <span class='ocr_line' id='line_1_111' title="bbox 2173 5020 3787 5078; baseline -0.005 -1"><span class='ocrx_word' id='word_1_804' title='bbox 2173 5020 2453 5077; x_wconf 89' lang='lat' dir='ltr'><strong>monitoris</strong></span> <span class='ocrx_word' id='word_1_805' title='bbox 2484 5028 2731 5075; x_wconf 86' lang='lat' dir='ltr'><strong>evacuat.</strong></span> <span class='ocrx_word' id='word_1_806' title='bbox 2775 5020 3112 5075; x_wconf 87' lang='lat' dir='ltr'><strong>Ponderibus</strong></span> <span class='ocrx_word' id='word_1_807' title='bbox 3152 5035 3400 5078; x_wconf 90' lang='lat' dir='ltr'><strong>ornetur</strong></span> <span class='ocrx_word' id='word_1_808' title='bbox 3430 5024 3603 5078; x_wconf 90' lang='lat' dir='ltr'><strong>dictio</strong></span> <span class='ocrx_word' id='word_1_809' title='bbox 3637 5021 3787 5075; x_wconf 63' lang='lat' dir='ltr'><strong>casn.</strong></span> 
     </span>
    </p>
   </div>
   <div class='ocr_carea' id='block_1_111' title="bbox 2237 5176 3793 5248">
    <p class='ocr_par' dir='ltr' id='par_1_111' title="bbox 2237 5176 3793 5248">
     <span class='ocr_line' id='line_1_112' title="bbox 2237 5176 3793 5248; baseline -0.004 -14"><span class='ocrx_word' id='word_1_810' title='bbox 2237 5185 2257 5213; x_wconf 80' lang='grc'><strong>³</strong></span> <span class='ocrx_word' id='word_1_811' title='bbox 2301 5179 2367 5234; x_wconf 89' lang='lat' dir='ltr'><strong>In</strong></span> <span class='ocrx_word' id='word_1_812' title='bbox 2394 5179 2713 5233; x_wconf 77' lang='lat' dir='ltr'><strong>dedicatione</strong></span> <span class='ocrx_word' id='word_1_813' title='bbox 2738 5176 3003 5248; x_wconf 72' lang='lat' dir='ltr'><strong>auditorii]</strong></span> <span class='ocrx_word' id='word_1_814' title='bbox 3037 5179 3111 5234; x_wconf 81' lang='lat' dir='ltr'><strong>De</strong></span> <span class='ocrx_word' id='word_1_815' title='bbox 3151 5180 3433 5236; x_wconf 71' lang='lat' dir='ltr'><strong>Romana:</strong></span> <span class='ocrx_word' id='word_1_816' title='bbox 3467 5182 3674 5237; x_wconf 63' lang='lat' dir='ltr'><strong>schola:</strong></span> <span class='ocrx_word' id='word_1_817' title='bbox 3706 5194 3793 5229; x_wconf 85' lang='lat' dir='ltr'><strong>an-</strong></span> 
     </span>
    </p>
   </div>
   <div class='ocr_carea' id='block_1_112' title="bbox 2165 5250 3791 5317">
    <p class='ocr_par' dir='ltr' id='par_1_112' title="bbox 2165 5250 3791 5317">
     <span class='ocr_line' id='line_1_113' title="bbox 2165 5250 3791 5317; baseline -0.001 -12"><span class='ocrx_word' id='word_1_818' title='bbox 2165 5252 2364 5306; x_wconf 88' lang='lat' dir='ltr'><strong>d&#39;rtorio</strong></span> <span class='ocrx_word' id='word_1_819' title='bbox 2393 5266 2571 5305; x_wconf 89' lang='lat' dir='ltr'><strong>sermo</strong></span> <span class='ocrx_word' id='word_1_820' title='bbox 2602 5259 2702 5306; x_wconf 87' lang='lat' dir='ltr'><strong>est.</strong></span> <span class='ocrx_word' id='word_1_821' title='bbox 2741 5250 3128 5303; x_wconf 86' lang='lat' dir='ltr'><strong>Translationis</strong></span> <span class='ocrx_word' id='word_1_822' title='bbox 3168 5252 3311 5303; x_wconf 83' lang='lat' dir='ltr'><strong>festa</strong></span> <span class='ocrx_word' id='word_1_823' title='bbox 3350 5265 3541 5317; x_wconf 89' lang='lat' dir='ltr'><strong>vocat,</strong></span> <span class='ocrx_word' id='word_1_824' title='bbox 3579 5267 3702 5306; x_wconf 89' lang='lat' dir='ltr'><strong>cum</strong></span> <span class='ocrx_word' id='word_1_825' title='bbox 3733 5263 3791 5299; x_wconf 70' lang='lat' dir='ltr'><strong>rx</strong></span> 
     </span>
    </p>
   </div>
   <div class='ocr_carea' id='block_1_113' title="bbox 2166 5320 3793 5394">
    <p class='ocr_par' dir='ltr' id='par_1_113' title="bbox 2166 5320 3793 5394">
     <span class='ocr_line' id='line_1_114' title="bbox 2166 5320 3793 5394; baseline -0.004 -18"><span class='ocrx_word' id='word_1_826' title='bbox 2166 5322 2405 5392; x_wconf 78' lang='lat' dir='ltr'><strong>pristinis</strong></span> <span class='ocrx_word' id='word_1_827' title='bbox 2452 5321 2673 5375; x_wconf 79' lang='lat' dir='ltr'><strong>sedibus</strong></span> <span class='ocrx_word' id='word_1_828' title='bbox 2717 5320 2780 5373; x_wconf 92' lang='lat' dir='ltr'><strong>ad</strong></span> <span class='ocrx_word' id='word_1_829' title='bbox 2834 5322 3004 5394; x_wconf 81' lang='lat' dir='ltr'><strong>forum</strong></span> <span class='ocrx_word' id='word_1_830' title='bbox 3057 5321 3243 5383; x_wconf 82' lang='lat' dir='ltr'><strong>schola</strong></span> <span class='ocrx_word' id='word_1_831' title='bbox 3297 5325 3592 5394; x_wconf 80' lang='lat' dir='ltr'><strong>migravit,</strong></span> <span class='ocrx_word' id='word_1_832' title='bbox 3637 5331 3693 5374; x_wconf 90' lang='lat' dir='ltr'><strong>ut</strong></span> <span class='ocrx_word' id='word_1_833' title='bbox 3731 5320 3793 5371; x_wconf 85' lang='lat' dir='ltr'><strong>ibi</strong></span> 
     </span>
    </p>
   </div>
   <div class='ocr_carea' id='block_1_114' title="bbox 2171 5392 3796 5459">
    <p class='ocr_par' dir='ltr' id='par_1_114' title="bbox 2171 5392 3796 5459">
     <span class='ocr_line' id='line_1_115' title="bbox 2171 5392 3796 5459; baseline -0.004 -10"><span class='ocrx_word' id='word_1_834' title='bbox 2171 5394 2388 5449; x_wconf 75' lang='lat' dir='ltr'><strong>ludicra:</strong></span> <span class='ocrx_word' id='word_1_835' title='bbox 2414 5394 2824 5448; x_wconf 78' lang='lat' dir='ltr'><strong>exercitationes</strong></span> <span class='ocrx_word' id='word_1_836' title='bbox 2856 5392 3063 5457; x_wconf 91' lang='lat' dir='ltr'><strong>ﬁerent,</strong></span> <span class='ocrx_word' id='word_1_837' title='bbox 3102 5394 3187 5445; x_wconf 88' lang='lat' dir='ltr'><strong>ubi</strong></span> <span class='ocrx_word' id='word_1_838' title='bbox 3223 5392 3404 5448; x_wconf 59' lang='lat' dir='ltr'><strong>serite</strong></span> <span class='ocrx_word' id='word_1_839' title='bbox 3451 5410 3639 5449; x_wconf 67' lang='lat' dir='ltr'><strong>causm</strong></span> <span class='ocrx_word' id='word_1_840' title='bbox 3677 5405 3796 5459; x_wconf 87' lang='lat' dir='ltr'><strong>age-</strong></span> 
     </span>
    </p>
   </div>
   <div class='ocr_carea' id='block_1_115' title="bbox 2171 5464 3796 5535">
    <p class='ocr_par' dir='ltr' id='par_1_115' title="bbox 2171 5464 3796 5535">
     <span class='ocr_line' id='line_1_116' title="bbox 2171 5464 3796 5535; baseline -0.004 -16"><span class='ocrx_word' id='word_1_841' title='bbox 2171 5467 2384 5519; x_wconf 89' lang='lat' dir='ltr'><strong>bantur.</strong></span> <span class='ocrx_word' id='word_1_842' title='bbox 2428 5465 2531 5519; x_wconf 76' lang='lat' dir='ltr'><strong>Sed</strong></span> <span class='ocrx_word' id='word_1_843' title='bbox 2563 5464 2829 5533; x_wconf 83' lang='lat' dir='ltr'><strong>quodnam</strong></span> <span class='ocrx_word' id='word_1_844' title='bbox 2868 5465 2922 5535; x_wconf 88' lang='lat' dir='ltr'><strong>in</strong></span> <span class='ocrx_word' id='word_1_845' title='bbox 2954 5467 3126 5535; x_wconf 90' lang='lat' dir='ltr'><strong>forum</strong></span> <span class='ocrx_word' id='word_1_846' title='bbox 3172 5464 3351 5535; x_wconf 83' lang='lat' dir='ltr'><strong>fuerit</strong></span> <span class='ocrx_word' id='word_1_847' title='bbox 3386 5481 3505 5520; x_wconf 90' lang='lat' dir='ltr'><strong>non</strong></span> <span class='ocrx_word' id='word_1_848' title='bbox 3540 5465 3796 5535; x_wconf 81' lang='lat' dir='ltr'><strong>explicat,</strong></span> 
     </span>
    </p>
   </div>
   <div class='ocr_carea' id='block_1_116' title="bbox 2168 5533 3795 5605">
    <p class='ocr_par' dir='ltr' id='par_1_116' title="bbox 2168 5533 3795 5605">
     <span class='ocr_line' id='line_1_117' title="bbox 2168 5533 3795 5605; baseline -0.003 -16"><span class='ocrx_word' id='word_1_849' title='bbox 2168 5552 2289 5589; x_wconf 92' lang='lat' dir='ltr'><strong>cum</strong></span> <span class='ocrx_word' id='word_1_850' title='bbox 2336 5538 2386 5588; x_wconf 92' lang='lat' dir='ltr'><strong>in</strong></span> <span class='ocrx_word' id='word_1_851' title='bbox 2424 5536 2652 5589; x_wconf 87' lang='lat' dir='ltr'><strong>diversis</strong></span> <span class='ocrx_word' id='word_1_852' title='bbox 2690 5534 2814 5588; x_wconf 92' lang='lat' dir='ltr'><strong>olim</strong></span> <span class='ocrx_word' id='word_1_853' title='bbox 2848 5534 3177 5589; x_wconf 89' lang='lat' dir='ltr'><strong>declamasse</strong></span> <span class='ocrx_word' id='word_1_854' title='bbox 3211 5533 3493 5591; x_wconf 89' lang='lat' dir='ltr'><strong>rhetores</strong></span> <span class='ocrx_word' id='word_1_855' title='bbox 3531 5533 3795 5605; x_wconf 81' lang='lat' dir='ltr'><strong>legantur.</strong></span> 
     </span>
    </p>
   </div>
   <div class='ocr_carea' id='block_1_117' title="bbox 2169 5605 3801 5676">
    <p class='ocr_par' dir='ltr' id='par_1_117' title="bbox 2169 5605 3801 5676">
     <span class='ocr_line' id='line_1_118' title="bbox 2169 5605 3801 5676; baseline -0.001 -17"><span class='ocrx_word' id='word_1_856' title='bbox 2169 5607 2245 5659; x_wconf 88' lang='lat' dir='ltr'><strong>De</strong></span> <span class='ocrx_word' id='word_1_857' title='bbox 2285 5606 2515 5676; x_wconf 75' lang='lat' dir='ltr'><strong>Trajano</strong></span> <span class='ocrx_word' id='word_1_858' title='bbox 2562 5606 2685 5659; x_wconf 91' lang='lat' dir='ltr'><strong>licet</strong></span> <span class='ocrx_word' id='word_1_859' title='bbox 2726 5607 2993 5672; x_wconf 85' lang='lat' dir='ltr'><strong>conjicere</strong></span> <span class='ocrx_word' id='word_1_860' title='bbox 3042 5621 3108 5660; x_wconf 84' lang='lat' dir='ltr'><strong>ex</strong></span> <span class='ocrx_word' id='word_1_861' title='bbox 3156 5605 3220 5659; x_wconf 90' lang='lat' dir='ltr'><strong>iis</strong></span> <span class='ocrx_word' id='word_1_862' title='bbox 3276 5622 3415 5676; x_wconf 83' lang='lat' dir='ltr'><strong>quae</strong></span> <span class='ocrx_word' id='word_1_863' title='bbox 3467 5607 3801 5662; x_wconf 83' lang='lat' dir='ltr'><strong>Fortunatus</strong></span> 
     </span>
    </p>
   </div>
   <div class='ocr_carea' id='block_1_118' title="bbox 2171 5674 3803 5804">
    <p class='ocr_par' dir='ltr' id='par_1_118' title="bbox 2171 5674 3803 5804">
     <span class='ocr_line' id='line_1_119' title="bbox 2171 5674 3803 5804; baseline 0 -73"><span class='ocrx_word' id='word_1_864' title='bbox 2171 5674 2456 5804; x_wconf 49' lang='lat' dir='ltr'><strong>seril‘ntgde</strong></span> <span class='ocrx_word' id='word_1_865' title='bbox 2486 5676 2746 5746; x_wconf 90' lang='lat' dir='ltr'><strong>poematis</strong></span> <span class='ocrx_word' id='word_1_866' title='bbox 2773 5676 2881 5733; x_wconf 92' lang='lat' dir='ltr'><strong>illic</strong></span> <span class='ocrx_word' id='word_1_867' title='bbox 2910 5677 3078 5747; x_wconf 78' lang='lat' dir='ltr'><strong>ipsius</strong></span> <span class='ocrx_word' id='word_1_868' title='bbox 3106 5683 3271 5733; x_wconf 74' lang='lat' dir='ltr'><strong>aetate</strong></span> <span class='ocrx_word' id='word_1_869' title='bbox 3294 5674 3570 5736; x_wconf 76' lang='lat' dir='ltr'><strong>recitatis</strong></span> <span class='ocrx_word' id='word_1_870' title='bbox 3596 5677 3692 5735; x_wconf 90' lang='lat' dir='ltr'><strong>lib.</strong></span> <span class='ocrx_word' id='word_1_871' title='bbox 3724 5688 3803 5745; x_wconf 88' lang='lat' dir='ltr'><strong>tn,</strong></span> 
     </span>
     <span class='ocr_line' id='line_1_120' title="bbox 2171 5758 2649 5804; baseline -0.01 -1"><span class='ocrx_word' id='word_1_872' title='bbox 2171 5758 2282 5804; x_wconf 79' lang='lat' dir='ltr'><strong>eois</strong></span> <span class='ocrx_word' id='word_1_873' title='bbox 2312 5785 2327 5801; x_wconf 90' lang='lat'><strong>.</strong></span> <span class='ocrx_word' id='word_1_874' title='bbox 2428 5784 2443 5801; x_wconf 92' lang='lat'><strong>.</strong></span> <span class='ocrx_word' id='word_1_875' title='bbox 2642 5778 2649 5783; x_wconf 86' lang='lat'><strong><em>-</em></strong></span> 
     </span>
    </p>
   </div>
   <div class='ocr_carea' id='block_1_119' title="bbox 2168 5756 2649 5816">
    <p class='ocr_par' dir='ltr' id='par_1_119' title="bbox 2168 5756 2649 5816">
     <span class='ocr_line' id='line_1_121' title="bbox 2168 5756 2649 5816; baseline -0.008 -13"><span class='ocrx_word' id='word_1_876' title='bbox 2168 5756 2327 5816; x_wconf 80' lang='lat' dir='ltr'><strong>epiSt.</strong></span> <span class='ocrx_word' id='word_1_877' title='bbox 2355 5756 2443 5804; x_wconf 57' lang='grc' dir='ltr'><strong>τι.</strong></span> <span class='ocrx_word' id='word_1_878' title='bbox 2642 5778 2649 5783; x_wconf 54' lang='lat'><strong>.</strong></span> 
     </span>
    </p>
   </div>
  </div>
