3974 6366
235 342 329 398 ΞΠ

1690 335 2059 395 DIC'I'IONES.

3413 348 3517 403 378

236 460 454 529 gantis':
488 460 701 516 lancem
750 460 801 513 in
854 455 1232 513 exhortatione
1277 461 1478 518 teneat,
1524 454 1619 523 qui
1676 453 1916 521 gestitA
1943 451 2193 523 agricolae
2225 453 2494 525 ligonibus
2511 458 2847 528 scripserint,
2876 458 3143 515 triticeam
3167 476 3396 518 messeni
3423 478 3518 533 pa«

234 552 424 609 audiri.
483 552 765 608 lnstitutor
827 552 1052 605 virtutis-
1090 550 1307 618 plausus
1363 547 1616 602 excludat
1648 564 1659 599 :
1691 548 1826 600 bene

239 656 445 699 morata
475 645 657 699 oratio
687 644 917 712 imperat
945 641 1084 710 quod
1108 640 1315 695 suadet.
1342 638 1465 693 Hazc
1491 638 1533 692 si
1558 637 1826 707 explicare

239 752 443 807 nequeo
473 738 726 791 facultate
754 732 987 799 dicendi,
1023 746 1205 786 amare
1236 740 1414 785 tamen
1451 728 1616 783 didici
1646 728 1826 782 consi-

236 828 511 883 deratione
532 826 795 896 propositi
817 834 870 878 et
901 824 1135 881 lectione
1161 822 1394 883 consilii.
1425 820 1558 874 Pars
1580 817 1822 885 quazdam

237 920 513 990 probitatis
552 928 656 985 est,
706 918 750 973 si
794 916 1015 986 implere
1056 929 1318 984 nequeas.
1377 926 1539 983 nosse
1578 910 1820 967 meliora.

236 1013 484 1083 Sequitur
527 1012 885 1079 examinatatn
935 1009 1289 1071 intentionem
1335 1005 1558 1061 effectus
1596 1004 1819 1072 operis:

234 1105 507 1174 proximus
533 1105 791 1171 magistro
815 1111 918 1167 est,
943 1102 1030 1172 qui
1064 1100 1239 1169 diligit
1271 1105 1584 1155 ornamenta
1613 1094 1820 1150 doctri-

232 1186 326 1253 ηε.
363 1197 510 1255 Deus
543 1207 718 1257 tamen
769 1196 878 1250 voti
923 1210 985 1253 se
1030 1194 1282 1249 comitem
1324 1193 1630 1261 jungat:et
1673 1188 1819 1257 quod

232 1290 448 1357 novellis
477 1299 779 1359 praeceptor
816 1288 1133 1349 commendo
1181 1286 1495 1355 cespitibus,
1558 1284 1610 1339 iu
1644 1282 1820 1352 pomis

233 1390 478 1453 tanquam
502 1382 573 1437 de
596 1380 935 1437 haereditaria
970 1380 1318 1450 possessione
1340 1378 1653 1447 deeerpam.

822 1472 1045 1527 DIC'I‘IO
1089 1471 1221 1527 VIII.

233 1548 479 1645 ξ’ναείαιὶο
510 1563 524 1592 ¹
560 1562 711 1645 dicta,
736 1561 1243 1645 Lupici'no,‘qu.and-9
1273 1562 1327 1645 εξ
1357 1559 1618 1617 auditorio
1649 1560 1815 1615 tradi-

695 1644 776 1686 tus
800 1644 871 1686 est
901 1631 1141 1685 Dcuterio
1198 1631 1255 1685 V.
1289 1631 1350 1686 S.

691 1738 1043 1778 SCHOLASTICA
1084 1739 1343 1777 εεευΜνΑ.

1939 544 2110 600 liurus
2136 548 2414 615 superabit
2440 559 2494 604 et
2517 550 2721 605 lolium.
2748 552 2935 608 Munus
2963 553 3258 609 Palladium
3292 566 3345 611 et
3380 571 3517 615 cana

1930 652 2157 693 nemora
2233 639 2411 694 baceis
2462 641 2704 710 plurimis
2746 645 2953 698 cultura
3011 647 3313 716 locupletat.
3368 650 3517 707 India

1928 730 2101 783 multo
2130 730 2327 785 sudore
2356 747 2565 800 quo,se
2609 734 2776 803 iactat
2833 736 3097 792 hebenum
3125 741 3309 794 nutrit.
3336 741 3514 796 Sabaei

1925 822 2074 889 virga
2106 823 2331 891 cespitis
2369 838 2527 877 manu
2556 834 2807 881 cessante
2844 842 2950 881 non
2980 830 3213 898 proficit.
3245 831 3513 888 Industria

1928 911 2075 979 fecit,
2123 914 2264 982 quod
2314 914 2633 971 Prmstaneis
2677 933 2827 971 rosas
2875 920 3088 975 dumeta
3142 933 3507 993 pepererunt;

1926 1022 2059 1075 quas
2088 1008 2155 1061 de
2184 1008 2377 1076 spinis,
2403 1025 2501 1064 ceu
2532 1020 2688 1064 terra:
2711 1011 2910 1078 sidera,
2954 1012 3108 1069 labor
3136 1015 3321 1085 exigit.
3356 1014 3509 1070 Felix

1926 1112 2008 1157 εει
2029 1102 2303 1169 operantis
2335 1086 2607 1169 instantia,
2631 1105 2880 1174 quotiens
2902 1104 3072 1174 glebis
3098 1107 3361 1163 uberibus
3388 1123 3511 1162 mae

1924 1206 2025 1247 aus
2051 1192 2355 1247 adhibetur.
2382 1194 2531 1249 Tunc
2561 1194 2706 1250 fessa
2735 1196 2952 1251 brachia
2975 1211 3137 1251 succo
3156 1198 3341 1253 effusae
3362 1201 3514 1255 vales

1924 1283 2121 1340 tudinis
2152 1286 2533 1351 intumescunt,
2568 1286 2781 1356 quando
2812 1290 3081 1357 integrum
3112 1288 3267 1344 fenus
3292 1291 3507 1345 rurico-

1923 1374 1989 1428 lis
2014 1389 2140 1427 arva
2166 1375 2472 1432 dissolvunt
2504 1392 2521 1430 :
2548 1378 2785 1432 nascitur
2815 1378 3059 1434 exercitii
3092 1379 3420 1435 desiderium
3439 1380 3511 1435 de

1878 1516 1881 1519 .
1920 1463 2193 1523 fertilitate
2235 1468 2479 1525 telluris:
2510 1469 2817 1527 vomeribus
2857 1470 3121 1540 agendum
3170 1480 3273 1537 est,
3306 1481 3363 1525 ut
3398 1484 3500 1539 per

1920 1562 2166 1629 palmites
2214 1562 2475 1621 exuberet
2501 1563 2600 1618 dos
2630 1566 2896 1621 autumni.
2930 1564 3214 1634 Nunquam
3245 1578 3519 1633 spumam:

1921 1655 1990 1709 u'a
2023 1655 2185 1710 labris
2238 1666 2412 1712 musta
2454 1658 2668 1722 meruit,
2708 1660 2812 1714 nisi
2854 1662 2944 1728 qui
2993 1660 3181 1713 vitium
3232 1659 3503 1713 luxuriem

1918 1763 2079 1802 curva
2128 1749 2260 1805 falce
2301 1753 2607 1806 resccavit:
2635 1760 2690 1806 et
2739 1753 2793 1806 in
2847 1752 3076 1807 diversis
3114 1752 3349 1806 cultibus
3389 1752 3523 1819 plus

298 1814 561 1882 QuOtiens
592 1816 791 1868 amomi
832 1814 1106 1877 flosculus,
1136 1824 1229 1867 aut
1272 1812 1464 1867 messis
1502 1812 1692 1866 cassim
1721 1827 1813 1883 per

1919 1854 2075 1906 quam
2106 1839 2212 1893 vini
2258 1842 2554 1909 acciperet,
2598 1842 2824 1911 liquoris
2865 1842 3071 1896 effudit.
3106 1842 3251 1895 Talis
3296 1852 3379 1895 est
3412 1854 3507 1895 na-

236 1907 687 1975 deprmdatiouetn
730 1908 915 1962 lascivi
948 1907 1158 1977 pollicis
1192 1906 1493 1971 viduantur,
1538 1916 1590 1959 et
1621 1904 1685 1959 ad
1720 1908 1815 1959 do-

230 2006 332 2055 tem
358 2015 617 2054 manuum
652 2000 1004 2054 humanarum
1035 2000 1211 2054 nobile
1236 2015 1453 2065 germen
1482 1998 1810 2068 adjungitur,

229 2092 474 2148 meritum
507 2094 727 2161 cespitis
766 2092 933 2147 odore
959 2093 1244 2162 significat,
1277 2100 1329 2145 et
1368 2102 1573 2144 natura:
1599 2091 1813 2159 genium

228 2187 387 2256 prima
440 2186 654 2241 visione
680 2193 945 2242 testatur:
978 2187 1231 2240 occultari
1273 2200 1331 2239 se
1370 2201 1474 2237 non
1508 2194 1708 2257 patitur
1737 2183 1814 2238 fe-

229 2288 337 2336 tura
375 2280 662 2335 sublimis:
694 2280 857 2335 decus
875 2280 1004 2335 clari
1028 2279 1301 2351 sanguinis
1325 2294 1429 2331 non
1450 2289 1663 2333 tenetur
1690 2278 1812 2331 abs-

227 2371 480 2426 condito:
527 2388 631 2425 vox
692 2371 904 2426 munda:
944 2372 1169 2440 originis
1227 2372 1349 2426 licet
1392 2372 1441 2425 in
1488 2371 1807 2435 recessibus,

226 2477 437 2533 semper
494 2464 731 2517 auditur.
779 2462 885 2518 Sed
915 2462 1167 2532 quamvis
1209 2462 1277 2516 ita
1322 2476 1379 2515 se
1422 2478 1506 2515 res
1556 2461 1809 2524 habeant,

226 2554 574 2610 humanitatis
612 2556 859 2621 interest,
911 2571 1014 2608 non
1050 2564 1231 2608 tacere
1272 2552 1415 2622 quod
1459 2554 1693 2621 gestias:
1722 2567 1812 2620 pa-

227 2664 334 2703 rum
374 2649 611 2719 suscipit
654 2648 854 2715 oneris,
905 2649 995 2718 qui
1045 2648 1187 2718 quod
1238 2649 1338 2701 scit
1368 2662 1551 2700 amore
1590 2646 1807 2715 dignum

227 2757 357 2810 esse,
392 2742 786 2798 commendat:
819 2741 1046 2796 feritatis
1073 2740 1338 2795 maculam
1371 2756 1477 2793 non
1505 2740 1689 2804 evitat,
1720 2738 1808 2808 qui

226 2850 323 2889 non
346 2834 573 2889 festinat
601 2848 868 2898 asserere,
896 2832 1039 2903 quod
1076 2832 1281 2886 meritis
1319 2832 1464 2884 novit
1491 2845 1611 2883 esse
1642 2829 1805 2897 placi-

226 2939 420 2985 turum.
451 2928 609 2984 Diem
642 2928 861 2982 laudare
892 2930 1011 2997 quis
1033 2926 1265 2981 abnuat?
1291 2927 1536 2980 attollere
1567 2924 1696 2979 solis
1718 2936 1807 2976 ra-

226 3020 329 3075 dios
354 3020 480 3091 quis
513 3029 715 3074 metuat
745 3020 985 3089 qualibet
1020 3029 1177 3073 nocte
1218 3016 1565 3072 sermonum?
1610 3016 1654 3067 si
1687 3014 1805 3068 the-

224 3119 339 3171 mali
368 3117 693 3185 obsequium
738 3116 1169 3183 prmstatmatio,
1214 3115 1280 3169 ab
1325 3116 1441 3183 ipso
1473 3110 1805 3183 suscipitdi-

1921 1940 2037 1985 tnra
2087 1932 2390 1986 mortalium
2439 1951 2449 1984 :
2491 1934 2598 1988 rite
2644 1944 3031 2003 comparantur
3077 1935 3314 1989 arbustis
3353 1933 3507 1987 rudi-

1920 2034 2097 2075 menta
2128 2023 2496 2091 parvulorum.
2532 2024 2680 2091 Quos
2711 2036 2993 2094 postquam
3037 2033 3323 2092 parentum
3353 2024 3506 2079 solli-

1916 2114 2097 2167 citudo
2137 2130 2164 2167 a
2212 2117 2399 2170 matris
2446 2116 2627 2171 radice
2676 2117 2967 2186 decerpsit,
3006 2117 3393 2187 providendum
3420 2124 3506 2172 est

1916 2210 1999 2258 cui
2032 2208 2147 2259 so'o
2168 2206 2317 2274 juxta
2350 2216 2473 2261 vota
2513 2208 2880 2264 commendet.
2909 2207 3037 2262 Ροει
3061 2207 3505 2265 deliberationem

1915 2297 2229 2351 ductoribus
2257 2298 2376 2367 jura
2408 2310 2590 2353 nostra
2620 2300 3047 2355 transcribitnus.
3073 2300 3222 2355 Tunc
3246 2300 3382 2354 fiunt
3416 2300 3503 2354 in-

1914 2389 2190 2443 stitutione
2236 2391 2433 2459 vestri,
2483 2408 2619 2461 quos
2669 2394 2822 2449 nobis
2867 2402 3056 2448 natura
3114 2393 3500 2449 concesserit:

1917 2490 2042 2535 tunc
2089 2483 2274 2552 incipit
2304 2485 2405 2538 sibi
2451 2494 2658 2539 tantum
2693 2486 2992 2541 studiomm
3034 2485 3162 2541 lima
3205 2486 3499 2551 vindicare,

1914 2583 2169 2643 quantum
2200 2576 2352 2646 origo
2397 2578 2482 2632 vix
2532 2578 2807 2648 przevalet.
2838 2579 2982 2635 Pene
3026 2578 3170 2635 enim
3201 2592 3307 2633 non
3355 2578 3501 2642 inju-

1914 2670 2051 2721 riutn
2082 2676 2183 2734 est,
2220 2670 2357 2723 vinci
2393 2672 2696 2741 prosapiem
2735 2672 3026 2729 collatione
3054 2672 3313 2730 doctrina:
3338 2689 3350 2724 :
3375 2673 3502 2742 quia

1916 2758 2082 2824 patris
2113 2759 2346 2813 otticium
2393 2759 2553 2816 liabet
2596 2762 2858 2817 luxuriem
2904 2763 3503 2832 comitem;pra:cepto-

1912 2849 2008 2913 ris,
2044 2850 2463 2903 sollicitudinem
2497 2853 2745 2919 :genitor
2770 2855 2827 2906 tit
2852 2854 3079 2920 deliciis,
3119 2854 3392 2907 institutor
3422 2852 3501 2906 la-

1913 2941 2174 2995 boribus:
2205 2943 2505 2999 libertatem
2550 2946 2701 3013 origo
2751 2947 2956 3011 tribuit,
3002 2946 3221 3015 dignum
3253 2947 3500 3002 libertate

1912 3034 2145 3087 monitor
2171 3034 2312 3089 facit.
2350 3035 2489 3105 Ergo
2516 3036 2687 3106 magis
2722 3045 2959 3092 vestrum
2988 3050 3091 3101 εει,
3120 3036 3263 3107 quod
3309 3036 3499 3089 lauda-

1913 3136 1997 3179 tur
2041 3127 2094 3181 in
2142 3126 2359 3182 homine
2395 3146 2407 3182 :
2438 3143 2596 3183 nemo
2638 3129 2808 3195 enim,
2855 3130 2899 3185 si
2944 3130 3085 3185 desit
3130 3129 3496 3189 testimonium

224 3212 499 3280 gnitatem.
542 3209 749 3277 Proprii
791 3224 921 3280 ergo
953 3212 1124 3265 matic
1158 3226 1261 3262 non
1295 3208 1527 3263 turbcris
1582 3206 1801 3278 ingenii,
1830 3222 1881 3303 β
1912 3216 2193 3281 facundiae,
2230 3220 2430 3287 poterit
2460 3220 2755 3289 praedicare
2792 3221 2933 3291 quod
2974 3221 3267 3279 nascimur.
3303 3220 3497 3290 Splen-

226 3304 432 3372 quando
466 3302 670 3371 eloquii
696 3302 870 3355 vilitas
903 3302 1075 3371 pretio
1116 3311 1378 3369 suscepta:
1418 3300 1669 3354 dictionis
1696 3300 1805 3353 elu-

224 3404 375 3449 vatur
400 3413 414 3447 :
444 3395 665 3463 erigere
695 3409 847 3448 mens
877 3395 1016 3449 fasce
1044 3394 1302 3462 depressa
1326 3395 1605 3463 imperitia:
1633 3410 1644 3447 ;
1673 3392 1810 3446 dex-

224 3494 329 3540 tera
354 3486 586 3556 impacti
617 3485 797 3542 oneris
821 3486 1145 3540 sublevaris.
1176 3485 1281 3539 Sed
1314 3501 1407 3539 cur
1436 3486 1607 3556 longis
1642 3485 1809 3538 invol-

223 3579 430 3634 vimur?
456 3579 1145 3634 Praesentiadolescentulo
1172 3578 1367 3632 militat
1394 3580 1609 3647 prtefata
1633 3594 1812 3631 narra-

225 3672 312 3736 tio,
340 3686 507 3741 quem
539 3670 839 3725 rediturum
881 3669 947 3723 ad
982 3687 1229 3738 proavos,
1265 3686 1369 3724 non
1400 3671 1805 3725 denuntiatione

223 3782 506 3836 augurum,
542 3765 635 3819 sed
668 3775 788 3835 post
822 3766 985 3820 llettm
1013 3766 1172 3819 fultus
1199 3783 1292 3836 spe
1319 3767 1445 3819 tnibi
1476 3778 1667 3820 vestra:
1694 3783 1809 3835 pcr-

223 3858 473 3915 fectionis
504 3858 747 3929 Spondeo
780 3876 791 3912 :
819 3875 917 3913 nec
946 3860 1178 3914 futurum
1211 3861 1441 3929 ambigo,
1468 3861 1807 3930 Splendoretn

224 3954 379 4009 teisti
413 3968 644 4010 suorum
686 3968 841 4021 posse
873 3953 1122 4022 reddere,
1170 3971 1326 4024 quem
1359 3955 1479 4008 aliis
1514 3953 1807 4007 contulisti.

224 4043 405 4101 P0test
446 4045 597 4101 enim
628 4045 783 4100 facile
815 4055 1051 4101 veterum
1076 4045 1270 4101 decora
1301 4047 1586 4113 suscitare,
1618 4046 1701 4099 cui
1734 4045 1810 4099 fas

224 4148 299 4192 est
330 4154 469 4192 nova
503 4150 845 4192 construere.
874 4138 991 4199 Non
1024 4140 1212 4193 credas
1246 4142 1359 4193 hanc
1390 4156 1509 4193 esse
1539 4139 1705 4192 solius
1731 4138 1809 4192 in-

223 4229 514 4284 citamenta
552 4229 829 4283 facundiae.
855 4229 975 4283 Tibi
1005 4230 1091 4283 ttni
1125 4245 1439 4284 concessum
1463 4240 1564 4293 est,
1595 4230 1810 4284 clarita-

225 4327 324 4374 tem
357 4330 451 4375 ant
506 4321 659 4387 dare,
715 4330 807 4373 aut
861 4335 1114 4388 reparare
1167 4322 1456 4390 majorum.
1496 4320 1653 4376 Stant
1691 4329 1813 4375 ante

222 4415 401 4468 oeulos
436 4424 564 4468 tuos
608 4429 712 4467 non
745 4430 949 4467 annosa
983 4418 1133 4482 pueri
1186 4425 1557 4483 monumenta,
1606 4416 1699 4469 sed
1730 4432 1813 4469 re-

223 4505 413 4557 centia.
454 4503 712 4557 Pcritiatn
758 4515 901 4558 tuam
944 4505 1211 4559 Firminus
1240 4515 1295 4559 et
1338 4506 1601 4571 Licerius,
1634 4507 1807 4561 aetatis

1913 3310 2100 3365 dorem
2159 3309 2378 3365 familia:
2429 3312 2607 3383 prodit
2654 3313 2870 3383 lingua,
2925 3328 3085 3383 quam
3134 3312 3500 3381 tribuitiszfit

1911 3418 2092 3472 prazco
2120 3406 2353 3473 generis,
2386 3406 2625 3475 magistri
2657 3406 2976 3467 beneficium
3012 3424 3027 3461 :
3060 3406 3382 3475 ineruditata
3406 3421 3501 3461 no-

1911 3489 2087 3550 bilitas
2110 3499 2331 3553 caeleste
2364 3513 2556 3555 munus
2584 3499 2813 3566 abjurat.
2848 3500 3178 3569 Adstringite
3206 3515 3335 3569 ergo
3372 3514 3497 3552 arc-

1912 3588 2140 3641 tiuribus
2161 3589 2389 3643 vinculis
2420 3604 2512 3659 per
2535 3597 2747 3644 :etatem
2773 3592 2986 3645 erratici
3018 3591 3251 3662 palmitis
3284 3593 3499 3658 lapsus:

1912 3681 2028 3734 sine
2059 3680 2245 3735 sobole
2270 3696 2446 3735 ramos
2479 3681 2622 3735 ferro
2653 3684 2853 3751 castiga
2880 3698 2894 3736 :
2927 3682 3209 3737 novellum
3241 3682 3499 3750 cespitem

1912 3772 2023 3825 IOttt
2074 3788 2180 3842 quo
2222 3782 2411 3826 cuncta
2466 3772 2793 3829 fructificare
2851 3774 3026 3841 soles,
3080 3774 3286 3828 attolle.
3336 3774 3503 3827 Habet

1912 3862 2227 3916 adolescens
2274 3871 2477 3939 noster,
2529 3863 2887 3932 quodcunque
2934 3863 2999 3916 de
3049 3867 3161 3917 suis
3220 3866 3500 3929 reSpexit,

1913 3954 2053 4023 quod
2086 3964 2341 4020 sequatur
2376 3971 2387 4004 :
2423 3954 2577 4008 nobis
2608 3954 2789 4021 crede,
2831 3962 2983 4009 actus
3013 3963 3092 4009 tot
3122 3955 3357 4013 stimulis
3382 3970 3502 4023 per-

1916 4047 2085 4109 volat,
2118 4047 2357 4115 quolibet
2398 4047 2638 4101 scientiae
2670 4048 2831 4103 fuerit
2858 4062 3043 4119 :equor
3072 4048 3346 4117 ingressus
3380 4064 3393 4098 :
3425 4046 3502 4100 fo-

1915 4140 2091 4192 dietur
2118 4140 2377 4208 prosapia:
2410 4153 2519 4193 sua:
2558 4139 2860 4195 calcaribus
2896 4157 2907 4193 :
2934 4154 3029 4211 per
3058 4148 3134 4193 tot
3164 4138 3384 4197 ordines
3416 4139 3503 4192 ni-

1918 4228 1989 4282 ltil
2019 4230 2119 4284 nisi
2162 4228 2301 4299 quod
2342 4229 2408 4282 ad
2449 4227 2658 4283 litteras
2701 4229 2913 4300 invitat,
2961 4232 3184 4286 invenit.
3217 4230 3334 4301 Stat
3376 4244 3504 4285 ecce

1916 4332 2040 4376 ante
2086 4332 2137 4381 te
2178 4321 2432 4392 parvulus
2476 4331 2658 4376 noster
2704 4322 2949 4379 felicibus
2992 4323 3281 4379 initiandus
3322 4324 3505 4393 auspi-

1917 4414 2016 4469 ciis
2048 4432 2059 4466 :
2092 4423 2146 4468 et
2176 4415 2311 4467 sicut
2338 4412 2466 4483 justi
2498 4413 2672 4468 hostia
2705 4415 3046 4470 devotionem
3078 4415 3389 4471 sacerdotis
3414 4432 3507 4470 ex-

1920 4505 2174 4577 posulat.
2213 4505 2493 4559 Paternain
2530 4506 2779 4560 convenit
2810 4521 2904 4560 ore
2936 4507 3214 4575 pietatem,
3246 4515 3303 4560 ut
3332 4506 3506 4577 quali-

222 4608 327 4649 εηεε
374 4596 587 4661 sidera,
629 4596 729 4650 hac
761 4612 891 4651 voce
933 4597 1278 4652 conveniunt.
1327 4599 1575 4665 Suscipe,
1620 4597 1815 4651 doctis-
1844 4599 1900 4661 D
1926 4600 2013 4653 bet
2040 4596 2285 4651 oratione
2314 4596 2660 4651 constitutam
2694 4596 2744 4649 in
2788 4597 2911 4651 vitm
2940 4596 3126 4652 limine
3167 4597 3507 4655 commendet

222 4689 352 4743 sime
388 4688 703 4755 hominum,
751 4690 1027 4761 utriusque
1057 4692 1288 4760 plantam
1324 4691 1557 4757 fatnilirr,
1594 4700 1647 4745 ct
1692 4692 1811 4744 cul-

221 4794 361 4834 mum
414 4780 475 4835 in
521 4796 628 4851 quo
677 4782 924 4851 gravidas
964 4784 1157 4837 arisuts
1188 4785 1362 4852 parias
1422 4784 1690 4837 secundus
1733 4793 1813 4837 at-

222 4873 399 4927 tende.
435 4873 633 4942 Scalpe
662 4874 890 4947 sarculis
916 4874 1141 4929 uberem
1174 4886 1390 4944 terram,
1420 4892 1535 4944 qui:
1567 4876 1609 4930 si
1644 4877 1811 4930 nostri

222 4971 301 5017 est
330 4966 599 5034 germinis
656 4964 841 5029 fibula,
886 4966 945 5019 fit
988 4968 1092 5021 tuis
1126 4968 1366 5034 profecto
1415 4968 1686 5023 laboribus
1728 4984 1811 5023 re-

220 5068 513 5123 sponsura.
542 5056 797 5111 Docendo
822 5059 959 5111 libro
992 5059 1303 5114 adolescere
1337 5062 1581 5114 maritata
1609 5062 1815 5130 planta-

221 5146 295 5199 ria
326 5162 342 5200 :
376 5147 585 5201 novelli
614 5145 865 5202 dentibus
894 5150 1105 5219 virgulti
1138 5150 1366 5203 fructum
1400 5153 1599 5205 surculi
1630 5152 1817 5206 melio-

220 5238 291 5292 ris
335 5239 696 5294 accommoda
732 5258 745 5293 :
781 5242 955 5295 veniat
1002 5260 1284 5312 pomorum
1335 5258 1639 5313 successus,
1692 5246 1815 5301 dum

222 5346 312 5386 ore
346 5345 545 5388 tenero
572 5334 857 5389 sublimior
884 5337 951 5390 ab
987 5338 1079 5392 illo
1123 5346 1173 5392 te
1200 5339 1429 5393 docente
1456 5340 1635 5409 planta
1670 5356 1815 5395 mor-

221 5428 380 5482 detur
415 5445 430 5483 :
466 5430 586 5497 quia
620 5430 720 5484 nisi
763 5430 1053 5487 edomitam
1078 5439 1280 5487 terram
1326 5442 1511 5504 terque
1540 5445 1593 5489 et
1624 5448 1817 5505 quater

293 5562 309 5592 ¹
341 5559 603 5635 Prwj‘atio
640 5564 795 5635 dicta
832 5540 1113 5634 Lupicino]
1165 5566 1479 5633 Lupicinum
1534 5567 1820 5635 Ettprepiae
1860 5612 1868 5622 .

219 5640 432 5685 sororis
467 5630 695 5687 Ennodii
730 5630 1207 5691 filiumfuisse‘nos
1228 5630 1467 5701 epistola:
1490 5630 1815 5695 docuerunt:

221 5701 307 5754 hic
336 5704 795 5771 utrumquecjus
827 5719 982 5760 avum
1013 5707 1208 5771 prodit,
1244 5708 1536 5764 Firminuui
1578 5720 1629 5765 et
1670 5710 1822 5767 Lice-

224 5774 387 5851 r_iuiu_
408 5788 439 5824 a
478 5773 667 5851 quibus
695 5778 1087 5851 et_c_ogn_omiua
1114 5779 1181 5851 de
1212 5794 1359 5837 mure
1396 5783 1623 5851 sumpsit
1654 5799 1667 5836 :
1698 5783 1818 5837 nam

233 5843 468 5900 Flavius
494 5841 729 5900 Licerius
755 5841 1025 5902 Firminus
1054 5848 1344 5921 Lupicinus
1373 5841 1666 5921 appellatus
1694 5862 1776 5913 est
1804 5870 1818 5911 :

1923 4690 2220 4757 infantiam,
2251 4703 2405 4759 quam
2436 4688 2502 4742 de
2534 4688 2845 4759 parentibus
2878 4705 2982 4743 non
3016 4704 3273 4744 sermone
3316 4690 3504 4758 exigit,

1923 4782 2016 4836 sed
2054 4781 2178 4851 quid
2226 4781 2496 4835 desideret
2536 4796 2690 4834 error
2722 4781 2993 4848 ostendit;
3025 4782 3267 4851 cogimur
3311 4782 3506 4837 subve-

1924 4874 2039 4927 nire
2084 4873 2134 4926 in
2188 4872 2506 4927 necessitate
2538 4872 2766 4943 parvuli,
2814 4889 2971 4941 quam
3008 4873 3234 4928 formido
3281 4873 3506 4929 manife-

1924 4976 2048 5023 stat.
2083 4965 2301 5035 Sponde
2340 4966 2445 5019 tuis
2487 4963 2889 5021 adole-centule
2912 4968 2929 4995 ²
2953 4966 3111 5036 digne
3148 4968 3454 5036 primordiis
3487 4982 3502 5019 :

1925 5074 2071 5129 spem
2106 5058 2327 5112 solidam
2356 5057 2421 5111 de
2452 5068 2536 5111 tua
2564 5056 2888 5126 perfectione
2910 5058 3243 5124 concipimus
3268 5074 3281 5110 :
3304 5059 3503 5111 bonum

1924 5152 2197 5221 ingenium
2232 5150 2437 5203 doctori
2462 5152 2662 5218 Oplitlto
2688 5154 3076 5221 mancipamus.
3106 5150 3256 5204 Sacri
3279 5150 3387 5220 jam
3414 5165 3504 5202 ru-

1923 5244 2157 5299 dimenta
2194 5242 2454 5296 venerare
2503 5242 2709 5312 collegii
2740 5260 2750 5293 :
2782 5242 2843 5295 ad
2879 5241 3105 5296 Latiaris
3142 5242 3305 5295 curiae
3344 5240 3504 5310 proti-

1925 5339 2077 5393 ciuut
2126 5335 2327 5399 sidera,
2368 5348 2503 5404 quos
2533 5334 2681 5388 vides
2725 5334 2972 5388 scintillis
3021 5333 3245 5387 modicis
3277 5332 3504 5384 futurum

1929 5433 2108 5486 lumen
2165 5428 2470 5484 ostendere.
2523 5428 2635 5481 Hoc
2680 5443 2808 5481 avos
2836 5428 3033 5483 dixisse
3076 5425 3302 5479 sufficiat
3335 5441 3345 5475 :
3376 5422 3503 5475 milii

1931 5567 2072 5634 quud
2122 5564 2335 5631 quidem
2362 5578 2425 5634 ex
2469 5561 2725 5634 Vaticano
2769 5565 2951 5619 codice
2984 5561 3502 5634 Commentariorum

1930 5631 2055 5695 Iulii
2107 5638 2337 5691 Cmsaris
2391 5633 2702 5697 didicimus,
2758 5635 2808 5686 in
2857 5648 2963 5699 quo
3015 5631 3079 5685 ad
3134 5632 3255 5684 libri
3300 5632 3502 5687 calcem

1930 5711 2219 5776 ascriptum
2249 5714 2396 5761 erat:
2421 5702 2795 5776 Juliusﬂelstts
2825 5703 3184 5776 Constantinus
3211 5701 3329 5773 legi.
3369 5699 3502 5758 Fla-

1930 5786 2038 5837 vius
2061 5772 2286 5835 Licerius
2312 5776 2570 5829 Firminus
2596 5772 2869 5841 Lupicinus
2900 5774 3019 5845 legi.

1999 5856 2017 5885 ’
2042 5852 2201 5907 Forte
2222 5851 2393 5920 digna.
