3974 6366
478 317 578 373 279

1594 310 1863 368 ENNODII
1909 310 2210 368 EPlSCOPl
2250 313 2628 371 TlClNENS!S
3612 328 3700 382 280

479 440 716 488 remanet
758 432 940 488 stricta
971 427 1288 485 insinuatio.
1329 425 1694 497 Propinquum
1745 429 1808 481 ad
1837 436 1890 482 te
1927 442 2056 481 con-
2088 433 2143 487 Α
2169 430 2473 496 expendere
2493 430 2700 500 origine
2731 431 3000 502 serpentis
3027 432 3207 497 rivuli,
3242 435 3326 502 qui
3367 436 3618 502 scalpente
3643 448 3696 500 ad

481 525 828 594 sanguineus,
881 523 1069 578 orbum
1124 522 1437 592 parentibus
1484 522 1768 593 religiosus
1819 521 2060 576 exhibui.

485 618 616 685 Quae
645 633 731 673 res
761 617 888 671 mihi
912 615 1159 671 affectum
1192 618 1344 685 pueri
1375 614 1591 682 faciant,
1620 615 1730 685 jam
1759 617 1974 670 tenetis.
2009 615 2066 671 Si

385 732 414 743 π’
480 709 820 768 necessitudo
849 707 1155 777 respicitur,
1183 708 1321 763 liber
1347 709 1416 762 ab
1443 723 1627 764 amore
1656 723 1776 763 esse
1805 723 1909 762 non
1935 723 2061 777 pos-

477 817 594 858 sum
629 800 709 855 :si
741 801 912 868 pietas
941 801 1109 854 amica
1138 801 1435 870 proposito,
1478 802 1647 854 nostri
1680 801 1815 854 fiunt
1849 801 1939 854 ﬁlii
1971 800 2063 869 qui

480 899 758 961 parentum
802 907 1021 949 suorum
1059 892 1306 960 praesidio
1340 893 1700 947 denudantnr.
1735 892 1908 948 Unum
1933 908 2061 961 ergo

475 982 745 1038 vinculum
778 982 926 1038 venit
954 998 982 1035 a
1027 984 1274 1053 prosapie
1307 1003 1319 1036 :
1353 985 1459 1038 alio
1497 1000 1595 1039 nos
1627 985 1912 1054 adstringit
1940 985 2062 1039 ofli-

475 1076 637 1132 cium.
690 1076 939 1146 ReSpice,
994 1077 1318 1133 venerabilis
1371 1079 1641 1149 magister,
1695 1089 1771 1132 tot
1814 1097 1911 1148 pro
1960 1084 2063 1135 isto

473 1169 744 1238 supplices
776 1184 987 1236 manus,
1021 1180 1074 1226 et
1107 1171 1156 1223 in
1191 1185 1283 1238 spe
1309 1171 1514 1240 parvuli
1545 1172 1773 1237 majores
1805 1173 1943 1240 ejus,
1977 1185 2064 1226 me

475 1273 635 1331 teque
663 1264 967 1320 considera.
999 1264 1180 1320 Genus
1203 1275 1284 1320 est
1308 1265 1576 1333 singulare
1605 1266 1774 1320 laudis
1804 1267 1855 1318 in
1877 1266 2063 1319 docto-

472 1358 645 1423 ribus,
688 1357 937 1427 discipuli
970 1357 1223 1414 eruditio.
1271 1359 1495 1412 Achillis
1527 1359 1702 1427 lingua
1733 1357 1936 1412 Chiron
1984 1357 2065 1409 in-

475 1452 650 1506 notuit
680 1469 694 1512 ;
731 1453 852 1507 fecit
882 1454 1128 1525 sequacis
1158 1453 1412 1508 meritum
1440 1453 1752 1522 opinionem
1779 1451 1922 1504 illius
1946 1449 2062 1519 plus

475 1546 666 1609 amari,
690 1546 843 1615 cujus
871 1562 966 1616 per
1005 1561 1063 1601 se
1089 1546 1226 1600 forte
1257 1546 1500 1600 facundia
1543 1547 1593 1598 in
1628 1545 1799 1598 lucem
1831 1557 1936 1596 non
1969 1556 2063 1610 po-

475 1637 666 1692 tuisset
712 1637 882 1693 exire.
937 1639 1083 1692 Maro
1117 1649 1294 1692 vester
1342 1638 1504 1691 tentis
1550 1637 1886 1690 institutores
1935 1646 2062 1686 suos

473 1728 889 1797 commendav’it,
922 1730 1134 1799 quantis
1165 1731 1280 1798 ipse
1322 1739 1482 1784 notus
1526 1741 1609 1783 est
1644 1736 1739 1785 :et
1767 1739 1916 1783 certe
1939 1725 2061 1780 illos

2169 521 2336 589 ipsam
2361 533 2556 578 terram
2581 541 2758 594 ungue
2781 525 3113 593 perducitur,
3141 526 3262 594 quid
3286 529 3350 582 sit
3371 530 3479 599 ejus
3497 533 3543 587 in
3561 551 3702 595 unum

2169 612 2429 667 collectus
2467 614 2673 680 alveus,
2707 615 2834 684 quid
2871 618 2941 673 sit
2974 617 3062 671 ubi
3093 618 3328 672 nascitur
3367 623 3634 693 aaStimare,
3659 639 3704 687 et

2171 705 2317 759 vires
2361 704 2597 760 fluminis
2629 721 2737 760 non
2778 707 2846 763 de
2873 710 2959 766 his
2987 723 3106 778 quae
3136 708 3356 778 accepit,
3387 712 3476 767 sed
3510 715 3571 770 de
3609 718 3701 776 illis

2167 811 2286 863 qua:
2313 797 2484 864 potuit
2508 798 2808 867 accepisse,
2854 799 3129 870 colligere.
3159 801 3438 868 Quorsum,
3461 810 3704 866 venerabi-

2168 890 2233 944 lis
2257 891 2532 960 magister,
2566 891 2836 947 libertatis
2867 893 3047 960 index,
3082 894 3206 950 boni
3241 896 3581 954 testimonium
3603 918 3706 958 san-

2166 983 2363 1053 guinis,
2413 986 2752 1052 ingeniorum
2798 988 2947 1052 !ima,
2987 988 3272 1044 fabricator
3315 1005 3569 1058 sensuum,
3610 995 3707 1053 haec

2166 1077 2327 1130 verba
2359 1078 2734 1146 praemiserim,
2767 1081 2812 1133 si
2844 1080 3119 1149 requiras;
3147 1096 3232 1135 tne
3261 1098 3350 1137 tne
3374 1083 3566 1139 locutus
3587 1103 3707 1151 sum,

2167 1168 2358 1237 fateor,
2392 1186 2476 1225 me
2516 1171 2713 1241 digessi
2751 1188 2953 1244 :quem
3007 1174 3148 1228 inter
3185 1174 3402 1230 inscitiae
3430 1178 3707 1236 dormientis

2166 1262 2442 1317 infantiam
2475 1266 2859 1334 occupationes
2889 1267 3050 1320 variae
3079 1276 3134 1320 et
3165 1268 3371 1321 tristitia
3399 1268 3541 1323 fortis
3567 1271 3709 1339 impe-

2167 1356 2304 1410 ritia:
2343 1366 2514 1412 mater
2546 1359 2815 1428 Oppressit
2850 1376 2861 1411 :
2892 1361 2975 1413 cui
3009 1374 3113 1414 non
3155 1360 3312 1414 datur
3340 1361 3481 1415 duris
3527 1362 3710 1420 solvere

2112 1480 2120 1488 -
2165 1452 2302 1506 colla
2335 1454 2629 1517 laboribus,
2655 1464 2713 1509 ut
2737 1454 3037 1509 studiorum
3066 1457 3260 1523 lupatis
3289 1470 3379 1510 ora
3402 1456 3707 1512 decorentur.

2167 1544 2313 1598 Meus
2353 1561 2534 1600 sermo
2561 1546 2702 1615 quod
2747 1548 2940 1600 scaber
2969 1556 3072 1613 est,
3111 1556 3167 1601 et
3193 1547 3339 1600 nttllo
3367 1548 3711 1616 splendescens

2164 1636 2419 1693 dictionis
2466 1639 2672 1705 attritu,
2707 1639 3075 1708 intelligentia:
3116 1648 3199 1694 est
3241 1649 3295 1694 et
3333 1640 3563 1695 exercitii
3592 1640 3708 1710 quod

2164 1730 2404 1785 dedisco.
2453 1731 2530 1786 Te
2578 1733 2720 1788 inter
2774 1735 3023 1802 palcstra
3076 1743 3160 1786 tua
3213 1732 3492 1803 originaria
3544 1734 3712 1804 iingurc

472 1836 570 1889 per
591 1822 780 1875 merita
811 1836 905 1875 sua
947 1823 1086 1876 fama
1119 1837 1224 1877 non
1268 1823 1523 1891 prodidit.
1560 1825 1916 1897 Hieronymus
1960 1847 2060 1886 no-
2093 1811 2141 1872 Β
2167 1824 2340 1892 Palma
2383 1824 2637 1878 δοιιῖεῖὶδῑ
2669 1843 2679 1876 ί
2715 1834 2766 1880 le
2794 1827 2932 1880 inter
2977 1827 3145 1890 Cives.
3176 1825 3283 1879 mei
3315 1840 3600 1890 Immemor.
3639 1842 3714 1880 SU-

470 1922 605 1978 ster,
640 1913 742 1967 nisi
774 1924 1157 1983 praeceptorem
1183 1930 1334 1968 suum
1366 1916 1689 1986 Gregorium
1708 1919 1935 1988 diceret,
1969 1923 2060 1978 illo

468 2007 662 2062 melior
683 2016 997 2063 censeretur
1031 2026 1044 2062 :
1072 2009 1165 2064 sed
1198 2010 1275 2064 illi
1306 2012 1622 2080 applicanda
1650 2022 1773 2067 sunt
1803 2015 1938 2069 bona
1959 2031 2059 2071 no-

471 2104 696 2170 minati,
755 2119 785 2157 a
834 2120 941 2174 quo
1002 2106 1303 2173 sumpsisse
1349 2105 1599 2160 videntur
1652 2108 1936 2178 originem.
2003 2110 2059 2165 ln

471 2210 704 2263 summa,
735 2205 793 2249 ιιι
814 2196 949 2261 dixi,
982 2198 1179 2250 caelum
1206 2197 1380 2264 pulsat
1411 2199 1650 2266 magistri
1675 2200 1858 2268 opinio
1887 2200 2064 2270 perfe-

471 2289 645 2344 ctione
675 2289 948 2358 discipuli.
1000 2290 1149 2358 Apud
1200 2289 1460 2344 scientem
1493 2305 1672 2345 rerum
1715 2307 1821 2346 non
1865 2294 2062 2361 objicio

472 2383 826 2450 oblivionem,
859 2385 982 2454 quia
1009 2395 1133 2439 nota
1163 2401 1529 2442 commemoro
1555 2404 1568 2440 :
1593 2403 1749 2441 avara
1786 2398 1911 2443 sunt
1939 2399 2061 2445 vota

474 2476 816 2546 diligentum.
852 2477 1020 2532 Deum
1053 2493 1265 2547 precor,
1299 2490 1358 2532 ut
1387 2479 1578 2533 Studiis
1610 2483 1811 2534 vestris
1832 2483 2058 2550 gratiam

473 2585 626 2623 suam
651 2571 905 2626 comitem
944 2572 1152 2642 jungat,
1188 2583 1243 2626 ut
1275 2588 1410 2643 quos
1440 2589 1468 2626 a
1500 2588 1586 2628 me
1615 2575 1880 2632 limandos
1911 2591 2063 2631 acce-

473 2664 628 2732 pisti,
653 2664 988 2721 doctissimos
1020 2667 1216 2722 reddas
1253 2685 1264 2719 :
1293 2676 1348 2722 et
1375 2668 1586 2722 illorum
1619 2669 1851 2724 eruditio
1880 2679 2062 2726 vestra

475 2757 688 2826 quidem
721 2758 916 2828 gloria,
943 2759 1038 2814 sed
1063 2776 1240 2814 meum
1273 2760 1540 2815 efficiatur
1571 2760 1913 2832 obsequium.

1092 2850 1314 2906 DlCTlO
1352 2851 1444 2906 ιχ.

511 2940 527 2972 ³
558 2940 810 3012 Praefatio
829 2943 1040 3012 quando
1069 2945 1258 2998 Arator
1290 2946 1607 2999 auditorium
1636 2946 1897 3016 ingressus
1930 2956 2023 3002 est.

958 3053 1309 3094 SCIIOLASTICA
1349 3056 1565 3094 TERTIA.

541 3112 735 3180 Notum
778 3130 986 3182 cunctis
1012 3130 1151 3184 bene
1178 3131 1516 3199 mortalibus,
1550 3133 1692 3201 quod
1726 3134 1940 3189 dicendi
1975 3138 2056 3189 la-

472 3216 659 3273 borem
693 3220 1031 3288 negotiorum
1066 3220 1213 3274 feria:
1241 3223 1471 3293 pariant,
1503 3225 1870 3282 eteliminatis
1901 3242 2056 3282 cura-

472 3324 592 3363 rum
627 3311 876 3380 procellis
905 3313 1208 3366 orationum
1244 3328 1435 3368 serena
1477 3315 1598 3384 plus
1629 3315 1870 3372 rutilant.
1908 3319 2060 3374 Diem

473 3416 630 3456 suum
675 3403 912 3473 ingenia,
966 3403 1068 3458 nisi
1118 3406 1524 3474 occupationem
1567 3409 1778 3464 nebulis
1836 3410 2059 3478 fuscata,

472 3510 582 3550 non
637 3497 869 3565 perdunt
902 3516 913 3549 :
943 3497 1334 3552 sententiarum
1361 3498 1523 3568 jubar
1567 3516 1693 3555 cura
1739 3517 1936 3559 vacuos
1978 3520 2064 3561 re-

472 3589 653 3656 spicit,
687 3597 740 3642 et
766 3589 1046 3658 expeditus
1086 3590 1298 3646 animus
1331 3591 1781 3650 declamationum
1815 3612 2062 3666 pompam

473 3681 837 3735 commendat.
870 3680 972 3749 Qui
1019 3697 1160 3738 caeca
1192 3684 1356 3740 remis
1407 3689 1723 3742 temerarius
1761 3689 1894 3744 freta
1927 3707 2062 3760 pro-

471 3772 692 3838 scindit,
729 3772 926 3828 nudum
957 3775 1317 3831 sollicitudine
1347 3777 1730 3847 gubernaculis
1761 3791 1947 3849 pectus
1977 3799 2064 3838 ac-

474 3866 783 3921 commodat
828 3876 928 3921 :et
969 3868 1107 3922 clavi
1154 3868 1394 3938 regimen
1438 3870 1552 3925 sola
1601 3886 1706 3943 qua
1749 3874 2062 3944 magistrum

471 3959 627 4012 navis
667 3958 941 4024 convenit,
977 3959 1321 4029 inquisitione
1345 3962 1648 4030 perpendit.
1678 3963 1828 4020 Tunc
1873 3973 2062 4035 stupea

476 4055 534 4108 in
565 4064 754 4108 νεηιοε
805 4068 869 4107 ex
912 4064 1037 4107 νοῐο
1077 4051 1230 4108 frena
1275 4053 1524 4108 laxantur
1557 4072 1570 4108 Ξ
1605 4064 1731 4109 tunc
1775 4058 2058 4112 rudentum

470 4147 703 4202 vinculis
747 4146 839 4201 diu
871 4146 1039 4201 libera
1075 4148 1244 4201 maria
1284 4148 1611 4214 vinciuntur,
1661 4157 1717 4205 et
1755 4150 2062 4220 imperiosis

471 4238 736 4293 undarum
794 4238 1025 4294 cumulis
1077 4238 1240 4293 homo
1297 4238 1670 4295 dominatur-us
1729 4242 2061 4311 ingreditur,

470 4333 678 4386 viarum
706 4333 908 4386 incerta
936 4333 1095 4388 astris
1126 4332 1529 4389 recludentibus
1567 4337 1874 4405 agniturus.
1907 4337 2061 4394 Tunc

472 4424 875 4496 Phosphorum.
908 4427 1173 4494 Pleiadas,
1200 4428 1554 4498 Cynosuram,
1588 4441 1643 4484 et
1672 4432 2063 4501 quidquid-iter

471 4529 743 4574 monstrat
781 4522 1096 4591 inspiciens,
1125 4522 1192 4575 ad
1223 4523 1345 4578 εαξη
1377 4523 1595 4578 ductum
1627 4525 1783 4580 callis
1827 4526 2061 4581 hominis

471 4611 781 4678 ordinatur;
814 4614 858 4667 si
885 4621 1063 4668 tamen
1097 4629 1251 4671 mens
1272 4616 1424 4671 nullo
1447 4626 1720 4672 extraneae
1748 4619 2060 4689 occupatio-

472 4706 559 4761 nis
602 4707 916 4762 mordeatur
964 4709 1253 4779 ambiguo;
1295 4724 1395 4766 nec
1436 4711 1871 4781 peregrinantem
1919 4713 2063 4767 noti-

471 4799 601 4852 tiam
645 4801 900 4869 magister
931 4800 1140 4855 inertiae
1189 4817 1391 4857 maeror
1436 4804 1658 4874 affligat.
1709 4804 1862 4872 Quod
1893 4805 1938 4859 si
1970 4815 2061 4860 aut

468 4893 626 4962 pigro
651 4903 868 4961 torpore
909 4893 1191 4949 hebetatus
1218 4894 1431 4949 animus
1461 4895 1714 4965 dormiat,
1752 4906 1842 4951 aut
1870 4897 2059 4953 diver-

468 4985 545 5039 sis
576 4987 815 5040 cxcitans
847 4987 1076 5041 stimulis
1100 5002 1194 5057 per
1220 4987 1372 5042 devia
1403 4971 1755 5058 distrahatur,
1787 4993 1960 5047 nescit
1989 4992 2057 5047 ad

471 5077 808 5146 propositum
853 5093 1007 5132 suum
1065 5088 1208 5133 totus
1253 5094 1560 5146 occurrere,
1611 5082 1766 5150 cujus
1817 5083 2059 5138 membra

472 5168 775 5238 prudentia:
817 5169 1010 5224 lanista
1058 5171 1360 5226 animarttm
1411 5187 1536 5227 cura
1569 5173 1846 5245 discerpit.
1881 5175 2061 5230 inefﬁ-

466 5276 563 5316 cax
605 5277 823 5332 semper
851 5271 952 5329 est,
985 5271 1040 5317 et
1064 5278 1093 5316 a
1128 5263 1283 5318 ntolis
1323 5279 1436 5319 sum
1469 5265 1771 5322 valetudine
1801 5268 2059 5324 dissocia-

467 5365 554 5410 tos
583 5356 907 5421 ostenditur,
939 5356 1027 5426 qui
1056 5371 1161 5411 non
1195 5365 1390 5426 potest,
1415 5368 1650 5429 quantus
1682 5370 1783 5428 est,
1820 5376 1921 5415 una
1951 5371 2060 5417 tra-

469 5457 706 5504 ctatuum
740 5450 912 5506 forma
952 5460 1275 5506 monstrare.
1309 5451 1404 5506 Est
1449 5461 1625 5508 tamen
1658 5453 1783 5508 boni
1811 5454 2054 5510 doctoris

544 5606 558 5635 ‘
594 5605 842 5685 Prajfatio
881 5610 1087 5685 quando
1147 5611 1336 5666 Arator
1378 5611 1743 5685 auditorium]?
1771 5612 1896 5668 Htee
1952 5621 2060 5669 tota

469 5692 615 5750 nunc
642 5681 871 5747 primum
902 5683 954 5735 in
985 5683 1157 5738 lucem
1197 5694 1346 5739 eruta
1378 5701 1443 5739 ex
1478 5681 1856 5750 manusr'riptis
1884 5701 1896 5736 :
1925 5687 2057 5741 scri-

469 5756 558 5824 pta
587 5749 669 5824 _in_
700 5754 923 5824 gratiam
966 5755 1226 5820 Aratoris,
1281 5771 1402 5810 cum
1451 5755 1686 5809 Deutcrii
1720 5749 2055 5824 grammatici

477 5819 766 5877 Rtediolani
795 5821 1094 5892 disciplinae
1135 5826 1455 5884 traderetur.
1489 5819 1771 5883 Mediolani
1810 5829 2051 5898 inquam,

2088 4575 2147 4639 D

2167 1917 2329 1984 perba
2365 1917 2524 1972 Delus
2563 1928 2902 1972 annmncrat.
2948 1918 3026 1973 Tu
3076 1917 3297 1974 Casulii
3327 1918 3539 1988 gurgitis
3565 1919 3714 1974 lautus

2166 2025 2447 2079 possessor
2490 2012 2728 2076 incedis;
2763 2021 2817 2067 ct
2847 2028 2946 2082 ego
2989 2014 3086 2066 vix
3129 2013 3408 2068 arentibus
3441 2012 3582 2067 labiis
3618 2013 3715 2066 stil-

2167 2102 2363 2158 lantem
2402 2115 2607 2172 guttam
2636 2104 2858 2159 marcidi
2888 2105 3110 2175 liquoris
3161 2104 3405 2160 infando.
3437 2103 3509 2159 Te
3550 2105 3715 2159 sudore

2165 2199 2442 2260 continuo,
2476 2198 2620 2251 nulla
2651 2197 2965 2251 diversitate
3010 2197 3415 2268 interpellante,
3451 2206 3616 2267 utpote
3641 2212 3715 2252 co-

2166 2288 2347 2342 ionum
2379 2303 2554 2354 suum,
2604 2289 2866 2343 doctrinae
2919 2291 3110 2346 messis
3141 2291 3451 2360 amplificat.
3497 2293 3559 2346 At
3600 2289 3708 2344 mihi

2165 2381 2255 2435 vix
2289 2380 2355 2434 de
2385 2395 2696 2451 magnorum
2731 2382 2939 2437 horreis
2985 2397 3187 2452 pauper
3219 2382 3371 2438 fascli
3413 2397 3529 2437 esca
3559 2379 3712 2451 porri-

2165 2477 2329 2547 gitur.
2375 2476 2454 2531 Tu
2485 2476 2538 2530 in
2581 2478 3029 2534 sustentationem
3076 2480 3302 2532 ruiturte
3341 2478 3586 2533 libertatis
3613 2476 3718 2531 felix

2166 2571 2390 2639 dextera
2439 2571 2752 2640 subrogaris
2801 2589 2815 2625 :
2869 2587 2956 2627 me
3014 2572 3274 2628 Ecclesiae
3321 2573 3538 2642 angulus
3579 2571 3716 2625 etiam

2165 2663 2304 2718 bona
2355 2673 2682 2718 metuentem
2734 2664 2917 2719 saeculi
2967 2667 3252 2733 praesentis
3299 2662 3711 2728 includit..Quid,

2166 2773 2319 2828 rogo,
2371 2758 2540 2812 visum
2586 2767 2668 2813 est
2697 2758 2897 2813 dudum
2928 2758 3154 2828 insignia
3187 2758 3504 2829 eloquentia:
3535 2767 3626 2810 tua:
3671 2756 3714 2810 in

2168 2867 2256 2906 me
2307 2860 2415 2905 tam
2457 2850 2613 2921 longe
2652 2851 2888 2921 positum
2936 2851 3122 2906 oculos
3164 2850 3470 2907 destinare?
3517 2849 3721 2904 Fuerunt

2167 2944 2338 3015 magis
2378 2943 2490 3007 alii,
2521 2959 2656 3014 quos
2684 2943 2935 2999 dictionis
2967 2954 3073 2999 ture
3101 2956 3422 3001 ornamenta
3462 2957 3718 3013 compone-

2167 3046 2308 3102 rent,
2339 3037 2529 3105 quibus
2561 3037 2850 3092 verborum
2881 3038 3115 3105 phalerte
3147 3053 3247 3109 per
3274 3039 3503 3093 Latiales
3529 3038 3719 3106 elegan-

2167 3127 2271 3182 tias
2297 3129 2574 3198 acquisitaa
2604 3128 2870 3183 victurum
2913 3138 2967 3185 et
3001 3131 3140 3200 apud
3176 3141 3426 3200 pOSteros
3456 3145 3634 3184 nomen
3656 3127 3722 3181 of.

2167 3220 2390 3273 ferrent.
2426 3219 2509 3275 Me
2541 3220 2701 3275 tacito
2731 3221 2903 3276 teneri
2934 3231 3138 3276 tantum
3167 3224 3422 3278 convenit
3453 3222 3630 3276 affectu
3652 3219 3721 3274 di-

2167 3313 2268 3366 ctis
2301 3313 2558 3381 imparem
2592 3322 2648 3368 et
2677 3314 2872 3368 olliciis
2903 3324 3323 3380 sequestratum.
3354 3315 3486 3382 Quid
3528 3312 3724 3382 erigeris

2166 3404 2376 3460 animos
2408 3420 2542 3474 quos
2589 3407 2726 3460 alter
2763 3406 2873 3470 jam
2922 3407 3024 3461 sibi
3058 3408 3184 3460 vitro
3234 3408 3370 3463 ordo
3414 3402 3724 3463 subdiderat?

2167 3498 2306 3564 Quid
2337 3498 2403 3553 ad
2434 3507 2487 3553 te
2508 3499 2780 3554 revocaris
2815 3513 2909 3567 per
2939 3499 3097 3570 longa
3129 3501 3326 3556 iterum
3367 3500 3628 3557 intervalla
3657 3498 3724 3552 dio

2167 3601 2398 3648 stantem
2451 3592 2745 3655 hominem,
2780 3593 2919 3662 apud
2964 3609 3121 3662 quem
3168 3597 3313 3651 sicut
3354 3596 3498 3651 nefas
3527 3604 3602 3650 est
3633 3606 3723 3647 non

2167 3687 2433 3742 meruisse
2472 3686 2699 3752 laudari,
2748 3687 2819 3741 ita
2865 3685 3067 3742 crimen
3100 3688 3269 3745 fuisse
3311 3686 3725 3744 laudatum?’l‘ua

2167 3787 2311 3844 sunt,
2343 3787 2454 3846 tua,
2504 3793 2571 3833 ne
2600 3777 2808 3843 dubita,
2853 3789 2948 3833 aut
2972 3792 3184 3845 eorum,
3223 3781 3271 3834 si
3307 3790 3484 3836 tamen
3528 3774 3726 3833 inveniri

2171 3873 2446 3942 potuerint
2493 3872 2585 3941 qui
2611 3879 2926 3941 sequuntur.
2952 3872 3032 3926 Ad
3061 3871 3522 3939 adolescentulum
3552 3881 3723 3931 tamen,

2167 3979 2324 4035 quem
2357 3965 2639 4034 praesentis
2667 3963 2771 4018 dici
2801 3963 3084 4019 auditoriis
3126 3965 3230 4020 tuis
3278 3966 3514 4038 auspicia
3541 3963 3729 4020 dedica-

2167 4066 2312 4119 runt,
2347 4071 2468 4109 eum
2499 4070 2606 4126 quo
2638 4056 2766 4110 mihi
2795 4056 2948 4124 parili
2978 4056 3199 4112 infantia
3228 4060 3500 4124 convenit,
3528 4058 3567 4110 si
3596 4054 3727 4109 venia

2168 4162 2255 4203 me
2283 4147 2515 4213 donatis,
2547 4147 2715 4203 verba
2745 4157 3025 4204 converto.
3055 4147 3216 4217 Cujus
3252 4148 3541 4219 primordia
3560 4160 3728 4216 quam-

2169 4242 2250 4294 vis
2281 4240 2604 4296 infabrieato
2629 4255 2881 4297 sermone
2909 4243 3291 4300 commendem
3309 4285 3322 4308 ,
3348 4244 3580 4314 imperiis
3603 4254 3732 4296 auro-

2170 4334 2246 4388 ris
2274 4348 2526 4388 excusor.
2562 4332 2674 4388 Sub
2712 4333 2895 4404 jugum
2924 4334 3152 4388 mittitur
3181 4334 3486 4390 dilectionis
3525 4330 3734 4388 necessi-

2175 4436 2282 4483 tate
2321 4429 2599 4483 constricti
2635 4445 2646 4480 :
2679 4436 2733 4482 ct
2761 4427 2888 4483 dum
2927 4428 3069 4484 caris
3096 4429 3479 4500 prospicimus,
3507 4426 3623 4498 quid
3651 4436 3733 4477 nos

2171 4521 2361 4576 deccat
2401 4537 2504 4576 non
2545 4521 2812 4576 videmus.
2865 4520 3014 4575 llunc
3042 4521 3168 4576 licet
3211 4533 3435 4592 paterna
3487 4519 3738 4576 debuisset

2168 4616 2342 4670 oratio
2371 4615 2621 4686 prosequi
2651 4632 2663 4667 :
2690 4629 2795 4669 non
2821 4624 2904 4670 est
2932 4623 3108 4670 tamen
3139 4631 3169 4669 a
3194 4627 3347 4686 patre
3376 4616 3549 4670 aliena
3594 4624 3734 4683 quam

2171 4708 2412 4777 porrigo.
2447 4706 2643 4761 Debuit
2671 4707 2785 4773 tibi,
2819 4717 3014 4771 macte,
3056 4709 3357 4764 orationem
3405 4705 3657 4778 professio
3691 4712 3739 4757 et

2168 4815 2309 4855 mea.
2344 4799 2492 4854 Felix
2523 4799 2660 4854 istud
2686 4799 2922 4855 nominis
2947 4800 3086 4870 apud
3119 4800 3308 4855 doctos
3333 4801 3648 4869 auspicium,
3670 4793 3739 4848 di-

2169 4892 2331 4946 taudo
2361 4891 2603 4946 scientia:
2636 4891 2880 4961 frugibus
2911 4891 3150 4947 laborem
3183 4892 3324 4946 circa
3361 4891 3539 4946 studia
3572 4899 3738 4943 neces-

2169 4985 2372 5038 sarium
2409 4983 2672 5053 promittit
2702 4993 2756 5038 et
2782 4984 3018 5038 nomine.
3047 4983 3234 5048 Finde,
3263 4984 3577 5038 adolescens
3601 4992 3740 5048 egre-

2173 5078 2279 5150 gie,
2317 5078 2594 5148 pinguium
2623 5076 2784 5131 dorsa
2811 5085 3074 5132 terrarum
3110 5096 3123 5132 :
3155 5077 3403 5147 imprime
3433 5077 3641 5132 dentem
3664 5085 3743 5124 v0-

2173 5170 2337 5226 meris
2383 5169 2592 5226 novella
2635 5168 2811 5224 adhuc
2855 5168 3046 5224 incude
3091 5169 3420 5227 formatum:
3471 5181 3654 5224 exerce
3697 5163 3742 5216 in

2171 5269 2476 5324 Studiorum
2533 5268 2651 5322 solo
2702 5265 2952 5338 quidquid
2997 5268 3260 5337 optimum
3291 5267 3546 5322 convenit
3589 5269 3745 5318 arato-

2174 5378 2316 5418 retn.
2364 5363 2422 5417 Si
2460 5369 2732 5417 scrutatus
2767 5363 2980 5430 penitus
3019 5361 3187 5417 fueris
3233 5361 3517 5418 latentium
3557 5363 3745 5415 secreta

2169 5469 2511 5525 camporum,
2559 5453 2803 5509 invenies
2848 5453 2956 5508 illic
2992 5453 3321 5518 Denterium,
3373 5454 3464 5524 qui
3521 5452 3747 5506 ubertate

2179 5613 2303 5686 quia
2343 5619 2410 5686 _ut
2440 5610 2505 5664 ad
2548 5609 3327 5686 epistolasobservatumest,
3381 5609 3575 5686 Arator
3610 5613 3744 5686 extra

2177 5682 2448 5751 Liguriam
2494 5697 2600 5735 non
2648 5681 2852 5736 studuit
2884 5698 2899 5736 :
2933 5693 2987 5737 et
3034 5697 3152 5752 qua;
3185 5681 3250 5737 de
3279 5681 3534 5736 Deutcrio
3566 5681 3743 5752 passim

2177 5748 2508 5817 scribuntur,
2558 5751 2624 5807 ad
2669 5748 3064 5820 Mediolanum,
3095 5752 3181 5808 ubi
3228 5752 3467 5810 scholam
3510 5748 3743 5805 habebat.

2175 5823 2456 5883 referenda
2486 5833 2632 5880 sunt.
