3974 6366
205 302 291 361 28f

1706 284 2041 346 lCTlONES.

3391 293 3500 351 282

208 409 503 487 linguai-um
550 406 793 483 germina
835 405 929 463 tibi
972 403 1342 478 multiplicatis
1380 404 1709 471 seminibus,
1746 412 1802 459 et
1828 408 1881 469 Α
1909 414 2065 471 quem
2097 414 2206 456 non
2247 401 2400 468 juvet
2419 400 2663 460 amisisse
2688 410 2916 472 patrem,
2970 403 3070 461 sub
3094 403 3301 461 lucrosa
3348 423 3497 465 com.

206 510 453 566 sudorem
495 511 875 562 remuneretur
924 501 1247 569 impensum.
1298 497 1452 553 Disce
1496 498 1605 568 jam
1650 511 1795 553 nunc

206 602 485 658 verborum
530 596 797 653 luxuriem
842 592 975 649 artis
1015 590 1150 647 falce
1182 600 1469 657 truncare;
1520 600 1578 646 ut
1607 590 1796 645 novel-

207 698 277 753 lus
326 706 523 761 cespes
558 690 659 745 sub
689 687 817 744 ferri
865 684 1146 755 disciplina
1188 665 1453 755 proficiat.
1498 682 1795 737 Resecetur

207 784 459 859 quidquid
506 780 796 838 infecunda
842 777 1119 849 palmitum
1166 775 1354 831 umbra
1385 773 1792 831 transmiserit:

207 884 263 941 ad
294 879 470 935 solam
501 888 730 929 uvarum
758 885 910 941 spem
950 869 1086 924 vites
1113 877 1219 922 tua:
1254 880 1436 922 ramos
1475 866 1791 922 extendant.

205 972 344 1027 Talis
365 970 434 1025 ad
476 968 694 1039 genium
735 973 884 1020 tuum
917 962 1108 1018 redeas
1147 976 1372 1017 necesse
1415 970 1498 1017 est
1530 978 1541 1014 :
1575 960 1697 1016 talis
1725 958 1793 1015 ad

207 1073 315 1119 vota
351 1069 541 1117 nostra
593 1056 852 1127 respicias
884 1072 897 1111 :
925 1064 980 1110 et
1008 1069 1129 1109 cum
1186 1063 1238 1110 te
1280 1053 1515 1124 gravidis
1553 1053 1793 1109 scientiae

206 1153 387 1211 culmis
436 1150 739 1215 ornaveris,
794 1157 919 1204 tunc
960 1157 1013 1204 te
1061 1161 1311 1217 magnum
1354 1146 1461 1201 dici
1509 1144 1794 1201 conveniet

208 1252 504 1306 Aratorem.
534 1245 799 1314 Quocirca
833 1256 929 1312 spe
970 1241 1026 1296 in
1071 1250 1122 1295 te
1150 1240 1360 1311 praemii
1392 1240 1592 1295 nutriat
1620 1238 1793 1295 laudis

206 1342 475 1398 ardorem.
504 1338 634 1409 Legi
660 1336 785 1408 quia
817 1349 922 1390 non
944 1344 1031 1391 est
1053 1334 1283 1390 fortuna:
1309 1334 1478 1399 lusus,
1511 1334 1556 1388 si
1578 1334 1792 1404 quando

208 1436 337 1492 inter
365 1432 669 1490 feculentos
710 1444 935 1499 quorum
973 1442 1073 1498 ego
1104 1427 1309 1497 primus
1337 1442 1480 1489 sum,
1515 1425 1793 1494 imperito-

206 1542 316 1584 rum
364 1538 557 1596 greges
586 1520 881 1593 profecerit
922 1520 1212 1574 litteratus.
1250 1518 1363 1573 Non
1404 1526 1614 1573 metuas
1644 1530 1793 1587 pres-

209 1634 406 1686 suram,
438 1632 544 1688 qua
571 1624 861 1686 gravantur
890 1612 1138 1669 instructi
1174 1630 1189 1667 :
1220 1613 1391 1681 magis
1422 1611 1595 1667 laudis
1630 1610 1791 1665 habet

208 1712 389 1783 jacens
431 1708 649 1781 peritia,
695 1721 867 1778 quam
909 1706 1143 1762 culmina
1192 1706 1564 1761 rusticantum.
1616 1703 1786 1773 Erigit

1907 493 2202 549 mutatione
2239 493 2284 548 si
2316 495 2475 549 talem
2521 496 2839 551 conceditur
2865 498 3171 552 invenisse?
3202 498 3355 554 Tanti
3379 501 3479 558 viri

1911 584 2137 655 insignia
2164 628 2179 653 ,
2227 601 2349 656 qua:
2378 586 2609 656 implere
2638 603 2884 658 nequeo.
2918 605 3013 657 per
3059 590 3281 660 profana
3322 594 3489 649 verba

1905 696 2015 735 non
2046 690 2271 735 temero.
2304 679 2423 750 Ipse
2448 688 2551 740 est.
2583 681 2737 750 cujus
2763 693 2845 737 est
2868 682 3040 739 dulcis
3061 686 3375 752 auctoritas,
3401 694 3494 743 aut

1901 774 2116 830 horrida
2145 774 2405 831 dulcedo-
2440 775 2531 844 qui
2563 776 2887 846 magistrum
2917 777 2972 832 in
3012 778 3266 845 ecclesia,
3314 781 3489 851 magi-

1892 880 2067 925 strum
2100 868 2153 924 in
2202 869 2385 935 domo,
2419 870 2735 939 magistrum
2766 870 2819 924 in
2852 872 3105 927 convivio
3125 913 3141 939 ,
3174 874 3491 944 magistrum

1896 962 2083 1034 implet
2110 964 2162 1017 in
2198 962 2367 1032 jocis:
2416 962 2507 1031 qui
2541 976 2815 1032 nunquam
2850 961 2978 1017 facit
3020 963 3165 1031 quod
3206 974 3491 1035 sequentes

1897 1055 2033 1111 nolit
2082 1054 2299 1109 imitari.
2330 1053 2493 1123 Cujus
2538 1053 2604 1107 ad
2646 1068 2876 1124 unguem
2932 1053 3098 1123 polita
3146 1056 3491 1111 conversatio

1894 1147 2116 1203 sceleste
2145 1146 2246 1201 iter
2265 1144 2563 1215 discipulis,
2591 1144 2717 1199 dum
2743 1144 2969 1211 incedit,
3004 1144 3277 1200 ostendit:
3314 1146 3490 1200 minor

1895 1242 2041 1298 enim
2078 1242 2197 1295 laus
2228 1250 2311 1296 est
2330 1239 2532 1294 docere
2556 1238 2716 1304 bene,
2749 1238 2850 1293 nisi
2882 1252 3049 1307 opere
3070 1238 3307 1293 docenda
3338 1254 3491 1293 mon-

1893 1332 2173 1388 straveris.
2221 1330 2393 1400 Hujus
2423 1330 2523 1385 viri
2574 1340 2825 1399 suscepto
2849 1330 3181 1385 adolescenti
3214 1329 3339 1400 quid
3371 1343 3489 1384 mea

1880 1423 2239 1495 przcstitisset
2278 1422 2486 1488 oratio;
2515 1437 2676 1492 quem
2732 1430 2958 1478 eventus
2996 1421 3187 1477 dexter
3227 1421 3294 1476 de
3338 1420 3491 1475 insti-

1896 1516 2088 1571 tutoris
2136 1514 2346 1571 meritis
2375 1524 2586 1580 manet,
2620 1525 2673 1569 et
2720 1514 2786 1569 de
2836 1514 3089 1569 orbitatis
3133 1514 3490 1583 prosperitate
3534 1536 3539 1543 ο

1893 1609 2192 1680 perfectio?
2226 1608 2360 1691 Huic
2385 1607 2658 1661 suiliclunt
2689 1607 2903 1678 patroni
2949 1621 3174 1676 preces:
3210 1621 3307 1677 per
3355 1620 3490 1677 quas

1894 1701 2193 1757 merebitur
2233 1700 2494 1757 institutis
2520 1700 2745 1771 optimis
2773 1701 3010 1756 imbutus
3035 1700 3367 1772 degenerare
3396 1715 3487 1756 sn-

205 1803 392 1859 doctos
422 1800 755 1858 conscientia
783 1813 915 1865 sua;
941 1808 998 1855 et
1020 1799 1063 1853 si
1099 1799 1316 1869 quando
1343 1797 1560 1853 incertis
1582 1804 1787 1867 tempi»
1816 1785 1867 1849 B
1891 1793 2144 1850 blimiter.

204 1910 321 1951 rum
346 1893 554 1949 flatibus
574 1901 944 1963 opponuntur,
980 1890 1247 1947 sustinent
1275 1890 1438 1958 mala,
1471 1905 1590 1961 qua:
1619 1904 1789 1945 scecu-

204 1988 267 2045 lis
294 1986 468 2058 magis
493 1994 619 2040 sunt
646 1982 985 2051 ascribenda,
1017 1996 1175 2053 quam
1202 1982 1431 2038 meritis.

267 2078 714 2135 Prosecutionem
743 2090 917 2131 meam
936 2090 1094 2146 quam
1121 2089 1247 2129 vere
1273 2074 1532 2129 rusticam
1568 2074 1619 2129 in
1658 2075 1791 2130 Ara-

205 2173 330 2228 toris
357 2167 836 2226 commendatione
862 2166 1112 2223 contexui
1139 2207 1155 2233 ,
1188 2164 1328 2220 felici
1374 2173 1579 2220 tantum
1608 2165 1794 2222 dicunt

203 2264 356 2335 aliqui
382 2276 633 2333 persona:
664 2258 992 2324 blanditam;
1021 2258 1107 2314 cui
1133 2258 1368 2313 favorem
1401 2256 1469 2313 de
1498 2257 1669 2327 patris
1698 2272 1794 2328 po-

208 2366 394 2414 testate
423 2355 683 2413 conciliet
708 2354 1057 2409 dilectionem
1107 2352 1329 2408 mentita
1375 2353 1697 2408 necessitas.
1734 2352 1792 2408 In

206 2450 349 2519 cujus
392 2448 574 2504 laudis
625 2448 926 2503 ministerio
950 2445 1089 2501 vivis
1119 2455 1174 2501 et
1205 2446 1559 2515 praesentibus
1587 2454 1794 2501 tantum

205 2544 465 2608 serviens,
492 2540 848 2611 temporalem
880 2538 1288 2609 exhibetlingua
1304 2538 1641 2592 famulatum.
1665 2538 1796 2606 Quae

206 2633 415 2706 quoties
436 2633 494 2688 in
508 2632 818 2701 aliquorum
838 2630 1106 2701 praeconio
1128 2629 1323 2685 fucatis
1352 2630 1638 2685 verborum
1658 2630 1792 2685 ima-

203 2724 409 2795 ginibus
440 2723 599 2790 ludit,
630 2722 841 2779 fortiori
870 2720 1048 2777 studio
1074 2731 1394 2792 conceptum
1424 2723 1621 2778 mentis
1666 2723 1793 2777 abs-

205 2817 403 2871 condit.
455 2815 855 2887 Nonnunquam
884 2815 1027 2870 enim
1060 2815 1233 2871 doctis
1263 2816 1449 2870 tribuit
1473 2816 1646 2887 stylus
1667 2830 1795 2885 pro-

202 2908 508 2964 fundiorum
539 2907 930 2979 cogitationum
964 2908 1224 2965 latebram
1245 2949 1258 2971 .
1284 2908 1329 2962 si
1354 2906 1604 2964 dulcibus
1637 2923 1798 2965 aures

202 3016 307 3056 non
338 3003 477 3057 bene
508 3000 830 3056 merentium
864 3000 1114 3056 fomentis
1145 3000 1405 3056 illexerit.
1439 3000 1546 3056 Sed
1597 3016 1795 3071 seque-

201 3103 481 3148 strentura
495 3102 681 3147 nostro
711 3092 830 3147 talia
854 3092 1097 3147 instituta
1131 3092 1429 3162 preposito.
1464 3092 1797 3149 Nosetscire

2530 1910 2755 1967 DICTIU
2793 1910 2837 1967 Χ

1932 2004 1953 2035 ³
1994 2001 2301 2058 Gratiarum
2330 2003 2461 2059 actio
2502 2004 2865 2072 grammatico,
2905 2002 3110 2074 quando
3141 2000 3449 2057 Parthenius

2498 2074 2621 2129 bene
2644 2075 2888 2130 recitavit.

2378 2181 2734 2223 SCEOLASTICA
2771 2181 3005 2231 QUAll‘l'A.

1972 2262 2197 2331 Quando
2218 2261 2431 2318 debitas
2462 2260 2739 2318 beneficiis
2760 2260 3035 2319 reddimus
3064 2260 3285 2333 gratias,
3324 2259 3485 2316 credo

1896 2356 2038 2427 quod
2061 2356 2375 2427 abjuramus
2398 2356 2710 2427 jactantiam
2744 2356 3074 2412 necessariis
3098 2355 3483 2426 obsequendo:

1898 2449 2047 2505 nullo
2076 2449 2219 2505 enim
2259 2451 2579 2518 arrogantia:
2620 2458 2798 2504 tumor
2838 2448 3138 2503 honestatis
3166 2446 3375 2503 velatur
3400 2446 3485 2502 in-

1896 2546 2175 2610 dumento,
2202 2561 2322 2601 cum
2354 2560 2460 2600 non
2508 2544 2694 2616 gloria:
2724 2543 2957 2599 militant
3001 2542 3189 2609 verba,
3226 2540 3320 2598 sed
3353 2556 3485 2595 san-

1898 2638 2065 2709 guini.
2091 2638 2247 2694 Aliud
2273 2645 2356 2694 est
2383 2638 2528 2693 enim
2562 2646 2620 2693 ut
2649 2635 2887 2692 lauderis
2909 2634 3113 2701 dicere,
3146 2634 3291 2690 aliud
3310 2634 3487 2689 dicere

1902 2746 1970 2787 ne
1993 2731 2254 2800 carparis.
2286 2728 2360 2784 lbi
2384 2743 2539 2784 mens
2552 2743 2714 2783 avara
2747 2728 2902 2782 fama:
2923 2738 3003 2782 est
3025 2726 3264 2796 subjecta
3288 2725 3486 2796 jactan-

1900 2823 2023 2890 tias,
2060 2822 2144 2876 hic
2172 2829 2382 2876 servata
2430 2820 2640 2875 ratione
2673 2820 2794 2889 jure
2823 2820 2876 2874 in
2910 2819 3085 2873 locum
3137 2818 3321 2887 gloria:
3346 2817 3488 2873 redi-

1900 2916 1996 2987 git,
2031 2914 2171 2985 quod
2197 2928 2264 2969 ex
2299 2911 2555 2967 dictionis
2583 2912 2781 2966 sudore
2803 2908 3107 2980 contigerit.
3149 2908 3315 2964 .lustis
3338 2923 3487 2963 nam-

1902 3020 2006 3077 que
2034 3012 2089 3059 et
2131 3003 2417 3073 superﬂuis
2446 3000 2929 3057 declamationibus
2954 3042 2969 3067 ,
3023 3008 3079 3055 et
3107 2998 3151 3054 si
3193 2999 3307 3069 pari
3341 2999 3489 3055 favor

1902 3110 2178 3161 sermone,
2226 3093 2476 3150 discretis
2519 3103 2696 3148 tamen
2728 3091 3000 3147 mentibus
3029 3090 3349 3147 exhibetur:
3383 3107 3489 3147 uno

204 3184 319 3239 hac
348 3185 628 3253 convenit,
661 3194 714 3239 et
740 3184 939 3239 odisse.
971 3183 1196 3240 Cautius
1226 3186 1368 3240 enim
1392 3201 1419 3237 a
1444 3184 1797 3255 prudentibus
1824 3172 1872 3239 (Ξ
1904 3189 2121 3260 quidem
2157 3187 2369 3258 tyranni
2402 3186 2740 3241 laudationes
2760 3226 2775 3251 ,
2806 3194 2863 3240 et
2891 3185 3156 3240 honorum
3190 3184 3491 3256 principum

198 3287 321 3331 nota
352 3292 518 3347 quam
542 3276 817 3346 inopinata
851 3275 1145 3345 fugiuntur.
1188 3276 1313 3331 Mihi
1355 3277 1423 3331 ad
1454 3276 1796 3332 laudationes

197 3369 501 3423 amicorum
533 3367 638 3424 nisi
670 3382 824 3423 amor
870 3367 1035 3424 verba
1078 3368 1438 3423 transmiserit
1465 3384 1585 3439 quae
1618 3370 1797 3439 ἰονθ-

194 3460 497 3516 netralibus
546 3460 894 3515 conscientiae
943 3460 1171 3515 caritate
1200 3460 1453 3531 magistra
1500 3460 1795 3528 dictantur,

197 3551 341 3608 inter
368 3553 691 3608 relationurn
743 3551 855 3606 vias
884 3553 983 3607 sub
1012 3551 1161 3609 fasce
1190 3553 1421 3622 suscepti
1472 3553 1654 3609 oneris
1682 3554 1799 3624 pal-

192 3644 403 3714 pitabo.
432 3645 575 3714 Ergo
600 3645 613 3675 ’
634 3644 863 3700 classico
885 3660 1025 3709 meo,
1049 3644 1135 3699 cui
1160 3647 1433 3713 proprium
1460 3645 1579 3701 sine
1610 3644 1799 3702 fraude

192 3736 426 3815 servivit
466 3737 765 3806 ingenium,
817 3735 1023 3792 indices
1073 3737 1236 3792 animi
1292 3738 1397 3793 mei
1426 3738 1690 3795 dictiones
1719 3750 1800 3794 at-

190 3828 326 3897 tuli;
360 3829 487 3900 quia
509 3830 631 3886 sine
659 3829 986 3885 adulationis
1015 3830 1325 3899 suspicione
1348 3840 1430 3886 est
1455 3831 1596 3887 inter
1617 3847 1798 3903 :equa-

190 3920 272 3977 les
304 3922 547 3978 amicitia
598 3937 857 3994 personas
890 3940 903 3976 :
936 3932 989 3977 et
1016 3930 1143 3978 tunc
1184 3922 1288 3976 lida
1320 3922 1635 3993 diligentum
1681 3924 1794 3978 sin-

186 4015 398 4071 ceritas
451 4016 778 4085 approbatur
798 4055 814 4080 ,
842 4014 1093 4085 quotiens
1123 4029 1231 4069 non
1262 4014 1407 4070 venit
1453 4030 1481 4068 a
1532 4024 1798 4086 potestate

188 4110 336 4179 quod
374 4120 609 4165 metuas.
644 4108 771 4163 Mihi
810 4109 1070 4164 classicus
1099 4122 1205 4163 non
1258 4118 1495 4164 meretur
1517 4109 1795 4180 imperiis,

187 4200 461 4270 quidquid
487 4215 592 4254 non
622 4199 846 4269 imponit
867 4200 1150 4271 obsequio.
1184 4199 1584 4256 Ferunttamen
1608 4202 1795 4272 aliqui,

188 4295 329 4349 orbo
362 4292 683 4363 parentibus
720 4293 895 4358 fideli,
944 4294 1223 4361 auspicato
1270 4294 1547 4364 gymnasia
1596 4294 1802 4348 littera-

185 4401 333 4453 rum,
365 4400 659 4458 personam
680 4388 985 4456 religiosam
1014 4386 1267 4444 debuisse
1291 4388 1461 4457 magis
1481 4388 1643 4443 verba
1662 4402 1800 4457 prac-

183 4492 445 4536 sentare.
473 4480 679 4535 Orbum
717 4480 1027 4550 parentibus
1067 4480 1201 4546 dixi,
1245 4480 1331 4535 cui
1374 4494 1470 4551 per
1499 4479 1672 4535 felicia
1704 4495 1801 4535 na-

1900 3299 1996 3339 ore
2015 3283 2391 3346 celebrantur,
2426 3296 2525 3336 nec
2551 3290 2635 3336 est
2662 3279 2842 3349 aliqua
2881 3279 3022 3334 inter
3047 3278 3165 3348 ejus
3192 3278 3280 3348 qui
3313 3290 3491 3333 mere-

1901 3383 1988 3430 tur
2009 3375 2303 3445 prmconia,
2334 3373 2617 3429 diversitas
2637 3413 2650 3435 ,
2684 3380 2740 3426 et
2778 3370 2920 3425 illius
2952 3371 3041 3439 qui
3073 3378 3311 3439 usurpat.
3337 3368 3490 3436 Quod

1900 3470 2002 3524 nisi
2028 3469 2208 3541 gravia
2225 3468 2559 3537 judicantum
2590 3466 2806 3536 ingenia
2836 3464 3050 3521 dicendi
3080 3477 3269 3519 causas
3290 3477 3491 3533 expen-

1900 3564 2124 3629 derent,
2155 3562 2363 3616 nullum
2416 3560 2567 3615 daret
2598 3560 2715 3615 haec
2744 3574 2864 3628 qua:
2907 3559 3069 3614 etiam
3101 3557 3334 3627 indignis
3363 3570 3493 3611 con-

1900 3656 2076 3726 tingit,
2124 3654 2537 3710 acclamantium
2574 3667 2705 3708 aura
2735 3652 3052 3707 discrimen.
3098 3652 3486 3721 Susceptarum

1902 3759 2109 3803 secreta
2139 3746 2437 3801 dictionum
2478 3746 2547 3800 ab
2582 3743 2925 3799 audientibus
2973 3759 3080 3798 non
3116 3743 3492 3797 examinantur

1902 3840 2081 3909 lingua
2104 3879 2119 3905 ,
2152 3838 2245 3893 sed
2274 3847 2512 3906 pectore.
2544 3839 2597 3891 In
2630 3851 2863 3901 summa,
2894 3834 3039 3890 aliud
3066 3845 3148 3890 est
3177 3834 3490 3889 recitantem

1903 3936 2100 3993 blande
2133 3944 2187 3992 et
2213 3935 2441 3991 libenter
2470 3934 2676 3998 audire,
2709 3933 2854 3989 aliud
2886 3932 3135 3989 allectum
3166 3948 3273 4004 quo
3296 3934 3493 3989 recites

1902 4032 2221 4103 approbare.
2257 4029 2363 4087 Sed
2389 4030 2498 4100 jam
2532 4028 2745 4085 omissis
2776 4028 3033 4084 thematis
3070 4024 3494 4082 commendatio-

1905 4127 2082 4190 nibus,
2117 4139 2230 4179 rem
2263 4123 2442 4196 potius
2503 4122 2894 4179 mediocritatis
2926 4130 3128 4178 nostra:
3184 4122 3493 4191 eloquatur.

1906 4217 2253 4273 Parthenium
2313 4216 2583 4287 quondam
2614 4215 2683 4271 ad
2730 4215 2903 4271 studia
2955 4223 3042 4269 tua
3094 4223 3494 4283 properantem,

1905 4320 2107 4381 optime
2139 4310 2393 4378 magister
2414 4350 2429 4374 ,
2458 4308 2557 4363 sub
2585 4307 2939 4361 oratiuncula:
2964 4320 3099 4361 mete
3131 4304 3495 4360 insinuatione

1904 4400 2152 4473 perduxi,
2197 4409 2320 4455 tunc
2353 4414 2472 4456 cum
2506 4398 2806 4455 liberalium
2857 4398 3264 4469 disciplinarum
3322 4398 3491 4455 limen

1908 4494 2162 4558 intraret,
2201 4501 2329 4547 tunc
2373 4507 2494 4547 cum
2526 4491 2787 4546 incertum
2817 4498 2982 4561 esset,
3017 4500 3198 4546 utrum
3234 4491 3498 4562 prosapia)

181 4582 326 4629 tunc
351 4574 558 4629 damna
587 4574 892 4629 communis
921 4582 1074 4643 pater
1109 4583 1163 4629 et
1204 4574 1490 4643 episcopus
1520 4572 1695 4629 factus
1719 4583 1793 4629 est

1915 4590 2143 4642 nitorem
2171 4585 2477 4641 eruditione
2498 4586 2809 4652 loqueretur
2838 4601 2851 4638 :
2887 4582 3032 4639 nullo
3062 4585 3204 4638 enim
3247 4592 3387 4639 teste
3410 4598 3500 4637 no-

182 4668 477 4739 proprius.
524 4668 621 4724 llle
650 4667 976 4723 afflictarum
1026 4667 1349 4734 consolatio,
1387 4668 1697 4739 jejunorum
1724 4670 1801 4724 ci-

180 4761 309 4830 bus,
367 4776 649 4817 caecorum
690 4762 904 4828 oculus,
952 4774 1049 4831 pes
1072 4761 1388 4817 claudorum
1412 4802 1428 4828 ,
1463 4770 1541 4817 tot
1588 4763 1802 4831 pietatis

178 4870 297 4909 sua:
334 4856 598 4925 species,
653 4861 734 4908 tot
763 4852 1259 4909 misericordiarum
1307 4854 1507 4922 gradus
1544 4854 1609 4908 ad
1642 4855 1802 4926 hujus

174 4948 474 5003 convertit
512 4962 762 5018 personae
811 4947 1133 5017 profectum.
1187 4948 1250 5003 Et
1286 4946 1415 5002 illud
1441 4949 1624 5005 domni
1656 4948 1800 5004 Lau-

174 5041 382 5107 rentii,
441 5040 583 5111 quod
616 5040 802 5095 mundi
859 5040 1274 5096 necessitatibus
1305 5042 1605 5107 succurrit,
1654 5042 1806 5113 inge-

170 5133 366 5197 nium,
406 5132 463 5187 in
495 5132 801 5188 ministerio
852 5132 1011 5202 hujus
1058 5141 1343 5200 exercetur
1386 5132 1653 5190 infantuli.
1705 5134 1801 5190 Cui

168 5226 303 5281 talis
335 5236 465 5279 non
495 5223 591 5292 sit,
626 5231 687 5278 ut
715 5237 842 5279 vere
890 5224 1140 5289 dixerim,
1196 5224 1428 5294 gratiosa
1482 5226 1802 5283 calamitas?

246 5388 265 5419 ⁸
317 5384 574 5440 Classico
605 5382 739 5456 meo]
763 5382 900 5456 Mox
942 5383 1077 5456 infra
1100 5425 1115 5449 ,
1146 5384 1399 5440 classicus
1441 5402 1545 5442 non
1584 5397 1805 5443 meretur

1912 4678 2135 4735 hilitatis
2174 4680 2363 4743 utitur,
2395 4678 2549 4747 cujus
2580 4676 2893 4747 sanguinem
2938 4690 3043 4731 non
3077 4675 3255 4746 prodit
3301 4676 3502 4731 instru-

1911 4774 2040 4828 ctio.
2062 4773 2213 4827 Tunc
2239 4787 2369 4842 ergo
2390 4771 2706 4842 praedictum
2748 4770 3022 4840 prosecuti
3053 4784 3241 4825 sumus
3265 4770 3501 4837 eloquio,

1912 4864 2129 4935 quando
2162 4864 2241 4919 fas
2292 4879 2396 4919 non
2447 4873 2565 4919 erat
2623 4878 2881 4919 sermone
2911 4871 3117 4928 nostro,
3152 4864 3329 4934 qualis
3357 4873 3502 4920 esset

1917 4965 2074 5012 natus
2100 4996 2114 5021 ,
2166 4955 2375 5011 ostendi
2404 4948 2579 5024 {quia
2630 4955 2891 5011 honorum
2922 4970 3139 5023 semper
3183 4955 3500 5011 meritorum

1914 5050 2061 5105 labes
2089 5058 2171 5103 est
2206 5048 2403 5104 habere
2436 5048 2606 5104 lucem
2655 5048 2953 5118 sanguinis,
2998 5058 3052 5103 et
3080 5057 3236 5104 nocte
3284 5049 3496 5103 rustici-

1915 5142 2039 5196 tatis
2062 5141 2259 5197 includi
2297 5158 2311 5197 :
2345 5142 2494 5212 prodi
2528 5152 2873 5198 stemmatum
2902 5143 3143 5213 vocibus,
3185 5152 3240 5199 et
3281 5143 3503 5210 imperi-

1916 5236 1984 5291 tia
2014 5236 2263 5293 fuscante
2290 5237 2626 5295 delitescere.
2664 5240 2868 5295 Aurum
2900 5240 3034 5295 nihil
3065 5251 3166 5305 est,
3195 5240 3297 5295 nisi
3336 5254 3495 5292 manu

1914 5392 1990 5449 De
2011 5394 2300 5451 Parthenio
2329 5396 2552 5453 alterius
2584 5398 3026 5453 Ennodiisororis
3058 5397 3164 5450 filio
3193 5396 3390 5450 dictum
3421 5405 3505 5450 est

161 5459 470 5527 imperiis,
503 5471 698 5521 nempe
723 5454 971 5527 Ἄνθιον,
1010 5455 1155 5510 Nova
1186 5457 1578 5526 significatione
1609 5461 1794 5513 classi-

157 5526 297 5587 cum
362 5528 517 5582 dixit
561 5528 862 5581 auditorem
902 5526 1307 5598 scholasticum,
1350 5531 1499 5598 quasi
1542 5530 1650 5598 jam
1686 5539 1795 5587 tum

164 5602 518 5658 scholarum
546 5598 763 5671 ordines
783 5599 835 5653 in
863 5612 1001 5666 quos
1028 5596 1337 5654 scholastici
1367 5596 1788 5671 distinguuntur,

158 5676 403 5728 classes
459 5668 806 5739 appellarint:
836 5682 964 5722 usus
994 5684 1156 5739 porro
1184 5671 1371 5726 eadem
1400 5683 1485 5727 est
1535 5668 1666 5729 voce
1696 5675 1789 5729 lib.

152 5740 868 5829 1x,ep‘isto.lapenultima.
1084 5812 1094 5823 ⁸
1382 5815 1394 5829 Ι
1455 5814 1490 5829 ἢ
1585 5816 1598 5829 1
1648 5786 1695 5828 ,.

236 5819 262 5849 ⁸
311 5814 645 5869 Gratiarum
671 5814 807 5866 actio
822 5814 1156 5884 grammatico
1172 5857 1186 5883 ,
1218 5815 1425 5884 quando
1444 5814 1792 5889 Parthenius]

1908 5480 2011 5519 suo
2040 5467 2223 5521 locoin
2244 5468 2503 5534 epistolis.
2523 5470 2674 5524 llunc
2700 5470 2983 5532 olim,cnm
3015 5467 3185 5521 studia
3200 5467 3505 5531 auSpicare-

1904 5538 2115 5600 tur,alia
2128 5537 2362 5594 dictione
2376 5552 2687 5608 prosecutus
2702 5540 2873 5595 fuerat
2888 5538 3157 5591 Erinodius
3168 5552 3287 5607 qua:
3300 5553 3405 5593 non
3420 5554 3507 5595 ex-

1901 5619 2026 5661 Slat:
2050 5625 2189 5663 nunc
2203 5611 2559 5680 ejusdoctori,
2580 5612 2850 5671 Denterio,
2870 5608 3149 5681 utopinor,
3164 5611 3362 5677 gratias
3375 5613 3503 5681 agit,

1900 5693 2021 5734 cum
2056 5678 2328 5750 specimen
2353 5682 2619 5751 profectus
2647 5678 3100 5735 suideclamando
3124 5680 3303 5751 dediss
3324 5692 3382 5738 -t.
3414 5678 3507 5740 Sic

1900 5765 1997 5819 pro
2014 5752 2237 5809 Aratore
2258 5750 2376 5807 duae
2397 5765 2522 5807 sunt
2536 5753 2930 5814 dictiones,una
2945 5763 3068 5803 cum
3082 5750 3150 5807 ad
3165 5753 3406 5812 scholam
3418 5755 3507 5813 de-

1898 5821 2092 5878 ductus
2112 5832 2213 5891 est,
2240 5825 2407 5879 altera
2436 5837 2559 5879 cum
2579 5822 2646 5877 ad
2670 5820 2882 5876 laudem
2915 5832 3201 5891 provectus
