3974 6366
503 305 607 362 283

505 426 864 488 componatur
900 417 1158 483 artiﬁcis,
1190 422 1245 471 et
1274 413 1417 471 fulvo
1462 415 1691 485 pretium
1723 412 1939 469 metallo
1968 411 2095 466 lima
2123 418 2195 493 Α¹

504 510 802 567 fabricante
828 511 1113 579 jungatur:
1148 519 1400 569 cessante
1451 508 1712 564 industria
1739 548 1753 573 ,
1783 506 1972 575 exigua
2006 520 2093 563 εει

506 606 720 681 claritas
750 618 870 673 qua:
901 600 1108 671 venerit
1137 616 1166 656 a
1199 610 1412 673 natura.
1447 599 1752 658 Fabrilibus
1777 600 1941 663 debet
1969 609 2090 652 stu-

506 696 630 761 diis,
660 693 800 765 quod
839 696 891 746 iu
932 702 1089 763 partu
1120 706 1220 747 suo
1246 701 1389 749 terra
1424 692 1708 749 laudatur:
1744 690 1976 745 fornacis
2002 689 2093 744 be—

506 783 698 855 neficio
736 792 793 856 et
837 783 1116 853 latentium
1148 780 1367 837 fauetbus
1392 796 1650 837 venarum
1680 781 1821 849 quod
1853 781 1907 834 in
1937 778 2092 835 solidi

507 874 663 928 traxit
691 871 926 945 speciem
960 871 1105 943 ferro
1137 872 1152 901 ¹
1185 871 1521 941 dominatur;
1556 882 1609 925 et
1633 870 1794 925 effera
1817 869 2093 931 hominum

504 962 699 1037 corda,
729 962 1014 1035 domitrice
1061 961 1346 1017 affectione
1400 961 1646 1030 captiva,
1699 960 1939 1024 victum,
1992 958 2097 1013 nisi

503 1062 911 1131 exercerentur,
940 1053 1263 1127 mortalibus
1294 1066 1400 1106 non
1431 1051 1762 1124 prwberent.
1802 1051 1948 1107 Artis
1987 1060 2093 1119 est,

502 1143 648 1215 quod
692 1143 954 1215 liquidum
1000 1144 1164 1217 maris
1204 1142 1535 1203 elementum
1564 1144 1728 1198 homo
1749 1157 1971 1198 securus
2008 1143 2095 1201 in-

500 1222 780 1315 greditur;
814 1244 871 1311 et
902 1222 1067 1305 parvo
1097 1234 1409 1305 discrimine
1439 1248 1534 1302 per
1579 1233 1790 1303 ingenia
1824 1233 1923 1287 iter
1953 1247 2099 1295 mor-
2168 1281 2176 1288 .

505 1326 577 1399 tis
602 1335 906 1397 exsuperat.
960 1325 1211 1399 Magistra
1258 1325 1615 1395 agricolarum
1646 1323 1966 1394 simplicitas
1994 1324 2096 1383 tel-

506 1416 642 1495 luris
668 1416 859 1471 faciem
892 1416 1018 1471 dum
1063 1412 1298 1471 brachiis
1329 1415 1645 1495 distinguit,
1677 1416 1855 1469 vineta
1884 1429 2099 1482 compo-

506 1508 611 1585 nit,
633 1516 687 1562 et
715 1508 781 1563 de
827 1507 977 1585 prole
1006 1506 1261 1561 arborum
1290 1506 1556 1576 liquorem
1589 1520 1696 1576 quo
1725 1504 1869 1559 salus
1898 1502 2110 1557 nutria-'

514 1610 621 1667 tur,
650 1582 957 1669 extorquet.
994 1600 1175 1665 Multis
1205 1597 1582 1654 manifestatur
1605 1599 1838 1662 indiciis,
1870 1612 2101 1667 operan-

508 1674 979 1767 tium‘diligentia,
1008 1698 1101 1744 aut
1144 1689 1353 1745 infundi
1385 1690 1528 1760 quod
1551 1691 1702 1760 origo
1730 1706 1838 1744 non
1868 1688 2057 1744 tribuit
2081 1729 2098 1756 ,

507 1787 602 1833 aut
628 1781 768 1849 quod
794 1780 930 1834 bona
960 1780 1144 1835 tribuit
1171 1780 1453 1835 custodiri.
1488 1780 1557 1833 Et
1585 1781 1629 1834 si
1662 1780 1781 1834 talis
1808 1788 1891 1835 est
1917 1796 2095 1835 rerum

506 1870 759 1923 universa
782 1868 1042 1934 conditio,
1077 1878 1279 1938 quanto
1308 1910 1322 1935 ,
1355 1868 1548 1925 doctor
1576 1870 1960 1938 eruditissime,
1988 1872 2099 1925 sol-

504 1958 729 2013 licitudo
752 1968 836 2013 tua
858 1966 942 2013 est
966 1958 1223 2013 elevanda
1253 1960 1527 2027 praeconio
1544 2004 1557 2028 ,
1609 1974 1702 2027 per
1728 1959 1881 2028 cujus
1906 1959 2096 2015 dexte-

506 2052 860 2107 ramlibertas
888 2051 1232 2120 jamjamque
1258 2051 1461 2104 ruitura
1487 2052 1757 2106 relevatur
1780 2052 1803 2105 ‘I
1828 2066 1923 2120 per
1946 2053 2029 2121 cuj
2052 2067 2098 2107 τε

506 2144 753 2212 peritiam
786 2154 879 2197 aut
916 2144 1264 2197 instituuntur
1297 2144 1530 2210 novella,
1563 2154 1659 2197 aut
1691 2155 1978 2199 servantur
2005 2146 2099 2200 de-

408 2240 417 2249 "
506 2250 633 2291 cora
675 2234 977 2304 majorum?
1004 2233 1150 2288 Vere
1198 2234 1388 2298 fateor,
1422 2234 1522 2287 nisi
1568 2249 1738 2296 eSses.
1774 2236 1925 2289 brevi
1976 2250 2099 2290 suc-

507 2329 808 2397 cumberet,
858 2328 1117 2399 quidquid
1168 2337 1434 2381 monstrat
1460 2328 1755 2397 ingenium.
1810 2326 1915 2381 Sed
1968 2328 2096 2397 quid

505 2418 720 2489 obligor
744 2418 1014 2483 maximis,
1041 2417 1132 2487 qui
1175 2418 1441 2472 sustinere
1475 2434 1635 2488 parva
1682 2434 1790 2471 non
1822 2418 2009 2487 valeo,
2045 2426 2099 2473 et

508 2510 815 2578 generalem
855 2509 990 2562 facio
1020 2508 1312 2578 gratiarum
1346 2510 1671 2563 relationem
1694 2549 1708 2573 ,
1761 2511 1852 2579 qui
1884 2511 1969 2564 vix
2002 2526 2097 2580 pro

508 2612 739 2667 persona
787 2597 1034 2653 sufficio?
1069 2596 1275 2653 Uberes
1304 2598 1399 2652 tibi
1440 2613 1621 2654 coram
1661 2600 1875 2667 inultis,
1906 2616 2097 2655 emen-

507 2689 786 2745 datissime
809 2690 1108 2757 hominum,
1133 2700 1310 2761 grates
1339 2691 1539 2757 refero,
1570 2708 1691 2763 quia
1723 2696 1936 2783 agnosci
1957 2709 1986 2747 a
2009 2709 2096 2748 me

507 2782 854 2839 Parthenium
884 2783 1222 2838 institutione
1269 2783 1467 2838 fecisti.
1514 2785 1593 2838 Tu
1636 2785 1702 2839 de
1727 2785 1845 2853 ejus
1866 2782 2096 2856 pectore

507 2875 747 2931 scientia:
776 2874 990 2929 Sarcqu
1021 2875 1287 2945 paliurttm
1329 2882 1384 2930 et
1413 2875 1599 2931 lolium
1646 2877 1964 2931 submovisti
1994 2896 2006 2930 :
2042 2887 2096 2932 tu

507 2968 770 3023 triticeam
814 2981 1047 3023 messem
1094 2983 1196 3038 qua
1240 2970 1569 3039 prapinquos
1597 2977 1800 3038 pascat,
1829 2970 2092 3036 elevaSti,

506 3058 648 3114 felici
668 3060 719 3113 in
733 3074 796 3114 eo
812 3068 1005 3114 eventu
1026 3060 1453 3129 perfamiliarunt
1485 3062 1902 3128 diSsonantiam,
1928 3078 2091 3116 unum

508 3151 649 3220 quod
671 3162 1010 3221 sequeretur,
1044 3160 1100 3205 et
1127 3152 1271 3206 aliud
1302 3154 1443 3221 quod
1468 3152 2096 3222 fugeret,demonsu'an-

508 3242 616 3299 do!
644 3242 687 3297 Ο
711 3242 975 3297 laudanda
1000 3257 1164 3312 supra
1197 3243 1469 3298 hominem
1489 3244 1561 3297 tui
1592 3245 2009 3315 virtusingenii!
2036 3248 2093 3303 ln

508 3348 617 3390 una
666 3334 960 3404 eademque
1005 3348 1257 3403 persona,
1301 3350 1400 3401 qua
1442 3342 1582 3401 arte,
1614 3336 1754 3404 quod
1808 3344 2094 3407 utrumque

509 3426 869 3484 descendebat
892 3444 920 3482 a
942 3428 1221 3498 sanguine,
1253 3428 1379 3497 quid
1411 3427 1667 3494 disceret,
1697 3440 1749 3483 et
1778 3432 1902 3499 quid
1936 3432 2091 3485 dedi-

510 3532 706 3585 sceret,
734 3520 1006 3576 indicasti.
1039 3518 1188 3575 [ιωιο
1215 3520 1357 3576 Deus
1399 3522 1588 3591 gaudia
1637 3532 1819 3577 nostra
1848 3523 2097 3594 disponat

438 3654 439 3657 η
510 3623 741 3669 eventu:
777 3613 961 3681 procul
1005 3614 1075 3668 sit
1111 3613 1467 3686 quodcunque
1500 3614 1731 3670 minatur
1760 3618 2091 3676 adversitas:

524 3703 641 3772 plus
671 3702 721 3756 in
751 3714 800 3757 te
832 3702 1153 3758 laudandum
1198 3714 1275 3759 est
1297 3749 1311 3773 ,
1347 3708 1472 3776 quia
1517 3707 1814 3776 discipulus
1843 3720 1962 3765 tuus
1992 3712 2095 3768 scit

509 3797 809 3866 prosapiem
837 3798 1031 3863 vitare,
1056 3815 1211 3869 quam
1247 3804 1388 3871 quod
1436 3806 1738 3875 prosapicm
1768 3816 1939 3862 certat
1968 3808 2092 3863 imi-

509 3887 630 3940 tari.
659 3887 796 3942 Ecce
826 3886 1172 3944 Parthenium
1224 3895 1593 3965 propinquitas
1623 3912 1716 3950 sua
1753 3914 1821 3952 ex
1865 3882 2094 3970 utroque

506 3977 720 4047 generis
747 3978 883 4033 calle
912 3980 1248 4035 descendens
1270 4022 1284 4047 ,
1316 3984 1417 4037 alia
1442 3988 1685 4053 agnoscit
1721 3988 1965 4053 feliciter,
1989 3993 2091 4046 alia

506 4059 733 4127 feliciter
756 4087 859 4125 non
889 4076 1148 4141 agnoscit.
1181 4074 1348 4141 Quam
1383 4079 1532 4131 timui
1565 4096 1631 4134 ne
1658 4081 1874 4149 praefata
1900 4085 2093 4151 permi-

506 4166 610 4214 stio
634 4162 759 4216 dum
787 4161 902 4229 ipsa
932 4162 1053 4215 dive
1086 4164 1239 4217 sitalc
1270 4164 1563 4233 discordat,
1592 4167 1643 4222 in
1667 4168 1952 4225 deterioris
1969 4172 2092 4241 jura

506 4253 725 4306 meliora
755 4253 864 4307 vita
890 4253 1230 4320 concederet,
1256 4264 1308 4309 et
1338 4273 1433 4325 pro
1462 4257 1665 4313 vilitate
1699 4269 1993 4330 temporum
2014 4261 2093 4316 fa-

505 4341 659 4396 cilius
687 4343 737 4396 in
769 4343 884 4412 ipso
916 4359 1039 4413 pars
1066 4345 1276 4398 indocta
1323 4350 1600 4416 regnaret!
1654 4350 1759 4405 Sed
1805 4354 2090 4409 oSIendisti

504 4434 661 4498 mihi,
687 4436 857 4489 anatis
883 4446 985 4489 tua:
1023 4442 1429 4506 ornamentum,
1466 4439 1588 4507 quia
1614 4440 1734 4509 plus
1771 4442 1822 4496 in
1857 4458 2088 4499 consan-

503 4526 697 4595 guineo
727 4526 933 4587 obtinui
982 4543 1141 4595 quam
1188 4529 1429 4597 poposci.
1464 4529 1715 4585 Ctelestia
1763 4532 1998 4590 imitatus
2029 4550 2089 4591 es

502 4618 747 4671 ubertate
771 4616 1037 4681 beneﬁcii,
1056 4620 1614 4690 quandoimpensione
1640 4624 1917 4694 multiplici
1940 4642 2088 4682 com-

504 4705 807 4761 mendantis
833 4716 954 4761 vota
987 4710 1180 4763 vicisti.
1219 4712 1354 4767 Ecce
1386 4713 1496 4781 jam
1531 4712 1750 4769 hiemali
1784 4728 2001 4785 pectore
2029 4728 2086 4775 et

504 4798 667 4851 corde
696 4800 873 4867 algido
900 4799 1197 4854 dictionum
1232 4803 1444 4857 flosculi
1482 4816 1738 4873 vernant,
1772 4816 1825 4860 et
1854 4807 2085 4865 ridentia

503 4890 787 4943 verborum
828 4890 1069 4958 germina
1123 4891 1422 4963 depingunt
1470 4896 1709 4950 enlathos
1739 4898 2082 4958 exhibentis:

502 4994 628 5034 ecce
657 4990 775 5048 post
800 4981 995 5049 gentile
1031 4998 1271 5038 murmur
1302 4987 1368 5039 de
1396 5001 1492 5041 ore
1520 4990 1657 5057 ejus,
1690 5006 1810 5061 quae
1840 4993 2086 5049 humani-

502 5078 664 5125 tatem
694 5070 996 5140 significent
1017 5116 1031 5140 ,
1077 5074 1237 5129 verba
1267 5073 1579 5132 funduntttr.
1619 5080 1708 5134 llis
1736 5098 1863 5151 ergo
1898 5100 2085 5140 mune-

502 5162 646 5215 ribus
681 5162 786 5215 tuis
821 5162 924 5215 nisi
951 5162 1174 5218 reddam
1204 5166 1654 5235 vicissitudinem,
1690 5173 2004 5238 praestitisse
2034 5184 2085 5229 te

499 5253 731 5306 aestimes
758 5268 863 5307 non
909 5253 1161 5323 merenti.
1188 5255 1447 5327 Quisquis
1487 5259 1630 5313 enim
1668 5261 1855 5317 feriata
1904 5263 2083 5333 lingua

498 5357 781 5397 successus
807 5344 1054 5399 meliores
1077 5348 1397 5417 susceperit,
1432 5351 1667 5406 ostendit
1690 5353 1907 5423 sequod
1941 5363 2083 5409 attu-

500 5436 559 5488 lit
592 5438 915 5505 [ll'tlrpcrilas
942 5452 1049 5490 non
1092 5451 1293 5493 amare.

575 5828 589 5861 I
634 5828 839 5889 gelum,
877 5830 1111 5903 donatam

1609 295 1882 353 ENNODII
1922 295 2227 355 EPISGOPI
2265 297 2639 357 TICINENSIS
3638 321 3727 377 εει

2837 412 3063 474 DICTIO
3099 412 3188 475 XI.

2345 501 2472 567 Quae
2494 502 2629 557 dicta
2657 513 2749 571 est,
2778 507 2987 575 quando
3022 508 3227 565 Eusebii
3249 512 3385 580 ﬁlius
3412 514 3610 572 traditur

2832 591 2904 631 est
2934 580 3002 633 ad
3023 582 3211 639 studia.
3392 616 3393 619 η

2696 684 3051 727 δεηοιλετιοι
3090 688 3301 736 ρωΝτΔ.

2277 758 2427 816 Licet
2452 761 2592 817 sicut
2618 763 2833 821 novitas
2850 805 2864 830 ,
2892 766 2962 820 ita
2997 766 3223 822 habeant
3262 768 3552 829 intermissa
3576 770 3739 827 formi-

2199 852 2403 919 dinem,
2436 863 2489 908 ct
2534 853 2638 909 hoc
2663 856 2735 911 sit
2765 872 2885 912 eum
2936 857 3005 912 de
3049 861 3069 888 ²
3109 861 3291 916 attrito
3339 862 3524 921 favoris
3572 866 3738 933 publici

2198 939 2347 1013 frons
2370 942 2583 1012 refugit,
2614 945 2759 1014 quod
2786 946 2883 999 fuit
2910 957 3039 1004 ante
3077 964 3236 1017 quant
3267 950 3666 1017 disceret;duni
3688 957 3740 1010 ad

2199 1030 2488 1089 eluctatam
2521 1034 2797 1089 reducitur
2850 1052 2945 1091 usu
2998 1038 3206 1093 dicendi
3243 1048 3491 1107 pereunte
3522 1051 3740 1096 Sencttns

2200 1122 2501 1195 infantiam.
2580 1124 2867 1182 Exercitus
2925 1128 3220 1197 Olympicis
3276 1132 3643 1197 certaminibus
3688 1135 3742 1189 de

2198 1214 2374 1282 palma
2404 1212 2623 1269 conﬁdit
2648 1217 2893 1283 eculeus;
2938 1228 2992 1272 et
3041 1218 3089 1272 si
3132 1234 3238 1273 non
3290 1221 3398 1274 otio
3433 1221 3740 1293 debilitetur,

2206 1307 2258 1360 in
2303 1322 2401 1361 suo
2427 1308 2548 1378 jure
2585 1311 2755 1364 credit
2791 1326 2910 1366 esse
2947 1312 3269 1367 victoriam:
3302 1328 3510 1383 semper
3538 1316 3582 1369 ei
3610 1330 3745 1369 coro-

2202 1410 2324 1449 nam
2380 1396 2765 1455 blandimentis
2816 1402 3121 1457 efﬁcacibus
3163 1418 3286 1472 spes
3330 1405 3618 1474 promittit,
3662 1407 3744 1473 nisi

2202 1487 2480 1542 velocitati
2518 1491 2801 1561 praemium
2826 1493 3043 1548 desidia:
3070 1494 3292 1565 languor
3309 1498 3549 1563 excutiat.
3575 1497 3746 1563 Artifex

2199 1576 2468 1649 jaculandi
2514 1582 2579 1636 de
2619 1581 2902 1652 triumphis
2930 1600 3149 1639 securus
3177 1593 3327 1652 Optat
3350 1586 3573 1640 incerta:
3608 1597 3653 1639 et
3680 1588 3746 1640 cui

2208 1670 2441 1724 occurrit
2472 1686 2686 1742 semper
2708 1674 2761 1727 in
2790 1675 2905 1729 acie
2935 1675 3125 1746 gloria,
3148 1675 3302 1747 longa
3321 1690 3447 1743 pace
3474 1686 3746 1745 superatur:

2204 1773 2484 1832 poetarum
2519 1764 2746 1820 hederas
2778 1765 3137 1821 nobilioribus
3160 1765 3429 1836 corymbis
3458 1773 3507 1819 ct
3534 1765 3747 1823 viridanti

2210 1855 2391 1923 specie
2418 1856 2595 1910 nutrix
2626 1858 2824 1926 ingenii
2870 1859 3039 1912 comit
3066 1857 3384 1912 assiduitas:
3418 1866 3644 1911 cessante
3665 1856 3747 1909 fre-

2204 1947 2388 2014 quenti
2416 1948 2732 2015 probatione
2771 1958 3077 2007 mutescunt
3112 1964 3206 2005 ora
3256 1947 3535 2005 causidici:
3588 1948 3749 2005 educa-

2206 2047 2291 2095 tus
2322 2041 2373 2094 in
2405 2041 2672 2110 puppibus
2726 2057 2909 2112 aequor
2939 2042 3199 2111 liquidum
3248 2043 3366 2097 sine
3398 2050 3591 2095 terrore
3620 2049 3750 2103 nauta

2206 2132 2525 2203 perlustrat:
2558 2132 2646 2202 qui
2676 2131 2723 2185 si
2755 2130 2823 2186 ad
2869 2143 3141 2187 terrenam
3182 2133 3344 2188 vitam
3376 2132 3535 2185 ducat
3568 2128 3751 2197 ofﬁcia,

2206 2236 2306 2276 nec
2345 2223 2533 2275 itinera
2582 2223 2776 2290 astris,
2832 2236 2932 2277 nec
2970 2232 3195 2297 eventus
3226 2220 3571 2291 deprehendit
3605 2218 3752 2286 auSpi-

2204 2312 2318 2366 ciis.
2347 2312 2588 2383 Agricola
2618 2313 2661 2366 si
2703 2312 2989 2383 aliquando
3021 2328 3299 2368 vomerem
3342 2312 3545 2385 illectus
3574 2306 3753 2365 urbanis

2202 2412 2311 2458 tate
2340 2412 2677 2479 contemnat,
2711 2404 2762 2457 in
2792 2404 3007 2458 devium
3037 2402 3210 2458 bobus
3239 2403 3367 2457 dum
3409 2401 3587 2455 scribit
3612 2408 3751 2467 terga,

2204 2500 2460 2565 rapietur.
2496 2499 2635 2569 Ergo
2665 2499 2802 2555 sicut
2824 2500 3017 2557 artium
3054 2503 3105 2553 in
3140 2514 3241 2553 suo
3269 2510 3491 2569 quaeque
3518 2507 3665 2567 opere
3684 2494 3752 2544 in-

2201 2590 2415 2641 venitur
2462 2600 2633 2644 mater
2679 2590 2967 2651 instantia;
3004 2590 3075 2643 ita
3107 2603 3346 2643 noverca
3372 2582 3667 2657 eruditionis
3692 2588 3759 2651 est

2204 2679 2546 2750 negligentia.
2581 2681 2727 2736 'l‘alis
2756 2691 2835 2734 est
2866 2688 3096 2747 nostrae,
3131 2696 3301 2750 quam
3335 2686 3456 2750 post
3485 2684 3753 2744 temporum

2202 2769 2483 2824 intervalla
2530 2772 2895 2841 producimus,
2952 2772 3191 2825 conditio
3228 2769 3507 2825 dictionis:
3538 2782 3634 2822 non
3676 2777 3757 2817 no-

2205 2869 2313 2913 tum
2368 2859 2590 2915 schema
2644 2861 2918 2929 deferens,
2953 2876 3059 2914 non
3119 2875 3378 2931 pompam
3433 2873 3582 2929 quam
3631 2862 3759 2908 :elate

2202 2951 2429 3003 mercari
2461 2950 2738 3004 debuisset
2775 2949 3039 3005 ostendit:
3077 2957 3254 3003 totam
3288 2949 3530 3003 ﬁduciam
3552 2946 3614 3001 de
3638 2942 3761 2998 audi<

2203 3053 2375 3093 torum
2400 3039 3073 3109 benignitatecoucipiens,
3106 3039 3370 3094 sufficere
3393 3038 3561 3094 credit
3582 3038 3762 3090 veniam

2201 3145 2299 3198 pro
2326 3130 2535 3193 favore;
2566 3129 2698 3182 satis
2740 3144 2859 3184 esse
2894 3131 2977 3199 pia
3010 3142 3139 3185 votat
3164 3146 3272 3200 pro
3320 3131 3528 3186 merito.
3574 3127 3760 3183 Absiste

2210 3220 2416 3289 procul,
2459 3216 2651 3273 debilis
2694 3218 2883 3273 timor:
2920 3220 3309 3275 insinuandum
3349 3221 3587 3275 orbitatis
3625 3230 3762 3271 mise-

2200 3308 2360 3373 ratio,
2411 3306 2712 3362 orationem
2768 3308 3081 3377 religiosum
3142 3310 3495 3366 commendat
3536 3306 3762 3363 officium.

2199 3386 2372 3468 Quit?
2389 3399 2549 3453 faciat
2577 3414 2757 3454 sermo
2786 3400 2993 3470 peritia:
3045 3403 3347 3471 splendore
3404 3405 3645 3463 dolatus,
3689 3395 3761 3449 ubi

2201 3508 2363 3547 causa
2412 3493 2571 3547 etiam
2600 3492 2718 3547 sine
2748 3493 3113 3549 insinuatricis
3143 3495 3350 3567 linguae
3383 3497 3550 3566 placet
3570 3489 3766 3549 ofﬁcio?

2200 3600 2288 3641 res
2320 3585 2623 3654 impetravit
2658 3587 2919 3656 gratiam:
2954 3585 3155 3642 sufﬁcit
3193 3599 3260 3642 ut
3299 3589 3461 3644 verba
3490 3594 3764 3647 mereantur

2200 3674 2481 3730 affectum:
2516 3683 2741 3745 utraque
2783 3676 3035 3731 secundis
3079 3677 3145 3731 ad
3186 3679 3527 3734 audientiam
3559 3685 3765 3730 vestram

2199 3766 2467 3821 ominibus
2498 3776 2890 3822 convenerunt.
2918 3767 3096 3821 Dicam
3128 3784 3266 3825 sane
3289 3770 3432 3841 quod
3464 3778 3637 3835 restat,
3663 3765 3767 3837 quia

2200 3865 2405 3910 tantum
2447 3856 2671 3911 delrudo
2705 3857 2950 3911 laudibus
2981 3859 3136 3922 meis,
3174 3871 3443 3930 quantum
3474 3856 3767 3915 remanserit

2199 3944 2251 3999 in
2277 3948 2528 4013 praesenti
2576 3961 2733 4000 causa
2766 3947 3010 4002 silentiis.
3047 3948 3181 4003 Huic
3237 3952 3501 4007 Eusebius
3534 3949 3766 4006 nobilissi«

2198 4050 2316 4089 mus
2339 4036 2566 4104 genitor,
2599 4052 2693 4106 par
2727 4038 2968 4093 moribus
3000 4055 3158 4107 quam
3185 4051 3417 4111 natura,
3448 4043 3571 4098 dum
3615 4051 3769 4095 extre~

2197 4128 2300 4182 mis
2324 4141 2559 4196 pressus,
2592 4127 2943 4183 humanitatis
2964 4140 3166 4185 sortem
3200 4134 3489 4203 profuturo
3512 4135 3562 4187 in
3582 4133 3768 4200 longum

2196 4217 2326 4271 velit
2368 4230 2630 4288 superare
2662 4218 2923 4274 consilio:
2957 4221 3083 4275 dum
3126 4222 3314 4280 vitalis
3372 4226 3568 4280 anima:
3611 4224 3771 4293 vigore

2198 4312 2398 4367 terreni
2446 4312 2681 4367 carceris
2710 4321 2937 4382 angusta
2982 4314 3250 4384 calcaret,
3286 4332 3353 4372 ac
3381 4333 3440 4372 se
3468 4314 3771 4385 spiritalibus

2196 4400 2539 4469 habitaculis,
2585 4417 2707 4457 cum
2741 4419 2770 4457 a
2802 4405 2910 4459 Deo
2940 4415 3227 4461 vocaretur
3257 4449 3273 4474 ,
3324 4408 3668 4472 refunderet;
3699 4406 3773 4459 ni-

2196 4492 2460 4562 hilquein
2508 4501 2690 4546 mente
2734 4493 2851 4563 ejus
2903 4505 3050 4550 esset
3079 4496 3147 4551 de
3196 4497 3426 4556 homine
3480 4499 3771 4560 residuum.

2115 4581 2167 4642 1)
2194 4584 2295 4638 nisi
2329 4583 2671 4639 immaculata
2705 4585 2802 4641 filii
2847 4587 3124 4657 diligentia
3151 4633 3165 4659 ,
3200 4590 3372 4658 illud,
3408 4592 3553 4663 quod
3582 4604 3679 4646 nec
3706 4589 3774 4642 in-

2195 4682 2277 4728 ter
2298 4674 2537 4729 cmlestia
2572 4674 2679 4729 ulla
2707 4676 2847 4732 delet
2868 4678 3102 4733 oblivio:
3139 4681 3283 4736 hunc.
3309 4684 3447 4738 mihi
3479 4685 3627 4753 quasi
3655 4683 3775 4735 bene

2192 4764 2439 4821 conscius
2469 4766 2776 4832 fovendum,
2806 4780 2964 4838 prout
2988 4772 3127 4826 vires
3160 4774 3435 4842 tribuunt,
3471 4776 3772 4847 dereliquit:

2194 4861 2414 4915 confusa
2447 4872 2572 4915 sunt
2620 4863 2889 4932 supremis
2937 4864 3256 4933 deponentis
3307 4870 3477 4925 verba
3526 4866 3773 4939 suspiriis.

2196 4953 2393 5009 Videro
2447 4955 2572 5024 quid
2607 4957 2727 5011 aliis
2776 4959 3075 5029 reliquerit,
3108 4963 3238 5016 mihi
3280 4965 3388 5019 sub
3424 4966 3523 5021 Dei
3555 4964 3778 5020 obtesta-

2205 5044 2349 5100 tione
2370 5045 2576 5101 dimisit
2597 5046 2892 5104 haaredem.
2922 5049 3021 5104 Cui
3052 5066 3301 5122 saporem
3334 5057 3463 5111 vita:
3494 5057 3654 5110 labris
3681 5055 3778 5124 pri-

2196 5137 2432 5192 moribus
2477 5139 2807 5209 contingenti
2848 5153 3063 5212 gustum
3105 5145 3380 5214 deprecor
3417 5149 3681 5205 ubertatis
3709 5148 3780 5201 in-

2193 5228 2377 5283 fundi:
2425 5240 2480 5284 ut
2535 5240 2856 5300 provocatus
2886 5234 3291 5304 disciplinarum
3353 5241 3525 5296 melle
3565 5250 3618 5296 et
3664 5238 3779 5293 fav's

2194 5320 2452 5391 scientiae,
2485 5321 2551 5377 de
2596 5323 2843 5379 domibus
2871 5327 3043 5381 cereis
3075 5328 3189 5398 ipse
3218 5330 3326 5389 sibi
3373 5333 3635 5406 liquentis
3684 5333 3780 5389 ele-

2196 5413 2358 5466 menti
2407 5423 2593 5469 nectar
2638 5426 2895 5472 assumat.
2948 5417 3135 5486 Habet,
3180 5421 3379 5479 doctor
3433 5425 3780 5491 venerabilis,

2200 5506 2316 5563 laus
2348 5516 2435 5563 tua
2470 5523 2565 5578 per
2608 5512 2750 5565 hunc
2778 5510 2845 5566 ad
2876 5512 3150 5570 cumulum
3183 5516 3450 5585 perducta
3475 5560 3489 5585 ,
3523 5519 3664 5590 quod
3705 5532 3781 5572 ca-

2194 5598 2333 5666 piat:
2370 5614 2435 5652 ex
2465 5599 2649 5653 talium
2682 5604 2922 5669 profectu
2946 5644 2963 5669 ,
3012 5606 3331 5662 meritorum
3364 5620 3585 5667 tuorum
3617 5611 3778 5681 pleni-

2194 5690 2321 5745 tudo
2348 5705 2455 5745 non
2482 5691 2681 5747 refutat
2718 5707 3035 5766 augmenta:
3069 5698 3192 5769 quia
3221 5698 3487 5774 discipuli
3528 5701 3778 5778 elegantia

2263 5848 2283 5879 ³
2326 5845 2485 5905 Forte
2522 5856 2716 5907 attritu.
