3974 6366
219 313 310 379 285

1665 296 2048 371 moriones.

3397 293 3515 360 386

223 427 434 489 assertio
464 432 553 480 est
586 424 707 503 sipe
733 421 852 477 labe
878 418 1145 491 doctoris;
1194 418 1310 489 ejus
1358 417 1589 473 maxime
1608 458 1622 482 ,
1647 415 1804 487 cujus
1827 416 1880 491 Α
1910 432 2005 486 per
2026 432 2143 483 vos,
2168 431 2313 488 quoa
2333 431 2429 473 cor
2448 430 2586 475 nene
2605 416 2911 484 dictaverit,
2934 414 3110 486 lingua
3138 413 3507 486 proloquitur:

227 520 517 594 prosapiem
550 514 885 591 splendidam
940 522 1149 581 tempus
1180 511 1412 583 postulat
1441 510 1685 565 scientiae
1717 525 1804 564 ra-

227 618 312 672 diis
338 613 639 683 adornare,
696 617 755 664 ut
797 608 961 663 decus
1009 604 1233 677 originis
1265 604 1315 657 in
1346 603 1488 657 diem
1522 601 1810 661 serenissi-

230 722 356 765 nnun
419 690 720 775 procedat,
778 698 995 771 quando
1046 697 1160 753 oris
1204 695 1259 753 in
1307 694 1425 765 ipso
1450 693 1609 764 jubar
1655 692 1812 749 efful-

230 801 361 861 “m'
826 860 1050 916 DICTIO
1089 860 1203 916 xu.

336 969 471 1041 Data
500 965 707 1021 Aratori
735 963 945 1037 quando
974 963 1042 1015 ad
1071 963 1284 1035 laudem
1315 970 1581 1033 provectus
1613 968 1703 1016 est.
1736 1022 1739 1025 γ

724 1078 1081 1120 εαηοιιλετιω
1123 1079 1315 1118 SEXTA.

670 1167 887 1231 I‘hema,
916 1166 1030 1220 laus
1059 1165 1377 1219 litterarum.

882 1272 1175 1315 ΡΠᾹΞΓΛΪΙΟ.

324 1368 528 1425 Littera
558 1362 625 1418 de
650 1361 865 1433 preprio
897 1360 1143 1415 laudetur
1169 1357 1447 1430 splendida
1477 1372 1669 1423 censu,

399 1458 621 1513 Advena
652 1470 772 1509 nam
802 1453 981 1508 cultus
1010 1453 1079 1507 nil
1119 1452 1317 1507 tribuet
1344 1452 1510 1522 genii.

328 1554 490 1627 Ebria
522 1551 716 1607 vestito
744 1549 863 1619 plus
893 1548 1075 1602 lucent
1107 1547 1306 1602 vellera
1337 1544 1471 1602 Sere
1498 1564 1510 1598 :

401 1644 617 1717 Persica
646 1642 935 1713 candentes
966 1639 1105 1693 colla
1136 1639 1330 1705 decent
1361 1637 1585 1706 lapides.

328 1734 413 1799 Nil
440 1735 590 1803 juVat
616 1740 838 1786 cxtcruo
867 1743 1194 1797 componere
1226 1728 1464 1783 membra
1496 1726 1702 1783 nitore:

368 1808 371 1811 I
439 1826 552 1882 Lux
583 1822 843 1878 naturalis
877 1821 1052 1876 sidera
1082 1819 1355 1875 nobilitat.

876 1952 1167 1994 NARRATIO.

298 2036 561 2094 Omnibus
593 2047 757 2090 renus
793 2048 913 2101 qua:
952 2032 1289 2086 aestimantur
1326 2030 1632 2101 prteconiis,
1677 2031 1827 2086 exhi-

236 2132 397 2188 benda
429 2139 511 2184 est
539 2143 639 2199 pro
664 2125 876 2181 dicendi
906 2125 1155 2180 facultate
1181 2124 1411 2178 laudatio
1437 2141 1449 2176 :
1480 2122 1547 2177 ab
1570 2124 1828 2194 eloquen-

235 2226 315 2280 tiae
351 2225 482 2279 dote
532 2221 862 2277 radiantibus
894 2218 1165 2273 reddenda
1198 2225 1323 2271 sunt
1363 2218 1553 2272 litteris
1582 2233 1699 2288 quae
1728 2218 1826 2273 de-

235 2319 420 2374 bentur
448 2334 461 2369 :
488 2316 613 2386 quia
646 2314 783 2368 sicut
810 2320 1101 2382 gratuitum
1135 2324 1346 2374 munus,
1380 2325 1432 2363 et
1462 2324 1592 2376 opes
1618 2318 1672 2363 et
1716 2308 1828 2364 ani-

238 2428 371 2467 mum
400 2409 611 2466 indicat
648 2405 948 2477 largitoris;
996 2404 1069 2458 ita
1102 2412 1319 2473 accepta
1349 2403 1623 2469 denegari,
1652 2403 1831 2457 avari-

236 2506 353 2560 tiam
385 2512 443 2558 et
471 2500 859 2572 impudentiam
908 2504 1111 2551 reserat
1140 2496 1478 2565 suppriment
1500 2511 1546 2550 s.
1579 2496 1829 2550 Lihemus

234 2596 535 2651 litterarum
568 2590 773 2647 numini
802 2589 945 2660 quod
976 2588 1043 2643 de
1081 2587 1314 2658 ipsarum
1348 2588 1501 2641 ﬂuxit
1532 2586 1828 2642 altaribus:

235 2688 531 2759 quantisvis
589 2685 732 2740 enim
782 2683 1004 2739 materia
1062 2683 1166 2737 ista
1213 2683 1383 2752 copiis
1435 2681 1830 2751 prmdicationis

236 2781 558 2847 bonoretur,
611 2777 848 2848 qualibet
899 2775 1081 2831 effluat
1128 2776 1374 2831 ubertate
1421 2775 1716 2839 dictorum,
1764 2775 1831 2829 de

244 2872 604 2945 possessionis
635 2887 745 2926 suae
788 2869 1025 2940 frugibus
1054 2878 1201 2939 pasta
1248 2870 1474 2924 satiatur
1505 2884 1519 2923 :
1548 2869 1673 2939 quia
1704 2869 1830 2923 dum

234 2970 368 3027 inter
407 2970 588 3023 vireta
627 2981 747 3037 quae
774 2965 1071 3034 disposuit,
1120 2964 1335 3033 pr0pria
1380 2963 1567 3018 oculos
1607 2964 1832 3019 amoeni-

234 3070 341 3118 tate
380 3062 648 3129 captivat,
703 3058 862 3112 habet
911 3056 1127 3126 quidem
1178 3056 1292 3124 ipsa
1336 3053 1724 3125 iucunditatem
1767 3055 1832 3111 de

233 3154 565 3227 graminibus
594 3151 727 3215 suis,
751 3149 848 3205 sed
883 3149 1083 3218 majora
1117 3149 1335 3218 capiunt
1364 3164 1565 3203 messes
1594 3149 1835 3219 ingenio-

233 3263 349 3305 ru
380 3250 723 3304 incrementa
754 3258 848 3312 per
874 3240 1169 3298 dominam.
1219 3240 1400 3310 Itaque
1435 3239 1526 3309 qui
1558 3240 1712 3309 fenus
1748 3242 1835 3295 lit-
1862 3238 1875 3257 ‘

234 3344 359 3399 teris
406 3338 658 3403 solverit,
709 3336 827 3407 plus
874 3334 1087 3391 ditescit
1138 3352 1148 3386 :
1198 3333 1324 3387 dum
1374 3348 1470 3402 per
1515 3335 1837 3411 secretiores

235 3444 474 3502 meatus,
509 3432 663 3504 quasi
695 3446 790 3501 per
818 3444 1039 3500 magnos
1071 3428 1272 3493 alveos,
1305 3444 1422 3498 quae
1453 3429 1518 3482 ad
1552 3429 1667 3484 illas
1695 3428 1833 3483 dire-

234 3540 314 3584 cta
359 3536 495 3582 sunt
542 3525 760 3587 ﬂuenta,
808 3521 1134 3577 reducuntur
1167 3539 1178 3572 :
1214 3535 1313 3575 nec
1361 3521 1500 3591 quod
1530 3537 1624 3589 per
1657 3531 1836 3591 guttas

236 3622 509 3683 amiseris,
539 3619 699 3673 aliter
728 3630 885 3687 quam
921 3616 965 3670 si
1002 3614 1294 3669 relabentis
1326 3613 1464 3668 Junii
1498 3615 1584 3682 jus
1616 3614 1834 3680 habeas,

234 3713 564 3785 possidebis.
618 3711 749 3778 Quis
786 3707 993 3780 peritiae
1034 3708 1337 3776 depositum
1385 3717 1570 3776 neget,
1609 3708 1705 3761 nisi
1748 3707 1837 3777 qui

235 3798 514 3862 desident
562 3788 846 3859 mendicus
890 3800 1030 3855 effici
1062 3799 1186 3853 dum
1234 3800 1514 3855 reservat?
1558 3799 1713 3853 Istius
1762 3799 1839 3854 tci

232 3899 441 3955 fructus
473 3895 643 3966 (quod
673 3896 864 3949 mirum
892 3892 1035 3947 dictu
1068 3892 1171 3963 est)
1204 3892 1253 3945 in
1278 3892 1657 3946 abundantiam
1689 3892 1857 3948 refu-'

233 4004 322 4046 lus
367 3998 665 4055 exmstuat,
706 3986 830 4041 dum
860 3986 1076 4056 jejunos
1124 3984 1283 4038 faciat
1328 3984 1659 4039 incubantes.
1702 3984 1839 4056 Ergo

230 4082 351 4154 post
379 4098 548 4152 opem
580 4080 885 4143 cmlestem,
918 4088 1039 4153 post
1073 4078 1291 4148 superni
1325 4078 1519 4132 favoris
1562 4079 1835 4145 auxilium,

231 4174 487 4232 ministra
539 4174 736 4244 quibus
783 4173 971 4245 utaris,
1020 4186 1106 4224 ars
1156 4172 1485 4237 venerandi,
1520 4171 1837 4240 praeconiis;

230 4278 285 4323 et
327 4266 673 4322 inventionis
704 4272 809 4316 ture
841 4263 980 4316 bono
1008 4261 1075 4316 de
1106 4262 1185 4315 his
1220 4278 1337 4330 qun
1367 4278 1396 4315 a
1427 4272 1477 4316 te
1520 4260 1720 4315 fuerint
1760 4262 1842 4315 di-

231 4369 400 4424 recta,
431 4355 736 4428 gratulare.
771 4352 815 4407 A
843 4362 893 4407 te
917 4361 1031 4407 orta
1066 4352 1116 4405 in
1148 4367 1243 4405 usu
1273 4352 1446 4407 laudis
1474 4354 1799 4421 amplectere
1825 4370 1837 4405 :

230 4464 329 4505 nos
357 4449 500 4505 nihil
530 4456 713 4501 manet
738 4434 799 4499 in'
815 4446 912 4498 hac
939 4455 1108 4515 parte,
1135 4444 1273 4513 quod
1300 4442 1517 4513 dignutn
1544 4443 1612 4497 sit
1638 4444 1844 4499 ultione

1911 509 1975 563 ad
2021 509 2442 579 invesdgandam
2493 510 2630 567 inter
2651 509 2914 578 justitiam
2944 522 3040 562 vos
3071 507 3347 577 prrebetis,
3378 508 3510 564 dum

1912 606 2227 673 Oppressum
2274 603 2466 658 callem
2504 604 2737 657 dumetis
2764 618 2873 673 quo
2902 612 3225 671 expetuntur
3254 615 3511 671 superna,

1916 698 2223 768 purgastis:
2257 710 2352 751 vos
2394 696 2657 751 triticeam
2701 698 2767 751 de
2807 696 2946 750 loliis
2989 706 3251 765 segetem,
3294 708 3393 749 vos
3434 693 3515 749 fe-

1915 792 2119 847 cundas
2157 793 2224 846 de
2266 791 2548 845 sterilitate
2599 791 2931 860 ingeniorum
2979 791 3166 859 glebas
3201 788 3430 853 efficitis,
3461 796 3519 844 et

1916 884 2165 955 gravidas
2197 884 2390 939 aristas
2421 883 2485 937 ad
2530 883 2767 939 scientiae
2795 886 3005 947 horrea.
3042 900 3107 941 ne
3140 884 3308 938 fames
3337 883 3514 937 infan-

1919 982 2005 1036 tia:
2036 981 2202 1049 possit
2227 978 2541 1047 praevalere,
2575 978 2818 1046 portatis.
2858 977 3069 1031 Munda:
3100 978 3329 1031 nitorem
3360 976 3515 1029 fatui-

1920 1072 2006 1126 lite
2048 1070 2332 1133 servando,
2380 1070 2668 1124 obscenam
2713 1070 3015 1139 prosapiem
3064 1073 3345 1140 peregrina
3395 1068 3513 1122 luce

1922 1162 2262 1233 perfunditis.
2298 1163 2407 1216 Deo
2438 1161 2679 1231 proxima
2712 1174 2800 1216 res
2830 1170 2915 1216 est
2947 1176 3078 1215 vero
3110 1162 3279 1215 inlusa
3313 1161 3515 1216 bcneli-

1921 1256 2025 1319 cio,
2051 1254 2174 1309 dtnn
2206 1268 2298 1323 per
2323 1268 2512 1309 cursus
2537 1253 2951 1309 elucubrationis
2980 1254 3211 1318 traditm,
3236 1269 3302 1307 ne
3330 1254 3517 1321 optimi

1923 1348 2270 1417 degenerem,
2301 1356 2358 1400 et
2384 1355 2440 1400 ut
2468 1346 2594 1399 mali
2622 1346 2971 1415 degenerem,
3000 1344 3144 1399 salva
3174 1353 3517 1397 stemmatum

1924 1438 2148 1492 veritate
2190 1446 2492 1505 praestatur.
2539 1438 2639 1492 Per
2669 1452 2763 1495 vos
2804 1438 2872 1492 de
2910 1438 3255 1491 innocentum
3289 1436 3517 1502 actibus,

1928 1543 2044 1597 quae
2074 1527 2140 1580 ad
2173 1528 2578 1582 instructionem
2609 1526 2949 1597 sequentium
2980 1527 3341 1596 pertinebant,
3372 1532 3523 1593 gesta

1926 1633 2034 1673 non
2083 1628 2347 1699 peri-unt:
2392 1620 2585 1673 vestris
2628 1619 2680 1673 in
2725 1619 2957 1672 medium
3001 1618 3205 1673 catenis
3255 1625 3523 1671 transacta

1928 1713 2271 1773 reducuntur,
2306 1717 2361 1761 et
2398 1709 2607 1775 sepulta
2632 1710 2999 1763 reviviscunt:
3032 1725 3126 1763 vos
3162 1710 3523 1764 instrumenta

1852 1796 1901 1858 B
1932 1800 2219 1864 memoriae,
2258 1814 2349 1854 vos
2378 1814 2535 1853 causa
2570 1801 2781 1869 pietatis
2817 1819 2828 1853 :
2863 1802 3056 1855 vestris
3085 1800 3393 1854 vomeribus
3424 1800 3523 1851 hu-

1929 1891 2071 1947 mani
2093 1890 2320 1959 pectoris
2340 1890 2495 1945 tellus
2517 1891 2581 1943 ad
2598 1889 2975 1945 fecunditatem
3000 1901 3295 1958 praeparata
3318 1888 3523 1942 descri-

1928 1981 2073 2035 bitur
2097 1998 2109 2032 :
2137 1994 2230 2033 vos
2262 1979 2540 2049 religionis
2565 1990 2830 2046 auctores,
2870 1995 2965 2035 vos
2996 1981 3177 2035 hostes
3203 1980 3520 2033 criminum:

1928 2075 2080 2128 vobis
2103 2072 2330 2127 ducibus
2358 2088 2478 2141 quae
2510 2088 2603 2143 per
2632 2088 2784 2128 u5nm
2817 2074 3143 2143 subripiunt,
3173 2074 3523 2127 dediscuntur

1930 2172 2165 2241 scelera,
2190 2186 2285 2240 per
2311 2182 2444 2240 quas
2474 2169 2610 2221 bona
2642 2166 2925 2220 discuntur
2966 2183 2977 2219 :
3027 2174 3119 2219 aut
3163 2166 3229 2219 ad
3260 2162 3524 2217 directum

1932 2262 2175 2315 homines
2212 2260 2416 2329 augetis
2451 2258 2814 2331 propositum,
2851 2266 2943 2310 aut
2973 2254 3195 2310 mutatis
3224 2255 3520 2324 obliquum.

1942 2350 2123 2406 Vestro
2153 2350 2375 2405 exsules
2414 2359 2674 2403 ornantur
2714 2348 2934 2413 indicio,
2969 2356 3022 2401 et
3060 2363 3087 2400 a
3119 2344 3301 2400 mundi
3338 2344 3525 2400 culmi-

1932 2443 2087 2496 nibus
2110 2441 2379 2509 sejunctos
2406 2455 2500 2495 vos
2529 2441 2668 2493 cmlo
2692 2440 2906 2495 sociatis
2930 2457 2942 2491 :
2970 2442 3134 2492 malas
3162 2438 3526 2494 conscientias

1932 2544 2023 2587 aut
2062 2532 2262 2587 intrare
2303 2531 2667 2594 contemnitis,
2710 2542 2799 2583 aut
2846 2530 2897 2583 in
2942 2528 3232 2583 sacrarium
3272 2528 3528 2596 ingressas

1932 2626 2213 2679 dedicatis.
2248 2622 2502 2677 Facessat
2531 2637 2559 2675 a
2584 2622 2772 2675 litteris
2799 2620 2880 2673 vel
2911 2630 3117 2673 mutare
3144 2619 3282 2689 quod
3306 2617 3526 2686 dignum

1933 2725 2036 2780 est,
2073 2716 2155 2770 vel
2200 2729 2305 2769 non
2342 2726 2551 2768 mutare
2583 2713 2724 2782 quod
2764 2713 2979 2766 noxium
3016 2730 3026 2763 :
3063 2712 3259 2766 vestris
3293 2710 3528 2765 vulneri-

1936 2808 2036 2863 bus
2063 2808 2205 2861 nulla
2234 2822 2331 2875 per
2358 2806 2638 2875 chalybem
2670 2808 2890 2857 vestitos
2921 2805 3172 2859 subducit
3204 2802 3483 2858 instructio
3511 2818 3525 2855 :

1932 2901 2001 2956 ad
2031 2898 2325 2970 penetralia
2354 2897 2590 2961 illorum,
2622 2905 2676 2950 et
2706 2910 2839 2965 quos
2865 2896 3061 2949 ferrum
3093 2894 3305 2958 texerit,
3338 2908 3529 2961 perve-

1938 2994 2061 3048 nitis
2096 3010 2107 3045 :
2143 2991 2333 3045 vestris
2363 2988 2687 3043 umbonibus
2716 2988 2919 3042 directa
2961 2986 3027 3041 ab
3055 2984 3379 3041 adversariis
3427 2983 3530 3037 tela

1937 3085 2297 3155 repeiluntur:
2326 3095 2426 3135 nec
2455 3079 2687 3150 speculis
2719 3079 2925 3150 peritiae
2953 3090 3147 3135 vestra:
3182 3079 3285 3133 ulla
3315 3077 3531 3148 clypeo—

1859 3176 1907 3243 Ω
1940 3193 2056 3233 rum
2101 3182 2277 3231 crates
2315 3174 2621 3243 opponitur.
2652 3172 2763 3227 Vos
2794 3178 2842 3227 in
2893 3170 3182 3229 afflictione
3210 3171 3531 3227 constitutos

1939 3270 2144 3337 erigitis
2169 3286 2180 3318 :
2212 3278 2308 3319 vos
2330 3268 2535 3333 positos
2564 3264 2615 3318 in
2643 3278 2929 3333 corporum
2956 3278 3113 3317 cruce
3145 3261 3390 3317 mulcetis
3415 3273 3430 3315 :
3455 3261 3533 3317 sic

1939 3360 2145 3431 gaudiis
2187 3365 2472 3425 augmenta
2518 3353 2839 3420 tribuentes,
2869 3362 2925 3407 ut
2953 3353 3173 3407 modum
3205 3350 3441 3406 hilaritas
3480 3361 3534 3407 et

1940 3453 2195 3520 producta
2227 3446 2486 3502 custodiat
2525 3464 2537 3498 :
2570 3446 2615 3500 si
2644 3461 2671 3498 a
2711 3445 2863 3499 vobis
2893 3445 3112 3499 veniant
3144 3443 3529 3520 blandimenta,

1940 3543 2278 3597 dulcescunt.
2326 3539 2439 3592 Non
2474 3537 2602 3591 licet
2640 3544 2825 3589 contra
2866 3534 3149 3603 imperium
3183 3515 3417 3587 vestrum
3448 3534 3532 3589 vel

1939 3632 2251 3688 defunctum
2279 3630 2408 3683 flere
2441 3642 2598 3699 quem
2629 3626 2820 3695 diligas
2850 3642 2863 3681 ε
2893 3640 2989 3679 vos
3021 3626 3239 3693 nuptiis,
3272 3642 3367 3681 vos
3394 3635 3531 3695 apta:
3612 3676 3624 3689 ,

1942 3725 2217 3783 funeribus
2251 3740 2263 3776 :
2297 3722 2534 3776 scientia:
2581 3720 2733 3772 istius
2779 3717 3013 3771 studium
3065 3716 3431 3771 diversissima
3480 3720 3533 3771 in

1942 3816 2281 3873 concordiam
2310 3823 2477 3875 tenet,
2510 3820 2564 3864 et
2595 3820 2873 3877 utramque
2904 3818 3106 3876 partem
3140 3809 3383 3875 amplexa
3413 3824 3534 3875 gra-

1944 3915 2182 3970 tulatur:
2213 3909 2414 3963 utinam
2440 3921 2533 3957 vos
2566 3900 2895 3970 longioribus
2922 3898 3023 3953 coli
3058 3899 3241 3952 liceret
3264 3896 3532 3962 affatibus,

1942 4020 1997 4064 et
2028 4021 2133 4061 non
2167 4000 2360 4056 vestris
2401 3998 2604 4068 legibus
2649 3995 2936 4048 deberetur
2983 3991 3236 4059 brevitas,
3282 4005 3310 4043 a
3343 3990 3535 4060 quibus

1945 4096 2095 4166 copia
2127 4093 2307 4147 votiva
2354 4087 2692 4159 suggeritur!
2748 4084 2847 4137 Per
2903 4083 3199 4136 litterarum
3228 4076 3534 4151 species'iu

1947 4193 2161 4257 longum
2198 4186 2333 4239 itura
2368 4197 2469 4234 vox
2506 4191 2618 4232 tuto
2648 4175 3024 4239 committitur,
3058 4184 3109 4227 et
3140 4174 3255 4226 sine
3286 4172 3538 4226 imminu-

1948 4285 2093 4339 tione
2117 4278 2199 4334 sui
2230 4276 2501 4344 relegente
2528 4270 2807 4326 solidatur.
2843 4268 2980 4321 Ante
3005 4281 3101 4319 vos
3129 4265 3310 4334 ignara
3337 4264 3539 4317 ordinis

1949 4372 2085 4427 vixit
2128 4368 2457 4429 humanitas,
2491 4372 2543 4416 et
2585 4359 2845 4414 ructantia
2879 4355 3127 4427 glandem
3162 4366 3376 4426 pectora
3427 4355 3541 4410 sine

1950 4461 2123 4518 modis
2172 4456 2335 4511 verba
2389 4460 2709 4506 vomuerunt
2760 4467 2770 4500 :
2814 4464 2907 4501 vos
2939 4446 3078 4500 inter
3129 4445 3288 4499 unius
3338 4455 3542 4499 natura

232 4541 315 4596 νει
350 4538 615 4610 P'mmio'
651 4536 823 4607 Fide“
853 4537 961 4590 Oris
991 4536 1187 4589 ¹¹⁰⁵¹Γί⁵
1216 4534 1472 4589 ramum“
1502 4535 1543 4589 εί
1576 4550 1759 4604 Parum
1788 4537 2199 4632 in“homines
2237 4545 2543 4602 distantiam
2590 4540 2783 4604 facitis,
2829 4538 2953 4592 dum
3001 4535 3312 4592 coelestibus
3355 4536 3543 4590 nctitia

227 4634 553 4690 elevatione
594 4630 907 4685 meritorum
939 4636 1153 4683 tuorum
1184 4628 1539 4698 suggerimus,
1573 4627 1671 4683 hoc
1698 4627 1846 4682 dedi-

229 4728 294 4781 sti
319 4744 332 4778 :
362 4742 471 4780 nos
501 4725 697 4778 horum
721 4721 959 4774 amnium
987 4720 1177 4775 fistulae
1199 4708 1405 4784 sumus,
1433 4735 1531 4775 nec
1558 4719 1846 4790 quidquam

228 4817 295 4874 de
321 4818 514 4888 copiis
543 4812 819 4869 commissi
852 4811 1078 4883 liquoris
1108 4811 1374 4865 ebibimus
1413 4829 1423 4862 :
1462 4819 1514 4864 tu
1550 4822 1603 4864 ut
1633 4827 1725 4880 per
1753 4824 1850 4865 nos

229 4912 451 4965 meritis
506 4908 611 4963 tuis
660 4903 980 4969 satisfacias,
1027 4903 1177 4973 quasi
1206 4902 1449 4973 [ligneum
1502 4903 1743 4973 pelagus,
1795 4912 1855 4958 ut

226 5003 522 5075 Pegasous
553 5013 748 5072 gurges
778 4996 1021 5051 illabere.
1050 4988 1209 5053 'Ante
1251 4996 1437 5051 oculos
1477 5006 1687 5050 vestros
1729 5004 1854 5049 sunt

226 5115 455 5155 morum
492 5104 821 5158 vestrorum,
854 5092 900 5146 si
934 5091 1070 5145 bene
1096 5090 1348 5160 exempla
1383 5088 1649 5144 retinetis.
1680 5089 1853 5142 Salvae

225 5201 357 5247 sunt
386 5200 755 5261 quascunque
780 5184 848 5238 de
871 5198 1034 5238 censu
1067 5191 1246 5237 vestro
1273 5181 1338 5235 ad
1370 5195 1583 5235 usuram
1615 5193 1855 5249 gemmas

224 5287 628 5340 admovemus.
686 5277 826 5333 Ecce
866 5277 1124 5333 verticem
1172 5290 1351 5332 meum
1399 5289 1690 5331 coruscans
1742 5277 1856 5329 luce

225 5388 422 5436 vestra
485 5374 736 5453 diadema
785 5371 1067 5439 nobilitat,
1119 5379 1174 5425 et
1215 5372 1571 5441 pretiosorum
1620 5367 1854 5437 lapidum

223 5475 460 5546 fulgore
508 5448 748 5537 variato,
782 5468 976 5527 crescit
1014 5480 1079 5520 ex
1109 5464 1287 5533 genio,
1320 5464 1443 5518 dum
1487 5470 1855 5531 competenter

221 5567 583 5628 ostenditur.
642 5567 687 5619 A
732 5562 887 5617 vobis
940 5559 1178 5615 radicem
1223 5567 1443 5613 sumunt
1490 5557 1730 5613 instituta
1772 5570 1859 5610 sa-

220 5662 516 5738 pientirc;
549 5672 644 5726 per
669 5671 765 5710 vos
797 5654 1082 5707 informata
1117 5652 1480 5721 proferuntur.
1524 5650 1859 5722 Nullus_siue

222 5758 401 5817 vobis
436 5752 654 5824 pectori
703 5764 861 5815 sapor
904 5756 1011 5813 est,
1049 5762 1145 5801 nec
1189 5746 1412 5800 libertas
1460 5743 1672 5814 eloquio
1708 5760 1719 5794 :
1768 5756 1860 5796 vos

219 5846 483 5931 ingenui
524 5845 885 5900 testimonium
917 5840 1210 5913 sanguinis,
1239 5852 1335 5894 vos
1368 5837 1586 5893 materia
1618 5834 1859 5907 pudoris,

1954 4646 2142 4712 vestri,
2175 4639 2467 4713 pecudibus
2503 4634 2707 4688 similes
2735 4632 2909 4687 reddit
2946 4629 3227 4698 ignoratio.
3265 4626 3316 4679 In
3353 4642 3544 4696 propa.

1957 4748 2067 4797 tulo
2097 4746 2199 4803 est,
2241 4734 2413 4804 qualis
2456 4741 2578 4785 ante
2619 4728 2755 4782 hanc
2795 4725 2999 4795 frugetn
3047 4723 3209 4778 fuerit
3240 4724 3543 4776 mortalium

1956 4839 2169 4893 deserta
2216 4829 2490 4901 prosapies
2524 4842 2536 4878 :
2571 4841 2689 4880 eum
2719 4824 2824 4878 illis
2851 4824 2995 4877 enim
3026 4820 3218 4889 quibus
3268 4818 3545 4873 uobiscum

1958 4912 2055 4999 par
2089 4927 2348 4980 adventus
2390 4923 2441 4975 in
2485 4920 2604 4974 luce
2635 4927 2735 4981 est,
2776 4932 2869 4985 per
2897 4916 3273 4969 discretionem
3318 4923 3545 4967 vestram

1962 5035 2066 5075 non
2113 5024 2195 5071 est
2235 5011 2475 5067 conditio
2522 5026 2621 5062 uni
2671 5008 2935 5078 sapiendi.
2990 5006 3191 5071 Valete,
3238 5022 3455 5059 ornante
3503 5015 3549 5054 ta

1962 5112 2201 5170 melioris
2232 5107 2444 5175 saeculi,
2478 5116 2531 5161 et
2560 5104 2815 5159 mundum
2864 5118 3020 5174 quem
3063 5099 3385 5153 eruderastis
3426 5111 3547 5147 con.

1961 5219 2130 5261 cessae
2160 5217 2187 5254 a
2217 5202 2343 5264 Deo,
2378 5199 2428 5252 in
2464 5207 2764 5263 tcmpomm
2800 5193 3038 5249 remedio
3066 5190 3333 5259 possidete

2562 5312 2784 5369 DICTIO
2824 5310 2960 5365 XIII.

2038 5422 2257 5491 Quando
2282 5418 2516 5474 Paterius
2542 5428 2587 5471 el
2616 5416 2834 5471 Severus
2860 5412 3037 5466 traditi
3058 5415 3175 5462 sunt
3201 5405 3268 5456 ad
3288 5401 3479 5456 studia.

2446 5549 2795 5591 SCHOLASTICA
2832 5546 3075 5585 SEPTIMA.

2040 5645 2093 5701 Si
2119 5651 2275 5699 nauta
2302 5641 2552 5696 secundis
2576 5636 2785 5691 ﬂatibus
2816 5635 3039 5687 feliciter
3064 5629 3263 5685 humidi
3292 5631 3552 5687 directum

1972 5740 2161 5796 transit
2186 5738 2393 5793 itineris
2420 5754 2431 5790 :
2458 5734 2505 5788 si
2537 5732 2847 5787 bellatorem
2881 5730 3026 5785 ducit
3055 5744 3336 5785 successus
3368 5731 3554 5783 melior

1971 5831 2036 5889 ad
2067 5830 2391 5900 triumphum
2423 5845 2435 5880 :
2467 5827 2512 5882 si
2545 5838 2637 5895 per
2672 5821 2971 5879 rhetoricos
3008 5838 3227 5893 campos
3259 5825 3554 5881 litterarum
