3974 6366
504 299 612 361 287

1672 303 1946 363 ΕΝΝΟὒῙῐ
1982 304 2290 366 EPISCOPI
2328 306 2707 368 TICINENSIS

3630 329 3722 391 288

507 421 662 477 miles
687 421 882 492 judicis
907 421 965 476 ﬁt
991 420 1171 477 favore
1197 419 1482 476 sublimior
1523 439 1537 476 :
1581 429 1827 477 nostrum
1866 430 1948 477 est
1991 422 2087 476 ho—
2112 423 2167 482 Α
2191 438 2281 477 res
2318 424 2596 490 secundm,
2631 423 2848 494 quando
2890 434 3336 497 propugnatorum
3376 442 3644 495 vestrorum
3673 456 3721 502 et

509 511 699 567 dierno
739 513 824 567 die
870 513 1155 567 momentis
1195 513 1411 582 paribus
1449 514 1682 584 gaudere
1721 514 1789 570 de
1832 515 2090 569 themate.

510 605 647 671 Quid
671 606 797 659 mihi
839 615 919 660 est
948 621 1066 659 cum
1098 607 1293 675 ingenii
1328 607 1431 661 mt-i
1464 608 1727 677 publicata
1755 616 1811 661 et
1838 606 2092 675 degeneri

514 697 864 766 paupertate?
906 711 1031 752 ecce
1058 696 1126 751 de
1160 710 1425 767 susceptae
1456 699 1706 755 dictionis
1744 712 1921 753 messe
1957 698 2095 753 dite-
2143 771 2154 782 .

511 790 710 845 scimus
747 791 982 860 jucunda
1032 801 1204 857 sorte,
1253 793 1465 861 quando
1512 795 1795 848 relatorem
1842 792 2094 847 meritum

511 879 787 935 relationis
832 881 1157 948 ampliﬁcat,
1193 891 1241 936 et
1274 890 1509 936 actorem
1540 897 1701 938 causa
1729 883 2090 937 commendat.

512 971 612 1027 Ubi
653 980 735 1027 est
762 987 948 1042 pavor,
980 974 1197 1044 quinos
1243 975 1341 1030 sibi
1384 986 1600 1045 propter
1643 977 1927 1047 imperitia:
1967 991 2096 1031 con-

510 1063 789 1117 scientiam
835 1062 1182 1133 subjugahat?
1226 1066 1312 1119 ubi
1345 1066 1534 1121 frontis
1567 1067 1871 1136 trepidatio,
1911 1081 2008 1121 usu
2041 1075 2097 1123 et

509 1158 892 1211 exercitatione
938 1156 1219 1225 fragilior?
1267 1159 1631 1215 obliviscimur
1674 1160 1850 1217 meriti
1894 1161 2091 1227 nostri,

511 1246 637 1299 dum
665 1246 964 1301 claritatem
998 1246 1265 1316 loquimur
1303 1249 1479 1304 alieni.
1523 1249 1673 1305 Nunc
1702 1249 1959 1305 discimus
2001 1264 2096 1320 po-

511 1343 688 1389 tentes
724 1346 779 1389 et
813 1339 946 1391 alios
989 1351 1128 1399 esse,
1164 1354 1262 1394 vos
1294 1340 1503 1407 facere,
1547 1342 1761 1411 quando
1792 1351 1994 1395 tantum
2040 1353 2097 1396 et

510 1424 651 1479 fama
696 1427 887 1481 nobilis
934 1427 1027 1481 dat
1070 1433 1322 1497 praeconi.
1373 1432 1515 1485 Nihil
1557 1434 1685 1487 mihi
1718 1448 1837 1488 cum
1878 1433 2091 1489 dubiis:

511 1517 765 1586 splendor
792 1517 1073 1573 laudantes
1106 1520 1371 1575 illuminat
1401 1540 1412 1575 :
1444 1532 1498 1577 et
1526 1524 1809 1578 immersos
1838 1524 2091 1591 tenebris,

509 1607 555 1660 si
582 1608 698 1676 ejus
729 1609 1091 1674 meminerint,
1122 1611 1201 1665 sol
1232 1612 1478 1669 recludit.
1512 1614 1615 1669 Sed
1644 1628 1828 1668 rursus
1856 1613 2096 1669 hilaritas

505 1696 746 1767 jungitur
770 1713 890 1753 cum
921 1713 1145 1769 pavore,
1180 1711 1234 1756 et
1267 1703 1324 1757 fit
1351 1707 1493 1759 socia
1529 1705 1900 1760 exsultationis
1931 1707 2095 1775 trepi-

2197 511 2457 568 adolescit
2494 514 2796 583 posteritas,
2848 523 2905 570 et
2941 516 3117 572 adhuc
3164 519 3321 588 patris
3359 523 3537 595 avique
3583 534 3725 591 tutela

2199 619 2304 658 non
2348 604 2545 659 deficit.
2620 609 2761 678 Ergo
2816 609 2900 665 his
2947 613 3178 668 stimulis
3224 616 3514 691 incitatum,
3565 624 3725 686 doctor

2199 695 2547 763 venerabilis,
2590 700 2802 769 suscipe
2847 702 3221 759 universorum
3248 722 3400 765 voces
3433 712 3723 785 aﬁerentem,

2198 790 2255 838 et
2279 784 2516 839 elevatus
2539 788 2973 847 consideratione
3002 796 3177 847 meriti
3203 810 3379 864 parem
3404 806 3455 855 te
3477 803 3728 864 multorum

2198 873 2368 928 forma
2395 878 2675 932 sententia:
2709 896 2722 932 :
2768 879 2947 938 labora
2985 893 3039 938 ut
3076 887 3295 943 munitio
3320 902 3492 946 nostra
3522 902 3570 950 te
3596 901 3732 954 susti-

2197 980 2363 1027 nente
2400 972 2683 1042 solidetur,
2711 985 2765 1032 et
2793 992 2861 1033 ne
2899 978 3115 1037 inimica
3143 983 3365 1039 arietum
3393 988 3561 1043 vincat
3586 990 3733 1062 impu-

2198 1063 2410 1130 gnatio,
2452 1070 2507 1117 tu
2543 1066 2711 1119 muris
2746 1069 2931 1136 patria:
2966 1071 3264 1128 studiorum
3306 1090 3448 1132 arma
3482 1081 3730 1154 conjunge.

2198 1156 2411 1213 Scimus
2454 1174 2682 1229 quorum
2714 1162 2808 1217 tibi
2853 1163 3067 1222 soboles
3113 1170 3483 1238 committatur,
3526 1183 3578 1229 ut
3614 1178 3732 1246 quod

2198 1268 2387 1314 natura
2428 1261 2660 1316 validum
2705 1265 2940 1334 peperit,
2988 1264 3252 1321 conlortet
3293 1266 3556 1321 industria.
3599 1267 3735 1323 Ducis

2199 1354 2322 1422 erit,
2351 1372 2458 1413 non
2501 1360 2745 1431 originis,
2775 1363 2820 1417 si
2850 1363 2918 1417 de
2945 1363 3045 1417 viri
3093 1362 3244 1417 fortis
3284 1364 3447 1432 stirpe
3473 1362 3632 1418 editus
3658 1363 3735 1417 ha-

2198 1448 2323 1505 heat
2351 1452 2492 1509 inter
2511 1454 2649 1510 bella
2676 1456 3037 1512 formidinem.
3063 1456 3267 1512 Sullicit
3293 1466 3345 1513 te
3367 1459 3442 1512 sic
3468 1458 3735 1512 instructio-
3772 1464 3773 1467 ‘

2199 1542 2283 1595 nis
2310 1551 2414 1599 tuae
2434 1547 2631 1602 sudore
2651 1562 2918 1613 crescere,
2944 1559 3004 1603 ut
3028 1557 3321 1617 praesentes
3342 1563 3526 1618 pueros
3546 1548 3736 1602 formam

2198 1642 2444 1691 veterum
2475 1637 2637 1694 facias
2664 1634 2933 1695 obtinere.
2965 1639 3071 1695 Sed
3100 1639 3250 1695 dicas
3279 1639 3497 1694 forsitan
3525 1657 3537 1691 :
3562 1638 3672 1693 licet
3694 1647 3737 1694 te

2200 1731 2465 1801 professio
2494 1734 2729 1789 sanctior
2758 1745 2964 1805 urgeat,
2999 1751 3085 1791 me
3114 1737 3167 1791 in
3197 1736 3314 1790 istis
3338 1750 3440 1790 non
3466 1733 3613 1789 habet
3631 1745 3737 1787 cura

506 1789 672 1896 datio.
702 1790 924 1896 Quando
946 1792 1117 1896 impar
1142 1793 1193 1848 in
1224 1795 1469 1859 modicis,
1491 1796 1691 1896 sufﬁcit
1717 1797 1768 1850 in
1793 1798 2092 1896 supremis?
2123 1803 2173 1865 Β
2200 1789 2551 1893 ὺοειηηιωη.
2590 1827 2703 1896 E80
2729 1789 2853 1882 sun:
2868 1789 2978 1885 'cu'i
3322 1789 3483 1883 ﬁliam
3519 1835 3671 1881 male,
3694 1832 3739 1879 ει

505 1883 637 1939 Nam
685 1887 775 1953 qui
825 1887 1198 1949 claritudinem
1244 1905 1349 1944 non
1400 1890 1525 1960 styli
1568 1890 1687 1944 luce
1730 1889 2089 1955 commendat,

504 1975 783 2032 obnubilat
833 1997 846 2031 :
894 1989 947 2035 et
991 1982 1134 2035 sicut
1178 1982 1394 2052 ingenio
1444 1982 1797 2037 facundorum
1846 1993 2093 2039 crescunt

505 2066 735 2132 modica,
789 2069 857 2121 ita
906 2070 1148 2126 siccitate
1200 2071 1620 2127 devenustantur
1648 2072 2006 2142 amplissima;
2038 2082 2093 2130 et

503 2156 607 2211 nisi
634 2158 910 2212 restimatis
939 2161 1140 2216 viribus
1163 2163 1494 2231 aggrediaris
1522 2165 1810 2228 sarcinam,
1841 2165 2089 2235 suhjace-

501 2247 607 2301 his.
656 2247 789 2302 Ecce
823 2248 1064 2304 Paterius
1098 2262 1151 2306 et
1184 2254 1414 2307 Severus
1450 2262 1765 2309 ornamenta
1801 2255 2091 2320 curulium,

502 2343 558 2391 et
586 2338 860 2406 parentiva
893 2340 1151 2394 vocabula
1182 2356 1565 2410 purpurarum,
1590 2344 1949 2397 eruditionem
1980 2345 2089 2399 ori-

499 2425 761 2495 ginariam
793 2426 844 2481 in
890 2428 1017 2497 ipsis
1050 2432 1173 2484 vita:
1204 2432 1585 2498 praestolamur
1622 2433 1859 2489 exordiis
1889 2450 1903 2488 :
1936 2433 2089 2488 dedi-

500 2530 727 2589 gnantes
756 2536 861 2576 non
893 2522 1194 2578 studiorum
1224 2523 1554 2593 diligentiam
1585 2538 1705 2578 cum
1736 2539 1929 2590 sapore
1958 2524 2090 2580 hau-

500 2611 611 2665 rire
652 2611 809 2677 lucis,
857 2628 993 2681 quos
1038 2613 1344 2669 indiscretis
1384 2613 1711 2683 temporibus
1756 2614 1849 2669 Dei
1898 2624 2089 2670 natura

499 2699 723 2756 donavit
752 2712 804 2757 et
831 2703 1043 2757 litteris.
1095 2704 1197 2759 Pro
1235 2705 1449 2775 quibus,
1496 2706 1623 2775 quid
1665 2714 1943 2776 parentum
1986 2707 2085 2763 de-

496 2802 654 2848 cora.
696 2790 819 2859 quid
861 2791 1086 2860 insignia
1131 2802 1342 2849 vetusta
1383 2808 1521 2849 novo
1566 2796 1835 2849 mentibus
1884 2796 2086 2852 relator

496 2876 811 2933 insinuem?
857 2882 1097 2936 Levnbor
1137 2881 1241 2937 hoc
1287 2897 1470 2947 onere,
1525 2882 1567 2937 si
1618 2882 1787 2939 fastos
1829 2900 1925 2953 pro
1973 2901 2080 2954 me,

494 2969 729 3037 auditor,
762 2972 1061 3043 interroges
1093 2988 1107 3026 :
1140 2988 1347 3029 mecum
1378 2973 1552 3042 campi
1583 2974 1840 3028 solemnis
1869 2974 1958 3029 illa
1989 2990 2084 3030 vo-

494 3059 755 3128 ciferatio,
790 3078 998 3117 mecum
1028 3064 1288 3119 Severum
1319 3073 1375 3118 et
1395 3064 1663 3118 Paterium
1696 3074 1750 3118 et
1773 3065 1894 3120 aula
1924 3081 2083 3122 vene-

494 3158 645 3203 ratur
670 3161 725 3205 et
760 3151 907 3205 curia
938 3169 950 3204 :
983 3167 1207 3220 quorum
1238 3153 1478 3221 quamvi~~
1511 3152 1710 3206 familia
1742 3155 1936 3208 meruit
1977 3156 2082 3210 sci-

495 3235 683 3304 piones
728 3248 780 3293 et
827 3240 1063 3307 trabeas;
1104 3242 1339 3310 seposita
1384 3249 1561 3296 tamen
1600 3242 1666 3296 ad
1707 3252 1916 3313 tempus
1957 3245 2083 3302 dote

495 3328 793 3395 sanguinis,
827 3330 967 3398 quod
998 3344 1250 3384 occasum
1296 3345 1393 3399 per
1440 3332 1727 3401 dignitates
1760 3344 1815 3389 et
1842 3345 1964 3405 post
1997 3352 2081 3393 se-

496 3415 679 3483 pulcra
725 3418 991 3484 nesciunt,
1042 3418 1281 3473 moribus
1330 3432 1640 3491 exegerunt.
1687 3422 1933 3493 Mentior,
1981 3427 2081 3482 nisi

495 3509 626 3560 vivit
652 3507 939 3563 “l'atcrins
968 3510 1019 3563 in
1052 3509 1304 3579 opinione
1325 3510 1623 3576 doctorum.
1650 3523 1705 3568 et
1730 3529 1950 3583 pereunt
1973 3532 2081 3573 tere

495 3584 777 3664 formatus,
808 3599 950 3653 illam
981 3600 1303 3670 eloquentiae
1340 3601 1531 3671 palmis
1560 3603 1792 3659 nobilem
1824 3607 1963 3661 inter
1991 3622 2081 3675 pe-

395 3684 408 3697 ’
494 3689 627 3745 ritos
676 3700 960 3760 praesentat
1007 3693 1261 3763 effigiem.
1325 3695 1522 3749 llorum
1574 3697 1858 3765 prosapies
1904 3698 2080 3757 adhuc

492 3785 709 3855 quidem
748 3801 931 3855 parva,
972 3787 1082 3857 jam
1126 3790 1379 3852 maxima,
1422 3800 1689 3858 gemmata
1735 3790 2079 3860 pubescentis

491 3876 696 3932 flosculi
728 3894 820 3932 ora
853 3879 1166 3947 prazfereus,
1189 3881 1335 3934 vocis
1361 3881 1664 3950 praesidium
1687 3881 1827 3950 quod
1859 3882 2080 3938 exhibe-

489 3968 589 4034 bit,
618 3970 890 4040 implorat,
914 3971 1015 4025 hoc
1042 3971 1187 4025 taciti
1211 3986 1438 4040 poscens
1462 3971 1779 4041 allegatione
1800 3973 2074 4041 colloquii.

490 4061 678 4115 Juvate
700 4062 969 4129 parvulos,
996 4077 1131 4130 quos
1157 4062 1418 4115 habebitis
1442 4063 1627 4130 patria:
1652 4077 1772 4115 mox
1798 4075 2074 4131 patentes:

490 4150 781 4218 impendite
809 4150 1055 4220 praesidia
1082 4150 1476 4217 defensoribus,
1510 4161 1564 4206 et
1594 4162 1830 4221 pugnate
1868 4169 1962 4223 pro
2002 4166 2076 4211 te-

491 4241 656 4305 neris,
687 4258 752 4296 ne
781 4242 1101 4297 maturiores
1131 4258 1247 4295 aevo
1274 4244 1687 4300 succumbamus
1726 4261 1820 4314 pro
1859 4248 2077 4303 univer-

489 4329 646 4385 sitate
676 4331 955 4387 bellantes.
991 4334 1150 4388 Scitis
1175 4347 1293 4403 quae
1320 4332 1511 4387 domus
1539 4349 1636 4403 pro
1664 4337 1902 4405 generali
1936 4339 2077 4393 cala-

488 4421 674 4478 mitate
699 4423 941 4488 desudet,
968 4427 1049 4480 cui
1079 4424 1338 4479 debeatur
1364 4440 1459 4494 pro
1486 4429 1757 4481 communi
1789 4432 2076 4488 securitate

487 4514 658 4569 litatio
692 4533 702 4567 :
738 4531 767 4570 a
796 4533 897 4587 qua
938 4518 1150 4571 fluxerit
1192 4518 1331 4587 quod
1365 4517 1505 4571 inter
1547 4519 1771 4574 adversa
1813 4522 1950 4575 inter
1980 4538 2074 4577 vos

487 4605 717 4659 civilitas
749 4623 852 4660 non
884 4608 1111 4661 vacillat.
1152 4607 1322 4661 Debet
1354 4608 1503 4661 vobis
1531 4611 1679 4679 origo
1708 4619 1888 4663 nostra
1931 4610 2069 4669 hanc

487 4696 822 4750 tributariam
872 4696 1226 4763 iunctionem,
1270 4707 1328 4752 ut
1380 4712 1595 4767 semper
1638 4698 1836 4752 nutriat
1882 4702 2068 4768 patriae

485 4801 599 4841 sum
641 4788 755 4840 sine
794 4787 1190 4842 inteimissioue
1220 4788 1487 4842 custodes.
1527 4790 1663 4859 Ergo
1693 4788 1738 4843 si
1780 4799 1904 4843 uota
1944 4803 2068 4847 sunt

486 4876 637 4929 vobis
663 4875 797 4929 bona
826 4875 1081 4945 germinis
1124 4878 1313 4941 nostri,
1354 4878 1636 4932 inserenda
1667 4879 1936 4948 suggerite
1965 4896 1978 4933 :
2010 4890 2067 4938 ut

485 4970 626 5036 quod
654 4969 781 5022 nitet
804 4968 853 5022 in
878 4968 1101 5033 semine,
1127 4969 1337 5023 cultura
1360 4971 1598 5027 meliorct
1623 4990 1634 5024 :
1660 4972 1855 5027 habeat
1877 4987 2064 5043 ccspcs

484 5058 650 5112 radici
699 5058 1072 5113 obsecundans
1120 5075 1305 5130 poma,
1353 5077 1469 5132 quae
1516 5063 1727 5117 tribuat.
1776 5063 1892 5117 Non
1937 5075 2064 5122 sunt

485 5151 790 5219 peregrina,
841 5167 945 5206 non
988 5150 1206 5222 fugitiva
1241 5168 1361 5223 qua:
1406 5154 1692 5223 poscimus.
1737 5154 1791 5209 Si
1830 5153 1973 5210 Eleis
2009 5168 2063 5212 et

481 5251 772 5323 Olympicis
801 5252 1134 5308 conﬂictibus
1161 5254 1389 5308 nutritur
1417 5253 1635 5309 eculeus
1665 5253 1729 5308 de
1751 5256 2063 5323 parentibus

479 5356 799 5420 testitttatus,
832 5372 929 5412 nos
968 5357 1140 5413 adhuc
1178 5358 1566 5428 prolicientium
1606 5366 1907 5411 creatorum
1939 5374 2058 5412 mu-

480 5457 690 5512 uiamur
716 5458 994 5529 exemplis.
1036 5458 1194 5513 Vobis
1219 5468 1419 5513 tantum
1454 5456 1793 5527 prtebuerunt
1817 5455 2058 5526 obsequLi

593 5598 724 5673 Vivit
745 5600 999 5673 Pateriusl
1031 5599 1263 5673 Petronii
1290 5599 1505 5673 Maximi
1532 5613 1564 5650 tt
1592 5595 1825 5651 consulis
1855 5595 2054 5673 collega

480 5683 620 5723 anno
647 5668 1335 5749 “set-anteconsulatum
1369 5668 1650 5749 prajfectus
1680 5670 1960 5749 praetorio,
2000 5677 2056 5721 ut

483 5748 707 5819 testatur
752 5742 1103 5798 Valentiniani
1158 5748 1295 5811 Aug.
1324 5737 1647 5819 novella_ad
1688 5752 1818 5819 .eum
1864 5738 2048 5817 missa.

484 5810 755 5868 Enuodius
790 5828 982 5869 tuream
1016 5829 1228 5884 quoque
1249 5809 1495 5868 statuam
1530 5809 1787 5866 doctrina:
1834 5809 2050 5864 nomine

2198 1920 2350 1989 virgo
2385 1920 2523 1975 sacri
2564 1920 2722 1975 fontis
2752 1921 2905 1976 alvus
2941 1921 3129 1977 effudit
3162 1940 3174 1974 :
3207 1936 3307 1991 ego
3347 1922 3400 1975 in
3441 1919 3619 1974 anima:
3643 1916 3739 1986 ejus

2196 2011 2430 2067 secunda
2454 2012 2729 2067 uativitate
2758 2024 2851 2067 aut
2877 2014 3209 2068 recreatione
3239 2027 3355 2068 sum
3377 2010 3575 2081 genitor
3596 2025 3609 2062 :
3630 2018 3739 2076 ergo

2197 2101 2483 2169 peculiaris
2507 2101 2823 2156 eruditionis
2851 2104 2967 2171 ejus
2990 2117 3076 2157 me
3101 2101 3336 2171 provisio
3364 2098 3595 2170 respicit,
3614 2094 3741 2165 cujus

2196 2199 2350 2260 pater
2376 2199 2431 2245 et
2455 2189 2594 2246 inter
2616 2191 2855 2248 caelestia
2886 2208 3004 2248 sum
3028 2202 3271 2249 vocatus.

2790 2280 3013 2336 DICTIO
3052 2280 3193 2336 XIV.

2375 2364 2444 2421 In
2471 2368 2711 2441 legatum,
2740 2371 2827 2441 qui
2856 2372 3078 2441 patriam
3105 2370 3335 2426 hostibus
3359 2369 3589 2441 prodidit.

2678 2476 3073 2517 CONTBOVERSIA
3110 2478 3298 2517 PRIMA.

2267 2548 2321 2604 Si
2348 2549 2697 2606 excellentius
2720 2552 2925 2607 crimen
2950 2560 3055 2620 est,
3083 2551 3231 2622 quod
3257 2552 3415 2621 digna
3439 2546 3745 2606 veneratione

2193 2655 2421 2709 persona
2450 2644 2799 2711 commiserit,
2830 2645 3058 2711 habetis,
3077 2645 3315 2714 judices,
3347 2646 3397 2699 in
3427 2658 3533 2700 uno
3560 2642 3746 2699 homine

2190 2736 2298 2791 duo
2337 2735 2721 2804 diversissima,
2768 2747 2823 2794 et
2861 2738 3146 2808 proditoris
3185 2742 3469 2806 meritum,
3506 2746 3558 2793 et
3594 2749 3745 2791 sacra-

2189 2836 2432 2883 mentum
2481 2829 2662 2900 legati.
2707 2831 2812 2887 Sed
2860 2832 3089 2887 vincitur
3132 2833 3186 2887 in
3240 2832 3372 2903 ipsis
3398 2847 3498 2887 vox
3525 2837 3747 2901 superata

2188 2920 2495 2987 primordiis
2526 2935 2539 2971 :
2570 2919 2779 2975 facinus
2825 2922 2919 2976 vix
2962 2922 3156 2992 credo,
3201 2924 3352 2994 quod
3394 2937 3553 2991 arguo
3588 2936 3603 2975 :
3644 2921 3746 2990 quis

2186 3010 2415 3064 aestimet
2451 3011 2504 3064 in
2535 3010 2798 3065 vocabulo
2825 3011 3144 3083 integritatis
3172 3021 3598 3069 consummatam
3625 3010 3748 3067 ceci-

2186 3097 2333 3154 disse
2376 3098 2676 3168 perﬁdiam.
2722 3100 2975 3170 Cogimur
3013 3100 3229 3167 dicere,
3270 3105 3392 3175 quia
3429 3102 3501 3158 nil
3538 3101 3650 3157 mali
3670 3106 3748 3154 aut

2105 3182 2155 3248 C
2186 3191 2425 3261 proditor
2468 3198 2688 3256 metuat,
2738 3200 2833 3244 aut
2872 3206 3032 3247 verus
3056 3193 3286 3262 .Iegatus
3329 3193 3588 3249 admittat.
3632 3187 3750 3259 Quid

2187 3282 2516 3336 accusationi
2541 3296 2673 3336 mea:
2702 3296 2799 3352 pro
2827 3282 3133 3337 innocentia
3162 3299 3367 3339 nomen
3399 3282 3647 3355 opponis?
3682 3280 3750 3335 iu-

2184 3384 2498 3443 sequentem
2542 3388 2729 3444 posses
2774 3374 3035 3443 effugere,
3080 3376 3125 3429 si
3174 3390 3335 3431 esses
3371 3373 3590 3431 meritus
3630 3368 3751 3443 quod

2184 3466 2415 3520 vocaris.
2444 3463 2611 3519 Nemo
2640 3464 2850 3519 cautius
2877 3465 3047 3520 malus
3072 3474 3158 3521 est
3181 3482 3351 3537 quam
3380 3470 3469 3537 Qui
3497 3462 3751 3522 abscondi-

2184 3565 2268 3612 tur
2313 3558 2411 3613 sub
2448 3557 2807 3628 appellatione
2851 3558 3105 3627 pietatis:
3145 3569 3329 3615 tutum
3366 3570 3448 3615 est
3487 3555 3752 3628 iniquitatis

2184 3648 2521 3713 exercitium,
2559 3647 2702 3717 quod
2733 3647 3030 3702 honestatis
3060 3651 3261 3719 tegitur
3304 3650 3631 3705 indumento.
3666 3646 3753 3701 Fa<

2184 3748 2358 3792 cessat
2413 3738 2743 3809 propositum
2804 3739 3087 3809 prmstigiis
3146 3742 3335 3810 potius
3384 3744 3754 3811 quam'meute

2184 3839 2430 3883 constare
2462 3843 2477 3880 :
2507 3840 2758 3884 enervata
2800 3828 3044 3885 defensio
3082 3841 3187 3898 est,
3234 3848 3361 3904 quae
3397 3832 3522 3888 nudi
3556 3829 3754 3885 honoris

2183 3916 2370 3971 nititur
2398 3917 2528 3972 nihil
2557 3918 2782 3972 valitura
2815 3918 3143 3974 testimonio.
3176 3920 3249 3976 Ut
3280 3922 3562 3977 nocentior
3586 3923 3753 3976 contra

2184 4007 2408 4074 patriam
2450 4007 2728 4074 existeres,
2758 4006 2904 4062 viam
2936 4007 3027 4064 tibi
3066 4011 3297 4067 consilia
3335 4022 3519 4068 nostra
3557 4025 3754 4083 peperc‘

2183 4108 2307 4153 runt
2337 4116 2351 4152 :
2384 4114 2481 4153 nos
2515 4101 2743 4172 egimus,
2774 4109 2835 4155 ut
2868 4100 3056 4158 fortior
3090 4101 3286 4177 hostis,
3316 4106 3447 4161 dum
3476 4116 3753 4176 propugna-

2184 4198 2353 4243 torem
2398 4192 2707 4259 quaerimus,
2757 4205 3089 4262 appareres:
3128 4208 3239 4249 non
3288 4196 3613 4252 sentiremus
3651 4206 3755 4265 quae

2182 4282 2427 4353 irrogasti
2479 4284 2665 4353 patriae
2707 4283 3109 4341 inimicitiarum
3157 4289 3429 4357 pondera,
3478 4290 3579 4344 nisi
3626 4301 3754 4343 sum-

2181 4376 2412 4442 psissenl
2440 4374 2508 4429 al)
2535 4375 2890 4431 amicitiarum
2917 4378 3174 4447 religione
3203 4381 3557 4452 principium.
3587 4380 3757 4436 Exter-

2180 4463 2263 4517 nis
2289 4463 2611 4518 adversariis
2636 4465 2753 4519 sine
2782 4464 2964 4525 labore
2987 4468 3378 4537 congredimur
3402 4486 3418 4526 :
3452 4471 3652 4526 inerme
3674 4483 3755 4539 pe-

2101 4563 2152 4623 ι)
2176 4562 2295 4607 ctus
2322 4544 2547 4618 invenit,
2570 4552 2662 4624 qui
2690 4553 2756 4609 de
2781 4555 2965 4625 gratiae
2987 4555 3140 4628 fruge
3164 4557 3217 4612 in
3245 4558 3507 4616 affectum
3530 4575 3759 4630 prorum-

2178 4646 2253 4712 pit
2295 4644 2493 4698 inimici
2525 4661 2536 4697 :
2570 4647 2777 4715 egimus
2821 4645 3039 4701 foederis
3080 4658 3351 4718 tempore,
3380 4661 3440 4706 ut
3469 4650 3756 4722 generalem

2173 4732 2574 4800 adversarium,
2623 4735 2749 4803 quid
2788 4746 3036 4805 gravaret
3078 4737 3348 4808 patriam,
3400 4755 3512 4796 non
3559 4740 3756 4795 lateret.

2176 4823 2278 4877 Iste
2305 4825 2471 4892 enim,
2501 4825 2834 4893 cognitorum
2864 4825 3309 4895 splendidissimi,
3336 4831 3387 4887 si
3415 4830 3757 4902 negligentius

2174 4914 2225 4968 in
2256 4925 2506 4983 suscepto
2546 4914 2759 4970 functus
2789 4916 2988 4984 ofﬁcio,
3023 4934 3116 4989 per
3144 4921 3315 4976 animi
3351 4923 3572 4979 taedium
3600 4923 3760 4979 socio-

2172 5020 2288 5059 rum
2333 5006 2629 5060 commodis
2676 5006 2985 5076 institisset,
3036 5010 3263 5079 capitale
3311 5026 3624 5070 mererrtur
3657 5014 3759 5070 exi-

2170 5100 2300 5153 tium
2335 5118 2347 5152 :
2376 5100 2533 5170 quale
2572 5109 2654 5155 est
2686 5102 2995 5157 enuntiasse
3021 5101 3269 5160 hostibus
3308 5106 3531 5163 interna
3561 5109 3758 5178 patriae,

2169 5208 2265 5262 pro
2308 5193 2498 5262 quibus
2540 5201 2777 5266 certasse
2815 5192 3154 5264 sacrilegium
3201 5194 3348 5252 fuit?
3401 5199 3599 5269 quibus
3647 5208 3761 5251 sunt

2168 5282 2427 5352 expianda
2480 5281 2791 5349 tortoribus,
2834 5282 3046 5352 quando
3088 5284 3217 5339 illud
3258 5287 3597 5355 perdideris.
3630 5285 3761 5357 quod

2168 5372 2316 5427 nefas
2353 5380 2435 5427 est
2475 5387 2582 5426 non
2608 5372 2843 5439 iuvisse?
2880 5374 3095 5443 quantis
3129 5376 3383 5432 colorum
3418 5378 3761 5434 varietatibus

2166 5474 2219 5520 et
2243 5464 2541 5519 urbanitate
2571 5463 2749 5519 lethali
2781 5463 2848 5518 ad
2876 5463 2976 5519 hoc
3010 5466 3304 5536 perductus
3342 5470 3673 5547 mstimatur,
3711 5475 3763 5520 ut

2164 5598 2375 5651 Paterio
2410 5597 2637 5666 positam
2679 5595 2845 5651 fuisse
2885 5604 3180 5666 srgnthcat,
3223 5597 3281 5652 in
3334 5598 3462 5655 foro
3510 5609 3756 5656 ntmtrum

2160 5668 2410 5737 Trajauo,
2435 5668 2523 5721 ubi
2553 5681 2668 5721 mos
2694 5676 2828 5731 erat,
2854 5668 3105 5724 Sidonius
3128 5686 3143 5722 :

2408 5774 2544 5838 Ulpia
2566 5775 2695 5837 quod
2721 5776 2887 5825 rutilat
2907 5779 3117 5839 porticus
3140 5790 3240 5827 aere
3268 5790 3391 5831 meo
