3974 6366
1659 390 2036 455 DlCTlONES.

2256 348 2283 365 ο

3352 406 3458 466 290

170 506 320 577 legati
347 519 649 577 personam
677 514 954 577 putaretur
985 506 1245 577 implere?
1277 505 1426 562 Solet
1450 505 1620 563 virtus
1648 522 1770 577 quae
1796 511 1852 568 Α
1878 523 1977 579 pus
2006 508 2197 565 afﬂixit
2228 526 2241 564 :
2274 520 2540 579 postrema
2571 522 2651 568 est
2682 513 2737 569 in
2775 515 3047 571 novercali
3094 515 3461 585 indignatione

174 598 349 653 innata
388 612 500 652 non
550 598 729 662 fuerit,
777 613 906 653 cura
952 607 1008 655 et
1052 599 1393 654 nutrimentis
1436 596 1659 664 institui,
1715 608 1769 654 et

173 688 399 743 transire
443 688 499 743 in
538 688 822 756 affectum,
860 690 1002 760 quod
1039 689 1231 746 ieceris
1265 690 1444 746 studio
1482 690 1763 745 falsitatis:

173 795 262 835 usu
329 782 637 836 honestatis
699 782 863 837 robur
921 782 1258 852 adipiscitur,
1298 784 1386 853 qui
1429 784 1625 839 bonum
1667 785 1770 839 sub

174 867 525 924 diuturnitate
553 872 829 926 mentitur.
858 870 1115 927 Servasse
1143 872 1319 927 adhuc
1340 872 1768 932 benevolentiam

174 962 493 1031 captiosam,
522 962 626 1017 nisi
656 962 986 1032 inspexisses
1011 962 1237 1019 laedendi
1266 963 1459 1019 callem
1490 964 1771 1034 legationis

175 1052 320 1107 clave
365 1062 698 1110 reseratum.
750 1053 880 1109 Tale
915 1063 1020 1121 est,
1063 1069 1127 1109 ac
1155 1055 1200 1109 si
1226 1056 1384 1125 aegris
1413 1055 1513 1109 sub
1540 1054 1768 1110 febrium

174 1143 471 1215 iactatione
529 1144 907 1213 languentibus
958 1144 1219 1199 allaturus
1268 1145 1492 1199 salutem
1555 1154 1773 1200 curator

176 1231 458 1298 adveniat,
492 1242 547 1289 et
579 1234 813 1289 animam
855 1236 905 1288 in
940 1236 1303 1305 penetralibus
1330 1236 1442 1291 suis
1471 1236 1573 1290 sub
1605 1237 1773 1291 medi-

178 1323 329 1379 cinali
359 1325 559 1394 _speeie
595 1326 915 1380 exclusurus
962 1326 1197 1396 iuquirat
1230 1345 1241 1379 :
1281 1328 1432 1398 quis,
1463 1342 1616 1397 rogo,
1648 1327 1773 1384 huic

177 1428 275 1469 non
306 1414 512 1483 pandat
536 1425 743 1471 secreta
766 1416 1029 1480 vitalium,
1051 1428 1105 1473 et
1136 1418 1188 1472 in
1216 1418 1411 1488 quibus
1439 1418 1615 1473 adhuc
1641 1420 1775 1475 locis

178 1508 321 1576 vigor
362 1507 646 1571 subsistat,
688 1508 1006 1563 aununtiet?
1047 1509 1216 1564 facilis
1251 1509 1624 1579 exstinguendi
1672 1510 1776 1566 mi-

178 1597 441 1652 nistratur
468 1597 685 1653 occasio
712 1597 788 1652 illi
813 1612 843 1651 a
864 1613 971 1667 quo
998 1599 1199 1654 sanitas
1230 1600 1547 1669 postulatur.
1574 1599 1665 1656 Sic
1698 1609 1773 1668 te,

178 1693 542 1762 impurissime
574 1693 875 1758 hominum,
914 1691 1176 1749 adversus
1207 1708 1306 1749 nos
1342 1693 1654 1749 intimorum
1690 1711 1777 1750 re-

177 1786 454 1843 seratione
501 1785 849 1841 munivimus.
896 1784 975 1839 Ex
1016 1796 1196 1841 vestro
1234 1800 1401 1853 nunc,
1440 1787 1772 1855 cognitores,

1874 600 2025 656 necis
2051 600 2349 655 exsecutio.
2376 601 2575 657 Vellem
2604 604 2658 657 in
2690 606 3051 669 accusatione,
3074 605 3307 675 judices,
3338 607 3462 663 diu-

1875 690 1983 744 tius
2032 692 2340 757 immorari,
2400 691 2497 745 nisi
2552 692 2863 750 l‘aciuorosze
2922 711 3134 765 pinnam
3197 698 3460 766 prolixior

1881 778 2063 849 lingua
2104 779 2363 835 differret.
2390 779 2643 837 Nolumus
2671 799 2803 852 quas
2841 788 3107 853 peroranti
3146 786 3458 853 conceditis,

1876 880 1936 923 ut
1968 870 2261 925 addicenda
2302 871 2354 926 in
2398 873 2518 927 luce
2562 884 2829 929 mereatur
2872 877 3129 932 inducias.
3164 879 3459 948 Quotiens,

1875 960 2260 1016 scelestissima
2289 961 2641 1030 feminarum,
2675 964 2914 1019 subdolis
2960 968 3257 1037 privignum
3285 968 3463 1026 fovisti

1876 1053 2248 1121 complexibus
2285 1066 2509 1109 matrem
2540 1056 2803 1111 mentita?
2829 1058 3076 1125 quotiens
3103 1058 3333 1113 innoxiis
3370 1074 3466 1129 po-

1879 1143 2115 1198 tionibus
2164 1145 2349 1214 egisti,
2392 1154 2449 1198 ut
2494 1145 2561 1199 de
2617 1160 2777 1200 manu
2823 1155 2911 1201 tua
2963 1157 3186 1202 mortem
3239 1164 3463 1205 securus

1882 1236 2191 1306 acciperet?
2215 1235 2441 1306 Captata
2486 1238 2624 1305 sitis,
2660 1246 2870 1308 tempus
2900 1247 2955 1294 et
3008 1239 3222 1293 bibendi
3279 1255 3463 1295 neces-

1884 1327 2098 1382 sitatem
2127 1327 2264 1383 forte
2291 1337 2349 1381 ut
2370 1328 2526 1383 citius
2554 1328 2754 1384 lethum
2799 1332 3123 1401 porrigeres,
3151 1333 3407 1388 exorabat
3446 1351 3463 1391 :

1879 1418 2115 1473 habuisti
2162 1420 2530 1475 misericordis
2569 1420 2872 1489 opinionem
2914 1422 3137 1491 privigni
3180 1422 3463 1478 desideriis

1880 1511 2278 1581 obsequendo:
2322 1514 2571 1581 quotiens
2626 1523 2858 1568 matrum
2926 1514 3042 1571 loca
3095 1515 3347 1581 tenuisti,
3406 1527 3465 1569 ut

1880 1618 2169 1657 novercam
2224 1605 2390 1659 tutius
2446 1604 2769 1661 exhiberes?
2809 1606 2990 1673 Solet,
3031 1605 3291 1663 libertatis
3330 1622 3465 1677 prae-

1880 1693 2047 1760 sules,
2064 1696 2115 1749 in
2139 1695 2403 1764 conjugali
2424 1697 2693 1751 consortio
2716 1696 2873 1752 unius
2891 1698 3090 1753 sobolis
3110 1708 3169 1753 ut
3185 1713 3467 1755 commune

1880 1784 2075 1855 pignus
2124 1787 2363 1853 attendi,
2401 1788 2527 1843 dum
2576 1788 2787 1844 aliectio
2832 1805 2990 1859 quam
3039 1801 3190 1859 pater
3237 1791 3468 1847 obtinuit

178 1876 387 1946 pendet
414 1870 634 1931 arbitrio
654 1916 670 1941 ,
720 1871 768 1930 si
799 1891 888 1945 qut
918 1875 1151 1944 peccatis
1182 1875 1308 1931 vicit
1336 1874 1635 1942 universos,
1666 1891 1776 1932 non
1806 1885 1861 1949 Β
1887 1880 2077 1934 transit
2114 1880 2182 1935 ad
2217 1879 2381 1935 lilium
2425 1901 2438 1934 :
2484 1882 2869 1938 decedentibus
2906 1884 3188 1949 matronis,
3230 1885 3468 1940 virorum

178 1966 341 2023 debet
371 1981 560 2022 omnes
590 1981 714 2023 reos
742 1981 1000 2035 superare
1031 1967 1329 2037 suppliciis.
1385 1967 1695 2023 Nascitnras
1721 1969 1779 2024 in

181 2067 456 2128 posterum
492 2060 676 2128 culpas
704 2054 929 2113 incidite
964 2072 978 2111 :
1009 2058 1219 2114 eveniet
1249 2074 1313 2113 ex
1356 2059 1513 2114 unius
1538 2060 1781 2115 cruciatu

182 2149 551 2220 generalitatis
603 2148 930 2206 emendatio.
993 2150 1175 2205 Genus
1225 2148 1441 2219 pietatis
1483 2160 1585 2215 esr,
1637 2152 1781 2205 circa

184 2239 390 2296 hostem
449 2240 638 2313 patria:
682 2254 804 2294 esse
844 2238 1177 2306 districtum,
1240 2253 1308 2293 ne
1361 2237 1489 2293 dum
1538 2254 1784 2308 personat

185 2332 430 2403 parcitis.
462 2330 534 2387 ad
562 2331 956 2387 incrementum
993 2329 1121 2384 vitia
1165 2328 1482 2399 provocetis.

807 2440 1035 2499 DICTIO
1060 2441 1174 2496 XV.

190 2568 247 2625 In
278 2584 578 2633 novercam,
609 2582 725 2637 qua:
766 2581 879 2619 cum
908 2567 1109 2637 ξηιαγὶιο
1152 2564 1373 2633 privigni
1410 2563 1531 2637 odia
1568 2562 1785 2618 suadere

442 2656 549 2694 non
581 2634 781 2710 posset,
814 2635 1043 2706 utrisque
1069 2650 1257 2688 venena
1286 2634 1532 2705 porrexit.

651 2752 1046 2795 CONTBOVERSIA
1067 2751 1325 2792 SECUNDA.

256 2846 458 2912 Adest,
486 2844 717 2915 iudices,
749 2855 976 2897 noverca
1002 2881 1015 2903 ,
1060 2854 1180 2910 quae
1210 2849 1268 2893 ut
1296 2835 1587 2925 satisfaciat
1613 2835 1774 2906 odiis,

200 2956 299 2997 non
330 2939 508 3011 parcit
540 2936 823 2993 aliectibus
859 2954 870 2987 :
900 2949 1057 3005 quam
1092 2948 1158 2989 ne
1190 2932 1467 3003 privignus
1492 2930 1780 2998 evaderet,

194 3034 346 3105 elegit
372 3033 609 3088 miscere
640 3029 758 3099 ejus
787 3026 997 3082 casibus
1021 3066 1035 3090 ,
1065 3040 1224 3095 quem
1254 3024 1447 3078 dilexit
1481 3040 1493 3075 :
1526 3037 1646 3093 quae
1675 3036 1782 3076 sa:-

194 3126 537 3181 vissimarum
581 3136 733 3177 more
773 3119 1101 3182 belluarum,
1140 3115 1209 3171 de
1246 3114 1487 3171 confusis
1522 3112 1785 3168 mortibus

188 3220 450 3274 tesseram
486 3216 645 3281 fecit,
669 3213 859 3284 dignos
892 3210 1025 3265 letlii
1060 3207 1196 3264 forte
1236 3206 1532 3273 aestimans,
1555 3204 1785 3276 quicun-

195 3324 291 3377 que
340 3322 469 3363 cum
510 3304 733 3360 inimico
781 3302 928 3356 illius
980 3308 1205 3370 potuere
1261 3296 1535 3351 trucidari.
1596 3296 1787 3364 nuptis

195 3404 464 3474 repagulis
496 3399 709 3469 accepit
747 3396 896 3452 furor
925 3395 1042 3465 ejus
1084 3391 1434 3455 exercitium,
1467 3388 1621 3460 quasi
1666 3390 1787 3444 neci

196 3494 511 3564 deputatum
545 3490 818 3562 perimens
853 3484 1114 3557 quidquid
1155 3482 1412 3539 occurrit.
1442 3479 1793 3536 Generalitati

196 3586 495 3657 perniciosa
536 3598 659 3639 esse
697 3580 1031 3648 desiderans,
1071 3578 1175 3632 nisi
1220 3575 1545 3632 defecissent
1580 3574 1790 3641 toxica,

196 3680 366 3735 adhuc
394 3680 477 3734 ira
512 3674 795 3733 crescebat
829 3690 842 3726 :
876 3673 1063 3726 hausta
1090 3678 1216 3725 sunt
1250 3684 1278 3722 a
1309 3668 1516 3723 duobus
1551 3682 1792 3734 venena,

197 3786 312 3839 qua:
352 3769 559 3840 reperit
598 3786 612 3821 :
655 3766 795 3835 quod
844 3765 897 3819 in
944 3761 1172 3817 aliorum
1230 3770 1539 3816 servaretur
1592 3758 1783 3826 exitio,

200 3877 303 3917 non
329 3860 614 3917 remansit.
642 3858 785 3912 Heu!
812 3852 1265 3926 quemadmodum
1296 3852 1499 3921 gemuit
1528 3849 1797 3906 defectum

205 3956 425 4025 poculi,
451 3969 575 4009 cum
612 3951 873 4006 cadavera
918 3962 1087 4019 pauca
1118 3945 1491 4016 conspiceret,
1526 3943 1798 4013 indignata

210 4049 308 4104 sibi
356 4048 501 4118 quod
549 4047 616 4101 de
666 4046 879 4100 funesto
906 4043 1111 4113 liquore
1148 4040 1265 4110 plus
1318 4038 1604 4103 defunctis,
1639 4051 1802 4107 quam

204 4140 342 4211 quod
376 4140 684 4202 occideret,
712 4138 879 4192 dedit.
903 4134 1159 4203 Quaesivit
1187 4132 1253 4189 de
1282 4132 1669 4189 exstincturum
1694 4132 1805 4186 vis-

205 4234 418 4289 ceribus
436 4231 669 4302 pretium
688 4229 877 4284 mortis
899 4227 1113 4292 alieuze,
1130 4226 1174 4279 si
1193 4225 1452 4291 licuisset,
1469 4222 1802 4287 abstrahere;

208 4338 266 4381 ut
296 4326 544 4396 plurimis
567 4339 665 4393 per
688 4332 867 4394 guttas
897 4321 1000 4375 fata
1024 4318 1389 4388 dispergeret,
1419 4327 1477 4370 ut
1504 4314 1805 4369 animarum

207 4418 503 4488 penetralia
534 4416 686 4471 virus
716 4413 896 4469 nobile
931 4412 1250 4482 possideret.
1284 4409 1426 4464 Ante
1468 4406 1811 4477 experimen-

208 4518 319 4565 tum
345 4509 686 4580 perniciosus
698 4504 1073 4561 eﬂuudeliatur
1085 4502 1278 4556 humor
1302 4501 1355 4555 in
1382 4499 1659 4567 poculum:
1686 4498 1814 4553 fecit

209 4615 326 4657 eam
355 4600 483 4671 quid
512 4598 867 4670 perdidisset,
887 4608 1200 4666 agnoscere,
1227 4603 1503 4661 postquam
1534 4592 1602 4647 de
1638 4591 1813 4646 succis

209 4694 613 4750 abundantibus
642 4702 842 4761 paucos
872 4687 1153 4744 exstinxit.
1186 4684 1411 4741 Ubinam
1444 4684 1682 4753 gentium
1713 4682 1814 4739 fuit

212 4789 429 4843 animus
449 4782 750 4854 conjugalis
769 4779 1097 4850 diligentias?
1121 4775 1208 4832 ubi
1232 4774 1490 4830 maritalis
1509 4788 1817 4828 sacramen-

213 4888 325 4935 tum
349 4877 595 4949 copulae?
618 4874 748 4929 Plus
772 4872 877 4944 egit
902 4869 1150 4943 privigni,
1172 4883 1329 4937 quam
1353 4867 1459 4923 tori
1484 4865 1814 4924 recordatio:

214 4971 350 5026 dum
400 4966 724 5025 immanitati
762 4963 1096 5032 obsequitur,
1131 4958 1394 5029 effugatus
1421 4966 1504 5014 est
1534 4957 1632 5010 viri
1676 4971 1818 5026 prae.

210 5062 397 5118 sentis
433 5060 659 5115 affectus
690 5074 705 5112 :
738 5054 965 5111 credidit
995 5054 1049 5108 in
1093 5047 1414 5120 quocunque
1451 5050 1664 5103 vivente
1702 5047 1817 5117 pri-

212 5156 373 5227 vigni
428 5166 713 5210 remanere
753 5163 915 5219 posse
971 5144 1346 5201 substantiam.
1398 5141 1595 5196 Lucem
1653 5138 1822 5195 voluit

210 5249 446 5319 profana
467 5242 821 5309 confundere,
842 5237 1123 5294 ethumani
1140 5233 1353 5306 generis
1371 5246 1600 5288 messem
1619 5232 1822 5286 mundo

210 5342 443 5396 labente
494 5336 699 5394 succidi
742 5352 757 5388 :
796 5330 1057 5405 quidquid
1114 5329 1166 5383 in
1223 5341 1470 5382 occasum
1530 5324 1705 5395 potuit
1742 5324 1823 5379 ire

212 5433 572 5506 praecipitans
612 5432 848 5484 veternis
904 5424 1061 5480 Erebi
1115 5421 1323 5492 legibus
1378 5419 1519 5474 diem
1578 5428 1822 5473 nostrum

210 5527 454 5599 cupiens
485 5525 748 5582 scelerata
781 5521 1101 5577 submittere
1138 5537 1149 5569 :
1185 5533 1253 5573 ne
1280 5516 1426 5571 illam
1460 5514 1545 5570 vel
1582 5521 1703 5583 post
1740 5513 1825 5567 in-

209 5620 387 5675 ferna
417 5618 636 5673 odiosus
652 5615 962 5685 inspiceret.
985 5607 1210 5678 Quantis
1235 5608 1489 5678 gradibus
1510 5617 1563 5663 et
1586 5605 1827 5677 profectu

210 5710 502 5767 scelerum
532 5708 599 5773 ad
624 5720 831 5763 venena
871 5700 1185 5760 descendit?
1210 5701 1310 5755 Diu
1341 5701 1564 5755 exitium
1590 5698 1823 5764 distulit,

206 5800 382 5875 quod
429 5800 713 5871 aliquando
741 5799 792 5853 in
828 5794 1107 5852 tormentis
1135 5796 1430 5849 constituto
1462 5791 1683 5861 ingessit
1710 5792 1830 5846 vice

210 5897 508 5963 beneﬁcii.
542 5902 684 5955 Ante
713 5894 914 5965 ﬂagris,
946 5891 1113 5960 fame,
1144 5887 1344 5962 frigore
1370 5886 1649 5945 inimicum
1703 5899 1827 5964 core

1886 1972 2221 2041 providentia
2241 2013 2254 2037 ,
2284 1972 2409 2028 dum
2452 1974 2517 2028 ad
2545 1974 2876 2029 educandam
2919 1976 3284 2044 posteritatem
3315 1990 3467 2031 cura-

1885 2080 2003 2120 rum
2031 2066 2320 2136 participes
2340 2076 2612 2136 quaerunt,
2629 2067 2706 2121 sic
2727 2068 3289 2131 novercas'inveniunt.
3313 2066 3468 2137 Saepe

1888 2167 2070 2215 tamen
2098 2159 2199 2214 sub
2229 2160 2330 2215 hoc
2372 2159 2631 2215 vocabulo
2675 2172 2844 2215 mater
2887 2160 3129 2229 accedit,
3159 2176 3225 2215 eo
3264 2161 3469 2216 cautior

1888 2252 2029 2307 circa
2059 2267 2278 2322 germen
2321 2253 2576 2317 alienum,
2610 2268 2715 2322 quo
2746 2252 3029 2307 sollicitius
3074 2266 3264 2307 nomen
3306 2252 3471 2321 tragi-

1889 2358 2013 2400 cum
2057 2346 2171 2400 vult
2224 2346 2459 2401 vincere.
2512 2345 2837 2401 Genitricem
2889 2345 3058 2399 munit
3095 2343 3376 2411 securitas,
3419 2352 3472 2400 et

1888 2446 2281 2493 sacramentum
2303 2437 2535 2493 nominis
2562 2436 2638 2492 sui
2672 2454 2684 2489 :
2718 2452 2834 2506 qua:
2868 2438 3028 2491 etiam
3053 2435 3472 2491 misericorditer

1890 2530 2181 2587 creduntur
2225 2530 2402 2585 irasci.
2442 2530 2678 2594 \‘estras,
2725 2528 2984 2596 infausta,
3028 2528 3311 2584 blanditias
3352 2527 3474 2598 jure

1892 2624 2215 2693 respuimus,
2247 2623 2437 2692 quibus
2484 2638 2579 2693 per
2620 2623 2801 2677 fucqu
2843 2623 3060 2678 malitia:
3107 2621 3316 2677 interna
3379 2636 3473 2676 ve-

1892 2717 2054 2773 stitis.
2083 2716 2377 2778 Erubesco,
2419 2716 2724 2783 cognitores
2774 2713 3127 2780 sanctissimi,
3167 2713 3473 2768 damnatam

1894 2810 2100 2864 meritis
2127 2809 2241 2863 suis
2266 2808 2517 2863 diuturna
2556 2808 2951 2876 impugnatione
2991 2816 3291 2863 sustentare
3320 2826 3331 2861 :
3366 2822 3474 2863 non

1895 2912 1977 2957 est
2019 2914 2218 2970 anceps
2263 2899 2565 2964 sententia,
2598 2912 2754 2966 quam
2800 2897 2984 2952 labore
3022 2898 3311 2967 suspendo.
3363 2896 3474 2952 Uti-

1896 3011 2019 3050 nam
2063 2993 2349 3063 exquisitis
2396 2992 2656 3061 ell‘ngctur
2715 2989 2783 3044 de
2832 2990 2951 3044 luce
3012 2989 3373 3053 cruciatibus,
3422 2998 3475 3043 et

1894 3088 2054 3143 lentis
2082 3095 2228 3143 secta
2256 3084 2566 3139 vulneribus
2586 3081 2789 3138 existat
2810 3092 3084 3151 superstes
3109 3080 3320 3150 corpori
3345 3080 3472 3135 suo!

1894 3196 2000 3236 non
2034 3196 2139 3236 uno
2179 3188 2422 3249 tempore
2450 3179 2517 3232 de
2536 3175 2761 3246 propriis
2806 3174 3022 3231 sedibus
3047 3189 3249 3230 nocens
3283 3176 3477 3230 'anima

1816 3258 1865 3325 C
1898 3273 2142 3327 vellatar.
2176 3271 2231 3326 In
2261 3270 2508 3325 allectum
2538 3267 2808 3323 reducitur
2844 3266 3068 3336 puritas,
3096 3266 3343 3336 quotiens
3389 3280 3479 3336 ge-

1897 3365 2195 3420 neralitatis
2216 3363 2399 3419 oculos
2428 3360 2736 3431 expiaveris
2764 3374 2928 3416 cruce
2953 3358 3261 3415 noxiorum.

2494 3472 2719 3529 DICTIO
2760 3473 2903 3530 XVI.

1901 3558 1966 3614 In
2011 3577 2124 3615 eum
2158 3559 2246 3631 qui
2287 3556 2485 3629 praemii
2526 3556 2733 3679 nomine
2762 3555 2965 3609 vestalis
3006 3554 3218 3629 virginis
3262 3555 3475 3627 nuptias

2556 3636 2708 3679 nostu
2731 3628 2852 3679 avit.

2556 3636 2852 3698 postulavit.

2373 3744 2775 3787 CONTROVERSIA
2803 3744 3016 3783 TERTIA.

1976 3826 2227 3889 Creditis,
2239 3824 2465 3894 judices.
2484 3839 2575 3893 per
2593 3822 2733 3876 hunc
2760 3819 3000 3875 victoriis
3020 3819 3250 3875 lamenta
3265 3819 3487 3881 misceri

1907 3930 1959 3975 et
1983 3918 2373 3989 triumphorum
2395 3929 2643 3985 saporem
2668 3912 3012 3983 disciplicere
3034 3911 3101 3966 de
3124 3913 3487 3981 przetniohes-

1908 4014 2109 4069 timatis
2140 4010 2337 4066 offendi
2368 4009 2501 4065 deos
2527 4009 2580 4062 in
2611 4006 2799 4063 eli'ectu
2850 4020 3030 4061 rerum
3050 4047 3065 4071 ,
3095 4014 3150 4061 et
3201 4005 3388 4060 deduci
3429 4005 3491 4065 ad

1911 4107 2278 4179 paenitentiam
2303 4103 2542 4168 numina,
2557 4117 2676 4171 qua:
2694 4109 2821 4155 vota
2840 4098 3130 4170 juverunt?
3152 4097 3493 4153 Adesthomo

1910 4201 2291 4271 nequissimus,
2322 4196 2412 4267 qui
2455 4209 2672 4266 gemere
2702 4208 2798 4248 nos
2837 4193 3082 4262 imperat,
3110 4188 3252 4260 quod
3305 4188 3493 4257 patrias

1914 4304 2114 4351 nostra:
2137 4294 2268 4347 vicit
2298 4291 2546 4345 inimicos
2572 4307 2582 4341 :
2608 4287 2698 4359 qui
2722 4284 3107 4342 consummatis
3124 4282 3347 4353 prteliis,
3374 4280 3499 4339 dum

1915 4388 2116 4442 laboris
2140 4385 2369 4455 pretium
2412 4382 2613 4452 ﬂagitat
2638 4421 2653 4445 ,
2699 4388 2754 4434 et
2778 4380 2959 4433 hostes
2984 4387 3039 4432 et
3064 4376 3200 4431 bella
3228 4388 3502 4429 commen~

1917 4479 2012 4537 dat
2045 4499 2058 4535 :
2088 4480 2176 4550 qui
2224 4476 2484 4534 exhausta
2508 4481 2657 4542 putat
2695 4471 2895 4527 laboris
2923 4485 3041 4525 esse
3091 4468 3364 4538 suffragia,
3401 4466 3505 4529 nisi

1922 4568 2482 4643 quaairatiscmlicolis
2504 4566 2850 4624 conferuntur
2868 4584 2880 4620 :
2898 4572 2958 4619 ut
2985 4562 3154 4634 possit
3176 4562 3365 4617 civitas
3390 4562 3508 4630 ejus

1840 4647 1896 4711 Ῐ)
1923 4668 2168 4741 perdere,
2196 4666 2338 4737 quod
2363 4680 2456 4734 per
2477 4662 2651 4731 ipsum
2675 4658 2911 4715 creditur
2942 4654 3258 4726 acquisisse.
3277 4652 3509 4711 Conlidit

1921 4762 2137 4835 genium
2161 4757 2439 4814 bellatoris
2460 4754 2619 4825 pictis
2642 4750 2837 4806 tabulis
2873 4758 2930 4805 et
2956 4748 3273 4819 imaginibus
3298 4763 3404 4802 non
3429 4756 3511 4801 te-

1923 4855 2043 4911 neri
2069 4874 2081 4920 ;
2107 4868 2206 4910 nec
2232 4850 2458 4922 requirit
2482 4858 2537 4902 ut
2565 4854 2812 4902 servetur
2838 4843 3051 4897 sarculis
3078 4856 3185 4895 aere
3216 4840 3512 4894 formatus:

1924 4946 2040 5002 sola
2100 4944 2352 5014 opinatur
2408 4953 2527 4996 esse
2594 4935 2808 5007 gaudia,
2848 4932 3043 5003 quibus
3096 4931 3274 4987 evenit
3322 4941 3514 4983 munus

1898 5038 2198 5115 _adulterii.
2250 5036 2308 5091 Si
2345 5035 2408 5088 ad
2452 5033 2553 5088 hoc
2587 5042 2638 5085 te
2666 5028 2880 5084 casibus
2910 5024 3187 5089 obtulisti,
3215 5032 3271 5077 ut
3302 5036 3400 5091 pro
3427 5035 3516 5074 su-

1931 5137 2064 5189 dore
2103 5142 2196 5186 tuo
2240 5125 2504 5183 nominari
2538 5122 2733 5192 pudeat
2777 5119 2918 5190 quod
2970 5115 3225 5187 requiris,
3264 5122 3363 5167 nos
3410 5124 3518 5165 non

1934 5239 2220 5299 possumus
2271 5220 2464 5277 scortis
2513 5216 2712 5272 debere
2764 5211 2905 5282 quod
2954 5211 3204 5265 vicimus.
3250 5205 3388 5299 Non-
3421 5214 3518 5299 pro

1933 5292 2119 5377 amore
2149 5316 2284 5372 bella
2316 5310 2562 5385 gessisti,
2590 5307 2677 5376 qui
2708 5314 2830 5377 post
2850 5301 3187 5358 adversarios
3212 5300 3268 5351 in
3289 5292 3519 5350 civitatis

1935 5413 2114 5469 medio
2150 5424 2272 5465 cum
2322 5384 2524 5476 pudore
2552 5397 2901 5471 congrederis
2936 5412 2951 5450 :
2983 5394 3098 5448 sine
3131 5401 3290 5476 causa
3336 5384 3521 5476 hostes

1938 5504 2228 5575 depulisti,
2256 5473 2348 5571 qui
2384 5511 2573 5553 eorum
2607 5491 2817 5549 vicibus
2851 5484 3092 5553 iungeris
3133 5480 3184 5575 in
3228 5473 3521 5575 triumpho.

1940 5567 2235 5655 Habuimus
2275 5567 2479 5648 statum
2519 5584 2815 5643 honestatis
2862 5570 3270 5641 liberum,dum
3307 5567 3523 5623 casibus

1938 5693 2280 5764 Subjacemus
2315 5706 2327 5741 :
2372 5682 2625 5757 fugienda
2646 5686 2730 5733 est
2760 5665 3246 5764 virorumufortium
3270 5662 3520 5764 felici-tas,

1939 5758 2056 5857 per-
2077 5799 2237 5856 quam
2285 5779 2559 5849 jungimur
2599 5768 2831 5824 miseriis
2870 5761 3230 5857 subditorum.
3276 5758 3523 5857 Etenim,

1937 5852 2111 5938 curiae
2132 5874 2362 5943 lumina,
2387 5885 2482 5942 per
2509 5860 2766 5926 minutias
2785 5857 3050 5918 scelerum
3077 5854 3218 5913 hunc
3242 5852 3524 5927 opinamut
