  <div class='ocr_page' id='page_1' title='image "/cluster/home/n/w/nwhite01/storage/ocr_20150623/63/hvd.32044015469307/149.png"; bbox 0 0 3974 6366; ppageno 0'>
   <div class='ocr_carea' id='block_1_1' title="bbox 453 306 559 367">
    <p class='ocr_par' dir='ltr' id='par_1_1' title="bbox 453 306 559 367">
     <span class='ocr_line' id='line_1_1' title="bbox 453 306 559 367; baseline -0.019 0"><span class='ocrx_word' id='word_1_1' title='bbox 453 306 559 367; x_wconf 67' lang='grc'><strong>991</strong></span> 
     </span>
    </p>
   </div>
   <div class='ocr_carea' id='block_1_2' title="bbox 1588 293 2628 367">
    <p class='ocr_par' dir='ltr' id='par_1_2' title="bbox 1588 293 2628 367">
     <span class='ocr_line' id='line_1_2' title="bbox 1588 293 2628 367; baseline -0.003 -11"><span class='ocrx_word' id='word_1_2' title='bbox 1588 297 1862 367; x_wconf 79' lang='lat' dir='ltr'><strong>ENNODII</strong></span> <span class='ocrx_word' id='word_1_3' title='bbox 1902 294 2206 354; x_wconf 79' lang='lat' dir='ltr'><strong>EPISCOPI</strong></span> <span class='ocrx_word' id='word_1_4' title='bbox 2249 293 2628 354; x_wconf 83' lang='lat' dir='ltr'><strong>TICINENSIS</strong></span> 
     </span>
    </p>
   </div>
   <div class='ocr_carea' id='block_1_3' title="bbox 3583 281 3741 354">
    <p class='ocr_par' dir='ltr' id='par_1_3' title="bbox 3583 281 3741 354">
     <span class='ocr_line' id='line_1_3' title="bbox 3583 281 3741 354; baseline 0.019 -20"><span class='ocrx_word' id='word_1_5' title='bbox 3583 348 3589 354; x_wconf 28' lang='grc' dir='ltr'>ν</span> <span class='ocrx_word' id='word_1_6' title='bbox 3644 281 3741 337; x_wconf 71' lang='lat'><strong>992</strong></span> 
     </span>
    </p>
   </div>
   <div class='ocr_carea' id='block_1_4' title="bbox 461 388 3747 491">
    <p class='ocr_par' dir='ltr' id='par_1_4' title="bbox 461 388 3747 491">
     <span class='ocr_line' id='line_1_4' title="bbox 461 388 3747 491; baseline -0.002 -12"><span class='ocrx_word' id='word_1_7' title='bbox 461 412 527 480; x_wconf 81' lang='lat' dir='ltr'><strong>ad</strong></span> <span class='ocrx_word' id='word_1_8' title='bbox 552 420 801 478; x_wconf 77' lang='lat' dir='ltr'><strong>immania</strong></span> <span class='ocrx_word' id='word_1_9' title='bbox 829 428 953 477; x_wconf 90' lang='lat' dir='ltr'><strong>vota</strong></span> <span class='ocrx_word' id='word_1_10' title='bbox 982 418 1339 491; x_wconf 86' lang='lat' dir='ltr'><strong>perductum?</strong></span> <span class='ocrx_word' id='word_1_11' title='bbox 1362 417 1576 487; x_wconf 85' lang='lat' dir='ltr'><strong>quantis</strong></span> <span class='ocrx_word' id='word_1_12' title='bbox 1605 416 1859 487; x_wconf 84' lang='lat' dir='ltr'><strong>gradibus</strong></span> <span class='ocrx_word' id='word_1_13' title='bbox 1900 430 2056 470; x_wconf 82' lang='lat' dir='ltr'><strong>exer-</strong></span> <span class='ocrx_word' id='word_1_14' title='bbox 2086 417 2137 477; x_wconf 74' lang='grc' dir='ltr'>Α</span> <span class='ocrx_word' id='word_1_15' title='bbox 2164 414 2303 469; x_wconf 91' lang='lat' dir='ltr'><strong>inter</strong></span> <span class='ocrx_word' id='word_1_16' title='bbox 2330 415 2555 470; x_wconf 89' lang='lat' dir='ltr'><strong>adversa</strong></span> <span class='ocrx_word' id='word_1_17' title='bbox 2599 414 2908 469; x_wconf 84' lang='lat' dir='ltr'><strong>constitutis</strong></span> <span class='ocrx_word' id='word_1_18' title='bbox 2937 428 2953 468; x_wconf 88' lang='lat'>:</span> <span class='ocrx_word' id='word_1_19' title='bbox 2986 428 3210 470; x_wconf 86' lang='lat' dir='ltr'><strong>necesse</strong></span> <span class='ocrx_word' id='word_1_20' title='bbox 3243 422 3328 470; x_wconf 85' lang='lat' dir='ltr'><strong>est</strong></span> <span class='ocrx_word' id='word_1_21' title='bbox 3368 416 3542 484; x_wconf 84' lang='lat' dir='ltr'><strong>cptari</strong></span> <span class='ocrx_word' id='word_1_22' title='bbox 3561 453 3578 480; x_wconf 91' lang='lat'><strong>,</strong></span> <span class='ocrx_word' id='word_1_23' title='bbox 3606 388 3747 482; x_wconf 66' lang='lat' dir='ltr'><strong>qudtI</strong></span> 
     </span>
    </p>
   </div>
   <div class='ocr_carea' id='block_1_5' title="bbox 462 506 2054 582">
    <p class='ocr_par' dir='ltr' id='par_1_5' title="bbox 462 506 2054 582">
     <span class='ocr_line' id='line_1_5' title="bbox 462 506 2054 582; baseline -0.008 -8"><span class='ocrx_word' id='word_1_24' title='bbox 462 521 681 574; x_wconf 90' lang='lat' dir='ltr'><strong>citatum</strong></span> <span class='ocrx_word' id='word_1_25' title='bbox 712 516 914 571; x_wconf 89' lang='lat' dir='ltr'><strong>facinus</strong></span> <span class='ocrx_word' id='word_1_26' title='bbox 944 512 1273 582; x_wconf 87' lang='lat' dir='ltr'><strong>pervenitad</strong></span> <span class='ocrx_word' id='word_1_27' title='bbox 1301 511 1402 566; x_wconf 91' lang='lat' dir='ltr'><strong>hoc</strong></span> <span class='ocrx_word' id='word_1_28' title='bbox 1419 521 1476 565; x_wconf 89' lang='lat' dir='ltr'><strong>ut</strong></span> <span class='ocrx_word' id='word_1_29' title='bbox 1500 511 1630 565; x_wconf 91' lang='lat' dir='ltr'><strong>vitia</strong></span> <span class='ocrx_word' id='word_1_30' title='bbox 1653 506 2054 564; x_wconf 77' lang='lat' dir='ltr'><strong>Iaudibdsmer-</strong></span> 
     </span>
    </p>
   </div>
   <div class='ocr_carea' id='block_1_6' title="bbox 462 600 2052 672">
    <p class='ocr_par' dir='ltr' id='par_1_6' title="bbox 462 600 2052 672">
     <span class='ocr_line' id='line_1_6' title="bbox 462 600 2052 672; baseline -0.008 -5"><span class='ocrx_word' id='word_1_31' title='bbox 462 612 711 667; x_wconf 78' lang='lat' dir='ltr'><strong>caretur?</strong></span> <span class='ocrx_word' id='word_1_32' title='bbox 754 600 1115 665; x_wconf 85' lang='lat' dir='ltr'><strong>Credebamus</strong></span> <span class='ocrx_word' id='word_1_33' title='bbox 1142 621 1300 672; x_wconf 80' lang='lat' dir='ltr'><strong>eum,</strong></span> <span class='ocrx_word' id='word_1_34' title='bbox 1346 606 1471 659; x_wconf 93' lang='lat' dir='ltr'><strong>dum</strong></span> <span class='ocrx_word' id='word_1_35' title='bbox 1503 605 1666 659; x_wconf 91' lang='lat' dir='ltr'><strong>vitam</strong></span> <span class='ocrx_word' id='word_1_36' title='bbox 1706 604 1759 658; x_wconf 89' lang='lat' dir='ltr'><strong>itt</strong></span> <span class='ocrx_word' id='word_1_37' title='bbox 1804 602 2052 656; x_wconf 90' lang='lat' dir='ltr'><strong>tentoriis</strong></span> 
     </span>
    </p>
   </div>
   <div class='ocr_carea' id='block_1_7' title="bbox 461 693 2051 774">
    <p class='ocr_par' dir='ltr' id='par_1_7' title="bbox 461 693 2051 774">
     <span class='ocr_line' id='line_1_7' title="bbox 461 693 2051 774; baseline -0.008 -17"><span class='ocrx_word' id='word_1_38' title='bbox 461 711 670 774; x_wconf 88' lang='lat' dir='ltr'><strong>ageret,</strong></span> <span class='ocrx_word' id='word_1_39' title='bbox 688 710 742 758; x_wconf 89' lang='lat' dir='ltr'><strong>et</strong></span> <span class='ocrx_word' id='word_1_40' title='bbox 761 701 827 755; x_wconf 91' lang='lat' dir='ltr'><strong>ad</strong></span> <span class='ocrx_word' id='word_1_41' title='bbox 852 697 1077 769; x_wconf 87' lang='lat' dir='ltr'><strong>insignia</strong></span> <span class='ocrx_word' id='word_1_42' title='bbox 1104 698 1315 752; x_wconf 90' lang='lat' dir='ltr'><strong>roboris</strong></span> <span class='ocrx_word' id='word_1_43' title='bbox 1326 696 1481 752; x_wconf 91' lang='lat' dir='ltr'><strong>duris</strong></span> <span class='ocrx_word' id='word_1_44' title='bbox 1500 710 1695 765; x_wconf 83' lang='lat' dir='ltr'><strong>Corpus</strong></span> <span class='ocrx_word' id='word_1_45' title='bbox 1709 693 2051 749; x_wconf 74' lang='lat' dir='ltr'><strong>successibus</strong></span> 
     </span>
    </p>
   </div>
   <div class='ocr_carea' id='block_1_8' title="bbox 460 786 2049 865">
    <p class='ocr_par' dir='ltr' id='par_1_8' title="bbox 460 786 2049 865">
     <span class='ocr_line' id='line_1_8' title="bbox 460 786 2049 865; baseline -0.009 -13"><span class='ocrx_word' id='word_1_46' title='bbox 460 799 741 865; x_wconf 81' lang='lat' dir='ltr'><strong>invitaret,</strong></span> <span class='ocrx_word' id='word_1_47' title='bbox 780 795 954 850; x_wconf 78' lang='lat' dir='ltr'><strong>civica</strong></span> <span class='ocrx_word' id='word_1_48' title='bbox 995 796 1181 849; x_wconf 87' lang='lat' dir='ltr'><strong>amore</strong></span> <span class='ocrx_word' id='word_1_49' title='bbox 1226 790 1554 860; x_wconf 83' lang='lat' dir='ltr'><strong>constringi;</strong></span> <span class='ocrx_word' id='word_1_50' title='bbox 1594 798 1651 843; x_wconf 87' lang='lat' dir='ltr'><strong>ut</strong></span> <span class='ocrx_word' id='word_1_51' title='bbox 1693 803 1785 858; x_wconf 92' lang='lat' dir='ltr'><strong>per</strong></span> <span class='ocrx_word' id='word_1_52' title='bbox 1809 786 2049 840; x_wconf 90' lang='lat' dir='ltr'><strong>militiam</strong></span> 
     </span>
    </p>
   </div>
   <div class='ocr_carea' id='block_1_9' title="bbox 460 879 2050 960">
    <p class='ocr_par' dir='ltr' id='par_1_9' title="bbox 460 879 2050 960">
     <span class='ocr_line' id='line_1_9' title="bbox 460 879 2050 960; baseline -0.009 -14"><span class='ocrx_word' id='word_1_53' title='bbox 460 892 608 960; x_wconf 86' lang='lat' dir='ltr'><strong>ejus,</strong></span> <span class='ocrx_word' id='word_1_54' title='bbox 658 903 757 945; x_wconf 90' lang='lat' dir='ltr'><strong>nec</strong></span> <span class='ocrx_word' id='word_1_55' title='bbox 796 887 1105 944; x_wconf 87' lang='lat' dir='ltr'><strong>incendium</strong></span> <span class='ocrx_word' id='word_1_56' title='bbox 1156 887 1327 955; x_wconf 87' lang='lat' dir='ltr'><strong>urbis,</strong></span> <span class='ocrx_word' id='word_1_57' title='bbox 1375 900 1475 940; x_wconf 90' lang='lat' dir='ltr'><strong>nec</strong></span> <span class='ocrx_word' id='word_1_58' title='bbox 1519 898 1704 938; x_wconf 91' lang='lat' dir='ltr'><strong>sacras</strong></span> <span class='ocrx_word' id='word_1_59' title='bbox 1751 879 2050 947; x_wconf 81' lang='lat' dir='ltr'><strong>corruptela</strong></span> 
     </span>
    </p>
   </div>
   <div class='ocr_carea' id='block_1_10' title="bbox 461 972 2044 1053">
    <p class='ocr_par' dir='ltr' id='par_1_10' title="bbox 461 972 2044 1053">
     <span class='ocr_line' id='line_1_10' title="bbox 461 972 2044 1053; baseline -0.006 -18"><span class='ocrx_word' id='word_1_60' title='bbox 461 984 692 1052; x_wconf 79' lang='lat' dir='ltr'><strong>virgines</strong></span> <span class='ocrx_word' id='word_1_61' title='bbox 736 983 1058 1053; x_wconf 89' lang='lat' dir='ltr'><strong>possideret.</strong></span> <span class='ocrx_word' id='word_1_62' title='bbox 1092 979 1196 1036; x_wconf 91' lang='lat' dir='ltr'><strong>Iste</strong></span> <span class='ocrx_word' id='word_1_63' title='bbox 1240 979 1382 1035; x_wconf 92' lang='lat' dir='ltr'><strong>enim</strong></span> <span class='ocrx_word' id='word_1_64' title='bbox 1415 980 1544 1033; x_wconf 83' lang='lat' dir='ltr'><strong>emit</strong></span> <span class='ocrx_word' id='word_1_65' title='bbox 1576 983 1655 1031; x_wconf 90' lang='lat' dir='ltr'><strong>tot</strong></span> <span class='ocrx_word' id='word_1_66' title='bbox 1705 972 2044 1039; x_wconf 79' lang='lat' dir='ltr'><strong>vulneribus,</strong></span> 
     </span>
    </p>
   </div>
   <div class='ocr_carea' id='block_1_11' title="bbox 459 1066 2046 1144">
    <p class='ocr_par' dir='ltr' id='par_1_11' title="bbox 459 1066 2046 1144">
     <span class='ocr_line' id='line_1_11' title="bbox 459 1066 2046 1144; baseline -0.008 -13"><span class='ocrx_word' id='word_1_67' title='bbox 459 1091 529 1131; x_wconf 86' lang='lat' dir='ltr'><strong>ne</strong></span> <span class='ocrx_word' id='word_1_68' title='bbox 557 1076 693 1130; x_wconf 86' lang='lat' dir='ltr'><strong>alter</strong></span> <span class='ocrx_word' id='word_1_69' title='bbox 720 1074 1017 1130; x_wconf 80' lang='lat' dir='ltr'><strong>facinorum</strong></span> <span class='ocrx_word' id='word_1_70' title='bbox 1042 1074 1189 1144; x_wconf 80' lang='lat' dir='ltr'><strong>fruge</strong></span> <span class='ocrx_word' id='word_1_71' title='bbox 1216 1072 1495 1142; x_wconf 79' lang='lat' dir='ltr'><strong>petiretur.</strong></span> <span class='ocrx_word' id='word_1_72' title='bbox 1523 1069 1658 1137; x_wconf 78' lang='lat' dir='ltr'><strong>Quid</strong></span> <span class='ocrx_word' id='word_1_73' title='bbox 1679 1067 1773 1122; x_wconf 90' lang='lat' dir='ltr'><strong>tibi</strong></span> <span class='ocrx_word' id='word_1_74' title='bbox 1797 1066 2046 1133; x_wconf 88' lang='lat' dir='ltr'><strong>debeam,</strong></span> 
     </span>
    </p>
   </div>
   <div class='ocr_carea' id='block_1_12' title="bbox 457 1160 2047 1235">
    <p class='ocr_par' dir='ltr' id='par_1_12' title="bbox 457 1160 2047 1235">
     <span class='ocr_line' id='line_1_12' title="bbox 457 1160 2047 1235; baseline -0.009 -10"><span class='ocrx_word' id='word_1_75' title='bbox 457 1169 829 1226; x_wconf 78' lang='lat' dir='ltr'><strong>crudelissime</strong></span> <span class='ocrx_word' id='word_1_76' title='bbox 852 1169 1150 1232; x_wconf 82' lang='lat' dir='ltr'><strong>bnininum,</strong></span> <span class='ocrx_word' id='word_1_77' title='bbox 1164 1167 1319 1222; x_wconf 91' lang='lat' dir='ltr'><strong>datur</strong></span> <span class='ocrx_word' id='word_1_78' title='bbox 1336 1164 1582 1235; x_wconf 80' lang='lat' dir='ltr'><strong>intelligi,</strong></span> <span class='ocrx_word' id='word_1_79' title='bbox 1601 1178 1693 1231; x_wconf 88' lang='lat' dir='ltr'><strong>per</strong></span> <span class='ocrx_word' id='word_1_80' title='bbox 1713 1160 1865 1231; x_wconf 85' lang='lat' dir='ltr'><strong>cujus</strong></span> <span class='ocrx_word' id='word_1_81' title='bbox 1884 1161 2047 1215; x_wconf 85' lang='lat' dir='ltr'><strong>bene-</strong></span> 
     </span>
    </p>
   </div>
   <div class='ocr_carea' id='block_1_13' title="bbox 457 1252 2052 1333">
    <p class='ocr_par' dir='ltr' id='par_1_13' title="bbox 457 1252 2052 1333">
     <span class='ocr_line' id='line_1_13' title="bbox 457 1252 2052 1333; baseline -0.009 -15"><span class='ocrx_word' id='word_1_82' title='bbox 457 1263 576 1320; x_wconf 87' lang='lat' dir='ltr'><strong>ficia</strong></span> <span class='ocrx_word' id='word_1_83' title='bbox 606 1263 844 1333; x_wconf 86' lang='lat' dir='ltr'><strong>superati</strong></span> <span class='ocrx_word' id='word_1_84' title='bbox 876 1260 1079 1318; x_wconf 83' lang='lat' dir='ltr'><strong>exitum</strong></span> <span class='ocrx_word' id='word_1_85' title='bbox 1104 1261 1271 1315; x_wconf 87' lang='lat' dir='ltr'><strong>victor</strong></span> <span class='ocrx_word' id='word_1_86' title='bbox 1294 1258 1608 1327; x_wconf 89' lang='lat' dir='ltr'><strong>ingemisco.</strong></span> <span class='ocrx_word' id='word_1_87' title='bbox 1634 1254 1824 1320; x_wconf 88' lang='lat' dir='ltr'><strong>Dicite,</strong></span> <span class='ocrx_word' id='word_1_88' title='bbox 1854 1252 2052 1322; x_wconf 65' lang='lat' dir='ltr'><strong>pracsu-</strong></span> 
     </span>
    </p>
   </div>
   <div class='ocr_carea' id='block_1_14' title="bbox 458 1347 2051 1425">
    <p class='ocr_par' dir='ltr' id='par_1_14' title="bbox 458 1347 2051 1425">
     <span class='ocr_line' id='line_1_14' title="bbox 458 1347 2051 1425; baseline -0.008 -14"><span class='ocrx_word' id='word_1_89' title='bbox 458 1357 538 1411; x_wconf 90' lang='lat' dir='ltr'><strong>les</strong></span> <span class='ocrx_word' id='word_1_90' title='bbox 564 1354 846 1421; x_wconf 88' lang='lat' dir='ltr'><strong>libertatis,</strong></span> <span class='ocrx_word' id='word_1_91' title='bbox 866 1369 1024 1425; x_wconf 88' lang='lat' dir='ltr'><strong>quem</strong></span> <span class='ocrx_word' id='word_1_92' title='bbox 1061 1348 1239 1423; x_wconf 78' lang='lat' dir='ltr'><strong>potius</strong></span> <span class='ocrx_word' id='word_1_93' title='bbox 1274 1351 1555 1405; x_wconf 83' lang='lat' dir='ltr'><strong>habuimus</strong></span> <span class='ocrx_word' id='word_1_94' title='bbox 1583 1348 1670 1418; x_wconf 86' lang='lat' dir='ltr'><strong>qui</strong></span> <span class='ocrx_word' id='word_1_95' title='bbox 1697 1347 1907 1402; x_wconf 88' lang='lat' dir='ltr'><strong>animos</strong></span> <span class='ocrx_word' id='word_1_96' title='bbox 1928 1357 2051 1399; x_wconf 85' lang='lat' dir='ltr'><strong>nos-</strong></span> 
     </span>
    </p>
   </div>
   <div class='ocr_carea' id='block_1_15' title="bbox 458 1437 2050 1517">
    <p class='ocr_par' dir='ltr' id='par_1_15' title="bbox 458 1437 2050 1517">
     <span class='ocr_line' id='line_1_15' title="bbox 458 1437 2050 1517; baseline -0.008 -15"><span class='ocrx_word' id='word_1_97' title='bbox 458 1457 570 1503; x_wconf 90' lang='lat' dir='ltr'><strong>tros</strong></span> <span class='ocrx_word' id='word_1_98' title='bbox 589 1447 847 1517; x_wconf 88' lang='lat' dir='ltr'><strong>possedit,</strong></span> <span class='ocrx_word' id='word_1_99' title='bbox 865 1448 918 1501; x_wconf 95' lang='lat' dir='ltr'><strong>in</strong></span> <span class='ocrx_word' id='word_1_100' title='bbox 938 1447 1180 1501; x_wconf 85' lang='lat' dir='ltr'><strong>tubarum</strong></span> <span class='ocrx_word' id='word_1_101' title='bbox 1199 1442 1449 1515; x_wconf 84' lang='lat' dir='ltr'><strong>clangore</strong></span> <span class='ocrx_word' id='word_1_102' title='bbox 1472 1452 1758 1507; x_wconf 89' lang='lat' dir='ltr'><strong>terrorem,</strong></span> <span class='ocrx_word' id='word_1_103' title='bbox 1778 1439 1906 1493; x_wconf 90' lang='lat' dir='ltr'><strong>dum</strong></span> <span class='ocrx_word' id='word_1_104' title='bbox 1924 1437 2050 1492; x_wconf 88' lang='lat' dir='ltr'><strong>ferri</strong></span> 
     </span>
    </p>
   </div>
   <div class='ocr_carea' id='block_1_16' title="bbox 458 1531 2053 1609">
    <p class='ocr_par' dir='ltr' id='par_1_16' title="bbox 458 1531 2053 1609">
     <span class='ocr_line' id='line_1_16' title="bbox 458 1531 2053 1609; baseline -0.008 -15"><span class='ocrx_word' id='word_1_105' title='bbox 458 1552 615 1609; x_wconf 80' lang='lat' dir='ltr'><strong>seges</strong></span> <span class='ocrx_word' id='word_1_106' title='bbox 635 1552 894 1609; x_wconf 89' lang='lat' dir='ltr'><strong>equorum</strong></span> <span class='ocrx_word' id='word_1_107' title='bbox 923 1537 1140 1592; x_wconf 79' lang='lat' dir='ltr'><strong>fremitu</strong></span> <span class='ocrx_word' id='word_1_108' title='bbox 1159 1537 1455 1591; x_wconf 89' lang='lat' dir='ltr'><strong>minaretur</strong></span> <span class='ocrx_word' id='word_1_109' title='bbox 1484 1532 1740 1590; x_wconf 85' lang='lat' dir='ltr'><strong>exitium?</strong></span> <span class='ocrx_word' id='word_1_110' title='bbox 1760 1531 1958 1595; x_wconf 82' lang='lat' dir='ltr'><strong>Credo,</strong></span> <span class='ocrx_word' id='word_1_111' title='bbox 1984 1543 2053 1583; x_wconf 90' lang='lat' dir='ltr'><strong>ne</strong></span> 
     </span>
    </p>
   </div>
   <div class='ocr_carea' id='block_1_17' title="bbox 464 1624 2053 1701">
    <p class='ocr_par' dir='ltr' id='par_1_17' title="bbox 464 1624 2053 1701">
     <span class='ocr_line' id='line_1_17' title="bbox 464 1624 2053 1701; baseline -0.006 -17"><span class='ocrx_word' id='word_1_112' title='bbox 464 1630 634 1686; x_wconf 89' lang='lat' dir='ltr'><strong>libera</strong></span> <span class='ocrx_word' id='word_1_113' title='bbox 666 1636 874 1701; x_wconf 86' lang='lat' dir='ltr'><strong>patrum</strong></span> <span class='ocrx_word' id='word_1_114' title='bbox 906 1630 1042 1685; x_wconf 90' lang='lat' dir='ltr'><strong>colla</strong></span> <span class='ocrx_word' id='word_1_115' title='bbox 1073 1638 1382 1684; x_wconf 88' lang='lat' dir='ltr'><strong>catenarum</strong></span> <span class='ocrx_word' id='word_1_116' title='bbox 1413 1626 1557 1694; x_wconf 86' lang='lat' dir='ltr'><strong>rigor</strong></span> <span class='ocrx_word' id='word_1_117' title='bbox 1587 1624 1910 1693; x_wconf 83' lang='lat' dir='ltr'><strong>astringeret</strong></span> <span class='ocrx_word' id='word_1_118' title='bbox 1942 1637 1956 1676; x_wconf 91' lang='lat'><strong>:</strong></span> <span class='ocrx_word' id='word_1_119' title='bbox 1986 1636 2053 1674; x_wconf 91' lang='lat' dir='ltr'><strong>ne</strong></span> 
     </span>
    </p>
   </div>
   <div class='ocr_carea' id='block_1_18' title="bbox 460 1714 2049 1790">
    <p class='ocr_par' dir='ltr' id='par_1_18' title="bbox 460 1714 2049 1790">
     <span class='ocr_line' id='line_1_18' title="bbox 460 1714 2049 1790; baseline -0.008 -13"><span class='ocrx_word' id='word_1_120' title='bbox 460 1722 785 1778; x_wconf 88' lang='lat' dir='ltr'><strong>inviolabilis</strong></span> <span class='ocrx_word' id='word_1_121' title='bbox 808 1716 1065 1782; x_wconf 83' lang='lat' dir='ltr'><strong>matribus</strong></span> <span class='ocrx_word' id='word_1_122' title='bbox 1088 1720 1259 1790; x_wconf 91' lang='lat' dir='ltr'><strong>pudor</strong></span> <span class='ocrx_word' id='word_1_123' title='bbox 1276 1719 1502 1775; x_wconf 84' lang='lat' dir='ltr'><strong>civitatis</strong></span> <span class='ocrx_word' id='word_1_124' title='bbox 1524 1717 1731 1773; x_wconf 83' lang='lat' dir='ltr'><strong>excidio</strong></span> <span class='ocrx_word' id='word_1_125' title='bbox 1749 1714 2049 1785; x_wconf 85' lang='lat' dir='ltr'><strong>deperiret:</strong></span> 
     </span>
    </p>
   </div>
   <div class='ocr_carea' id='block_1_19' title="bbox 2158 505 3751 576">
    <p class='ocr_par' dir='ltr' id='par_1_19' title="bbox 2158 505 3751 576">
     <span class='ocr_line' id='line_1_19' title="bbox 2158 505 3751 576; baseline 0.001 -14"><span class='ocrx_word' id='word_1_126' title='bbox 2158 508 2374 562; x_wconf 90' lang='lat' dir='ltr'><strong>modum</strong></span> <span class='ocrx_word' id='word_1_127' title='bbox 2408 509 2557 576; x_wconf 90' lang='lat' dir='ltr'><strong>ponit</strong></span> <span class='ocrx_word' id='word_1_128' title='bbox 2586 506 2981 561; x_wconf 84' lang='lat' dir='ltr'><strong>amaritudinis.</strong></span> <span class='ocrx_word' id='word_1_129' title='bbox 3012 505 3183 573; x_wconf 81' lang='lat' dir='ltr'><strong>Rogo,</strong></span> <span class='ocrx_word' id='word_1_130' title='bbox 3219 506 3411 576; x_wconf 86' lang='lat' dir='ltr'><strong>quibus</strong></span> <span class='ocrx_word' id='word_1_131' title='bbox 3448 514 3533 560; x_wconf 84' lang='lat' dir='ltr'><strong>est</strong></span> <span class='ocrx_word' id='word_1_132' title='bbox 3560 505 3751 564; x_wconf 80' lang='lat' dir='ltr'><strong>helluis</strong></span> 
     </span>
    </p>
   </div>
   <div class='ocr_carea' id='block_1_20' title="bbox 2156 599 3748 669">
    <p class='ocr_par' dir='ltr' id='par_1_20' title="bbox 2156 599 3748 669">
     <span class='ocr_line' id='line_1_20' title="bbox 2156 599 3748 669; baseline 0.002 -15"><span class='ocrx_word' id='word_1_133' title='bbox 2156 600 2567 667; x_wconf 85' lang='lat' dir='ltr'><strong>comparandus,</strong></span> <span class='ocrx_word' id='word_1_134' title='bbox 2593 600 2680 669; x_wconf 86' lang='lat' dir='ltr'><strong>qui</strong></span> <span class='ocrx_word' id='word_1_135' title='bbox 2716 600 3094 667; x_wconf 88' lang='lat' dir='ltr'><strong>procuratione</strong></span> <span class='ocrx_word' id='word_1_136' title='bbox 3133 614 3226 653; x_wconf 89' lang='lat' dir='ltr'><strong>sua</strong></span> <span class='ocrx_word' id='word_1_137' title='bbox 3262 600 3422 654; x_wconf 86' lang='lat' dir='ltr'><strong>infert</strong></span> <span class='ocrx_word' id='word_1_138' title='bbox 3463 599 3599 653; x_wconf 90' lang='lat' dir='ltr'><strong>dura</strong></span> <span class='ocrx_word' id='word_1_139' title='bbox 3630 603 3748 657; x_wconf 79' lang='lat' dir='ltr'><strong>sine</strong></span> 
     </span>
    </p>
   </div>
   <div class='ocr_carea' id='block_1_21' title="bbox 2157 693 3748 761">
    <p class='ocr_par' dir='ltr' id='par_1_21' title="bbox 2157 693 3748 761">
     <span class='ocr_line' id='line_1_21' title="bbox 2157 693 3748 761; baseline 0.001 -14"><span class='ocrx_word' id='word_1_140' title='bbox 2157 694 2427 748; x_wconf 85' lang='lat' dir='ltr'><strong>termino?</strong></span> <span class='ocrx_word' id='word_1_141' title='bbox 2458 694 2612 761; x_wconf 86' lang='lat' dir='ltr'><strong>cujus</strong></span> <span class='ocrx_word' id='word_1_142' title='bbox 2637 693 2774 755; x_wconf 87' lang='lat' dir='ltr'><strong>doli.</strong></span> <span class='ocrx_word' id='word_1_143' title='bbox 2807 694 2932 746; x_wconf 93' lang='lat' dir='ltr'><strong>dum</strong></span> <span class='ocrx_word' id='word_1_144' title='bbox 2963 707 3152 747; x_wconf 90' lang='lat' dir='ltr'><strong>manus</strong></span> <span class='ocrx_word' id='word_1_145' title='bbox 3181 693 3415 748; x_wconf 84' lang='lat' dir='ltr'><strong>abstinet</strong></span> <span class='ocrx_word' id='word_1_146' title='bbox 3434 694 3508 747; x_wconf 87' lang='lat' dir='ltr'><strong>ab</strong></span> <span class='ocrx_word' id='word_1_147' title='bbox 3530 702 3748 751; x_wconf 81' lang='lat' dir='ltr'><strong>auctore</strong></span> 
     </span>
    </p>
   </div>
   <div class='ocr_carea' id='block_1_22' title="bbox 2155 783 3751 855">
    <p class='ocr_par' dir='ltr' id='par_1_22' title="bbox 2155 783 3751 855">
     <span class='ocr_line' id='line_1_22' title="bbox 2155 783 3751 855; baseline 0 -16"><span class='ocrx_word' id='word_1_148' title='bbox 2155 785 2311 851; x_wconf 89' lang='lat' dir='ltr'><strong>lucis,</strong></span> <span class='ocrx_word' id='word_1_149' title='bbox 2358 783 2503 839; x_wconf 89' lang='lat' dir='ltr'><strong>Ietbo</strong></span> <span class='ocrx_word' id='word_1_150' title='bbox 2540 784 2916 838; x_wconf 87' lang='lat' dir='ltr'><strong>commutanda</strong></span> <span class='ocrx_word' id='word_1_151' title='bbox 2942 785 3317 854; x_wconf 78' lang='lat' dir='ltr'><strong>lpepererunt?</strong></span> <span class='ocrx_word' id='word_1_152' title='bbox 3346 784 3462 839; x_wconf 70' lang='lat' dir='ltr'><strong>iam</strong></span> <span class='ocrx_word' id='word_1_153' title='bbox 3505 790 3621 839; x_wconf 90' lang='lat' dir='ltr'><strong>erat</strong></span> <span class='ocrx_word' id='word_1_154' title='bbox 3658 800 3751 855; x_wconf 81' lang='lat' dir='ltr'><strong>ge-</strong></span> 
     </span>
    </p>
   </div>
   <div class='ocr_carea' id='block_1_23' title="bbox 2156 878 3752 949">
    <p class='ocr_par' dir='ltr' id='par_1_23' title="bbox 2156 878 3752 949">
     <span class='ocr_line' id='line_1_23' title="bbox 2156 878 3752 949; baseline 0.001 -17"><span class='ocrx_word' id='word_1_155' title='bbox 2156 881 2298 932; x_wconf 90' lang='lat' dir='ltr'><strong>nitor</strong></span> <span class='ocrx_word' id='word_1_156' title='bbox 2323 878 2478 932; x_wconf 88' lang='lat' dir='ltr'><strong>istius</strong></span> <span class='ocrx_word' id='word_1_157' title='bbox 2508 892 2771 932; x_wconf 86' lang='lat' dir='ltr'><strong>annorum</strong></span> <span class='ocrx_word' id='word_1_158' title='bbox 2814 879 2957 932; x_wconf 85' lang='lat' dir='ltr'><strong>fasce</strong></span> <span class='ocrx_word' id='word_1_159' title='bbox 2993 878 3258 933; x_wconf 86' lang='lat' dir='ltr'><strong>contritus</strong></span> <span class='ocrx_word' id='word_1_160' title='bbox 3300 894 3314 933; x_wconf 90' lang='lat'><strong>:</strong></span> <span class='ocrx_word' id='word_1_161' title='bbox 3353 879 3463 948; x_wconf 90' lang='lat' dir='ltr'><strong>jam</strong></span> <span class='ocrx_word' id='word_1_162' title='bbox 3509 894 3604 949; x_wconf 81' lang='lat' dir='ltr'><strong>per</strong></span> <span class='ocrx_word' id='word_1_163' title='bbox 3649 886 3752 934; x_wconf 89' lang='lat' dir='ltr'><strong>tre-</strong></span> 
     </span>
    </p>
   </div>
   <div class='ocr_carea' id='block_1_24' title="bbox 2167 969 3751 1040">
    <p class='ocr_par' dir='ltr' id='par_1_24' title="bbox 2167 969 3751 1040">
     <span class='ocr_line' id='line_1_24' title="bbox 2167 969 3751 1040; baseline 0.001 -17"><span class='ocrx_word' id='word_1_164' title='bbox 2167 969 2359 1023; x_wconf 92' lang='lat' dir='ltr'><strong>menda</strong></span> <span class='ocrx_word' id='word_1_165' title='bbox 2400 971 2545 1023; x_wconf 89' lang='lat' dir='ltr'><strong>senis</strong></span> <span class='ocrx_word' id='word_1_166' title='bbox 2584 970 2823 1024; x_wconf 83' lang='lat' dir='ltr'><strong>membra</strong></span> <span class='ocrx_word' id='word_1_167' title='bbox 2859 970 2960 1025; x_wconf 61' lang='grc' dir='ltr'><strong>ἱενί</strong></span> <span class='ocrx_word' id='word_1_168' title='bbox 2991 970 3336 1040; x_wconf 82' lang='lat' dir='ltr'><strong>depopulatio</strong></span> <span class='ocrx_word' id='word_1_169' title='bbox 3369 971 3591 1040; x_wconf 83' lang='lat' dir='ltr'><strong>vestigia</strong></span> <span class='ocrx_word' id='word_1_170' title='bbox 3626 972 3751 1024; x_wconf 90' lang='lat' dir='ltr'><strong>olim</strong></span> 
     </span>
    </p>
   </div>
   <div class='ocr_carea' id='block_1_25' title="bbox 2155 1062 3754 1137">
    <p class='ocr_par' dir='ltr' id='par_1_25' title="bbox 2155 1062 3754 1137">
     <span class='ocr_line' id='line_1_25' title="bbox 2155 1062 3754 1137; baseline 0.002 -22"><span class='ocrx_word' id='word_1_171' title='bbox 2155 1063 2377 1116; x_wconf 87' lang='lat' dir='ltr'><strong>robusta</strong></span> <span class='ocrx_word' id='word_1_172' title='bbox 2417 1063 2755 1118; x_wconf 80' lang='lat' dir='ltr'><strong>subverterat</strong></span> <span class='ocrx_word' id='word_1_173' title='bbox 2793 1080 2807 1116; x_wconf 91' lang='lat'>:</span> <span class='ocrx_word' id='word_1_174' title='bbox 2839 1064 2946 1133; x_wconf 82' lang='lat' dir='ltr'><strong>jam</strong></span> <span class='ocrx_word' id='word_1_175' title='bbox 2978 1063 3341 1137; x_wconf 88' lang='lat' dir='ltr'><strong>diuturnitatis</strong></span> <span class='ocrx_word' id='word_1_176' title='bbox 3383 1063 3651 1119; x_wconf 82' lang='lat' dir='ltr'><strong>morsibus</strong></span> <span class='ocrx_word' id='word_1_177' title='bbox 3700 1062 3754 1118; x_wconf 86' lang='lat' dir='ltr'><strong>in</strong></span> 
     </span>
    </p>
   </div>
   <div class='ocr_carea' id='block_1_26' title="bbox 2154 1155 3755 1225">
    <p class='ocr_par' dir='ltr' id='par_1_26' title="bbox 2154 1155 3755 1225">
     <span class='ocr_line' id='line_1_26' title="bbox 2154 1155 3755 1225; baseline 0.002 -16"><span class='ocrx_word' id='word_1_178' title='bbox 2154 1169 2314 1223; x_wconf 82' lang='lat' dir='ltr'><strong>rugas</strong></span> <span class='ocrx_word' id='word_1_179' title='bbox 2336 1170 2455 1224; x_wconf 78' lang='lat' dir='ltr'><strong>qua:</strong></span> <span class='ocrx_word' id='word_1_180' title='bbox 2482 1155 2787 1210; x_wconf 80' lang='lat' dir='ltr'><strong>declarabat</strong></span> <span class='ocrx_word' id='word_1_181' title='bbox 2809 1156 3099 1224; x_wconf 90' lang='lat' dir='ltr'><strong>hominem,</strong></span> <span class='ocrx_word' id='word_1_182' title='bbox 3148 1157 3315 1211; x_wconf 90' lang='lat' dir='ltr'><strong>forma</strong></span> <span class='ocrx_word' id='word_1_183' title='bbox 3338 1158 3621 1225; x_wconf 80' lang='lat' dir='ltr'><strong>vergebat:</strong></span> <span class='ocrx_word' id='word_1_184' title='bbox 3652 1172 3755 1212; x_wconf 89' lang='lat' dir='ltr'><strong>non</strong></span> 
     </span>
    </p>
   </div>
   <div class='ocr_carea' id='block_1_27' title="bbox 2156 1242 3755 1319">
    <p class='ocr_par' dir='ltr' id='par_1_27' title="bbox 2156 1242 3755 1319">
     <span class='ocr_line' id='line_1_27' title="bbox 2156 1242 3755 1319; baseline 0.003 -20"><span class='ocrx_word' id='word_1_185' title='bbox 2156 1255 2334 1302; x_wconf 88' lang='lat' dir='ltr'><strong>tamen</strong></span> <span class='ocrx_word' id='word_1_186' title='bbox 2368 1248 2485 1303; x_wconf 91' lang='lat' dir='ltr'><strong>sine</strong></span> <span class='ocrx_word' id='word_1_187' title='bbox 2522 1264 2619 1319; x_wconf 86' lang='lat' dir='ltr'><strong>spe</strong></span> <span class='ocrx_word' id='word_1_188' title='bbox 2647 1249 2873 1305; x_wconf 84' lang='lat' dir='ltr'><strong>subsidii</strong></span> <span class='ocrx_word' id='word_1_189' title='bbox 2896 1250 2960 1305; x_wconf 88' lang='lat' dir='ltr'><strong>ad</strong></span> <span class='ocrx_word' id='word_1_190' title='bbox 2994 1250 3355 1305; x_wconf 84' lang='lat' dir='ltr'><strong>maturitatem</strong></span> <span class='ocrx_word' id='word_1_191' title='bbox 3405 1242 3755 1319; x_wconf 83' lang='lat' dir='ltr'><strong>pervenerat,</strong></span> 
     </span>
    </p>
   </div>
   <div class='ocr_carea' id='block_1_28' title="bbox 2157 1336 3757 1411">
    <p class='ocr_par' dir='ltr' id='par_1_28' title="bbox 2157 1336 3757 1411">
     <span class='ocr_line' id='line_1_28' title="bbox 2157 1336 3757 1411; baseline 0.004 -19"><span class='ocrx_word' id='word_1_192' title='bbox 2157 1339 2247 1393; x_wconf 92' lang='lat' dir='ltr'><strong>cui</strong></span> <span class='ocrx_word' id='word_1_193' title='bbox 2282 1340 2394 1408; x_wconf 90' lang='lat' dir='ltr'><strong>jam</strong></span> <span class='ocrx_word' id='word_1_194' title='bbox 2422 1343 2593 1411; x_wconf 85' lang='lat' dir='ltr'><strong>major</strong></span> <span class='ocrx_word' id='word_1_195' title='bbox 2622 1342 2839 1398; x_wconf 84' lang='lat' dir='ltr'><strong>soboles</strong></span> <span class='ocrx_word' id='word_1_196' title='bbox 2878 1345 3171 1399; x_wconf 87' lang='lat' dir='ltr'><strong>arridebat.</strong></span> <span class='ocrx_word' id='word_1_197' title='bbox 3205 1343 3406 1398; x_wconf 90' lang='lat' dir='ltr'><strong>Potiori</strong></span> <span class='ocrx_word' id='word_1_198' title='bbox 3457 1336 3651 1398; x_wconf 73' lang='lat' dir='ltr'><strong>ﬁdttCia</strong></span> <span class='ocrx_word' id='word_1_199' title='bbox 3692 1343 3757 1398; x_wconf 88' lang='lat' dir='ltr'><strong>ad</strong></span> 
     </span>
    </p>
   </div>
   <div class='ocr_carea' id='block_1_29' title="bbox 2157 1432 3760 1507">
    <p class='ocr_par' dir='ltr' id='par_1_29' title="bbox 2157 1432 3760 1507">
     <span class='ocr_line' id='line_1_29' title="bbox 2157 1432 3760 1507; baseline 0.002 -21"><span class='ocrx_word' id='word_1_200' title='bbox 2157 1432 2356 1487; x_wconf 88' lang='lat' dir='ltr'><strong>victum</strong></span> <span class='ocrx_word' id='word_1_201' title='bbox 2373 1444 2697 1505; x_wconf 87' lang='lat' dir='ltr'><strong>congregata</strong></span> <span class='ocrx_word' id='word_1_202' title='bbox 2721 1436 2993 1506; x_wconf 83' lang='lat' dir='ltr'><strong>dispersit,</strong></span> <span class='ocrx_word' id='word_1_203' title='bbox 3010 1452 3165 1507; x_wconf 90' lang='lat' dir='ltr'><strong>quem</strong></span> <span class='ocrx_word' id='word_1_204' title='bbox 3188 1449 3401 1505; x_wconf 65' lang='lat' dir='ltr'><strong>semper</strong></span> <span class='ocrx_word' id='word_1_205' title='bbox 3420 1436 3620 1491; x_wconf 84' lang='lat' dir='ltr'><strong>scimus</strong></span> <span class='ocrx_word' id='word_1_206' title='bbox 3634 1435 3760 1490; x_wconf 80' lang='lat' dir='ltr'><strong>hor-</strong></span> 
     </span>
    </p>
   </div>
   <div class='ocr_carea' id='block_1_30' title="bbox 2155 1518 3760 1597">
    <p class='ocr_par' dir='ltr' id='par_1_30' title="bbox 2155 1518 3760 1597">
     <span class='ocr_line' id='line_1_30' title="bbox 2155 1518 3760 1597; baseline 0.001 -19"><span class='ocrx_word' id='word_1_207' title='bbox 2155 1538 2247 1579; x_wconf 85' lang='lat' dir='ltr'><strong>rea</strong></span> <span class='ocrx_word' id='word_1_208' title='bbox 2271 1534 2366 1581; x_wconf 83' lang='lat' dir='ltr'><strong>sua</strong></span> <span class='ocrx_word' id='word_1_209' title='bbox 2398 1527 2448 1580; x_wconf 90' lang='lat' dir='ltr'><strong>in</strong></span> <span class='ocrx_word' id='word_1_210' title='bbox 2480 1522 2713 1595; x_wconf 76' lang='lat' dir='ltr'><strong>pignoris</strong></span> <span class='ocrx_word' id='word_1_211' title='bbox 2736 1528 3013 1583; x_wconf 79' lang='lat' dir='ltr'><strong>alacritate</strong></span> <span class='ocrx_word' id='word_1_212' title='bbox 3056 1530 3317 1597; x_wconf 86' lang='lat' dir='ltr'><strong>posuisse.</strong></span> <span class='ocrx_word' id='word_1_213' title='bbox 3360 1528 3527 1582; x_wconf 88' lang='lat' dir='ltr'><strong>Omen</strong></span> <span class='ocrx_word' id='word_1_214' title='bbox 3554 1518 3760 1596; x_wconf 79' lang='lat' dir='ltr'><strong>putavit</strong></span> 
     </span>
    </p>
   </div>
   <div class='ocr_carea' id='block_1_31' title="bbox 2158 1612 3753 1687">
    <p class='ocr_par' dir='ltr' id='par_1_31' title="bbox 2158 1612 3753 1687">
     <span class='ocr_line' id='line_1_31' title="bbox 2158 1612 3753 1687; baseline 0.001 -14"><span class='ocrx_word' id='word_1_215' title='bbox 2158 1618 2396 1687; x_wconf 76' lang='lat' dir='ltr'><strong>cogitare</strong></span> <span class='ocrx_word' id='word_1_216' title='bbox 2423 1621 2487 1673; x_wconf 85' lang='lat' dir='ltr'><strong>de</strong></span> <span class='ocrx_word' id='word_1_217' title='bbox 2514 1621 2835 1687; x_wconf 85' lang='lat' dir='ltr'><strong>subSIantia,</strong></span> <span class='ocrx_word' id='word_1_218' title='bbox 2859 1622 2944 1675; x_wconf 90' lang='lat' dir='ltr'><strong>cui</strong></span> <span class='ocrx_word' id='word_1_219' title='bbox 2964 1612 3228 1676; x_wconf 81' lang='lat' dir='ltr'><strong>existebat</strong></span> <span class='ocrx_word' id='word_1_220' title='bbox 3253 1629 3409 1675; x_wconf 87' lang='lat' dir='ltr'><strong>natus</strong></span> <span class='ocrx_word' id='word_1_221' title='bbox 3429 1620 3753 1675; x_wconf 84' lang='lat' dir='ltr'><strong>incolumis:</strong></span> 
     </span>
    </p>
   </div>
   <div class='ocr_carea' id='block_1_32' title="bbox 2159 1711 3758 1783">
    <p class='ocr_par' dir='ltr' id='par_1_32' title="bbox 2159 1711 3758 1783">
     <span class='ocr_line' id='line_1_32' title="bbox 2159 1711 3758 1783; baseline 0.003 -20"><span class='ocrx_word' id='word_1_222' title='bbox 2159 1711 2225 1764; x_wconf 90' lang='lat' dir='ltr'><strong>ad</strong></span> <span class='ocrx_word' id='word_1_223' title='bbox 2275 1712 2507 1781; x_wconf 82' lang='lat' dir='ltr'><strong>gelidam</strong></span> <span class='ocrx_word' id='word_1_224' title='bbox 2558 1714 2806 1768; x_wconf 87' lang='lat' dir='ltr'><strong>canitiem</strong></span> <span class='ocrx_word' id='word_1_225' title='bbox 2855 1717 2955 1769; x_wconf 93' lang='lat' dir='ltr'><strong>boc</strong></span> <span class='ocrx_word' id='word_1_226' title='bbox 3008 1723 3198 1783; x_wconf 90' lang='lat' dir='ltr'><strong>putans</strong></span> <span class='ocrx_word' id='word_1_227' title='bbox 3251 1729 3409 1781; x_wconf 85' lang='lat' dir='ltr'><strong>posse</strong></span> <span class='ocrx_word' id='word_1_228' title='bbox 3468 1713 3758 1779; x_wconf 81' lang='lat' dir='ltr'><strong>stifficere,</strong></span> 
     </span>
    </p>
   </div>
   <div class='ocr_carea' id='block_1_33' title="bbox 460 1801 3759 1885">
    <p class='ocr_par' dir='ltr' id='par_1_33' title="bbox 460 1801 3759 1885">
     <span class='ocr_line' id='line_1_33' title="bbox 460 1801 3759 1885; baseline -0.004 -15"><span class='ocrx_word' id='word_1_229' title='bbox 460 1830 530 1870; x_wconf 88' lang='lat' dir='ltr'><strong>ne</strong></span> <span class='ocrx_word' id='word_1_230' title='bbox 558 1816 731 1871; x_wconf 87' lang='lat' dir='ltr'><strong>votiva</strong></span> <span class='ocrx_word' id='word_1_231' title='bbox 757 1814 1035 1885; x_wconf 87' lang='lat' dir='ltr'><strong>virginitas</strong></span> <span class='ocrx_word' id='word_1_232' title='bbox 1079 1814 1250 1870; x_wconf 87' lang='lat' dir='ltr'><strong>sacris</strong></span> <span class='ocrx_word' id='word_1_233' title='bbox 1296 1814 1595 1882; x_wconf 89' lang='lat' dir='ltr'><strong>mancipata</strong></span> <span class='ocrx_word' id='word_1_234' title='bbox 1642 1808 1867 1865; x_wconf 88' lang='lat' dir='ltr'><strong>culturis</strong></span> <span class='ocrx_word' id='word_1_235' title='bbox 1914 1821 2056 1877; x_wconf 70' lang='lat' dir='ltr'><strong>prae-</strong></span> <span class='ocrx_word' id='word_1_236' title='bbox 2087 1802 2137 1864; x_wconf 86' lang='grc' dir='ltr'><strong>Β</strong></span> <span class='ocrx_word' id='word_1_237' title='bbox 2164 1801 2307 1870; x_wconf 88' lang='lat' dir='ltr'><strong>quod</strong></span> <span class='ocrx_word' id='word_1_238' title='bbox 2350 1815 2629 1873; x_wconf 88' lang='lat' dir='ltr'><strong>reparatus</strong></span> <span class='ocrx_word' id='word_1_239' title='bbox 2664 1807 2714 1858; x_wconf 93' lang='lat' dir='ltr'><strong>iu</strong></span> <span class='ocrx_word' id='word_1_240' title='bbox 2762 1806 3011 1873; x_wconf 84' lang='lat' dir='ltr'><strong>prosapie</strong></span> <span class='ocrx_word' id='word_1_241' title='bbox 3059 1805 3213 1858; x_wconf 92' lang='lat' dir='ltr'><strong>annis</strong></span> <span class='ocrx_word' id='word_1_242' title='bbox 3258 1803 3603 1858; x_wconf 81' lang='lat' dir='ltr'><strong>viridioribus</strong></span> <span class='ocrx_word' id='word_1_243' title='bbox 3653 1817 3759 1857; x_wconf 92' lang='lat' dir='ltr'><strong>non</strong></span> 
     </span>
    </p>
   </div>
   <div class='ocr_carea' id='block_1_34' title="bbox 458 1900 2055 1979">
    <p class='ocr_par' dir='ltr' id='par_1_34' title="bbox 458 1900 2055 1979">
     <span class='ocr_line' id='line_1_34' title="bbox 458 1900 2055 1979; baseline -0.007 -15"><span class='ocrx_word' id='word_1_244' title='bbox 458 1907 615 1964; x_wconf 93' lang='lat' dir='ltr'><strong>donis</strong></span> <span class='ocrx_word' id='word_1_245' title='bbox 644 1907 765 1979; x_wconf 88' lang='lat' dir='ltr'><strong>igne</strong></span> <span class='ocrx_word' id='word_1_246' title='bbox 792 1916 1071 1977; x_wconf 88' lang='lat' dir='ltr'><strong>raperetur</strong></span> <span class='ocrx_word' id='word_1_247' title='bbox 1104 1949 1115 1960; x_wconf 93' lang='lat'><strong>.</strong></span> <span class='ocrx_word' id='word_1_248' title='bbox 1148 1910 1216 1961; x_wconf 76' lang='lat' dir='ltr'><strong>ne</strong></span> <span class='ocrx_word' id='word_1_249' title='bbox 1250 1906 1448 1960; x_wconf 89' lang='lat' dir='ltr'><strong>famula</strong></span> <span class='ocrx_word' id='word_1_250' title='bbox 1495 1906 1711 1959; x_wconf 89' lang='lat' dir='ltr'><strong>castitas</strong></span> <span class='ocrx_word' id='word_1_251' title='bbox 1746 1900 1887 1957; x_wconf 86' lang='lat' dir='ltr'><strong>hosti</strong></span> <span class='ocrx_word' id='word_1_252' title='bbox 1934 1913 2055 1969; x_wconf 87' lang='lat' dir='ltr'><strong>pre-</strong></span> 
     </span>
    </p>
   </div>
   <div class='ocr_carea' id='block_1_35' title="bbox 458 1998 2054 2068">
    <p class='ocr_par' dir='ltr' id='par_1_35' title="bbox 458 1998 2054 2068">
     <span class='ocr_line' id='line_1_35' title="bbox 458 1998 2054 2068; baseline -0.008 -9"><span class='ocrx_word' id='word_1_253' title='bbox 458 2004 593 2060; x_wconf 83' lang='lat' dir='ltr'><strong>tiUm</strong></span> <span class='ocrx_word' id='word_1_254' title='bbox 620 2004 772 2059; x_wconf 84' lang='lat' dir='ltr'><strong>fieret</strong></span> <span class='ocrx_word' id='word_1_255' title='bbox 795 2004 1068 2058; x_wconf 89' lang='lat' dir='ltr'><strong>insultanti</strong></span> <span class='ocrx_word' id='word_1_256' title='bbox 1100 2020 1113 2055; x_wconf 92' lang='lat'><strong>:</strong></span> <span class='ocrx_word' id='word_1_257' title='bbox 1139 2018 1204 2056; x_wconf 91' lang='lat' dir='ltr'><strong>ne</strong></span> <span class='ocrx_word' id='word_1_258' title='bbox 1227 2000 1543 2068; x_wconf 89' lang='lat' dir='ltr'><strong>corporibus</strong></span> <span class='ocrx_word' id='word_1_259' title='bbox 1578 2013 1647 2053; x_wconf 78' lang='lat' dir='ltr'><strong>ex</strong></span> <span class='ocrx_word' id='word_1_260' title='bbox 1674 1998 1903 2051; x_wconf 87' lang='lat' dir='ltr'><strong>humana</strong></span> <span class='ocrx_word' id='word_1_261' title='bbox 1926 2008 2054 2047; x_wconf 88' lang='lat' dir='ltr'><strong>con-</strong></span> 
     </span>
    </p>
   </div>
   <div class='ocr_carea' id='block_1_36' title="bbox 460 2087 2053 2162">
    <p class='ocr_par' dir='ltr' id='par_1_36' title="bbox 460 2087 2053 2162">
     <span class='ocr_line' id='line_1_36' title="bbox 460 2087 2053 2162; baseline -0.009 -11"><span class='ocrx_word' id='word_1_262' title='bbox 460 2097 663 2152; x_wconf 88' lang='lat' dir='ltr'><strong>ditione</strong></span> <span class='ocrx_word' id='word_1_263' title='bbox 689 2095 1041 2162; x_wconf 79' lang='lat' dir='ltr'><strong>liheratis,vis</strong></span> <span class='ocrx_word' id='word_1_264' title='bbox 1067 2093 1284 2148; x_wconf 92' lang='lat' dir='ltr'><strong>inimica</strong></span> <span class='ocrx_word' id='word_1_265' title='bbox 1306 2092 1639 2161; x_wconf 88' lang='lat' dir='ltr'><strong>subriperet,</strong></span> <span class='ocrx_word' id='word_1_266' title='bbox 1660 2092 1712 2142; x_wconf 87' lang='lat' dir='ltr'><strong>et</strong></span> <span class='ocrx_word' id='word_1_267' title='bbox 1734 2087 2053 2141; x_wconf 71' lang='lat' dir='ltr'><strong>adversaria:</strong></span> 
     </span>
    </p>
   </div>
   <div class='ocr_carea' id='block_1_37' title="bbox 461 2180 2053 2259">
    <p class='ocr_par' dir='ltr' id='par_1_37' title="bbox 461 2180 2053 2259">
     <span class='ocr_line' id='line_1_37' title="bbox 461 2180 2053 2259; baseline -0.008 -16"><span class='ocrx_word' id='word_1_268' title='bbox 461 2188 718 2259; x_wconf 88' lang='lat' dir='ltr'><strong>pudicitia</strong></span> <span class='ocrx_word' id='word_1_269' title='bbox 738 2186 941 2243; x_wconf 84' lang='lat' dir='ltr'><strong>libidini</strong></span> <span class='ocrx_word' id='word_1_270' title='bbox 956 2186 1019 2241; x_wconf 86' lang='lat' dir='ltr'><strong>ad</strong></span> <span class='ocrx_word' id='word_1_271' title='bbox 1038 2187 1284 2240; x_wconf 91' lang='lat' dir='ltr'><strong>ultimum</strong></span> <span class='ocrx_word' id='word_1_272' title='bbox 1303 2184 1528 2239; x_wconf 84' lang='lat' dir='ltr'><strong>deducta</strong></span> <span class='ocrx_word' id='word_1_273' title='bbox 1552 2180 2000 2244; x_wconf 69' lang='lat' dir='ltr'><strong>serviret.Quaaro</strong></span> <span class='ocrx_word' id='word_1_274' title='bbox 2021 2192 2053 2231; x_wconf 90' lang='lat' dir='ltr'><strong>a</strong></span> 
     </span>
    </p>
   </div>
   <div class='ocr_carea' id='block_1_38' title="bbox 465 2268 2048 2351">
    <p class='ocr_par' dir='ltr' id='par_1_38' title="bbox 465 2268 2048 2351">
     <span class='ocr_line' id='line_1_38' title="bbox 465 2268 2048 2351; baseline -0.008 -16"><span class='ocrx_word' id='word_1_275' title='bbox 465 2280 539 2336; x_wconf 65' lang='lat' dir='ltr'><strong>te‘</strong></span> <span class='ocrx_word' id='word_1_276' title='bbox 556 2282 717 2336; x_wconf 88' lang='lat' dir='ltr'><strong>heroa</strong></span> <span class='ocrx_word' id='word_1_277' title='bbox 732 2280 1090 2351; x_wconf 89' lang='lat' dir='ltr'><strong>magnanime,</strong></span> <span class='ocrx_word' id='word_1_278' title='bbox 1111 2274 1233 2348; x_wconf 83' lang='lat' dir='ltr'><strong>quid</strong></span> <span class='ocrx_word' id='word_1_279' title='bbox 1248 2276 1315 2332; x_wconf 90' lang='lat' dir='ltr'><strong>de</strong></span> <span class='ocrx_word' id='word_1_280' title='bbox 1334 2276 1499 2346; x_wconf 88' lang='lat' dir='ltr'><strong>patria</strong></span> <span class='ocrx_word' id='word_1_281' title='bbox 1519 2285 1604 2329; x_wconf 92' lang='lat' dir='ltr'><strong>tua</strong></span> <span class='ocrx_word' id='word_1_282' title='bbox 1625 2274 1743 2327; x_wconf 90' lang='lat' dir='ltr'><strong>mali</strong></span> <span class='ocrx_word' id='word_1_283' title='bbox 1759 2268 2048 2339; x_wconf 86' lang='lat' dir='ltr'><strong>depuleris,</strong></span> 
     </span>
    </p>
   </div>
   <div class='ocr_carea' id='block_1_39' title="bbox 462 2362 2052 2444">
    <p class='ocr_par' dir='ltr' id='par_1_39' title="bbox 462 2362 2052 2444">
     <span class='ocr_line' id='line_1_39' title="bbox 462 2362 2052 2444; baseline -0.009 -15"><span class='ocrx_word' id='word_1_284' title='bbox 462 2374 508 2429; x_wconf 86' lang='lat' dir='ltr'><strong>si</strong></span> <span class='ocrx_word' id='word_1_285' title='bbox 531 2373 646 2428; x_wconf 75' lang='lat' dir='ltr'><strong>haec</strong></span> <span class='ocrx_word' id='word_1_286' title='bbox 673 2389 793 2444; x_wconf 71' lang='lat' dir='ltr'><strong>quae</strong></span> <span class='ocrx_word' id='word_1_287' title='bbox 819 2373 968 2427; x_wconf 91' lang='lat' dir='ltr'><strong>timui</strong></span> <span class='ocrx_word' id='word_1_288' title='bbox 993 2371 1162 2425; x_wconf 90' lang='lat' dir='ltr'><strong>victor</strong></span> <span class='ocrx_word' id='word_1_289' title='bbox 1191 2369 1382 2439; x_wconf 79' lang='lat' dir='ltr'><strong>Optasti</strong></span> <span class='ocrx_word' id='word_1_290' title='bbox 1403 2412 1418 2437; x_wconf 97' lang='lat'><strong>,</strong></span> <span class='ocrx_word' id='word_1_291' title='bbox 1442 2367 1567 2423; x_wconf 90' lang='lat' dir='ltr'><strong>dum</strong></span> <span class='ocrx_word' id='word_1_292' title='bbox 1595 2375 1793 2419; x_wconf 89' lang='lat' dir='ltr'><strong>mortes</strong></span> <span class='ocrx_word' id='word_1_293' title='bbox 1821 2362 2052 2417; x_wconf 87' lang='lat' dir='ltr'><strong>hostium</strong></span> 
     </span>
    </p>
   </div>
   <div class='ocr_carea' id='block_1_40' title="bbox 462 2460 2052 2523">
    <p class='ocr_par' dir='ltr' id='par_1_40' title="bbox 462 2460 2052 2523">
     <span class='ocr_line' id='line_1_40' title="bbox 462 2460 2052 2523; baseline -0.01 0"><span class='ocrx_word' id='word_1_294' title='bbox 462 2467 772 2523; x_wconf 89' lang='lat' dir='ltr'><strong>ictibustuis</strong></span> <span class='ocrx_word' id='word_1_295' title='bbox 787 2467 1063 2520; x_wconf 90' lang='lat' dir='ltr'><strong>numinum</strong></span> <span class='ocrx_word' id='word_1_296' title='bbox 1078 2464 1225 2517; x_wconf 90' lang='lat' dir='ltr'><strong>favor</strong></span> <span class='ocrx_word' id='word_1_297' title='bbox 1235 2460 1860 2517; x_wconf 66' lang='lat' dir='ltr'><strong>addiceretJ‘ercunctor</strong></span> <span class='ocrx_word' id='word_1_298' title='bbox 1875 2465 2052 2508; x_wconf 89' lang='lat' dir='ltr'><strong>utrum</strong></span> 
     </span>
    </p>
   </div>
   <div class='ocr_carea' id='block_1_41' title="bbox 462 2544 2052 2629">
    <p class='ocr_par' dir='ltr' id='par_1_41' title="bbox 462 2544 2052 2629">
     <span class='ocr_line' id='line_1_41' title="bbox 462 2544 2052 2629; baseline -0.009 -15"><span class='ocrx_word' id='word_1_299' title='bbox 462 2559 776 2629; x_wconf 73' lang='lat' dir='ltr'><strong>poposceris</strong></span> <span class='ocrx_word' id='word_1_300' title='bbox 814 2569 1041 2626; x_wconf 89' lang='lat' dir='ltr'><strong>superos</strong></span> <span class='ocrx_word' id='word_1_301' title='bbox 1083 2556 1137 2609; x_wconf 90' lang='lat' dir='ltr'><strong>in</strong></span> <span class='ocrx_word' id='word_1_302' title='bbox 1182 2554 1272 2609; x_wconf 90' lang='lat' dir='ltr'><strong>illa</strong></span> <span class='ocrx_word' id='word_1_303' title='bbox 1313 2553 1633 2607; x_wconf 81' lang='lat' dir='ltr'><strong>necessitate</strong></span> <span class='ocrx_word' id='word_1_304' title='bbox 1681 2547 1953 2604; x_wconf 79' lang='lat' dir='ltr'><strong>fautores?</strong></span> <span class='ocrx_word' id='word_1_305' title='bbox 1994 2544 2052 2601; x_wconf 89' lang='lat' dir='ltr'><strong>Si</strong></span> 
     </span>
    </p>
   </div>
   <div class='ocr_carea' id='block_1_42' title="bbox 462 2644 2052 2720">
    <p class='ocr_par' dir='ltr' id='par_1_42' title="bbox 462 2644 2052 2720">
     <span class='ocr_line' id='line_1_42' title="bbox 462 2644 2052 2720; baseline -0.009 -13"><span class='ocrx_word' id='word_1_306' title='bbox 462 2651 667 2719; x_wconf 90' lang='lat' dir='ltr'><strong>fecisti,</strong></span> <span class='ocrx_word' id='word_1_307' title='bbox 706 2650 1016 2719; x_wconf 80' lang='lat' dir='ltr'><strong>perfunctus</strong></span> <span class='ocrx_word' id='word_1_308' title='bbox 1046 2647 1302 2720; x_wconf 87' lang='lat' dir='ltr'><strong>periculis</strong></span> <span class='ocrx_word' id='word_1_309' title='bbox 1327 2644 1694 2701; x_wconf 89' lang='lat' dir='ltr'><strong>sacerdotibus</strong></span> <span class='ocrx_word' id='word_1_310' title='bbox 1725 2658 1910 2697; x_wconf 89' lang='lat' dir='ltr'><strong>eorum</strong></span> <span class='ocrx_word' id='word_1_311' title='bbox 1957 2650 2052 2709; x_wconf 89' lang='lat' dir='ltr'><strong>pro</strong></span> 
     </span>
    </p>
   </div>
   <div class='ocr_carea' id='block_1_43' title="bbox 464 2735 2051 2803">
    <p class='ocr_par' dir='ltr' id='par_1_43' title="bbox 464 2735 2051 2803">
     <span class='ocr_line' id='line_1_43' title="bbox 464 2735 2051 2803; baseline -0.006 -5"><span class='ocrx_word' id='word_1_312' title='bbox 464 2744 644 2799; x_wconf 88' lang='lat' dir='ltr'><strong>debita</strong></span> <span class='ocrx_word' id='word_1_313' title='bbox 671 2740 943 2797; x_wconf 86' lang='lat' dir='ltr'><strong>oblatione</strong></span> <span class='ocrx_word' id='word_1_314' title='bbox 962 2740 1261 2797; x_wconf 84' lang='lat' dir='ltr'><strong>minitaris?</strong></span> <span class='ocrx_word' id='word_1_315' title='bbox 1284 2740 1328 2794; x_wconf 87' lang='lat' dir='ltr'><strong>si</strong></span> <span class='ocrx_word' id='word_1_316' title='bbox 1360 2754 1465 2793; x_wconf 90' lang='lat' dir='ltr'><strong>non</strong></span> <span class='ocrx_word' id='word_1_317' title='bbox 1491 2735 1782 2791; x_wconf 87' lang='lat' dir='ltr'><strong>adhibuisti</strong></span> <span class='ocrx_word' id='word_1_318' title='bbox 1816 2735 1900 2803; x_wconf 90' lang='lat' dir='ltr'><strong>pia</strong></span> <span class='ocrx_word' id='word_1_319' title='bbox 1928 2743 2051 2788; x_wconf 86' lang='lat' dir='ltr'><strong>vota</strong></span> 
     </span>
    </p>
   </div>
   <div class='ocr_carea' id='block_1_44' title="bbox 462 2828 2051 2906">
    <p class='ocr_par' dir='ltr' id='par_1_44' title="bbox 462 2828 2051 2906">
     <span class='ocr_line' id='line_1_44' title="bbox 462 2828 2051 2906; baseline -0.008 -14"><span class='ocrx_word' id='word_1_320' title='bbox 462 2837 772 2899; x_wconf 90' lang='lat' dir='ltr'><strong>certamini,</strong></span> <span class='ocrx_word' id='word_1_321' title='bbox 803 2835 930 2906; x_wconf 88' lang='lat' dir='ltr'><strong>quid</strong></span> <span class='ocrx_word' id='word_1_322' title='bbox 965 2834 1054 2888; x_wconf 91' lang='lat' dir='ltr'><strong>tibi</strong></span> <span class='ocrx_word' id='word_1_323' title='bbox 1081 2832 1275 2897; x_wconf 88' lang='lat' dir='ltr'><strong>debeo,</strong></span> <span class='ocrx_word' id='word_1_324' title='bbox 1303 2846 1460 2901; x_wconf 90' lang='lat' dir='ltr'><strong>quem</strong></span> <span class='ocrx_word' id='word_1_325' title='bbox 1492 2831 1607 2885; x_wconf 89' lang='lat' dir='ltr'><strong>sine</strong></span> <span class='ocrx_word' id='word_1_326' title='bbox 1650 2829 1899 2898; x_wconf 86' lang='lat' dir='ltr'><strong>precibus</strong></span> <span class='ocrx_word' id='word_1_327' title='bbox 1940 2828 2051 2881; x_wconf 90' lang='lat' dir='ltr'><strong>suis</strong></span> 
     </span>
    </p>
   </div>
   <div class='ocr_carea' id='block_1_45' title="bbox 461 2914 2044 3003">
    <p class='ocr_par' dir='ltr' id='par_1_45' title="bbox 461 2914 2044 3003">
     <span class='ocr_line' id='line_1_45' title="bbox 461 2914 2044 3003; baseline -0.009 -15"><span class='ocrx_word' id='word_1_328' title='bbox 461 2931 727 3003; x_wconf 85' lang='lat' dir='ltr'><strong>generalis</strong></span> <span class='ocrx_word' id='word_1_329' title='bbox 758 2931 1080 2999; x_wconf 83' lang='lat' dir='ltr'><strong>prosperitas</strong></span> <span class='ocrx_word' id='word_1_330' title='bbox 1104 2929 1356 2983; x_wconf 88' lang='lat' dir='ltr'><strong>comitata</strong></span> <span class='ocrx_word' id='word_1_331' title='bbox 1388 2914 1665 2980; x_wconf 88' lang='lat' dir='ltr'><strong>liberavit?</strong></span> <span class='ocrx_word' id='word_1_332' title='bbox 1688 2923 1744 2978; x_wconf 92' lang='lat' dir='ltr'><strong>Si</strong></span> <span class='ocrx_word' id='word_1_333' title='bbox 1772 2920 2044 2991; x_wconf 87' lang='lat' dir='ltr'><strong>intelligis,</strong></span> 
     </span>
    </p>
   </div>
   <div class='ocr_carea' id='block_1_46' title="bbox 462 3016 2050 3092">
    <p class='ocr_par' dir='ltr' id='par_1_46' title="bbox 462 3016 2050 3092">
     <span class='ocr_line' id='line_1_46' title="bbox 462 3016 2050 3092; baseline -0.008 -14"><span class='ocrx_word' id='word_1_334' title='bbox 462 3030 692 3079; x_wconf 87' lang='lat' dir='ltr'><strong>multum</strong></span> <span class='ocrx_word' id='word_1_335' title='bbox 736 3029 819 3078; x_wconf 88' lang='lat' dir='ltr'><strong>est</strong></span> <span class='ocrx_word' id='word_1_336' title='bbox 862 3021 1002 3092; x_wconf 92' lang='lat' dir='ltr'><strong>quod</strong></span> <span class='ocrx_word' id='word_1_337' title='bbox 1045 3020 1208 3075; x_wconf 90' lang='lat' dir='ltr'><strong>debes</strong></span> <span class='ocrx_word' id='word_1_338' title='bbox 1263 3018 1593 3082; x_wconf 83' lang='lat' dir='ltr'><strong>numinibus,</strong></span> <span class='ocrx_word' id='word_1_339' title='bbox 1640 3017 1684 3070; x_wconf 89' lang='lat' dir='ltr'><strong>si</strong></span> <span class='ocrx_word' id='word_1_340' title='bbox 1724 3016 2050 3069; x_wconf 78' lang='lat' dir='ltr'><strong>Studuerunt</strong></span> 
     </span>
    </p>
   </div>
   <div class='ocr_carea' id='block_1_47' title="bbox 461 3111 2044 3187">
    <p class='ocr_par' dir='ltr' id='par_1_47' title="bbox 461 3111 2044 3187">
     <span class='ocr_line' id='line_1_47' title="bbox 461 3111 2044 3187; baseline -0.007 -15"><span class='ocrx_word' id='word_1_341' title='bbox 461 3116 693 3187; x_wconf 88' lang='lat' dir='ltr'><strong>supplici</strong></span> <span class='ocrx_word' id='word_1_342' title='bbox 724 3133 737 3168; x_wconf 94' lang='lat'><strong>:</strong></span> <span class='ocrx_word' id='word_1_343' title='bbox 774 3116 969 3184; x_wconf 87' lang='lat' dir='ltr'><strong>majus,</strong></span> <span class='ocrx_word' id='word_1_344' title='bbox 995 3114 1039 3168; x_wconf 92' lang='lat' dir='ltr'><strong>si</strong></span> <span class='ocrx_word' id='word_1_345' title='bbox 1068 3114 1335 3168; x_wconf 88' lang='lat' dir='ltr'><strong>dederunt</strong></span> <span class='ocrx_word' id='word_1_346' title='bbox 1376 3113 1655 3167; x_wconf 88' lang='lat' dir='ltr'><strong>victoriam</strong></span> <span class='ocrx_word' id='word_1_347' title='bbox 1682 3125 1789 3164; x_wconf 90' lang='lat' dir='ltr'><strong>non</strong></span> <span class='ocrx_word' id='word_1_348' title='bbox 1821 3111 2044 3179; x_wconf 88' lang='lat' dir='ltr'><strong>petenti.</strong></span> 
     </span>
    </p>
   </div>
   <div class='ocr_carea' id='block_1_48' title="bbox 462 3190 2128 3277">
    <p class='ocr_par' dir='ltr' id='par_1_48' title="bbox 462 3190 2128 3277">
     <span class='ocr_line' id='line_1_48' title="bbox 462 3190 2128 3277; baseline -0.004 -14"><span class='ocrx_word' id='word_1_349' title='bbox 462 3208 661 3274; x_wconf 87' lang='lat' dir='ltr'><strong>Credo,</strong></span> <span class='ocrx_word' id='word_1_350' title='bbox 679 3207 951 3277; x_wconf 65' lang='lat' dir='ltr'><strong>digreSsus</strong></span> <span class='ocrx_word' id='word_1_351' title='bbox 974 3222 1002 3261; x_wconf 90' lang='lat' dir='ltr'><strong>e</strong></span> <span class='ocrx_word' id='word_1_352' title='bbox 1025 3206 1229 3277; x_wconf 83' lang='lat' dir='ltr'><strong>praelio,</strong></span> <span class='ocrx_word' id='word_1_353' title='bbox 1248 3205 1366 3260; x_wconf 92' lang='lat' dir='ltr'><strong>loco</strong></span> <span class='ocrx_word' id='word_1_354' title='bbox 1382 3204 1624 3273; x_wconf 81' lang='lat' dir='ltr'><strong>principe</strong></span> <span class='ocrx_word' id='word_1_355' title='bbox 1639 3201 1865 3258; x_wconf 90' lang='lat' dir='ltr'><strong>delubra</strong></span> <span class='ocrx_word' id='word_1_356' title='bbox 1892 3216 2051 3256; x_wconf 85' lang='lat' dir='ltr'><strong>vene-</strong></span> <span class='ocrx_word' id='word_1_357' title='bbox 2080 3190 2128 3256; x_wconf 85' lang='lat' dir='ltr'><strong><em>C</em></strong></span> 
     </span>
    </p>
   </div>
   <div class='ocr_carea' id='block_1_49' title="bbox 464 3288 2048 3371">
    <p class='ocr_par' dir='ltr' id='par_1_49' title="bbox 464 3288 2048 3371">
     <span class='ocr_line' id='line_1_49' title="bbox 464 3288 2048 3371; baseline -0.005 -12"><span class='ocrx_word' id='word_1_358' title='bbox 464 3309 613 3359; x_wconf 86' lang='lat' dir='ltr'><strong>ratus</strong></span> <span class='ocrx_word' id='word_1_359' title='bbox 640 3317 723 3369; x_wconf 91' lang='lat' dir='ltr'><strong>es,</strong></span> <span class='ocrx_word' id='word_1_360' title='bbox 755 3312 805 3356; x_wconf 90' lang='lat' dir='ltr'><strong>et</strong></span> <span class='ocrx_word' id='word_1_361' title='bbox 851 3288 921 3355; x_wconf 89' lang='lat' dir='ltr'><strong>ibi</strong></span> <span class='ocrx_word' id='word_1_362' title='bbox 952 3302 1172 3371; x_wconf 86' lang='lat' dir='ltr'><strong>gratiam</strong></span> <span class='ocrx_word' id='word_1_363' title='bbox 1217 3300 1479 3364; x_wconf 78' lang='lat' dir='ltr'><strong>retulisti,</strong></span> <span class='ocrx_word' id='word_1_364' title='bbox 1516 3298 1653 3353; x_wconf 92' lang='lat' dir='ltr'><strong>unde</strong></span> <span class='ocrx_word' id='word_1_365' title='bbox 1702 3296 1936 3366; x_wconf 65' lang='lat' dir='ltr'><strong>praedam</strong></span> <span class='ocrx_word' id='word_1_366' title='bbox 1980 3299 2048 3351; x_wconf 87' lang='lat' dir='ltr'><strong>fe-</strong></span> 
     </span>
    </p>
   </div>
   <div class='ocr_carea' id='block_1_50' title="bbox 467 3388 2054 3461">
    <p class='ocr_par' dir='ltr' id='par_1_50' title="bbox 467 3388 2054 3461">
     <span class='ocr_line' id='line_1_50' title="bbox 467 3388 2054 3461; baseline -0.004 -11"><span class='ocrx_word' id='word_1_367' title='bbox 467 3396 619 3451; x_wconf 87' lang='lat' dir='ltr'><strong>riatis</strong></span> <span class='ocrx_word' id='word_1_368' title='bbox 662 3395 909 3450; x_wconf 85' lang='lat' dir='ltr'><strong>manibus</strong></span> <span class='ocrx_word' id='word_1_369' title='bbox 943 3403 1119 3449; x_wconf 90' lang='lat' dir='ltr'><strong>certas</strong></span> <span class='ocrx_word' id='word_1_370' title='bbox 1159 3393 1427 3461; x_wconf 79' lang='lat' dir='ltr'><strong>abripere.</strong></span> <span class='ocrx_word' id='word_1_371' title='bbox 1482 3390 1687 3446; x_wconf 84' lang='lat' dir='ltr'><strong>Vereor</strong></span> <span class='ocrx_word' id='word_1_372' title='bbox 1732 3405 1800 3445; x_wconf 91' lang='lat' dir='ltr'><strong>ne</strong></span> <span class='ocrx_word' id='word_1_373' title='bbox 1842 3388 2054 3458; x_wconf 87' lang='lat' dir='ltr'><strong>templis</strong></span> 
     </span>
    </p>
   </div>
   <div class='ocr_carea' id='block_1_51' title="bbox 464 3486 2055 3557">
    <p class='ocr_par' dir='ltr' id='par_1_51' title="bbox 464 3486 2055 3557">
     <span class='ocr_line' id='line_1_51' title="bbox 464 3486 2055 3557; baseline -0.004 -11"><span class='ocrx_word' id='word_1_374' title='bbox 464 3490 609 3546; x_wconf 90' lang='lat' dir='ltr'><strong>nulla</strong></span> <span class='ocrx_word' id='word_1_375' title='bbox 640 3488 756 3543; x_wconf 75' lang='lat' dir='ltr'><strong>face</strong></span> <span class='ocrx_word' id='word_1_376' title='bbox 791 3486 1145 3557; x_wconf 87' lang='lat' dir='ltr'><strong>consumptis,</strong></span> <span class='ocrx_word' id='word_1_377' title='bbox 1169 3488 1327 3542; x_wconf 90' lang='lat' dir='ltr'><strong>ducat</strong></span> <span class='ocrx_word' id='word_1_378' title='bbox 1360 3486 1617 3543; x_wconf 88' lang='lat' dir='ltr'><strong>vestalem</strong></span> <span class='ocrx_word' id='word_1_379' title='bbox 1649 3486 1909 3556; x_wconf 85' lang='lat' dir='ltr'><strong>virginem</strong></span> <span class='ocrx_word' id='word_1_380' title='bbox 1935 3498 2055 3540; x_wconf 85' lang='lat' dir='ltr'><strong>sors</strong></span> 
     </span>
    </p>
   </div>
   <div class='ocr_carea' id='block_1_52' title="bbox 465 3581 1010 3652">
    <p class='ocr_par' dir='ltr' id='par_1_52' title="bbox 465 3581 1010 3652">
     <span class='ocr_line' id='line_1_52' title="bbox 465 3581 1010 3652; baseline -0.009 -13"><span class='ocrx_word' id='word_1_381' title='bbox 465 3581 696 3639; x_wconf 83' lang='lat' dir='ltr'><strong>secunda</strong></span> <span class='ocrx_word' id='word_1_382' title='bbox 725 3583 1010 3652; x_wconf 88' lang='lat' dir='ltr'><strong>captivam.</strong></span> 
     </span>
    </p>
   </div>
   <div class='ocr_carea' id='block_1_53' title="bbox 1052 3696 1469 3755">
    <p class='ocr_par' dir='ltr' id='par_1_53' title="bbox 1052 3696 1469 3755">
     <span class='ocr_line' id='line_1_53' title="bbox 1052 3696 1469 3755; baseline 0.002 -2"><span class='ocrx_word' id='word_1_383' title='bbox 1052 3696 1277 3753; x_wconf 88' lang='lat' dir='ltr'><strong>DIC&#39;I‘IO</strong></span> <span class='ocrx_word' id='word_1_384' title='bbox 1309 3698 1469 3755; x_wconf 80' lang='lat' dir='ltr'><strong>XVII.</strong></span> 
     </span>
    </p>
   </div>
   <div class='ocr_carea' id='block_1_54' title="bbox 718 3789 1801 3861">
    <p class='ocr_par' dir='ltr' id='par_1_54' title="bbox 718 3789 1801 3861">
     <span class='ocr_line' id='line_1_54' title="bbox 718 3789 1801 3861; baseline -0.002 -16"><span class='ocrx_word' id='word_1_385' title='bbox 718 3789 781 3846; x_wconf 87' lang='lat' dir='ltr'><strong>In</strong></span> <span class='ocrx_word' id='word_1_386' title='bbox 810 3807 923 3846; x_wconf 87' lang='lat' dir='ltr'><strong>eum</strong></span> <span class='ocrx_word' id='word_1_387' title='bbox 948 3792 1034 3861; x_wconf 85' lang='lat' dir='ltr'><strong>qui</strong></span> <span class='ocrx_word' id='word_1_388' title='bbox 1062 3792 1170 3846; x_wconf 76' lang='lat' dir='ltr'><strong>seni</strong></span> <span class='ocrx_word' id='word_1_389' title='bbox 1202 3793 1334 3861; x_wconf 75' lang='lat' dir='ltr'><strong>patri</strong></span> <span class='ocrx_word' id='word_1_390' title='bbox 1365 3792 1501 3847; x_wconf 71' lang='lat' dir='ltr'><strong>cibos</strong></span> <span class='ocrx_word' id='word_1_391' title='bbox 1527 3789 1801 3845; x_wconf 59' lang='lat' dir='ltr'><strong>subtraxit.</strong></span> 
     </span>
    </p>
   </div>
   <div class='ocr_carea' id='block_1_55' title="bbox 1066 3884 1463 3939">
    <p class='ocr_par' dir='ltr' id='par_1_55' title="bbox 1066 3884 1463 3939">
     <span class='ocr_line' id='line_1_55' title="bbox 1066 3884 1463 3939; baseline 0 -2"><span class='ocrx_word' id='word_1_392' title='bbox 1066 3884 1196 3938; x_wconf 89' lang='lat' dir='ltr'><strong>Data</strong></span> <span class='ocrx_word' id='word_1_393' title='bbox 1227 3884 1463 3939; x_wconf 87' lang='lat' dir='ltr'><strong>Aratori.</strong></span> 
     </span>
    </p>
   </div>
   <div class='ocr_carea' id='block_1_56' title="bbox 934 3992 1591 4042">
    <p class='ocr_par' dir='ltr' id='par_1_56' title="bbox 934 3992 1591 4042">
     <span class='ocr_line' id='line_1_56' title="bbox 934 3992 1591 4042; baseline -0.005 -9"><span class='ocrx_word' id='word_1_394' title='bbox 934 3992 1332 4035; x_wconf 72' lang='lat' dir='ltr'><strong>CONTBOVERSIA</strong></span> <span class='ocrx_word' id='word_1_395' title='bbox 1362 3994 1591 4042; x_wconf 70' lang='lat' dir='ltr'><strong>ouum.</strong></span> 
     </span>
    </p>
   </div>
   <div class='ocr_carea' id='block_1_57' title="bbox 530 4062 2050 4138">
    <p class='ocr_par' dir='ltr' id='par_1_57' title="bbox 530 4062 2050 4138">
     <span class='ocr_line' id='line_1_57' title="bbox 530 4062 2050 4138; baseline -0.005 -13"><span class='ocrx_word' id='word_1_396' title='bbox 530 4070 745 4137; x_wconf 84' lang='lat' dir='ltr'><strong>Nescio,</strong></span> <span class='ocrx_word' id='word_1_397' title='bbox 772 4068 1006 4138; x_wconf 78' lang='lat' dir='ltr'><strong>iudices,</strong></span> <span class='ocrx_word' id='word_1_398' title='bbox 1039 4080 1219 4123; x_wconf 92' lang='lat' dir='ltr'><strong>utrum</strong></span> <span class='ocrx_word' id='word_1_399' title='bbox 1254 4070 1559 4123; x_wconf 82' lang='lat' dir='ltr'><strong>inveniatur</strong></span> <span class='ocrx_word' id='word_1_400' title='bbox 1586 4080 1769 4136; x_wconf 79' lang='lat' dir='ltr'><strong>ptena,</strong></span> <span class='ocrx_word' id='word_1_401' title='bbox 1798 4079 1917 4133; x_wconf 80' lang='lat' dir='ltr'><strong>quae</strong></span> <span class='ocrx_word' id='word_1_402' title='bbox 1945 4062 2050 4118; x_wconf 87' lang='lat' dir='ltr'><strong>cri-</strong></span> 
     </span>
    </p>
   </div>
   <div class='ocr_carea' id='block_1_58' title="bbox 464 4158 2053 4231">
    <p class='ocr_par' dir='ltr' id='par_1_58' title="bbox 464 4158 2053 4231">
     <span class='ocr_line' id='line_1_58' title="bbox 464 4158 2053 4231; baseline -0.004 -10"><span class='ocrx_word' id='word_1_403' title='bbox 464 4163 699 4222; x_wconf 85' lang='lat' dir='ltr'><strong>minibus</strong></span> <span class='ocrx_word' id='word_1_404' title='bbox 749 4164 1045 4218; x_wconf 87' lang='lat' dir='ltr'><strong>satisfaciat</strong></span> <span class='ocrx_word' id='word_1_405' title='bbox 1092 4161 1341 4231; x_wconf 82' lang='lat' dir='ltr'><strong>impetiti.</strong></span> <span class='ocrx_word' id='word_1_406' title='bbox 1392 4161 1613 4216; x_wconf 88' lang='lat' dir='ltr'><strong>Interim</strong></span> <span class='ocrx_word' id='word_1_407' title='bbox 1661 4160 1812 4214; x_wconf 87' lang='lat' dir='ltr'><strong>deest</strong></span> <span class='ocrx_word' id='word_1_408' title='bbox 1856 4158 2053 4228; x_wconf 84' lang='lat' dir='ltr'><strong>linguae</strong></span> 
     </span>
    </p>
   </div>
   <div class='ocr_carea' id='block_1_59' title="bbox 463 4254 2049 4326">
    <p class='ocr_par' dir='ltr' id='par_1_59' title="bbox 463 4254 2049 4326">
     <span class='ocr_line' id='line_1_59' title="bbox 463 4254 2049 4326; baseline -0.004 -14"><span class='ocrx_word' id='word_1_409' title='bbox 463 4256 649 4325; x_wconf 83' lang='lat' dir='ltr'><strong>copia,</strong></span> <span class='ocrx_word' id='word_1_410' title='bbox 679 4256 892 4326; x_wconf 89' lang='lat' dir='ltr'><strong>quando</strong></span> <span class='ocrx_word' id='word_1_411' title='bbox 924 4254 1175 4309; x_wconf 81' lang='lat' dir='ltr'><strong>facinoris</strong></span> <span class='ocrx_word' id='word_1_412' title='bbox 1202 4254 1413 4308; x_wconf 83' lang='lat' dir='ltr'><strong>novitas</strong></span> <span class='ocrx_word' id='word_1_413' title='bbox 1454 4261 1676 4323; x_wconf 81' lang='lat' dir='ltr'><strong>superat</strong></span> <span class='ocrx_word' id='word_1_414' title='bbox 1712 4266 2049 4323; x_wconf 86' lang='lat' dir='ltr'><strong>arguentem.</strong></span> 
     </span>
    </p>
   </div>
   <div class='ocr_carea' id='block_1_60' title="bbox 464 4346 2052 4420">
    <p class='ocr_par' dir='ltr' id='par_1_60' title="bbox 464 4346 2052 4420">
     <span class='ocr_line' id='line_1_60' title="bbox 464 4346 2052 4420; baseline -0.002 -16"><span class='ocrx_word' id='word_1_415' title='bbox 464 4349 571 4405; x_wconf 86' lang='lat' dir='ltr'><strong>Iste</strong></span> <span class='ocrx_word' id='word_1_416' title='bbox 589 4359 671 4405; x_wconf 88' lang='lat' dir='ltr'><strong>est</strong></span> <span class='ocrx_word' id='word_1_417' title='bbox 691 4349 832 4403; x_wconf 82' lang='lat' dir='ltr'><strong>filius</strong></span> <span class='ocrx_word' id='word_1_418' title='bbox 852 4348 943 4418; x_wconf 85' lang='lat' dir='ltr'><strong>qui</strong></span> <span class='ocrx_word' id='word_1_419' title='bbox 971 4346 1263 4420; x_wconf 73' lang='lat' dir='ltr'><strong>grandaevo</strong></span> <span class='ocrx_word' id='word_1_420' title='bbox 1281 4350 1449 4416; x_wconf 88' lang='lat' dir='ltr'><strong>patri,</strong></span> <span class='ocrx_word' id='word_1_421' title='bbox 1467 4362 1587 4402; x_wconf 91' lang='lat' dir='ltr'><strong>cum</strong></span> <span class='ocrx_word' id='word_1_422' title='bbox 1604 4354 1789 4413; x_wconf 88' lang='lat' dir='ltr'><strong>posset</strong></span> <span class='ocrx_word' id='word_1_423' title='bbox 1809 4346 2052 4416; x_wconf 74' lang='lat' dir='ltr'><strong>praebere</strong></span> 
     </span>
    </p>
   </div>
   <div class='ocr_carea' id='block_1_61' title="bbox 464 4439 2049 4513">
    <p class='ocr_par' dir='ltr' id='par_1_61' title="bbox 464 4439 2049 4513">
     <span class='ocr_line' id='line_1_61' title="bbox 464 4439 2049 4513; baseline -0.002 -17"><span class='ocrx_word' id='word_1_424' title='bbox 464 4443 750 4508; x_wconf 88' lang='lat' dir='ltr'><strong>alimenta,</strong></span> <span class='ocrx_word' id='word_1_425' title='bbox 785 4443 1070 4513; x_wconf 84' lang='lat' dir='ltr'><strong>denegavit</strong></span> <span class='ocrx_word' id='word_1_426' title='bbox 1100 4461 1112 4497; x_wconf 88' lang='lat'><strong>:</strong></span> <span class='ocrx_word' id='word_1_427' title='bbox 1148 4442 1200 4496; x_wconf 89' lang='lat' dir='ltr'><strong>id</strong></span> <span class='ocrx_word' id='word_1_428' title='bbox 1235 4441 1379 4512; x_wconf 90' lang='lat' dir='ltr'><strong>genii</strong></span> <span class='ocrx_word' id='word_1_429' title='bbox 1421 4440 1717 4496; x_wconf 84' lang='lat' dir='ltr'><strong>sceleribus</strong></span> <span class='ocrx_word' id='word_1_430' title='bbox 1756 4439 1867 4494; x_wconf 85' lang='lat' dir='ltr'><strong>suis</strong></span> <span class='ocrx_word' id='word_1_431' title='bbox 1894 4454 2049 4494; x_wconf 89' lang='lat' dir='ltr'><strong>asso-</strong></span> 
     </span>
    </p>
   </div>
   <div class='ocr_carea' id='block_1_62' title="bbox 465 4532 2050 4605">
    <p class='ocr_par' dir='ltr' id='par_1_62' title="bbox 465 4532 2050 4605">
     <span class='ocr_line' id='line_1_62' title="bbox 465 4532 2050 4605; baseline -0.002 -15"><span class='ocrx_word' id='word_1_432' title='bbox 465 4536 639 4602; x_wconf 90' lang='lat' dir='ltr'><strong>cians,</strong></span> <span class='ocrx_word' id='word_1_433' title='bbox 667 4545 723 4589; x_wconf 91' lang='lat' dir='ltr'><strong>ut</strong></span> <span class='ocrx_word' id='word_1_434' title='bbox 750 4544 895 4590; x_wconf 85' lang='lat' dir='ltr'><strong>esset</strong></span> <span class='ocrx_word' id='word_1_435' title='bbox 939 4545 1091 4605; x_wconf 87' lang='lat' dir='ltr'><strong>patre</strong></span> <span class='ocrx_word' id='word_1_436' title='bbox 1118 4534 1375 4590; x_wconf 82' lang='lat' dir='ltr'><strong>incolumi</strong></span> <span class='ocrx_word' id='word_1_437' title='bbox 1406 4535 1693 4604; x_wconf 88' lang='lat' dir='ltr'><strong>parricida.</strong></span> <span class='ocrx_word' id='word_1_438' title='bbox 1727 4532 1891 4588; x_wconf 89' lang='lat' dir='ltr'><strong>Putas</strong></span> <span class='ocrx_word' id='word_1_439' title='bbox 1919 4547 2050 4587; x_wconf 88' lang='lat' dir='ltr'><strong>eva-</strong></span> 
     </span>
    </p>
   </div>
   <div class='ocr_carea' id='block_1_63' title="bbox 467 4626 2055 4696">
    <p class='ocr_par' dir='ltr' id='par_1_63' title="bbox 467 4626 2055 4696">
     <span class='ocr_line' id='line_1_63' title="bbox 467 4626 2055 4696; baseline -0.001 -14"><span class='ocrx_word' id='word_1_440' title='bbox 467 4629 602 4683; x_wconf 87' lang='lat' dir='ltr'><strong>sisse</strong></span> <span class='ocrx_word' id='word_1_441' title='bbox 625 4638 675 4683; x_wconf 92' lang='lat' dir='ltr'><strong>te</strong></span> <span class='ocrx_word' id='word_1_442' title='bbox 698 4628 936 4683; x_wconf 87' lang='lat' dir='ltr'><strong>debitum</strong></span> <span class='ocrx_word' id='word_1_443' title='bbox 978 4628 1046 4682; x_wconf 90' lang='lat' dir='ltr'><strong>de</strong></span> <span class='ocrx_word' id='word_1_444' title='bbox 1077 4644 1184 4683; x_wconf 91' lang='lat' dir='ltr'><strong>non</strong></span> <span class='ocrx_word' id='word_1_445' title='bbox 1211 4629 1360 4682; x_wconf 89' lang='lat' dir='ltr'><strong>illata</strong></span> <span class='ocrx_word' id='word_1_446' title='bbox 1385 4628 1616 4696; x_wconf 88' lang='lat' dir='ltr'><strong>genitori</strong></span> <span class='ocrx_word' id='word_1_447' title='bbox 1650 4637 1821 4681; x_wconf 92' lang='lat' dir='ltr'><strong>morte</strong></span> <span class='ocrx_word' id='word_1_448' title='bbox 1849 4626 2055 4696; x_wconf 84' lang='lat' dir='ltr'><strong>suppli-</strong></span> 
     </span>
    </p>
   </div>
   <div class='ocr_carea' id='block_1_64' title="bbox 466 4721 2053 4793">
    <p class='ocr_par' dir='ltr' id='par_1_64' title="bbox 466 4721 2053 4793">
     <span class='ocr_line' id='line_1_64' title="bbox 466 4721 2053 4793; baseline -0.003 -15"><span class='ocrx_word' id='word_1_449' title='bbox 466 4724 641 4778; x_wconf 81' lang='lat' dir='ltr'><strong>cium?</strong></span> <span class='ocrx_word' id='word_1_450' title='bbox 661 4734 716 4777; x_wconf 92' lang='lat' dir='ltr'><strong>ut</strong></span> <span class='ocrx_word' id='word_1_451' title='bbox 730 4737 879 4779; x_wconf 88' lang='lat' dir='ltr'><strong>esses</strong></span> <span class='ocrx_word' id='word_1_452' title='bbox 898 4723 919 4752; x_wconf 82' lang='grc'>¹</span> <span class='ocrx_word' id='word_1_453' title='bbox 939 4721 1295 4789; x_wconf 86' lang='lat' dir='ltr'><strong>innocentior,</strong></span> <span class='ocrx_word' id='word_1_454' title='bbox 1312 4722 1619 4793; x_wconf 87' lang='lat' dir='ltr'><strong>pepercisti.</strong></span> <span class='ocrx_word' id='word_1_455' title='bbox 1637 4721 1912 4775; x_wconf 85' lang='lat' dir='ltr'><strong>Potuisses</strong></span> <span class='ocrx_word' id='word_1_456' title='bbox 1932 4735 2053 4774; x_wconf 89' lang='lat' dir='ltr'><strong>cru-</strong></span> 
     </span>
    </p>
   </div>
   <div class='ocr_carea' id='block_1_65' title="bbox 466 4812 2055 4886">
    <p class='ocr_par' dir='ltr' id='par_1_65' title="bbox 466 4812 2055 4886">
     <span class='ocr_line' id='line_1_65' title="bbox 466 4812 2055 4886; baseline -0.002 -14"><span class='ocrx_word' id='word_1_457' title='bbox 466 4816 638 4872; x_wconf 86' lang='lat' dir='ltr'><strong>ciatus</strong></span> <span class='ocrx_word' id='word_1_458' title='bbox 666 4832 799 4886; x_wconf 91' lang='lat' dir='ltr'><strong>quos</strong></span> <span class='ocrx_word' id='word_1_459' title='bbox 820 4817 1103 4883; x_wconf 83' lang='lat' dir='ltr'><strong>intuleras,</strong></span> <span class='ocrx_word' id='word_1_460' title='bbox 1118 4817 1304 4871; x_wconf 86' lang='lat' dir='ltr'><strong>ultimo</strong></span> <span class='ocrx_word' id='word_1_461' title='bbox 1330 4813 1497 4884; x_wconf 89' lang='lat' dir='ltr'><strong>patris</strong></span> <span class='ocrx_word' id='word_1_462' title='bbox 1515 4814 1622 4869; x_wconf 84' lang='lat' dir='ltr'><strong>ﬁne</strong></span> <span class='ocrx_word' id='word_1_463' title='bbox 1642 4812 2055 4879; x_wconf 73' lang='lat' dir='ltr'><strong>eoncludere,’si</strong></span> 
     </span>
    </p>
   </div>
   <div class='ocr_carea' id='block_1_66' title="bbox 466 4906 2055 4983">
    <p class='ocr_par' dir='ltr' id='par_1_66' title="bbox 466 4906 2055 4983">
     <span class='ocr_line' id='line_1_66' title="bbox 466 4906 2055 4983; baseline -0.003 -18"><span class='ocrx_word' id='word_1_464' title='bbox 466 4924 683 4965; x_wconf 84' lang='lat' dir='ltr'><strong>manum</strong></span> <span class='ocrx_word' id='word_1_465' title='bbox 705 4908 891 4978; x_wconf 83' lang='lat' dir='ltr'><strong>jugulo</strong></span> <span class='ocrx_word' id='word_1_466' title='bbox 922 4909 1183 4962; x_wconf 81' lang='lat' dir='ltr'><strong>medicam</strong></span> <span class='ocrx_word' id='word_1_467' title='bbox 1217 4906 1594 4976; x_wconf 79' lang='lat' dir='ltr'><strong>praestitisses:</strong></span> <span class='ocrx_word' id='word_1_468' title='bbox 1627 4906 1796 4983; x_wconf 89' lang='lat' dir='ltr'><strong>prima</strong></span> <span class='ocrx_word' id='word_1_469' title='bbox 1827 4914 1910 4961; x_wconf 91' lang='lat' dir='ltr'><strong>est</strong></span> <span class='ocrx_word' id='word_1_470' title='bbox 1939 4921 2055 4961; x_wconf 92' lang='lat' dir='ltr'><strong>ma-</strong></span> 
     </span>
    </p>
   </div>
   <div class='ocr_carea' id='block_1_67' title="bbox 466 4999 2050 5077">
    <p class='ocr_par' dir='ltr' id='par_1_67' title="bbox 466 4999 2050 5077">
     <span class='ocr_line' id='line_1_67' title="bbox 466 4999 2050 5077; baseline 0.001 -22"><span class='ocrx_word' id='word_1_471' title='bbox 466 5004 639 5056; x_wconf 91' lang='lat' dir='ltr'><strong>lorum</strong></span> <span class='ocrx_word' id='word_1_472' title='bbox 675 5011 884 5055; x_wconf 91' lang='lat' dir='ltr'><strong>tuorum</strong></span> <span class='ocrx_word' id='word_1_473' title='bbox 912 5000 1243 5067; x_wconf 83' lang='lat' dir='ltr'><strong>adinventio,</strong></span> <span class='ocrx_word' id='word_1_474' title='bbox 1282 5001 1548 5053; x_wconf 85' lang='lat' dir='ltr'><strong>creatoris</strong></span> <span class='ocrx_word' id='word_1_475' title='bbox 1591 4999 1791 5070; x_wconf 87' lang='lat' dir='ltr'><strong>proprii</strong></span> <span class='ocrx_word' id='word_1_476' title='bbox 1829 5000 2050 5077; x_wconf 78' lang='lat' dir='ltr'><strong>exitium</strong></span> 
     </span>
    </p>
   </div>
   <div class='ocr_carea' id='block_1_68' title="bbox 465 5094 2048 5168">
    <p class='ocr_par' dir='ltr' id='par_1_68' title="bbox 465 5094 2048 5168">
     <span class='ocr_line' id='line_1_68' title="bbox 465 5094 2048 5168; baseline -0.001 -17"><span class='ocrx_word' id='word_1_477' title='bbox 465 5109 566 5151; x_wconf 89' lang='lat' dir='ltr'><strong>nec</strong></span> <span class='ocrx_word' id='word_1_478' title='bbox 587 5110 865 5150; x_wconf 89' lang='lat' dir='ltr'><strong>removere</strong></span> <span class='ocrx_word' id='word_1_479' title='bbox 895 5107 950 5150; x_wconf 92' lang='lat' dir='ltr'><strong>ut</strong></span> <span class='ocrx_word' id='word_1_480' title='bbox 981 5097 1125 5165; x_wconf 90' lang='lat' dir='ltr'><strong>pium</strong></span> <span class='ocrx_word' id='word_1_481' title='bbox 1155 5094 1353 5161; x_wconf 81' lang='lat' dir='ltr'><strong>filium,</strong></span> <span class='ocrx_word' id='word_1_482' title='bbox 1377 5110 1476 5150; x_wconf 90' lang='lat' dir='ltr'><strong>nec</strong></span> <span class='ocrx_word' id='word_1_483' title='bbox 1493 5107 1550 5150; x_wconf 91' lang='lat' dir='ltr'><strong>ut</strong></span> <span class='ocrx_word' id='word_1_484' title='bbox 1576 5096 1849 5151; x_wconf 87' lang='lat' dir='ltr'><strong>crudelem</strong></span> <span class='ocrx_word' id='word_1_485' title='bbox 1870 5096 2048 5168; x_wconf 88' lang='lat' dir='ltr'><strong>decet,</strong></span> 
     </span>
    </p>
   </div>
   <div class='ocr_carea' id='block_1_69' title="bbox 464 5189 2050 5261">
    <p class='ocr_par' dir='ltr' id='par_1_69' title="bbox 464 5189 2050 5261">
     <span class='ocr_line' id='line_1_69' title="bbox 464 5189 2050 5261; baseline -0.003 -14"><span class='ocrx_word' id='word_1_486' title='bbox 464 5189 684 5247; x_wconf 87' lang='lat' dir='ltr'><strong>inferre.</strong></span> <span class='ocrx_word' id='word_1_487' title='bbox 717 5190 852 5257; x_wconf 83' lang='lat' dir='ltr'><strong>Quid</strong></span> <span class='ocrx_word' id='word_1_488' title='bbox 883 5200 970 5245; x_wconf 89' lang='lat' dir='ltr'><strong>est</strong></span> <span class='ocrx_word' id='word_1_489' title='bbox 998 5190 1139 5259; x_wconf 84' lang='lat' dir='ltr'><strong>quod</strong></span> <span class='ocrx_word' id='word_1_490' title='bbox 1168 5191 1307 5245; x_wconf 86' lang='lat' dir='ltr'><strong>inter</strong></span> <span class='ocrx_word' id='word_1_491' title='bbox 1338 5200 1619 5261; x_wconf 89' lang='lat' dir='ltr'><strong>utramque</strong></span> <span class='ocrx_word' id='word_1_492' title='bbox 1654 5192 1825 5258; x_wconf 87' lang='lat' dir='ltr'><strong>viam,</strong></span> <span class='ocrx_word' id='word_1_493' title='bbox 1858 5190 2050 5260; x_wconf 83' lang='lat' dir='ltr'><strong>exqui-</strong></span> 
     </span>
    </p>
   </div>
   <div class='ocr_carea' id='block_1_70' title="bbox 463 5282 2052 5353">
    <p class='ocr_par' dir='ltr' id='par_1_70' title="bbox 463 5282 2052 5353">
     <span class='ocr_line' id='line_1_70' title="bbox 463 5282 2052 5353; baseline -0.001 -15"><span class='ocrx_word' id='word_1_494' title='bbox 463 5283 551 5340; x_wconf 87' lang='lat' dir='ltr'><strong>siti</strong></span> <span class='ocrx_word' id='word_1_495' title='bbox 573 5284 824 5338; x_wconf 81' lang='lat' dir='ltr'><strong>inventor</strong></span> <span class='ocrx_word' id='word_1_496' title='bbox 853 5282 1095 5352; x_wconf 84' lang='lat' dir='ltr'><strong>periculi,</strong></span> <span class='ocrx_word' id='word_1_497' title='bbox 1116 5290 1362 5338; x_wconf 88' lang='lat' dir='ltr'><strong>neutram</strong></span> <span class='ocrx_word' id='word_1_498' title='bbox 1394 5292 1629 5339; x_wconf 85' lang='lat' dir='ltr'><strong>sectatus</strong></span> <span class='ocrx_word' id='word_1_499' title='bbox 1658 5283 1897 5353; x_wconf 85' lang='lat' dir='ltr'><strong>pasceris</strong></span> <span class='ocrx_word' id='word_1_500' title='bbox 1927 5297 2052 5353; x_wconf 81' lang='lat' dir='ltr'><strong>pro-</strong></span> 
     </span>
    </p>
   </div>
   <div class='ocr_carea' id='block_1_71' title="bbox 464 5376 2071 5448">
    <p class='ocr_par' dir='ltr' id='par_1_71' title="bbox 464 5376 2071 5448">
     <span class='ocr_line' id='line_1_71' title="bbox 464 5376 2071 5448; baseline -0.001 -15"><span class='ocrx_word' id='word_1_501' title='bbox 464 5378 699 5447; x_wconf 80' lang='lat' dir='ltr'><strong>Inulgata</strong></span> <span class='ocrx_word' id='word_1_502' title='bbox 740 5377 857 5432; x_wconf 84' lang='lat' dir='ltr'><strong>tabe</strong></span> <span class='ocrx_word' id='word_1_503' title='bbox 883 5376 1174 5447; x_wconf 76' lang='lat' dir='ltr'><strong>genitoris?</strong></span> <span class='ocrx_word' id='word_1_504' title='bbox 1208 5376 1373 5443; x_wconf 77' lang='lat' dir='ltr'><strong>vixit,</strong></span> <span class='ocrx_word' id='word_1_505' title='bbox 1406 5386 1459 5432; x_wconf 77' lang='lat' dir='ltr'><strong>te</strong></span> <span class='ocrx_word' id='word_1_506' title='bbox 1493 5390 1835 5448; x_wconf 87' lang='lat' dir='ltr'><strong>procurante,</strong></span> <span class='ocrx_word' id='word_1_507' title='bbox 1861 5395 1925 5433; x_wconf 89' lang='lat' dir='ltr'><strong>eo</strong></span> <span class='ocrx_word' id='word_1_508' title='bbox 1972 5380 2071 5431; x_wconf 20' lang='lat' dir='ltr'><strong>in-t</strong></span> 
     </span>
    </p>
   </div>
   <div class='ocr_carea' id='block_1_72' title="bbox 464 5470 2048 5541">
    <p class='ocr_par' dir='ltr' id='par_1_72' title="bbox 464 5470 2048 5541">
     <span class='ocr_line' id='line_1_72' title="bbox 464 5470 2048 5541; baseline 0.001 -17"><span class='ocrx_word' id='word_1_509' title='bbox 464 5470 671 5525; x_wconf 85' lang='lat' dir='ltr'><strong>felicior</strong></span> <span class='ocrx_word' id='word_1_510' title='bbox 702 5480 870 5540; x_wconf 87' lang='lat' dir='ltr'><strong>pater,</strong></span> <span class='ocrx_word' id='word_1_511' title='bbox 900 5470 1043 5541; x_wconf 89' lang='lat' dir='ltr'><strong>quod</strong></span> <span class='ocrx_word' id='word_1_512' title='bbox 1077 5470 1213 5525; x_wconf 89' lang='lat' dir='ltr'><strong>mori</strong></span> <span class='ocrx_word' id='word_1_513' title='bbox 1242 5481 1292 5527; x_wconf 84' lang='lat' dir='ltr'><strong>te</strong></span> <span class='ocrx_word' id='word_1_514' title='bbox 1327 5484 1650 5540; x_wconf 86' lang='lat' dir='ltr'><strong>procurante</strong></span> <span class='ocrx_word' id='word_1_515' title='bbox 1692 5488 1799 5526; x_wconf 91' lang='lat' dir='ltr'><strong>non</strong></span> <span class='ocrx_word' id='word_1_516' title='bbox 1833 5473 2048 5526; x_wconf 83' lang='lat' dir='ltr'><strong>meruit.</strong></span> 
     </span>
    </p>
   </div>
   <div class='ocr_carea' id='block_1_73' title="bbox 464 5560 2056 5631">
    <p class='ocr_par' dir='ltr' id='par_1_73' title="bbox 464 5560 2056 5631">
     <span class='ocr_line' id='line_1_73' title="bbox 464 5560 2056 5631; baseline 0.001 -15"><span class='ocrx_word' id='word_1_517' title='bbox 464 5560 655 5627; x_wconf 82' lang='lat' dir='ltr'><strong>Nemo,</strong></span> <span class='ocrx_word' id='word_1_518' title='bbox 689 5565 1043 5631; x_wconf 87' lang='lat' dir='ltr'><strong>sanctissimi,</strong></span> <span class='ocrx_word' id='word_1_519' title='bbox 1077 5564 1287 5621; x_wconf 88' lang='lat' dir='ltr'><strong>dubitat</strong></span> <span class='ocrx_word' id='word_1_520' title='bbox 1310 5566 1494 5622; x_wconf 85' lang='lat' dir='ltr'><strong>mundi</strong></span> <span class='ocrx_word' id='word_1_521' title='bbox 1522 5568 1678 5622; x_wconf 89' lang='lat' dir='ltr'><strong>istius</strong></span> <span class='ocrx_word' id='word_1_522' title='bbox 1721 5566 1861 5618; x_wconf 80' lang='lat' dir='ltr'><strong>inuia</strong></span> <span class='ocrx_word' id='word_1_523' title='bbox 1890 5563 2056 5618; x_wconf 86' lang='lat' dir='ltr'><strong>advo-</strong></span> 
     </span>
    </p>
   </div>
   <div class='ocr_carea' id='block_1_74' title="bbox 461 5659 2054 5728">
    <p class='ocr_par' dir='ltr' id='par_1_74' title="bbox 461 5659 2054 5728">
     <span class='ocr_line' id='line_1_74' title="bbox 461 5659 2054 5728; baseline 0 -13"><span class='ocrx_word' id='word_1_524' title='bbox 461 5666 586 5715; x_wconf 77' lang='lat' dir='ltr'><strong>cata</strong></span> <span class='ocrx_word' id='word_1_525' title='bbox 610 5668 744 5712; x_wconf 85' lang='lat' dir='ltr'><strong>nece</strong></span> <span class='ocrx_word' id='word_1_526' title='bbox 758 5659 969 5728; x_wconf 84' lang='lat' dir='ltr'><strong>sepeliri</strong></span> <span class='ocrx_word' id='word_1_527' title='bbox 988 5701 1002 5727; x_wconf 96' lang='lat'><strong>,</strong></span> <span class='ocrx_word' id='word_1_528' title='bbox 1027 5667 1081 5713; x_wconf 89' lang='lat' dir='ltr'><strong>ct</strong></span> <span class='ocrx_word' id='word_1_529' title='bbox 1102 5674 1445 5717; x_wconf 85' lang='lat' dir='ltr'><strong>communem</strong></span> <span class='ocrx_word' id='word_1_530' title='bbox 1485 5672 1687 5717; x_wconf 87' lang='lat' dir='ltr'><strong>sortem</strong></span> <span class='ocrx_word' id='word_1_531' title='bbox 1719 5670 1901 5716; x_wconf 89' lang='lat' dir='ltr'><strong>votum</strong></span> <span class='ocrx_word' id='word_1_532' title='bbox 1932 5674 2054 5715; x_wconf 86' lang='lat' dir='ltr'><strong>esse</strong></span> 
     </span>
    </p>
   </div>
   <div class='ocr_carea' id='block_1_75' title="bbox 534 5810 1426 5895">
    <p class='ocr_par' dir='ltr' id='par_1_75' title="bbox 534 5810 1426 5895">
     <span class='ocr_line' id='line_1_75' title="bbox 534 5810 1426 5895; baseline 0.004 -21"><span class='ocrx_word' id='word_1_533' title='bbox 534 5818 558 5858; x_wconf 78' lang='grc' dir='ltr'>ι</span> <span class='ocrx_word' id='word_1_534' title='bbox 587 5816 756 5876; x_wconf 70' lang='lat' dir='ltr'><strong>Heroa</strong></span> <span class='ocrx_word' id='word_1_535' title='bbox 784 5828 890 5879; x_wconf 86' lang='lat' dir='ltr'><strong>vet.</strong></span> <span class='ocrx_word' id='word_1_536' title='bbox 922 5823 1042 5879; x_wconf 91' lang='lat' dir='ltr'><strong>cod.</strong></span> <span class='ocrx_word' id='word_1_537' title='bbox 1073 5810 1211 5895; x_wconf 87' lang='lat' dir='ltr'><strong>apud</strong></span> <span class='ocrx_word' id='word_1_538' title='bbox 1238 5822 1426 5882; x_wconf 68' lang='grc' dir='ltr'><strong>δειλοί.</strong></span> 
     </span>
    </p>
   </div>
   <div class='ocr_carea' id='block_1_76' title="bbox 2159 1886 3760 1964">
    <p class='ocr_par' dir='ltr' id='par_1_76' title="bbox 2159 1886 3760 1964">
     <span class='ocr_line' id='line_1_76' title="bbox 2159 1886 3760 1964; baseline -0.001 -16"><span class='ocrx_word' id='word_1_539' title='bbox 2159 1895 2369 1963; x_wconf 83' lang='lat' dir='ltr'><strong>peribat</strong></span> <span class='ocrx_word' id='word_1_540' title='bbox 2412 1911 2573 1949; x_wconf 90' lang='lat' dir='ltr'><strong>:cum</strong></span> <span class='ocrx_word' id='word_1_541' title='bbox 2615 1907 2835 1964; x_wconf 89' lang='lat' dir='ltr'><strong>repente</strong></span> <span class='ocrx_word' id='word_1_542' title='bbox 2881 1895 3128 1964; x_wconf 87' lang='lat' dir='ltr'><strong>egregius</strong></span> <span class='ocrx_word' id='word_1_543' title='bbox 3160 1894 3373 1963; x_wconf 87' lang='lat' dir='ltr'><strong>juvenis</strong></span> <span class='ocrx_word' id='word_1_544' title='bbox 3417 1894 3506 1947; x_wconf 92' lang='lat' dir='ltr'><strong>tali</strong></span> <span class='ocrx_word' id='word_1_545' title='bbox 3551 1886 3760 1962; x_wconf 87' lang='lat' dir='ltr'><strong>patrem</strong></span> 
     </span>
    </p>
   </div>
   <div class='ocr_carea' id='block_1_77' title="bbox 2160 1982 3762 2054">
    <p class='ocr_par' dir='ltr' id='par_1_77' title="bbox 2160 1982 3762 2054">
     <span class='ocr_line' id='line_1_77' title="bbox 2160 1982 3762 2054; baseline -0.001 -17"><span class='ocrx_word' id='word_1_546' title='bbox 2160 1986 2456 2041; x_wconf 77' lang='lat' dir='ltr'><strong>securitate</strong></span> <span class='ocrx_word' id='word_1_547' title='bbox 2492 1988 2732 2040; x_wconf 80' lang='lat' dir='ltr'><strong>nudavit.</strong></span> <span class='ocrx_word' id='word_1_548' title='bbox 2760 1985 2962 2040; x_wconf 82' lang='lat' dir='ltr'><strong>Vellem</strong></span> <span class='ocrx_word' id='word_1_549' title='bbox 3016 1986 3302 2054; x_wconf 85' lang='lat' dir='ltr'><strong>paulisper,</strong></span> <span class='ocrx_word' id='word_1_550' title='bbox 3329 1982 3631 2038; x_wconf 82' lang='lat' dir='ltr'><strong>&quot;venerandi</strong></span> <span class='ocrx_word' id='word_1_551' title='bbox 3671 1996 3762 2035; x_wconf 88' lang='lat' dir='ltr'><strong>co-</strong></span> 
     </span>
    </p>
   </div>
   <div class='ocr_carea' id='block_1_78' title="bbox 2169 2071 3762 2144">
    <p class='ocr_par' dir='ltr' id='par_1_78' title="bbox 2169 2071 3762 2144">
     <span class='ocr_line' id='line_1_78' title="bbox 2169 2071 3762 2144; baseline -0.003 -15"><span class='ocrx_word' id='word_1_552' title='bbox 2169 2079 2428 2144; x_wconf 82' lang='lat' dir='ltr'><strong>gnitores,</strong></span> <span class='ocrx_word' id='word_1_553' title='bbox 2457 2076 2522 2130; x_wconf 85' lang='lat' dir='ltr'><strong>ad</strong></span> <span class='ocrx_word' id='word_1_554' title='bbox 2556 2080 2696 2131; x_wconf 82' lang='lat' dir='ltr'><strong>hunc</strong></span> <span class='ocrx_word' id='word_1_555' title='bbox 2728 2078 2889 2131; x_wconf 86' lang='lat' dir='ltr'><strong>verba</strong></span> <span class='ocrx_word' id='word_1_556' title='bbox 2923 2084 3243 2130; x_wconf 85' lang='lat' dir='ltr'><strong>convertere</strong></span> <span class='ocrx_word' id='word_1_557' title='bbox 3270 2093 3283 2129; x_wconf 92' lang='lat'><strong>:</strong></span> <span class='ocrx_word' id='word_1_558' title='bbox 3312 2073 3403 2128; x_wconf 88' lang='lat' dir='ltr'><strong>sed</strong></span> <span class='ocrx_word' id='word_1_559' title='bbox 3439 2076 3561 2128; x_wconf 80' lang='lat' dir='ltr'><strong>reor</strong></span> <span class='ocrx_word' id='word_1_560' title='bbox 3584 2071 3762 2141; x_wconf 89' lang='lat' dir='ltr'><strong>perire</strong></span> 
     </span>
    </p>
   </div>
   <div class='ocr_carea' id='block_1_79' title="bbox 2160 2160 3766 2236">
    <p class='ocr_par' dir='ltr' id='par_1_79' title="bbox 2160 2160 3766 2236">
     <span class='ocr_line' id='line_1_79' title="bbox 2160 2160 3766 2236; baseline -0.001 -18"><span class='ocrx_word' id='word_1_561' title='bbox 2160 2168 2392 2231; x_wconf 79' lang='lat' dir='ltr'><strong>monita,</strong></span> <span class='ocrx_word' id='word_1_562' title='bbox 2424 2182 2542 2235; x_wconf 65' lang='lat' dir='ltr'><strong>quae</strong></span> <span class='ocrx_word' id='word_1_563' title='bbox 2586 2166 2882 2236; x_wconf 83' lang='lat' dir='ltr'><strong>proﬂigatis</strong></span> <span class='ocrx_word' id='word_1_564' title='bbox 2930 2165 3167 2219; x_wconf 88' lang='lat' dir='ltr'><strong>moribus</strong></span> <span class='ocrx_word' id='word_1_565' title='bbox 3216 2164 3554 2218; x_wconf 79' lang='lat' dir='ltr'><strong>exhibentur.</strong></span> <span class='ocrx_word' id='word_1_566' title='bbox 3598 2160 3766 2216; x_wconf 82' lang='lat' dir='ltr'><strong>Puta-</strong></span> 
     </span>
    </p>
   </div>
   <div class='ocr_carea' id='block_1_80' title="bbox 2158 2254 3765 2324">
    <p class='ocr_par' dir='ltr' id='par_1_80' title="bbox 2158 2254 3765 2324">
     <span class='ocr_line' id='line_1_80' title="bbox 2158 2254 3765 2324; baseline -0.001 -15"><span class='ocrx_word' id='word_1_567' title='bbox 2158 2271 2300 2321; x_wconf 86' lang='lat' dir='ltr'><strong>tnus,</strong></span> <span class='ocrx_word' id='word_1_568' title='bbox 2336 2258 2623 2310; x_wconf 82' lang='lat' dir='ltr'><strong>venerandi</strong></span> <span class='ocrx_word' id='word_1_569' title='bbox 2659 2258 2954 2322; x_wconf 85' lang='lat' dir='ltr'><strong>hominum,</strong></span> <span class='ocrx_word' id='word_1_570' title='bbox 2981 2255 3046 2309; x_wconf 92' lang='lat' dir='ltr'><strong>ad</strong></span> <span class='ocrx_word' id='word_1_571' title='bbox 3072 2256 3167 2309; x_wconf 91' lang='lat' dir='ltr'><strong>bos</strong></span> <span class='ocrx_word' id='word_1_572' title='bbox 3199 2270 3325 2310; x_wconf 90' lang='lat' dir='ltr'><strong>usus</strong></span> <span class='ocrx_word' id='word_1_573' title='bbox 3354 2256 3554 2323; x_wconf 90' lang='lat' dir='ltr'><strong>prolem</strong></span> <span class='ocrx_word' id='word_1_574' title='bbox 3579 2254 3765 2324; x_wconf 69' lang='lat' dir='ltr'><strong>Cujus-</strong></span> 
     </span>
    </p>
   </div>
   <div class='ocr_carea' id='block_1_81' title="bbox 2159 2346 3763 2420">
    <p class='ocr_par' dir='ltr' id='par_1_81' title="bbox 2159 2346 3763 2420">
     <span class='ocr_line' id='line_1_81' title="bbox 2159 2346 3763 2420; baseline -0.001 -19"><span class='ocrx_word' id='word_1_575' title='bbox 2159 2349 2302 2416; x_wconf 90' lang='lat' dir='ltr'><strong>piam</strong></span> <span class='ocrx_word' id='word_1_576' title='bbox 2349 2349 2659 2419; x_wconf 89' lang='lat' dir='ltr'><strong>magisterio</strong></span> <span class='ocrx_word' id='word_1_577' title='bbox 2692 2350 3009 2420; x_wconf 86' lang='lat' dir='ltr'><strong>pervenire?</strong></span> <span class='ocrx_word' id='word_1_578' title='bbox 3059 2346 3497 2418; x_wconf 84' lang='lat' dir='ltr'><strong>sufficitgermini</strong></span> <span class='ocrx_word' id='word_1_579' title='bbox 3541 2348 3763 2400; x_wconf 88' lang='lat' dir='ltr'><strong>institu-</strong></span> 
     </span>
    </p>
   </div>
   <div class='ocr_carea' id='block_1_82' title="bbox 2158 2426 3768 2511">
    <p class='ocr_par' dir='ltr' id='par_1_82' title="bbox 2158 2426 3768 2511">
     <span class='ocr_line' id='line_1_82' title="bbox 2158 2426 3768 2511; baseline -0.002 -18"><span class='ocrx_word' id='word_1_580' title='bbox 2158 2440 2236 2494; x_wconf 90' lang='lat' dir='ltr'><strong>tio</strong></span> <span class='ocrx_word' id='word_1_581' title='bbox 2270 2449 2507 2506; x_wconf 68' lang='lat' dir='ltr'><strong>naturaa;</strong></span> <span class='ocrx_word' id='word_1_582' title='bbox 2540 2442 2753 2511; x_wconf 85' lang='lat' dir='ltr'><strong>quando</strong></span> <span class='ocrx_word' id='word_1_583' title='bbox 2788 2440 2929 2511; x_wconf 91' lang='lat' dir='ltr'><strong>quod</strong></span> <span class='ocrx_word' id='word_1_584' title='bbox 2961 2426 3337 2493; x_wconf 52' lang='lat' dir='ltr'><strong>solent&#39;facere</strong></span> <span class='ocrx_word' id='word_1_585' title='bbox 3364 2435 3640 2503; x_wconf 79' lang='lat' dir='ltr'><strong>docto‘res,</strong></span> <span class='ocrx_word' id='word_1_586' title='bbox 3690 2439 3768 2489; x_wconf 55' lang='lat' dir='ltr'><strong>in:</strong></span> 
     </span>
    </p>
   </div>
   <div class='ocr_carea' id='block_1_83' title="bbox 2156 2527 3770 2599">
    <p class='ocr_par' dir='ltr' id='par_1_83' title="bbox 2156 2527 3770 2599">
     <span class='ocr_line' id='line_1_83' title="bbox 2156 2527 3770 2599; baseline -0.002 -15"><span class='ocrx_word' id='word_1_587' title='bbox 2156 2528 2329 2584; x_wconf 82' lang='lat' dir='ltr'><strong>fundit</strong></span> <span class='ocrx_word' id='word_1_588' title='bbox 2349 2545 2537 2584; x_wconf 90' lang='lat' dir='ltr'><strong>eorum</strong></span> <span class='ocrx_word' id='word_1_589' title='bbox 2561 2531 2865 2599; x_wconf 84' lang='lat' dir='ltr'><strong>pectoribus</strong></span> <span class='ocrx_word' id='word_1_590' title='bbox 2894 2530 2977 2583; x_wconf 65' lang='grc' dir='ltr'><strong>ζει</strong></span> <span class='ocrx_word' id='word_1_591' title='bbox 3008 2531 3259 2584; x_wconf 84' lang='lat' dir='ltr'><strong>humana.</strong></span> <span class='ocrx_word' id='word_1_592' title='bbox 3281 2528 3395 2582; x_wconf 84' lang='lat' dir='ltr'><strong>Non</strong></span> <span class='ocrx_word' id='word_1_593' title='bbox 3423 2536 3595 2583; x_wconf 78' lang='lat' dir='ltr'><strong>estex</strong></span> <span class='ocrx_word' id='word_1_594' title='bbox 3621 2527 3770 2581; x_wconf 84' lang='lat' dir='ltr'><strong>acci-</strong></span> 
     </span>
    </p>
   </div>
   <div class='ocr_carea' id='block_1_84' title="bbox 2157 2619 3766 2689">
    <p class='ocr_par' dir='ltr' id='par_1_84' title="bbox 2157 2619 3766 2689">
     <span class='ocr_line' id='line_1_84' title="bbox 2157 2619 3766 2689; baseline 0.001 -16"><span class='ocrx_word' id='word_1_595' title='bbox 2157 2620 2303 2674; x_wconf 92' lang='lat' dir='ltr'><strong>denti</strong></span> <span class='ocrx_word' id='word_1_596' title='bbox 2339 2620 2569 2685; x_wconf 89' lang='lat' dir='ltr'><strong>bonum,</strong></span> <span class='ocrx_word' id='word_1_597' title='bbox 2624 2620 2803 2675; x_wconf 91' lang='lat' dir='ltr'><strong>debita</strong></span> <span class='ocrx_word' id='word_1_598' title='bbox 2843 2620 3118 2689; x_wconf 89' lang='lat' dir='ltr'><strong>complere</strong></span> <span class='ocrx_word' id='word_1_599' title='bbox 3150 2637 3164 2674; x_wconf 88' lang='lat'><strong>:</strong></span> <span class='ocrx_word' id='word_1_600' title='bbox 3199 2635 3297 2675; x_wconf 91' lang='lat' dir='ltr'><strong>nec</strong></span> <span class='ocrx_word' id='word_1_601' title='bbox 3344 2619 3534 2674; x_wconf 89' lang='lat' dir='ltr'><strong>deesse</strong></span> <span class='ocrx_word' id='word_1_602' title='bbox 3578 2627 3766 2687; x_wconf 85' lang='lat' dir='ltr'><strong>potest</strong></span> 
     </span>
    </p>
   </div>
   <div class='ocr_carea' id='block_1_85' title="bbox 2160 2709 3762 2792">
    <p class='ocr_par' dir='ltr' id='par_1_85' title="bbox 2160 2709 3762 2792">
     <span class='ocr_line' id='line_1_85' title="bbox 2160 2709 3762 2792; baseline 0.001 -30"><span class='ocrx_word' id='word_1_603' title='bbox 2160 2710 2372 2792; x_wconf 68' lang='lat' dir='ltr'><strong>ratione</strong></span> <span class='ocrx_word' id='word_1_604' title='bbox 2404 2709 2663 2779; x_wconf 76' lang='lat' dir='ltr'><strong>przeditis,</strong></span> <span class='ocrx_word' id='word_1_605' title='bbox 2699 2709 2841 2779; x_wconf 89' lang='lat' dir='ltr'><strong>quod</strong></span> <span class='ocrx_word' id='word_1_606' title='bbox 2891 2710 3082 2765; x_wconf 91' lang='lat' dir='ltr'><strong>avibus</strong></span> <span class='ocrx_word' id='word_1_607' title='bbox 3135 2709 3424 2777; x_wconf 87' lang='lat' dir='ltr'><strong>probamus</strong></span> <span class='ocrx_word' id='word_1_608' title='bbox 3464 2712 3762 2764; x_wconf 88' lang='lat' dir='ltr'><strong>insertum.</strong></span> 
     </span>
    </p>
   </div>
   <div class='ocr_carea' id='block_1_86' title="bbox 2158 2800 3761 2873">
    <p class='ocr_par' dir='ltr' id='par_1_86' title="bbox 2158 2800 3761 2873">
     <span class='ocr_line' id='line_1_86' title="bbox 2158 2800 3761 2873; baseline 0.001 -18"><span class='ocrx_word' id='word_1_609' title='bbox 2158 2800 2326 2855; x_wconf 80' lang='lat' dir='ltr'><strong>Versa</strong></span> <span class='ocrx_word' id='word_1_610' title='bbox 2352 2802 2490 2869; x_wconf 90' lang='lat' dir='ltr'><strong>vice,</strong></span> <span class='ocrx_word' id='word_1_611' title='bbox 2518 2803 2723 2873; x_wconf 82' lang='lat' dir='ltr'><strong>aquilas</strong></span> <span class='ocrx_word' id='word_1_612' title='bbox 2745 2804 2969 2873; x_wconf 85' lang='lat' dir='ltr'><strong>legimus</strong></span> <span class='ocrx_word' id='word_1_613' title='bbox 2994 2804 3195 2858; x_wconf 90' lang='lat' dir='ltr'><strong>fetuum</strong></span> <span class='ocrx_word' id='word_1_614' title='bbox 3218 2802 3518 2858; x_wconf 89' lang='lat' dir='ltr'><strong>ministerio</strong></span> <span class='ocrx_word' id='word_1_615' title='bbox 3548 2803 3704 2872; x_wconf 87' lang='lat' dir='ltr'><strong>pasci</strong></span> <span class='ocrx_word' id='word_1_616' title='bbox 3745 2817 3761 2856; x_wconf 92' lang='lat'><strong>:</strong></span> 
     </span>
    </p>
   </div>
   <div class='ocr_carea' id='block_1_87' title="bbox 2157 2894 3769 2968">
    <p class='ocr_par' dir='ltr' id='par_1_87' title="bbox 2157 2894 3769 2968">
     <span class='ocr_line' id='line_1_87' title="bbox 2157 2894 3769 2968; baseline 0.002 -20"><span class='ocrx_word' id='word_1_617' title='bbox 2157 2902 2213 2948; x_wconf 91' lang='lat' dir='ltr'><strong>et</strong></span> <span class='ocrx_word' id='word_1_618' title='bbox 2273 2894 2592 2950; x_wconf 87' lang='lat' dir='ltr'><strong>beneficium</strong></span> <span class='ocrx_word' id='word_1_619' title='bbox 2658 2906 2972 2963; x_wconf 89' lang='lat' dir='ltr'><strong>parentum,</strong></span> <span class='ocrx_word' id='word_1_620' title='bbox 3026 2898 3168 2968; x_wconf 91' lang='lat' dir='ltr'><strong>quod</strong></span> <span class='ocrx_word' id='word_1_621' title='bbox 3240 2897 3525 2967; x_wconf 89' lang='lat' dir='ltr'><strong>implumes</strong></span> <span class='ocrx_word' id='word_1_622' title='bbox 3609 2898 3769 2962; x_wconf 88' lang='lat' dir='ltr'><strong>nati,</strong></span> 
     </span>
    </p>
   </div>
   <div class='ocr_carea' id='block_1_88' title="bbox 2160 2983 3770 3059">
    <p class='ocr_par' dir='ltr' id='par_1_88' title="bbox 2160 2983 3770 3059">
     <span class='ocr_line' id='line_1_88' title="bbox 2160 2983 3770 3059; baseline 0.005 -22"><span class='ocrx_word' id='word_1_623' title='bbox 2160 2983 2375 3051; x_wconf 89' lang='lat' dir='ltr'><strong>quando</strong></span> <span class='ocrx_word' id='word_1_624' title='bbox 2426 3000 2649 3040; x_wconf 88' lang='lat' dir='ltr'><strong>ovorum</strong></span> <span class='ocrx_word' id='word_1_625' title='bbox 2679 2986 2873 3043; x_wconf 88' lang='lat' dir='ltr'><strong>tunicis</strong></span> <span class='ocrx_word' id='word_1_626' title='bbox 2897 2999 3186 3055; x_wconf 84' lang='lat' dir='ltr'><strong>exuuntur,</strong></span> <span class='ocrx_word' id='word_1_627' title='bbox 3219 2988 3418 3057; x_wconf 88' lang='lat' dir='ltr'><strong>indepti</strong></span> <span class='ocrx_word' id='word_1_628' title='bbox 3450 2997 3603 3053; x_wconf 90' lang='lat' dir='ltr'><strong>sunt,</strong></span> <span class='ocrx_word' id='word_1_629' title='bbox 3638 3003 3770 3059; x_wconf 82' lang='lat' dir='ltr'><strong>qua-</strong></span> 
     </span>
    </p>
   </div>
   <div class='ocr_carea' id='block_1_89' title="bbox 2155 3073 3771 3150">
    <p class='ocr_par' dir='ltr' id='par_1_89' title="bbox 2155 3073 3771 3150">
     <span class='ocr_line' id='line_1_89' title="bbox 2155 3073 3771 3150; baseline 0.007 -24"><span class='ocrx_word' id='word_1_630' title='bbox 2155 3073 2277 3127; x_wconf 87' lang='lat' dir='ltr'><strong>dam</strong></span> <span class='ocrx_word' id='word_1_631' title='bbox 2308 3075 2534 3129; x_wconf 87' lang='lat' dir='ltr'><strong>diStricti</strong></span> <span class='ocrx_word' id='word_1_632' title='bbox 2564 3078 2813 3146; x_wconf 66' lang='lat' dir='ltr'><strong>aequitate</strong></span> <span class='ocrx_word' id='word_1_633' title='bbox 2834 3080 3145 3135; x_wconf 88' lang='lat' dir='ltr'><strong>restituunt.</strong></span> <span class='ocrx_word' id='word_1_634' title='bbox 3169 3080 3282 3135; x_wconf 89' lang='lat' dir='ltr'><strong>Non</strong></span> <span class='ocrx_word' id='word_1_635' title='bbox 3309 3081 3771 3150; x_wconf 80' lang='lat' dir='ltr'><strong>putantvolucres</strong></span> 
     </span>
    </p>
   </div>
   <div class='ocr_carea' id='block_1_90' title="bbox 2156 3163 3801 3242">
    <p class='ocr_par' dir='ltr' id='par_1_90' title="bbox 2156 3163 3801 3242">
     <span class='ocr_line' id='line_1_90' title="bbox 2156 3163 3801 3242; baseline 0.008 -25"><span class='ocrx_word' id='word_1_636' title='bbox 2156 3177 2280 3218; x_wconf 90' lang='lat' dir='ltr'><strong>esse</strong></span> <span class='ocrx_word' id='word_1_637' title='bbox 2304 3163 2531 3219; x_wconf 85' lang='lat' dir='ltr'><strong>liberum</strong></span> <span class='ocrx_word' id='word_1_638' title='bbox 2571 3176 2790 3236; x_wconf 89' lang='lat' dir='ltr'><strong>accepta</strong></span> <span class='ocrx_word' id='word_1_639' title='bbox 2849 3170 3117 3240; x_wconf 88' lang='lat' dir='ltr'><strong>denegare</strong></span> <span class='ocrx_word' id='word_1_640' title='bbox 3142 3188 3155 3227; x_wconf 89' lang='lat'><strong>:</strong></span> <span class='ocrx_word' id='word_1_641' title='bbox 3180 3172 3338 3242; x_wconf 86' lang='lat' dir='ltr'><strong>q’uale</strong></span> <span class='ocrx_word' id='word_1_642' title='bbox 3369 3182 3451 3226; x_wconf 91' lang='lat' dir='ltr'><strong>est</strong></span> <span class='ocrx_word' id='word_1_643' title='bbox 3481 3171 3801 3242; x_wconf 52' lang='lat' dir='ltr'><strong>ingenium.</strong></span> 
     </span>
    </p>
   </div>
   <div class='ocr_carea' id='block_1_91' title="bbox 2164 3259 3765 3330">
    <p class='ocr_par' dir='ltr' id='par_1_91' title="bbox 2164 3259 3765 3330">
     <span class='ocr_line' id='line_1_91' title="bbox 2164 3259 3765 3330; baseline 0.004 -18"><span class='ocrx_word' id='word_1_644' title='bbox 2164 3259 2304 3329; x_wconf 92' lang='lat' dir='ltr'><strong>quod</strong></span> <span class='ocrx_word' id='word_1_645' title='bbox 2333 3259 2476 3314; x_wconf 85' lang='lat' dir='ltr'><strong>circa</strong></span> <span class='ocrx_word' id='word_1_646' title='bbox 2516 3259 2850 3330; x_wconf 90' lang='lat' dir='ltr'><strong>diligentiam</strong></span> <span class='ocrx_word' id='word_1_647' title='bbox 2883 3276 3101 3317; x_wconf 90' lang='lat' dir='ltr'><strong>suorum</strong></span> <span class='ocrx_word' id='word_1_648' title='bbox 3133 3263 3287 3317; x_wconf 90' lang='lat' dir='ltr'><strong>alites</strong></span> <span class='ocrx_word' id='word_1_649' title='bbox 3318 3263 3489 3317; x_wconf 90' lang='lat' dir='ltr'><strong>nescit</strong></span> <span class='ocrx_word' id='word_1_650' title='bbox 3519 3261 3765 3319; x_wconf 74' lang='lat' dir='ltr'><strong>imitari?</strong></span> 
     </span>
    </p>
   </div>
   <div class='ocr_carea' id='block_1_92' title="bbox 2159 3346 3768 3424">
    <p class='ocr_par' dir='ltr' id='par_1_92' title="bbox 2159 3346 3768 3424">
     <span class='ocr_line' id='line_1_92' title="bbox 2159 3346 3768 3424; baseline 0.006 -23"><span class='ocrx_word' id='word_1_651' title='bbox 2159 3346 2397 3404; x_wconf 87' lang='lat' dir='ltr'><strong>Transeo</strong></span> <span class='ocrx_word' id='word_1_652' title='bbox 2428 3350 2811 3418; x_wconf 91' lang='lat' dir='ltr'><strong>multiplicibus</strong></span> <span class='ocrx_word' id='word_1_653' title='bbox 2836 3353 3093 3421; x_wconf 79' lang='lat' dir='ltr'><strong>exemplis</strong></span> <span class='ocrx_word' id='word_1_654' title='bbox 3116 3354 3362 3423; x_wconf 87' lang='lat' dir='ltr'><strong>luporum</strong></span> <span class='ocrx_word' id='word_1_655' title='bbox 3386 3354 3721 3424; x_wconf 88' lang='lat' dir='ltr'><strong>rapacitates</strong></span> <span class='ocrx_word' id='word_1_656' title='bbox 3749 3397 3768 3423; x_wconf 95' lang='lat'><strong>,</strong></span> 
     </span>
    </p>
   </div>
   <div class='ocr_carea' id='block_1_93' title="bbox 2154 3440 3771 3517">
    <p class='ocr_par' dir='ltr' id='par_1_93' title="bbox 2154 3440 3771 3517">
     <span class='ocr_line' id='line_1_93' title="bbox 2154 3440 3771 3517; baseline 0.005 -21"><span class='ocrx_word' id='word_1_657' title='bbox 2154 3440 2344 3511; x_wconf 90' lang='lat' dir='ltr'><strong>jejuno</strong></span> <span class='ocrx_word' id='word_1_658' title='bbox 2374 3457 2526 3498; x_wconf 90' lang='lat' dir='ltr'><strong>escas</strong></span> <span class='ocrx_word' id='word_1_659' title='bbox 2559 3444 2868 3513; x_wconf 88' lang='lat' dir='ltr'><strong>parentibus</strong></span> <span class='ocrx_word' id='word_1_660' title='bbox 2895 3459 2989 3500; x_wconf 89' lang='lat' dir='ltr'><strong>ore</strong></span> <span class='ocrx_word' id='word_1_661' title='bbox 3020 3445 3303 3514; x_wconf 74' lang='lat' dir='ltr'><strong>deferunt,</strong></span> <span class='ocrx_word' id='word_1_662' title='bbox 3336 3440 3392 3504; x_wconf 83' lang='lat' dir='ltr'><strong>et</strong></span> <span class='ocrx_word' id='word_1_663' title='bbox 3424 3447 3658 3517; x_wconf 85' lang='lat' dir='ltr'><strong>impasta</strong></span> <span class='ocrx_word' id='word_1_664' title='bbox 3689 3448 3771 3504; x_wconf 85' lang='lat' dir='ltr'><strong>vi-</strong></span> 
     </span>
    </p>
   </div>
   <div class='ocr_carea' id='block_1_94' title="bbox 2161 3533 3768 3611">
    <p class='ocr_par' dir='ltr' id='par_1_94' title="bbox 2161 3533 3768 3611">
     <span class='ocr_line' id='line_1_94' title="bbox 2161 3533 3768 3611; baseline 0.008 -24"><span class='ocrx_word' id='word_1_665' title='bbox 2161 3533 2407 3589; x_wconf 89' lang='lat' dir='ltr'><strong>sceribus</strong></span> <span class='ocrx_word' id='word_1_666' title='bbox 2434 3534 2546 3590; x_wconf 91' lang='lat' dir='ltr'><strong>fera</strong></span> <span class='ocrx_word' id='word_1_667' title='bbox 2583 3536 2650 3591; x_wconf 90' lang='lat' dir='ltr'><strong>ad</strong></span> <span class='ocrx_word' id='word_1_668' title='bbox 2680 3548 2955 3593; x_wconf 83' lang='lat' dir='ltr'><strong>creatures</strong></span> <span class='ocrx_word' id='word_1_669' title='bbox 2982 3553 3108 3593; x_wconf 87' lang='lat' dir='ltr'><strong>suos</strong></span> <span class='ocrx_word' id='word_1_670' title='bbox 3138 3539 3309 3594; x_wconf 90' lang='lat' dir='ltr'><strong>currit</strong></span> <span class='ocrx_word' id='word_1_671' title='bbox 3336 3554 3432 3595; x_wconf 92' lang='lat' dir='ltr'><strong>ore</strong></span> <span class='ocrx_word' id='word_1_672' title='bbox 3477 3540 3768 3611; x_wconf 87' lang='lat' dir='ltr'><strong>locupleti.</strong></span> 
     </span>
    </p>
   </div>
   <div class='ocr_carea' id='block_1_95' title="bbox 2163 3616 3774 3709">
    <p class='ocr_par' dir='ltr' id='par_1_95' title="bbox 2163 3616 3774 3709">
     <span class='ocr_line' id='line_1_95' title="bbox 2163 3616 3774 3709; baseline 0.006 -29"><span class='ocrx_word' id='word_1_673' title='bbox 2163 3622 2274 3709; x_wconf 84' lang='lat' dir='ltr'><strong>Vos</strong></span> <span class='ocrx_word' id='word_1_674' title='bbox 2301 3626 2615 3696; x_wconf 90' lang='lat' dir='ltr'><strong>perpendite</strong></span> <span class='ocrx_word' id='word_1_675' title='bbox 2644 3630 3029 3684; x_wconf 89' lang='lat' dir='ltr'><strong>conscientiam</strong></span> <span class='ocrx_word' id='word_1_676' title='bbox 3073 3630 3182 3697; x_wconf 91' lang='lat' dir='ltr'><strong>rei,</strong></span> <span class='ocrx_word' id='word_1_677' title='bbox 3217 3616 3361 3700; x_wconf 84' lang='lat' dir='ltr'><strong>quali</strong></span> <span class='ocrx_word' id='word_1_678' title='bbox 3396 3646 3553 3701; x_wconf 73' lang='lat' dir='ltr'><strong>poena</strong></span> <span class='ocrx_word' id='word_1_679' title='bbox 3594 3633 3774 3704; x_wconf 81' lang='lat' dir='ltr'><strong>digna</strong></span> 
     </span>
    </p>
   </div>
   <div class='ocr_carea' id='block_1_96' title="bbox 2158 3715 3771 3795">
    <p class='ocr_par' dir='ltr' id='par_1_96' title="bbox 2158 3715 3771 3795">
     <span class='ocr_line' id='line_1_96' title="bbox 2158 3715 3771 3795; baseline 0.006 -23"><span class='ocrx_word' id='word_1_680' title='bbox 2158 3715 2263 3781; x_wconf 87' lang='lat' dir='ltr'><strong>sit,</strong></span> <span class='ocrx_word' id='word_1_681' title='bbox 2294 3733 2413 3788; x_wconf 68' lang='lat' dir='ltr'><strong>qua:</strong></span> <span class='ocrx_word' id='word_1_682' title='bbox 2458 3720 2713 3776; x_wconf 89' lang='lat' dir='ltr'><strong>inusitata</strong></span> <span class='ocrx_word' id='word_1_683' title='bbox 2754 3722 3025 3777; x_wconf 91' lang='lat' dir='ltr'><strong>commisit</strong></span> <span class='ocrx_word' id='word_1_684' title='bbox 3056 3740 3069 3776; x_wconf 91' lang='lat'>:</span> <span class='ocrx_word' id='word_1_685' title='bbox 3104 3724 3226 3793; x_wconf 90' lang='lat' dir='ltr'><strong>quia</strong></span> <span class='ocrx_word' id='word_1_686' title='bbox 3256 3736 3627 3795; x_wconf 87' lang='lat' dir='ltr'><strong>propagantur</strong></span> <span class='ocrx_word' id='word_1_687' title='bbox 3659 3726 3771 3782; x_wconf 90' lang='lat' dir='ltr'><strong>im-</strong></span> 
     </span>
    </p>
   </div>
   <div class='ocr_carea' id='block_1_97' title="bbox 2158 3808 3772 3883">
    <p class='ocr_par' dir='ltr' id='par_1_97' title="bbox 2158 3808 3772 3883">
     <span class='ocr_line' id='line_1_97' title="bbox 2158 3808 3772 3883; baseline 0.008 -20"><span class='ocrx_word' id='word_1_688' title='bbox 2158 3808 2404 3879; x_wconf 90' lang='lat' dir='ltr'><strong>punitate</strong></span> <span class='ocrx_word' id='word_1_689' title='bbox 2439 3813 2597 3877; x_wconf 85' lang='lat' dir='ltr'><strong>vitia,</strong></span> <span class='ocrx_word' id='word_1_690' title='bbox 2630 3822 2685 3868; x_wconf 90' lang='lat' dir='ltr'><strong>et</strong></span> <span class='ocrx_word' id='word_1_691' title='bbox 2716 3813 2815 3867; x_wconf 88' lang='lat' dir='ltr'><strong>nisi</strong></span> <span class='ocrx_word' id='word_1_692' title='bbox 2857 3814 3212 3883; x_wconf 81' lang='lat' dir='ltr'><strong>jndicantium</strong></span> <span class='ocrx_word' id='word_1_693' title='bbox 3255 3830 3482 3872; x_wconf 85' lang='lat' dir='ltr'><strong>censura</strong></span> <span class='ocrx_word' id='word_1_694' title='bbox 3535 3831 3772 3876; x_wconf 85' lang='lat' dir='ltr'><strong>succur-</strong></span> 
     </span>
    </p>
   </div>
   <div class='ocr_carea' id='block_1_98' title="bbox 2156 3903 3585 3978">
    <p class='ocr_par' dir='ltr' id='par_1_98' title="bbox 2156 3903 3585 3978">
     <span class='ocr_line' id='line_1_98' title="bbox 2156 3903 3585 3978; baseline 0.005 -22"><span class='ocrx_word' id='word_1_695' title='bbox 2156 3910 2337 3970; x_wconf 86' lang='lat' dir='ltr'><strong>reret,</strong></span> <span class='ocrx_word' id='word_1_696' title='bbox 2371 3903 2626 3972; x_wconf 88' lang='lat' dir='ltr'><strong>peccandi</strong></span> <span class='ocrx_word' id='word_1_697' title='bbox 2651 3904 2732 3959; x_wconf 89' lang='lat' dir='ltr'><strong>vis</strong></span> <span class='ocrx_word' id='word_1_698' title='bbox 2763 3920 2858 3975; x_wconf 87' lang='lat' dir='ltr'><strong>per</strong></span> <span class='ocrx_word' id='word_1_699' title='bbox 2886 3907 3139 3976; x_wconf 86' lang='lat' dir='ltr'><strong>generale</strong></span> <span class='ocrx_word' id='word_1_700' title='bbox 3168 3922 3363 3978; x_wconf 82' lang='lat' dir='ltr'><strong>corpus</strong></span> <span class='ocrx_word' id='word_1_701' title='bbox 3392 3909 3585 3965; x_wconf 74' lang='lat' dir='ltr'><strong>exiret.</strong></span> 
     </span>
    </p>
   </div>
   <div class='ocr_carea' id='block_1_99' title="bbox 2734 4017 3168 4075">
    <p class='ocr_par' dir='ltr' id='par_1_99' title="bbox 2734 4017 3168 4075">
     <span class='ocr_line' id='line_1_99' title="bbox 2734 4017 3168 4075; baseline 0.009 -4"><span class='ocrx_word' id='word_1_702' title='bbox 2734 4017 2959 4075; x_wconf 75' lang='lat' dir='ltr'><strong>DICTIO</strong></span> <span class='ocrx_word' id='word_1_703' title='bbox 2986 4019 3168 4075; x_wconf 77' lang='lat' dir='ltr'><strong>XVIII.</strong></span> 
     </span>
    </p>
   </div>
   <div class='ocr_carea' id='block_1_100' title="bbox 2157 4128 3767 4207">
    <p class='ocr_par' dir='ltr' id='par_1_100' title="bbox 2157 4128 3767 4207">
     <span class='ocr_line' id='line_1_100' title="bbox 2157 4128 3767 4207; baseline 0.007 -22"><span class='ocrx_word' id='word_1_704' title='bbox 2157 4128 2226 4185; x_wconf 77' lang='lat' dir='ltr'><strong>In</strong></span> <span class='ocrx_word' id='word_1_705' title='bbox 2258 4141 2562 4202; x_wconf 82' lang='lat' dir='ltr'><strong>tyrannum,</strong></span> <span class='ocrx_word' id='word_1_706' title='bbox 2602 4134 2689 4207; x_wconf 80' lang='lat' dir='ltr'><strong>qui</strong></span> <span class='ocrx_word' id='word_1_707' title='bbox 2720 4135 2919 4199; x_wconf 73' lang='lat' dir='ltr'><strong>prmmii</strong></span> <span class='ocrx_word' id='word_1_708' title='bbox 2968 4136 3172 4190; x_wconf 81' lang='lat' dir='ltr'><strong>nomine</strong></span> <span class='ocrx_word' id='word_1_709' title='bbox 3207 4138 3484 4207; x_wconf 76' lang='lat' dir='ltr'><strong>parricida:</strong></span> <span class='ocrx_word' id='word_1_710' title='bbox 3526 4148 3767 4196; x_wconf 78' lang='lat' dir='ltr'><strong>statuam</strong></span> 
     </span>
    </p>
   </div>
   <div class='ocr_carea' id='block_1_101' title="bbox 2619 4206 3288 4275">
    <p class='ocr_par' dir='ltr' id='par_1_101' title="bbox 2619 4206 3288 4275">
     <span class='ocr_line' id='line_1_101' title="bbox 2619 4206 3288 4275; baseline 0.007 -18"><span class='ocrx_word' id='word_1_711' title='bbox 2619 4206 2751 4258; x_wconf 85' lang='lat' dir='ltr'><strong>inter</strong></span> <span class='ocrx_word' id='word_1_712' title='bbox 2776 4207 2911 4260; x_wconf 82' lang='lat' dir='ltr'><strong>viros</strong></span> <span class='ocrx_word' id='word_1_713' title='bbox 2943 4210 3099 4275; x_wconf 74' lang='lat' dir='ltr'><strong>fortes</strong></span> <span class='ocrx_word' id='word_1_714' title='bbox 3128 4206 3288 4263; x_wconf 82' lang='lat' dir='ltr'><strong>dedit.</strong></span> 
     </span>
    </p>
   </div>
   <div class='ocr_carea' id='block_1_102' title="bbox 2682 4297 3232 4354">
    <p class='ocr_par' dir='ltr' id='par_1_102' title="bbox 2682 4297 3232 4354">
     <span class='ocr_line' id='line_1_102' title="bbox 2682 4297 3232 4354; baseline 0.005 -3"><span class='ocrx_word' id='word_1_715' title='bbox 2682 4297 2811 4351; x_wconf 78' lang='lat' dir='ltr'><strong>Data</strong></span> <span class='ocrx_word' id='word_1_716' title='bbox 2844 4300 3057 4354; x_wconf 81' lang='lat' dir='ltr'><strong>Aratori</strong></span> <span class='ocrx_word' id='word_1_717' title='bbox 3090 4299 3149 4352; x_wconf 69' lang='grc' dir='ltr'><strong>ν.</strong></span> <span class='ocrx_word' id='word_1_718' title='bbox 3172 4298 3232 4354; x_wconf 90' lang='lat' dir='ltr'><strong>C.</strong></span> 
     </span>
    </p>
   </div>
   <div class='ocr_carea' id='block_1_103' title="bbox 2636 4403 3274 4453">
    <p class='ocr_par' dir='ltr' id='par_1_103' title="bbox 2636 4403 3274 4453">
     <span class='ocr_line' id='line_1_103' title="bbox 2636 4403 3274 4453; baseline 0.006 -10"><span class='ocrx_word' id='word_1_719' title='bbox 2636 4403 3027 4445; x_wconf 70' lang='lat' dir='ltr'><strong>CONTROVEBSIA</strong></span> <span class='ocrx_word' id='word_1_720' title='bbox 3059 4406 3274 4453; x_wconf 72' lang='lat' dir='ltr'><strong>QUINTA.</strong></span> 
     </span>
    </p>
   </div>
   <div class='ocr_carea' id='block_1_104' title="bbox 2228 4479 3777 4559">
    <p class='ocr_par' dir='ltr' id='par_1_104' title="bbox 2228 4479 3777 4559">
     <span class='ocr_line' id='line_1_104' title="bbox 2228 4479 3777 4559; baseline 0.01 -25"><span class='ocrx_word' id='word_1_721' title='bbox 2228 4479 2773 4550; x_wconf 85' lang='lat' dir='ltr'><strong>Quamvis,judices,</strong></span> <span class='ocrx_word' id='word_1_722' title='bbox 2801 4484 3037 4539; x_wconf 86' lang='lat' dir='ltr'><strong>vit-orum</strong></span> <span class='ocrx_word' id='word_1_723' title='bbox 3087 4486 3301 4542; x_wconf 87' lang='lat' dir='ltr'><strong>fortium</strong></span> <span class='ocrx_word' id='word_1_724' title='bbox 3351 4488 3560 4559; x_wconf 85' lang='lat' dir='ltr'><strong>effigies</strong></span> <span class='ocrx_word' id='word_1_725' title='bbox 3606 4507 3777 4549; x_wconf 85' lang='lat' dir='ltr'><strong>man-</strong></span> 
     </span>
    </p>
   </div>
   <div class='ocr_carea' id='block_1_105' title="bbox 2078 4568 3779 4648">
    <p class='ocr_par' dir='ltr' id='par_1_105' title="bbox 2078 4568 3779 4648">
     <span class='ocr_line' id='line_1_105' title="bbox 2078 4568 3779 4648; baseline 0.005 -21"><span class='ocrx_word' id='word_1_726' title='bbox 2078 4568 2136 4632; x_wconf 89' lang='lat' dir='ltr'><strong><em>D</em></strong></span> <span class='ocrx_word' id='word_1_727' title='bbox 2160 4586 2287 4628; x_wconf 88' lang='lat' dir='ltr'><strong>suro</strong></span> <span class='ocrx_word' id='word_1_728' title='bbox 2315 4574 2624 4642; x_wconf 89' lang='lat' dir='ltr'><strong>perenniter</strong></span> <span class='ocrx_word' id='word_1_729' title='bbox 2656 4589 2763 4628; x_wconf 70' lang='lat' dir='ltr'><strong>tere</strong></span> <span class='ocrx_word' id='word_1_730' title='bbox 2793 4585 3098 4640; x_wconf 88' lang='lat' dir='ltr'><strong>serventur,</strong></span> <span class='ocrx_word' id='word_1_731' title='bbox 3123 4587 3175 4632; x_wconf 90' lang='lat' dir='ltr'><strong>et</strong></span> <span class='ocrx_word' id='word_1_732' title='bbox 3205 4594 3300 4648; x_wconf 92' lang='lat' dir='ltr'><strong>per</strong></span> <span class='ocrx_word' id='word_1_733' title='bbox 3327 4578 3442 4634; x_wconf 68' lang='lat' dir='ltr'><strong>haec</strong></span> <span class='ocrx_word' id='word_1_734' title='bbox 3469 4584 3779 4643; x_wconf 68' lang='lat' dir='ltr'><strong>simulacra</strong></span> 
     </span>
    </p>
   </div>
   <div class='ocr_carea' id='block_1_106' title="bbox 2164 4663 3781 4739">
    <p class='ocr_par' dir='ltr' id='par_1_106' title="bbox 2164 4663 3781 4739">
     <span class='ocr_line' id='line_1_106' title="bbox 2164 4663 3781 4739; baseline 0.009 -19"><span class='ocrx_word' id='word_1_735' title='bbox 2164 4665 2404 4720; x_wconf 81' lang='lat' dir='ltr'><strong>nesciant</strong></span> <span class='ocrx_word' id='word_1_736' title='bbox 2430 4663 2631 4719; x_wconf 90' lang='lat' dir='ltr'><strong>obitum</strong></span> <span class='ocrx_word' id='word_1_737' title='bbox 2661 4666 2744 4721; x_wconf 85' lang='lat' dir='ltr'><strong>vel</strong></span> <span class='ocrx_word' id='word_1_738' title='bbox 2776 4667 2972 4736; x_wconf 89' lang='lat' dir='ltr'><strong>sepulti</strong></span> <span class='ocrx_word' id='word_1_739' title='bbox 3001 4671 3285 4739; x_wconf 88' lang='lat' dir='ltr'><strong>:qnamvis</strong></span> <span class='ocrx_word' id='word_1_740' title='bbox 3315 4673 3369 4726; x_wconf 92' lang='lat' dir='ltr'><strong>in</strong></span> <span class='ocrx_word' id='word_1_741' title='bbox 3397 4676 3781 4734; x_wconf 57' lang='lat' dir='ltr'><strong>aeternitatem</strong></span> 
     </span>
    </p>
   </div>
   <div class='ocr_carea' id='block_1_107' title="bbox 2165 4757 3779 4836">
    <p class='ocr_par' dir='ltr' id='par_1_107' title="bbox 2165 4757 3779 4836">
     <span class='ocr_line' id='line_1_107' title="bbox 2165 4757 3779 4836; baseline 0.01 -25"><span class='ocrx_word' id='word_1_742' title='bbox 2165 4757 2361 4827; x_wconf 85' lang='lat' dir='ltr'><strong>migret</strong></span> <span class='ocrx_word' id='word_1_743' title='bbox 2390 4771 2485 4825; x_wconf 88' lang='lat' dir='ltr'><strong>per</strong></span> <span class='ocrx_word' id='word_1_744' title='bbox 2511 4758 2605 4812; x_wconf 89' lang='lat' dir='ltr'><strong>bas</strong></span> <span class='ocrx_word' id='word_1_745' title='bbox 2634 4768 2778 4813; x_wconf 81' lang='lat' dir='ltr'><strong>artes</strong></span> <span class='ocrx_word' id='word_1_746' title='bbox 2810 4759 2987 4830; x_wconf 87' lang='lat' dir='ltr'><strong>imago</strong></span> <span class='ocrx_word' id='word_1_747' title='bbox 3014 4763 3354 4832; x_wconf 88' lang='lat' dir='ltr'><strong>mortalium,</strong></span> <span class='ocrx_word' id='word_1_748' title='bbox 3389 4775 3444 4820; x_wconf 90' lang='lat' dir='ltr'><strong>et</strong></span> <span class='ocrx_word' id='word_1_749' title='bbox 3470 4779 3779 4836; x_wconf 77' lang='lat' dir='ltr'><strong>angustam</strong></span> 
     </span>
    </p>
   </div>
   <div class='ocr_carea' id='block_1_108' title="bbox 2166 4844 3783 4917">
    <p class='ocr_par' dir='ltr' id='par_1_108' title="bbox 2166 4844 3783 4917">
     <span class='ocr_line' id='line_1_108' title="bbox 2166 4844 3783 4917; baseline 0.011 -21"><span class='ocrx_word' id='word_1_750' title='bbox 2166 4844 2415 4898; x_wconf 66' lang='lat' dir='ltr'><strong>humanae</strong></span> <span class='ocrx_word' id='word_1_751' title='bbox 2452 4854 2654 4900; x_wconf 63' lang='lat' dir='ltr'><strong>natura:</strong></span> <span class='ocrx_word' id='word_1_752' title='bbox 2682 4847 2850 4917; x_wconf 88' lang='lat' dir='ltr'><strong>legem</strong></span> <span class='ocrx_word' id='word_1_753' title='bbox 2892 4848 3068 4903; x_wconf 86' lang='lat' dir='ltr'><strong>vincat</strong></span> <span class='ocrx_word' id='word_1_754' title='bbox 3098 4851 3356 4906; x_wconf 88' lang='lat' dir='ltr'><strong>industria</strong></span> <span class='ocrx_word' id='word_1_755' title='bbox 3391 4869 3405 4905; x_wconf 90' lang='lat'><strong>:</strong></span> <span class='ocrx_word' id='word_1_756' title='bbox 3436 4863 3619 4910; x_wconf 88' lang='lat' dir='ltr'><strong>tamen</strong></span> <span class='ocrx_word' id='word_1_757' title='bbox 3658 4861 3783 4913; x_wconf 82' lang='lat' dir='ltr'><strong>vir-</strong></span> 
     </span>
    </p>
   </div>
   <div class='ocr_carea' id='block_1_109' title="bbox 2162 4931 3781 5006">
    <p class='ocr_par' dir='ltr' id='par_1_109' title="bbox 2162 4931 3781 5006">
     <span class='ocr_line' id='line_1_109' title="bbox 2162 4931 3781 5006; baseline 0.01 -21"><span class='ocrx_word' id='word_1_758' title='bbox 2162 4932 2290 4985; x_wconf 87' lang='lat' dir='ltr'><strong>tutis</strong></span> <span class='ocrx_word' id='word_1_759' title='bbox 2340 4931 2568 5000; x_wconf 89' lang='lat' dir='ltr'><strong>pretium</strong></span> <span class='ocrx_word' id='word_1_760' title='bbox 2617 4948 2715 4988; x_wconf 93' lang='lat' dir='ltr'><strong>nec</strong></span> <span class='ocrx_word' id='word_1_761' title='bbox 2762 4935 3025 5002; x_wconf 85' lang='lat' dir='ltr'><strong>parricida</strong></span> <span class='ocrx_word' id='word_1_762' title='bbox 3056 4936 3344 5005; x_wconf 90' lang='lat' dir='ltr'><strong>aliquando</strong></span> <span class='ocrx_word' id='word_1_763' title='bbox 3382 4941 3610 5006; x_wconf 90' lang='lat' dir='ltr'><strong>tneruit,</strong></span> <span class='ocrx_word' id='word_1_764' title='bbox 3670 4961 3781 5000; x_wconf 83' lang='lat' dir='ltr'><strong>nec</strong></span> 
     </span>
    </p>
   </div>
   <div class='ocr_carea' id='block_1_110' title="bbox 2164 5018 3784 5088">
    <p class='ocr_par' dir='ltr' id='par_1_110' title="bbox 2164 5018 3784 5088">
     <span class='ocr_line' id='line_1_110' title="bbox 2164 5018 3784 5088; baseline 0.009 -16"><span class='ocrx_word' id='word_1_765' title='bbox 2164 5026 2422 5088; x_wconf 79' lang='lat' dir='ltr'><strong>tyrannus</strong></span> <span class='ocrx_word' id='word_1_766' title='bbox 2469 5018 2719 5074; x_wconf 73' lang='lat' dir='ltr'><strong>exsolvit.</strong></span> <span class='ocrx_word' id='word_1_767' title='bbox 2753 5022 2978 5087; x_wconf 73' lang='lat' dir='ltr'><strong>Quando</strong></span> <span class='ocrx_word' id='word_1_768' title='bbox 3025 5037 3219 5076; x_wconf 88' lang='lat' dir='ltr'><strong>munus</strong></span> <span class='ocrx_word' id='word_1_769' title='bbox 3267 5024 3613 5081; x_wconf 91' lang='lat' dir='ltr'><strong>innocentum</strong></span> <span class='ocrx_word' id='word_1_770' title='bbox 3677 5043 3784 5087; x_wconf 87' lang='lat' dir='ltr'><strong>aut</strong></span> 
     </span>
    </p>
   </div>
   <div class='ocr_carea' id='block_1_111' title="bbox 2164 5104 3785 5182">
    <p class='ocr_par' dir='ltr' id='par_1_111' title="bbox 2164 5104 3785 5182">
     <span class='ocr_line' id='line_1_111' title="bbox 2164 5104 3785 5182; baseline 0.007 -23"><span class='ocrx_word' id='word_1_771' title='bbox 2164 5104 2461 5160; x_wconf 86' lang='lat' dir='ltr'><strong>sceleratus</strong></span> <span class='ocrx_word' id='word_1_772' title='bbox 2489 5107 2706 5174; x_wconf 91' lang='lat' dir='ltr'><strong>elicuit,</strong></span> <span class='ocrx_word' id='word_1_773' title='bbox 2736 5117 2827 5161; x_wconf 93' lang='lat' dir='ltr'><strong>aut</strong></span> <span class='ocrx_word' id='word_1_774' title='bbox 2858 5123 3146 5178; x_wconf 91' lang='lat' dir='ltr'><strong>oppressor</strong></span> <span class='ocrx_word' id='word_1_775' title='bbox 3188 5109 3450 5165; x_wconf 84' lang='lat' dir='ltr'><strong>libertatis</strong></span> <span class='ocrx_word' id='word_1_776' title='bbox 3496 5112 3785 5182; x_wconf 75' lang='lat' dir='ltr'><strong>ingessit?</strong></span> 
     </span>
    </p>
   </div>
   <div class='ocr_carea' id='block_1_112' title="bbox 2164 5198 3783 5277">
    <p class='ocr_par' dir='ltr' id='par_1_112' title="bbox 2164 5198 3783 5277">
     <span class='ocr_line' id='line_1_112' title="bbox 2164 5198 3783 5277; baseline 0.004 -21"><span class='ocrx_word' id='word_1_777' title='bbox 2164 5198 2380 5265; x_wconf 87' lang='lat' dir='ltr'><strong>Statua,</strong></span> <span class='ocrx_word' id='word_1_778' title='bbox 2431 5202 2725 5255; x_wconf 87' lang='lat' dir='ltr'><strong>venerandi</strong></span> <span class='ocrx_word' id='word_1_779' title='bbox 2776 5202 3056 5270; x_wconf 57' lang='lat' dir='ltr'><strong>praesules,</strong></span> <span class='ocrx_word' id='word_1_780' title='bbox 3110 5202 3319 5257; x_wconf 88' lang='lat' dir='ltr'><strong>sudoris</strong></span> <span class='ocrx_word' id='word_1_781' title='bbox 3381 5203 3585 5258; x_wconf 85' lang='lat' dir='ltr'><strong>fructus</strong></span> <span class='ocrx_word' id='word_1_782' title='bbox 3646 5223 3783 5277; x_wconf 72' lang='lat' dir='ltr'><strong>t&#39;sl,</strong></span> 
     </span>
    </p>
   </div>
   <div class='ocr_carea' id='block_1_113' title="bbox 2162 5289 3788 5367">
    <p class='ocr_par' dir='ltr' id='par_1_113' title="bbox 2162 5289 3788 5367">
     <span class='ocr_line' id='line_1_113' title="bbox 2162 5289 3788 5367; baseline 0.007 -24"><span class='ocrx_word' id='word_1_783' title='bbox 2162 5289 2368 5360; x_wconf 89' lang='lat' dir='ltr'><strong>judicio</strong></span> <span class='ocrx_word' id='word_1_784' title='bbox 2399 5291 2669 5348; x_wconf 89' lang='lat' dir='ltr'><strong>reddenda</strong></span> <span class='ocrx_word' id='word_1_785' title='bbox 2703 5293 2973 5362; x_wconf 90' lang='lat' dir='ltr'><strong>purissimi</strong></span> <span class='ocrx_word' id='word_1_786' title='bbox 3007 5312 3017 5345; x_wconf 95' lang='lat'>:</span> <span class='ocrx_word' id='word_1_787' title='bbox 3054 5302 3112 5349; x_wconf 90' lang='lat' dir='ltr'><strong>ttt</strong></span> <span class='ocrx_word' id='word_1_788' title='bbox 3140 5297 3189 5348; x_wconf 92' lang='lat' dir='ltr'><strong>in</strong></span> <span class='ocrx_word' id='word_1_789' title='bbox 3224 5303 3449 5365; x_wconf 88' lang='lat' dir='ltr'><strong>utroque</strong></span> <span class='ocrx_word' id='word_1_790' title='bbox 3487 5312 3788 5367; x_wconf 73' lang='lat' dir='ltr'><strong>congruos</strong></span> 
     </span>
    </p>
   </div>
   <div class='ocr_carea' id='block_1_114' title="bbox 2167 5383 3788 5459">
    <p class='ocr_par' dir='ltr' id='par_1_114' title="bbox 2167 5383 3788 5459">
     <span class='ocr_line' id='line_1_114' title="bbox 2167 5383 3788 5459; baseline 0.006 -21"><span class='ocrx_word' id='word_1_791' title='bbox 2167 5383 2311 5438; x_wconf 88' lang='lat' dir='ltr'><strong>nitor</strong></span> <span class='ocrx_word' id='word_1_792' title='bbox 2339 5400 2438 5439; x_wconf 92' lang='lat' dir='ltr'><strong>nec</strong></span> <span class='ocrx_word' id='word_1_793' title='bbox 2486 5386 2866 5453; x_wconf 88' lang='lat' dir='ltr'><strong>suscipientem</strong></span> <span class='ocrx_word' id='word_1_794' title='bbox 2907 5387 3261 5452; x_wconf 80' lang='lat' dir='ltr'><strong>devenustet,</strong></span> <span class='ocrx_word' id='word_1_795' title='bbox 3297 5390 3343 5443; x_wconf 91' lang='lat' dir='ltr'><strong>si</strong></span> <span class='ocrx_word' id='word_1_796' title='bbox 3400 5388 3622 5459; x_wconf 82' lang='lat' dir='ltr'><strong>indigno</strong></span> <span class='ocrx_word' id='word_1_797' title='bbox 3676 5411 3788 5447; x_wconf 79' lang='lat' dir='ltr'><strong>au-</strong></span> 
     </span>
    </p>
   </div>
   <div class='ocr_carea' id='block_1_115' title="bbox 2166 5477 3789 5551">
    <p class='ocr_par' dir='ltr' id='par_1_115' title="bbox 2166 5477 3789 5551">
     <span class='ocr_line' id='line_1_115' title="bbox 2166 5477 3789 5551; baseline 0.008 -22"><span class='ocrx_word' id='word_1_798' title='bbox 2166 5477 2302 5530; x_wconf 90' lang='lat' dir='ltr'><strong>ctori</strong></span> <span class='ocrx_word' id='word_1_799' title='bbox 2327 5479 2661 5545; x_wconf 68' lang='lat' dir='ltr'><strong>provenerit,</strong></span> <span class='ocrx_word' id='word_1_800' title='bbox 2689 5494 2810 5547; x_wconf 86' lang='lat' dir='ltr'><strong>nec,</strong></span> <span class='ocrx_word' id='word_1_801' title='bbox 2827 5480 3190 5551; x_wconf 69' lang='lat' dir='ltr'><strong>siconferatur</strong></span> <span class='ocrx_word' id='word_1_802' title='bbox 3213 5482 3505 5544; x_wconf 90' lang='lat' dir='ltr'><strong>immerito,</strong></span> <span class='ocrx_word' id='word_1_803' title='bbox 3526 5487 3789 5542; x_wconf 72' lang='lat' dir='ltr'><strong>III:tL‘llIt:I</strong></span> 
     </span>
    </p>
   </div>
   <div class='ocr_carea' id='block_1_116' title="bbox 2162 5567 3832 5644">
    <p class='ocr_par' dir='ltr' id='par_1_116' title="bbox 2162 5567 3832 5644">
     <span class='ocr_line' id='line_1_116' title="bbox 2162 5567 3832 5644; baseline 0.007 -22"><span class='ocrx_word' id='word_1_804' title='bbox 2162 5567 2571 5638; x_wconf 84' lang='lat' dir='ltr'><strong>largientetu.Si</strong></span> <span class='ocrx_word' id='word_1_805' title='bbox 2601 5569 2770 5624; x_wconf 92' lang='lat' dir='ltr'><strong>libera</strong></span> <span class='ocrx_word' id='word_1_806' title='bbox 2792 5570 3051 5627; x_wconf 89' lang='lat' dir='ltr'><strong>adversus</strong></span> <span class='ocrx_word' id='word_1_807' title='bbox 3074 5581 3359 5643; x_wconf 86' lang='lat' dir='ltr'><strong>tyrannum</strong></span> <span class='ocrx_word' id='word_1_808' title='bbox 3385 5590 3483 5627; x_wconf 83' lang='lat' dir='ltr'><strong>vox</strong></span> <span class='ocrx_word' id='word_1_809' title='bbox 3516 5582 3599 5629; x_wconf 82' lang='lat' dir='ltr'><strong>est</strong></span> <span class='ocrx_word' id='word_1_810' title='bbox 3640 5579 3727 5630; x_wconf 83' lang='lat' dir='ltr'><strong>vit</strong></span> <span class='ocrx_word' id='word_1_811' title='bbox 3755 5595 3791 5634; x_wconf 82' lang='lat' dir='ltr'><strong>a</strong></span> <span class='ocrx_word' id='word_1_812' title='bbox 3826 5641 3832 5644; x_wconf 97' lang='lat'><em>_</em></span> 
     </span>
    </p>
   </div>
   <div class='ocr_carea' id='block_1_117' title="bbox 2163 5660 3790 5737">
    <p class='ocr_par' dir='ltr' id='par_1_117' title="bbox 2163 5660 3790 5737">
     <span class='ocr_line' id='line_1_117' title="bbox 2163 5660 3790 5737; baseline 0.005 -22"><span class='ocrx_word' id='word_1_813' title='bbox 2163 5660 2499 5729; x_wconf 55' lang='lat' dir='ltr'><strong>detestantis,</strong></span> <span class='ocrx_word' id='word_1_814' title='bbox 2516 5662 2561 5716; x_wconf 91' lang='lat' dir='ltr'><strong>si</strong></span> <span class='ocrx_word' id='word_1_815' title='bbox 2586 5660 2712 5718; x_wconf 87' lang='lat' dir='ltr'><strong>licet</strong></span> <span class='ocrx_word' id='word_1_816' title='bbox 2730 5663 2829 5720; x_wconf 88' lang='lat' dir='ltr'><strong>sub</strong></span> <span class='ocrx_word' id='word_1_817' title='bbox 2848 5672 3020 5721; x_wconf 86' lang='lat' dir='ltr'><strong>tutore</strong></span> <span class='ocrx_word' id='word_1_818' title='bbox 3040 5664 3323 5720; x_wconf 83' lang='lat' dir='ltr'><strong>eritninum</strong></span> <span class='ocrx_word' id='word_1_819' title='bbox 3345 5664 3533 5736; x_wconf 87' lang='lat' dir='ltr'><strong>culpas</strong></span> <span class='ocrx_word' id='word_1_820' title='bbox 3557 5672 3790 5737; x_wconf 68' lang='lat' dir='ltr'><strong>urgeri,</strong></span> 
     </span>
    </p>
   </div>
   <div class='ocr_carea' id='block_1_118' title="bbox 2232 5821 2804 5896">
    <p class='ocr_par' dir='ltr' id='par_1_118' title="bbox 2232 5821 2804 5896">
     <span class='ocr_line' id='line_1_118' title="bbox 2232 5821 2804 5896; baseline -0.002 -13"><span class='ocrx_word' id='word_1_821' title='bbox 2232 5821 2253 5857; x_wconf 84' lang='grc'>¹</span> <span class='ocrx_word' id='word_1_822' title='bbox 2283 5823 2495 5896; x_wconf 87' lang='lat' dir='ltr'><strong>Schot.,</strong></span> <span class='ocrx_word' id='word_1_823' title='bbox 2524 5829 2804 5885; x_wconf 80' lang='lat' dir='ltr'><strong>nocentior.</strong></span> 
     </span>
    </p>
   </div>
  </div>
