3974 6366
178 304 270 363 293
1555 333 1933 395 DICTIONES.

3345 363 3455 420 291

168 426 333 481 ,tlit‘am
368 428 516 497 quod
546 430 745 487 sentio.
778 432 923 488 Inter
950 432 1088 490 duos
1117 436 1353 495 nefarios
1396 457 1481 498 res
1530 445 1758 504 honesta
1784 457 1837 515 Α
1862 463 1907 503 st
1936 450 2025 520 qui
2057 451 2337 509 animabus
2386 459 2623 530 reliquus
2663 464 2815 533 vigor
2845 475 2955 532 est;
2987 468 3187 530 deflent
3232 476 3450 542 prasini:

171 521 441 588 volitavit,
476 533 532 579 et
566 535 759 581 neutro
790 530 991 583 munita
1020 533 1289 600 prmsidio,
1322 552 1419 593 nec
1447 554 1475 597 a
1505 556 1609 608 quo
1638 558 1758 612 pro-

168 613 411 678 cederet,
444 630 547 671 nec
587 618 655 672 ad
703 635 860 689 quem
907 622 1203 693 deflueret,
1233 632 1612 697 cognoscebat.
1653 636 1757 691 Res

165 707 357 762 dudum
374 708 597 766 decreta
624 714 876 780 sortibus,
893 725 947 770 et
968 719 1242 785 sanguinis
1267 726 1626 790 comparanda
1648 728 1758 781 suf-

164 800 361 869 fragiis,
394 801 461 855 ad
486 818 714 872 quorum
734 813 1034 875 pervenerit
1049 809 1193 878 jura,
1229 815 1477 882 respicite
1508 834 1520 869 :
1554 828 1611 874 ut
1637 834 1754 876 eam

169 891 361 945 tribuat
379 905 669 964 usurpator
684 898 887 966 imperii
904 939 920 963 ,
934 911 984 954 et
1004 902 1229 971 accipiat
1259 907 1423 973 patris
1438 909 1751 967 exstinctor.

165 984 268 1050 Quo
289 1001 381 1041 me
411 996 641 1055 vertam,
672 992 890 1045 nescio:
945 994 1087 1050 inter
1116 999 1371 1054 virtutum
1404 1010 1637 1071 tuarum,
1666 1020 1755 1059 ve-

165 1079 399 1133 nerande
427 1080 700 1150 princeps,
721 1082 1089 1151 deprehensus
1110 1087 1551 1158 abrupta,nescio
1571 1103 1749 1151 utrum

164 1180 403 1225 accusem
453 1171 597 1239 quod
626 1179 882 1241 tyrannus
900 1189 981 1238 es,
1014 1190 1080 1229 an
1104 1178 1243 1244 quod
1274 1180 1504 1238 honoras
1531 1186 1751 1252 praemio

164 1259 473 1326 parricidas.
498 1259 723 1330 Utrique
739 1262 881 1332 digni
901 1266 1168 1329 crucibus,
1189 1279 1241 1323 et
1264 1269 1332 1324 de
1351 1276 1605 1341 praesenti
1642 1277 1750 1331 vita

163 1348 340 1401 culleis
362 1348 655 1418 elfugandi.
689 1350 804 1406 Non
837 1354 1055 1409 creditis
1085 1357 1355 1427 suflicere,
1386 1376 1481 1415 vos
1506 1362 1748 1421 debitum

162 1440 348 1493 vitasse
371 1440 730 1510 supplicium,
757 1442 856 1497 nisi
880 1452 935 1497 et
961 1454 1013 1497 tu
1035 1446 1179 1516 quod
1211 1464 1316 1502 non
1342 1449 1496 1516 licet,
1521 1453 1746 1521 tribuas,

159 1541 204 1586 et
228 1532 314 1584 ille
346 1532 493 1600 quod
527 1548 634 1587 non
663 1546 920 1604 meretur,
946 1542 1237 1607 acceperit.
1261 1540 1377 1596 .lam
1411 1543 1610 1600 dudum
1641 1563 1670 1602 a
1697 1558 1748 1605 te

159 1625 245 1678 ista
287 1640 387 1693 per
418 1623 697 1680 audaciam
733 1639 1057 1698 praesumpta
1111 1642 1266 1699 sunt,
1300 1649 1419 1688 cum
1452 1652 1630 1693 arcem
1656 1640 1747 1709 ju-

155 1717 305 1771 stitia:
334 1716 652 1787 proﬂigator
683 1719 916 1787 intrasti,
958 1721 1039 1776 his
1069 1723 1134 1776 ad
1167 1725 1495 1783 dominatum
1528 1743 1743 1789 evectus

153 1809 438 1878 suffragiis,
462 1809 655 1879 quibus
678 1811 729 1865 in
758 1812 927 1867 altero
948 1822 1177 1869 statuam
1198 1820 1491 1875 contulisti.
1511 1822 1742 1880 Necesse

154 1906 260 1959 est,
310 1896 627 1965 amplissimi
682 1897 991 1965 hominum,
1035 1902 1317 1958 universos
1364 1905 1551 1963 fovere
1598 1912 1741 1978 quod

152 1968 337 2041 fuerint
372 2006 386 2042 :
422 2003 520 2042 nec
569 1990 790 2051 utiliter,
830 1992 929 2044 nisi
962 1994 1029 2048 ab
1058 1982 1375 2063 emendatis,
1401 2002 1742 2069 corriguntur

152 2058 424 2132 excessus.
470 2078 727 2149 Prodigus
770 2080 965 2137 frontis
1006 2096 1120 2151 est,
1151 2087 1238 2155 qui
1272 2091 1569 2157 punitorem
1612 2097 1738 2151 mali

150 2170 308 2223 credit
335 2170 640 2227 facinorum
666 2184 1013 2235 sectatorem.
1030 2178 1233 2237 Judicis
1257 2188 1584 2244 conscientia
1610 2206 1740 2246 con-

152 2261 422 2331 stringitur
464 2268 787 2321 necessitate
823 2271 1055 2337 secreti,
1088 2282 1143 2329 et
1179 2290 1283 2340 non
1316 2289 1465 2346 putat
1508 2282 1735 2340 liberum

149 2354 505 2410 condemnare
551 2355 606 2411 in
656 2359 934 2428 subjectis,
981 2354 1123 2432 quod
1176 2366 1286 2436 ipsa
1330 2386 1434 2425 non
1477 2375 1739 2433 dubitavit

151 2444 447 2503 admittere.
479 2446 704 2514 Quantis
745 2450 1085 2510 successibus
1122 2468 1213 2511 aut
1241 2476 1400 2529 quam
1441 2468 1606 2522 variis
1653 2470 1737 2524 itt-

148 2540 429 2595 crementis
473 2543 541 2597 ad
572 2541 687 2598 btec
724 2547 936 2602 sentina
984 2550 1267 2606 criminum
1322 2560 1648 2626 pervenisti,
1680 2574 1736 2618 ut

149 2628 230 2685 tibi
260 2633 458 2689 liceret
502 2637 566 2689 ad
594 2626 857 2705 sublimia
890 2644 1220 2710 pervenienti
1272 2646 1321 2700 in
1371 2656 1576 2706 tantum
1604 2668 1733 2723 pec-

145 2738 273 2796 care,
308 2743 436 2783 cum
476 2730 666 2797 velles,
696 2744 752 2788 ut
778 2737 1066 2804 probrosos
1093 2741 1161 2795 ad
1194 2744 1401 2811 potiora
1431 2750 1622 2803 statuis
1654 2753 1732 2807 in-

146 2820 370 2875 vitares?
394 2820 475 2877 Tu
518 2822 782 2881 libertatis
819 2843 1065 2897 saporem
1097 2830 1221 2888 felle
1250 2838 1454 2892 servitii
1487 2856 1732 2897 commu-

146 2914 303 2967 tasti:
355 2912 452 2970 ille
483 2915 739 2987 obsequia
784 2923 921 2988 patri
964 2923 1140 2979 debita
1194 2930 1357 2983 vertit
1396 2931 1459 2985 ad
1502 2934 1727 3002 gladios.

144 3002 402 3069 Quantum
454 3006 719 3064 laudanda
753 3014 861 3067 sint
904 3030 1022 3083 qum
1068 3015 1303 3087 laesistis,
1332 3022 1596 3080 advertite
1633 3044 1648 3080 :
1678 3036 1732 3083 et

143 3095 319 3153 feriato
352 3116 451 3155 ore
488 3103 793 3159 accusantis
823 3098 953 3177 quid
985 3122 1257 3168 mereatur
1286 3125 1458 3184 pater,
1483 3128 1537 3174 et
1574 3119 1726 3192 inge-

141 3189 303 3243 nuitas
350 3191 644 3247 testimate.
670 3193 749 3249 Tu
795 3196 1037 3254 absoluta
1071 3202 1213 3258 colla
1231 3204 1359 3275 jugo
1411 3189 1727 3268 miserrimm
1754 3215 1802 3279 0

139 3279 453 3337 conditionis
515 3288 769 3358 astringis
803 3306 817 3342 :
852 3292 992 3361 apud
1049 3294 1199 3350 illum
1261 3299 1391 3354 nihil
1450 3307 1728 3371 praevaluit

140 3370 214 3427 lex
242 3387 451 3433 natura:
488 3396 501 3433 :
533 3380 636 3435 hoc
669 3392 723 3437 tu
751 3384 891 3439 circa
926 3389 1151 3453 patriam
1176 3392 1342 3462 geris,
1369 3370 1509 3464 quod
1541 3397 1727 3456 intulit

136 3466 213 3523 hic
250 3473 463 3540 parenti
499 3492 512 3526 :
558 3475 612 3529 in
652 3491 717 3531 eo
758 3472 986 3535 fortasse
1021 3484 1287 3541 crudelior
1318 3496 1370 3542 tu
1399 3491 1721 3561 credendus,

135 3562 263 3628 Quod
292 3563 431 3617 dura
470 3565 697 3636 imperia
725 3570 824 3624 sub
862 3572 1014 3626 vitali
1046 3578 1273 3644 quadam
1308 3588 1480 3636 morte
1507 3583 1725 3654 diSpen-

133 3660 213 3709 sas
242 3673 255 3707 :
289 3670 395 3711 nec
426 3656 541 3712 illis
581 3659 779 3728 quibus
821 3672 905 3717 est
930 3664 1305 3723 desiderabilis
1342 3672 1540 3742 obitus,
1570 3677 1722 3745 quasi

136 3748 336 3805 medica
366 3765 531 3805 manu
556 3762 781 3822 praestas
806 3757 1029 3812 exitium
1065 3778 1076 3811 :
1106 3760 1195 3816 ille
1221 3778 1326 3817 non
1353 3780 1539 3834 passus
1566 3772 1718 3838 ειιιιί-

133 3834 289 3896 iorem
314 3844 370 3897 in
405 3846 609 3899 mundo
631 3848 951 3916 subsistere,
969 3854 1173 3922 pernici
1199 3855 1305 3911 ictu
1331 3857 1532 3928 eripuit
1557 3863 1718 3919 vitam

128 3924 253 3990 lucis
282 3937 516 3993 anetori.
552 3937 744 3994 Nescio
777 3956 878 4011 qua
918 3954 1040 3999 sunt
1076 3947 1363 4005 criminum
1404 3952 1720 4012 diversitate

129 4024 337 4083 discreti
377 4048 390 4080 :
427 4031 643 4085 interim
676 4034 719 4087 si
753 4033 943 4100 liceat,
979 4053 1136 4106 paena
1163 4042 1424 4110 jungendi
1477 4060 1621 4103 sunt.
1661 4051 1717 4106 Si

127 4124 173 4173 te
208 4122 354 4177 circa
414 4123 563 4179 cives
611 4125 835 4196 alicujus
876 4131 1147 4199 supercilii
1198 4141 1377 4191 tumor
1423 4138 1713 4209 elevasset,

126 4222 262 4268 reum
294 4224 351 4270 te
384 4204 695 4286 designaret
718 4218 844 4275 lmsa
877 4226 1211 4293 communio,
1244 4238 1297 4282 et
1322 4230 1545 4297 privatae
1574 4234 1721 4305 ahju-

124 4314 351 4363 ratorem
388 4307 695 4366 dulcedinis
726 4314 1081 4371 immoderata
1110 4323 1385 4378 nuntiaret
1414 4330 1634 4383 erectio.
1662 4330 1717 4385 Si

123 4397 205 4454 ille
230 4413 543 4460 creatorem
602 4417 756 4461 torvo
790 4409 1069 4468 lustrasset
1101 4426 1321 4485 aspectu
1360 4420 1604 4489 genitore
1636 4424 1717 4477 in-

118 4495 329 4563 columi,
352 4497 637 4553 habuisset
659 4502 909 4556 meritum
938 4506 1435 4571 parricidze.Videte
1456 4513 1580 4583 quid
1599 4516 1714 4588 dig-

1862 557 1987 606 sua,
2019 558 2140 613 qua:
2185 547 2375 601 annisu
2426 552 2635 609 roboris
2671 571 2989 627 exegerunt.-
3022 562 3119 618 Ubi
3169 565 3445 634 honestas,

1862 634 1948 688 ubi
1980 637 2138 691 studii
2173 640 2415 696 liberalis
2446 645 2720 715 efficacia,
2753 653 2839 707 ubi
2896 670 3088 713 munus
3142 675 3236 727 pro
3278 663 3447 729 patria

1859 726 2186 796 ditnicantis,
2227 734 2273 787 si
2313 749 2481 789 aereas
2541 737 2739 795 formas
2779 746 2911 799 artis
2970 764 3248 818 possessor
3297 754 3450 808 exhi-

1858 816 1982 885 bet,
2013 831 2066 875 et
2102 824 2191 891 qui
2222 826 2487 894 genitoris
2526 831 2688 889 funus
2732 816 3014 906 procurat,
3044 844 3318 899 obtineat?
3345 846 3449 903 Vos

1860 918 2064 968 tantum
2088 914 2247 985 digna
2279 921 2487 977 meritis
2513 924 2760 983 exhibete
2783 938 3050 989 tormenta
3079 954 3093 989 :
3119 952 3185 993 ne
3206 940 3250 993 si
3274 940 3449 1009 impar

1858 1015 2015 1071 poena
2048 1005 2322 1076 impetitos
2372 1014 2666 1083 addixerit,
2703 1036 2800 1076 nec
2849 1024 3000 1080 vobis
3038 1028 3296 1085 debeatur
3327 1005 3445 1087 lau-

1856 1092 2003 1151 datio
2043 1097 2250 1156 directa
2296 1108 2575 1163 censendi.
2603 1110 2722 1168 Uno
2767 1113 2962 1172 itinere
3006 1121 3109 1175 vita
3162 1125 3446 1193 pellantur,

1856 1185 2050 1256 quibus
2081 1204 2216 1258 pene
2248 1208 2344 1262 par
2374 1200 2579 1253 exstitit
2606 1217 2725 1257 sors
2757 1204 2960 1271 delicti.
2992 1260 3003 1273 ,

2458 1290 2687 1349 DICTIO
2718 1295 2858 1352 XIX.

1853 1370 1993 1425 Data
2006 1374 2295 1458 Ambrosio,
2316 1380 2370 1433 in
2395 1383 2673 1464 aleatorem
2693 1392 2783 1464 qui
2805 1406 2988 1459 agrum
3012 1393 3063 1447 in
3086 1411 3190 1464 quo
3212 1408 3445 1464 parentes

2082 1449 2196 1517 ejus
2227 1462 2371 1505 erant
2401 1456 2585 1523 positi,
2614 1449 2715 1528 pro.
2741 1449 2861 1515 ludi
2877 1465 3039 1531 pretio
3070 1449 3229 1520 d'edt't'.

2332 1578 2726 1624 CONTROVERSIA
2760 1588 2960 1629 SEXTA.

1922 1647 2213 1720 Postquam
2238 1698 2250 1721 ,
2277 1654 2510 1724 judices,
2541 1660 2783 1718 deforme
2811 1667 3061 1723 aleatoris
3086 1671 3320 1728 studium
3348 1674 3443 1729 de-

1850 1737 2045 1796 ductus
2073 1741 2139 1796 ad
2170 1746 2464 1802 exilitatem
2494 1765 2688 1807 census
2715 1768 2993 1826 evaserat,
3025 1772 3079 1816 et
3103 1774 3439 1822 crescentem

1773 1840 1822 1904 3
1848 1833 2090 1888 certandi
2116 1850 2297 1891 curant
2341 1840 2645 1898 facultatum
2687 1846 2933 1905 defectus
2980 1853 3212 1920 addixit,
3263 1871 3439 1926 cmpe-

1849 1932 1973 1976 runt
2000 1937 2029 1975 a
2057 1927 2192 1995 turpi
2217 1932 2437 1997 praemio
2465 1949 2562 1988 nec
2592 1948 2873 2005 parentum
2904 1944 3148 2012 sepulcra
3172 1948 3394 2003 subduci
3424 1966 3438 2007 :

1844 2024 2435 2089 cmperunteXSpectari
2460 2026 2623 2081 dubia
2636 2045 2854 2085 casuum
2875 2034 2939 2087 de
2962 2034 3178 2105 favillis,
3195 2040 3438 2095 ctriden~

1844 2106 1910 2162 da
1944 2113 2169 2182 proponi
2204 2120 2608 2177 contentionum
2636 2138 2909 2181 momenta
2940 2130 3007 2185 de
3031 2131 3302 2203 lacrymis.
3342 2135 3439 2195 Ubi

1846 2210 2004 2270 sunt,
2040 2205 2128 2273 qui
2175 2206 2363 2275 dicunt
2392 2212 2699 2279 perfunctas
2746 2218 2865 2274 luce
2908 2224 3115 2277 animas
3142 2226 3274 2279 nihil
3317 2242 3438 2284 cum

1844 2291 2004 2361 hujus
2055 2300 2239 2355 mundi
2278 2304 2571 2362 cultoribus
2615 2310 2812 2366 habere
2860 2328 3171 2382 commune,
3209 2326 3265 2373 et
3312 2329 3436 2390 post

1838 2378 2020 2441 saeculi
2061 2396 2487 2464 segregationem
2521 2401 2663 2456 diem
2688 2420 2843 2458 suum
2896 2406 3093 2464 habere
3120 2411 3435 2469 translatos?

1840 2476 1984 2536 Ecce
2004 2482 2117 2550 jam
2152 2487 2389 2557 majores
2431 2492 2586 2551 istius
2618 2511 2785 2568 prope
2815 2516 2935 2569 qua:
2973 2504 3324 2561 obtinuerant
3350 2522 3437 2565 se-

1840 2572 2019 2641 pulcra
2049 2591 2363 2645 senuerunt,
2396 2596 2448 2639 et
2476 2587 2543 2643 de
2576 2588 2707 2658 ipsis
2740 2608 2835 2661 per
2858 2594 3268 2656 diuturnitatem
3302 2602 3433 2655 fiunt

1839 2660 1995 2717 busta
2042 2666 2154 2736 jam
2210 2675 2475 2730 tumulis:
2513 2690 2565 2733 et
2610 2691 2784 2739 tamen
2823 2687 2965 2755 apud
3007 2702 3428 2751 comessatorem

1842 2751 2301 2823 improbissimum
2341 2768 2516 2823 adhuc
2546 2751 2935 2832 creduntur-in
2975 2780 3083 2837 illis
3119 2782 3434 2843 intentionis

1837 2847 2009 2913 pretia
2058 2866 2161 2905 non
2216 2857 2442 2923 perisse.
2477 2861 2602 2916 Post
2650 2865 2804 2937 longa
2836 2870 2961 2925 vitae
2998 2875 3263 2930 curricula
3316 2876 3431 2933 for-

1838 2940 1976 2995 tuito
2006 2943 2078 2997 nil
2105 2944 2384 3020 debentes,
2420 2966 2668 3011 eventum
2709 2976 2893 3017 manes
2919 2964 3176 3033 jubentur
3208 2984 3431 3038 exspec-

1837 3042 1951 3092 tare
1994 3039 2060 3094 de
2090 3046 2308 3098 tesseris
2342 3063 2355 3101 :
2397 3059 2518 3117 post
2550 3053 2880 3125 profligatas,
2907 3074 3041 3128 quas
3069 3073 3320 3130 parentes
3348 3066 3427 3121 tui

1836 3143 1933 3201 per
1983 3131 2197 3205 longam
2253 3141 2639 3208 parcimoniam
2716 3163 2848 3218 opes
2896 3153 3257 3224 collegerant;
3311 3168 3430 3227 post

1832 3224 1996 3277 multa
2026 3231 2231 3297 argenti
2259 3233 2486 3305 aurique
2514 3238 2746 3305 pondera
2766 3285 2780 3309 ,
2807 3260 2925 3313 qua:
2944 3245 3125 3315 jutura
3155 3248 3426 3309 haeredem

1832 3316 2064 3385 parcitas
2116 3321 2216 3375 sub
2247 3321 2587 3384 dimensione
2629 3336 2863 3389 servavit
2896 3353 2907 3387 :
2941 3353 3101 3394 urnas
3149 3353 3423 3414 veterum,

1831 3421 1886 3487 ut
1912 3422 2095 3467 essent
2118 3416 2166 3469 in
2194 3420 2417 3485 praemio
2443 3422 2658 3491 tabulas,
2683 3429 2969 3486 sterilitate
2991 3432 3226 3491 deterior
3247 3438 3427 3504 proles

1830 3500 2124 3560 honorasti.
2162 3509 2219 3563 Si
2249 3515 2518 3577 mausplea
2551 3520 2969 3586 praecedentium
3015 3526 3192 3582 minor
3222 3532 3424 3598 posteri

1827 3593 2005 3647 cultus
2021 3608 2259 3665 ornaret,
2280 3616 2419 3658 esset
2436 3606 2717 3675 plectenda
2734 3612 3075 3683 negligentia,
3091 3626 3144 3671 et
3157 3630 3425 3689 spectaret

1826 3684 1892 3739 de
1915 3686 2019 3739 illis
2040 3705 2247 3757 pinnam
2263 3694 2556 3767 judicibus,
2572 3701 2661 3770 qui
2679 3702 2907 3759 filiorum
2922 3722 3141 3763 suorum
3166 3728 3344 3768 mores
3366 3716 3421 3770 itt

1825 3778 2013 3834 alienis
2043 3784 2263 3852 cupiunt
2293 3789 2585 3846 emendare
2637 3796 2962 3851 commissis.
2994 3799 3099 3854 Pro
3129 3802 3420 3863 festivitate

1824 3883 1968 3926 certa
1999 3883 2297 3944 temporum
2331 3881 2446 3950 lege
2487 3883 2768 3950 redeunte,
2800 3903 2896 3956 pro
2926 3892 3113 3959 scrtis,
3147 3902 3201 3947 et
3226 3896 3420 3964 quibus

1823 3962 2017 4017 animae
2036 3977 2331 4035 pascuntur
2355 3974 2690 4044 muneribus,
2716 3979 2992 4034 credidisti
3016 3982 3184 4043 nefas.
3202 3986 3247 4038 si
3269 3990 3419 4056 getti-

1826 4052 1997 4110 torum
2042 4068 2253 4113 tuorum
2288 4064 2536 4131 sepulcra
2568 4066 2817 4125 dominos
2848 4087 2953 4126 non
2988 4088 3276 4134 mutarent.
3303 4080 3417 4138 Non

1828 4145 1924 4200 tibi
1953 4148 2191 4205 licuisset
2226 4150 2414 4209 domos
2454 4157 2668 4214 ultimas
2707 4178 2801 4230 pro
2828 4163 3053 4220 abducta
3080 4169 3146 4223 ab
3172 4170 3416 4228 hostibus

1822 4239 2061 4310 pignoris
2091 4246 2165 4298 tui
2194 4247 2565 4317 redemptione
2596 4252 2896 4311 distrahere
2934 4277 2944 4308 :
2980 4276 3163 4329 quacro
3206 4280 3320 4333 qua:
3350 4267 3418 4322 sit

1823 4335 2124 4392 necessitas.
2162 4340 2302 4407 quod
2345 4343 2577 4397 aiictiutn
2614 4346 2766 4401 video
2789 4349 2840 4402 in
2884 4362 3162 4418 parentum
3198 4364 3413 4415 tuorum

1821 4426 2097 4482 cineribus
2131 4446 2188 4499 pi
2213 4447 2509 4490 ssessoretn
2535 4454 2550 4490 :
2580 4449 2633 4492 et
2663 4441 2795 4495 nihil
2821 4444 2952 4497 mihi
2972 4445 3113 4499 aliud
3137 4450 3240 4502 nisi
3260 4450 3416 4508 ludus

1820 4522 2127 4591 Opponitttr.
2158 4527 2201 4580 Ο
2230 4530 2420 4585 misera
2459 4536 2702 4589 mortalis
2731 4526 2987 4606 conditio,
3018 4548 3072 4594 et
3100 4556 3221 4596 cum
3252 4543 3402 4601 dene-

118 4599 233 4641 num
274 4590 364 4645 his
394 4591 498 4658 sit,
526 4593 616 4661 qui
649 4593 715 4647 ad
740 4593 1056 4651 delictorum
1086 4601 1291 4671 fastigia
1332 4620 1707 4679 pervenerunt.
1740 4600 1794 4662 Ι)
1819 4624 2014 4685 gantur
2059 4617 2326 4675 desideria
2349 4664 2363 4687 ,
2410 4631 2467 4677 et
2515 4641 2637 4679 cum
2688 4628 2955 4687 infelicius
3010 4638 3412 4696 conceduntur!

114 4676 246 4735 Nihil
268 4693 357 4738 est
413 4687 556 4754 quod
603 4688 899 4756 residuum,
924 4699 1015 4745 aut
1054 4692 1249 4749 afﬂicta
1280 4676 1475 4753 credat:
1518 4706 1715 4773 patria,

112 4783 195 4825 aut
216 4787 377 4844 pater
407 4782 725 4833 exstinctus.
747 4781 1003 4839 Facessat
1023 4800 1053 4839 a
1086 4787 1263 4859 nobis,
1293 4792 1560 4863 principes
1590 4797 1710 4866 viri,

110 4870 449 4936 argumentis
497 4873 757 4928 acerbare
806 4880 1177 4937 commissum.
1240 4884 1521 4943 Sufficiunt
1569 4891 1708 4947 nuda

108 4972 320 5017 reorum
352 4964 651 5032 vocabula,
687 4969 835 5023 nullo
862 4970 1193 5030 defensionis
1228 4979 1516 5035 munienda
1550 4983 1715 5052 privi-

107 5051 257 5122 legio.
295 5046 513 5112 Addam
558 5074 689 5114 sane
732 5061 930 5117 delicto
977 5067 1219 5132 quaedam
1258 5087 1375 5138 quae
1416 5046 1716 5144 sunt—prce-

105 5144 239 5199 celsa
261 5150 545 5217 reatuutn,
566 5166 634 5205 ne
659 5151 761 5205 ulla
795 5168 880 5208 res
902 5154 1161 5223 videatur,
1183 5161 1392 5235 actione
1415 5165 1707 5234 subtracta,

101 5253 254 5304 quam
292 5241 611 5309 sagacibus,
641 5251 698 5297 ut
719 5245 949 5309 aestimo,
976 5251 1220 5319 vestigiis
1248 5253 1554 5310 invenistis.
1582 5256 1710 5312 Am-

100 5324 233 5384 bitur
268 5332 571 5400 parricida:
599 5343 806 5402 statua,
841 5336 1052 5393 fortium
1115 5341 1304 5397 vallata
1351 5336 1626 5415 lateribus,
1658 5350 1712 5406 et

95 5426 494 5496 simulacrum,
519 5430 664 5501 quod
719 5440 811 5485 aut
841 5434 854 5462 ¹
888 5434 1144 5491 litteraris
1174 5454 1301 5493 cura
1338 5446 1581 5512 peperit,
1617 5454 1711 5501 aut

94 5516 324 5576 Hartius
354 5536 581 5592 campus
607 5524 824 5590 refudit,
844 5526 996 5594 hujus
1020 5530 1307 5600 imaginem
1335 5535 1703 5602 posthabetur.

94 5608 335 5682 Dariter,
375 5614 425 5667 si
454 5615 697 5681 creditis,
732 5616 912 5671 ferunt
940 5630 1019 5673 tot
1047 5623 1216 5676 evecti
1249 5625 1435 5691 titulis,
1463 5630 1605 5683 nulla
1634 5632 1705 5687 ab

92 5700 333 5763 cffusore
373 5721 437 5781 se
466 5711 672 5778 paterni
697 5711 975 5782 sanguinis
1006 5716 1359 5776 retributione
1386 5718 1586 5780 distare
1609 5740 1626 5783 :
1649 5734 1702 5783 et

151 5821 166 5852 ⁸
196 5821 439 5878 εοιιοι..
470 5820 737 5880 litterario.

1824 4706 2085 4776 Quotiens
2115 4724 2385 4769 creatorcs
2434 4718 2508 4770 tni
2541 4719 2785 4776 sollicitis
2830 4722 2995 4779 Deum
3052 4744 3272 4788 movere
3316 4749 3411 4789 su-

1817 4801 2017 4868 Spiriis,
2053 4819 2117 4857 ne
2140 4804 2207 4858 de
2239 4802 2396 4875 hujus
2430 4824 2588 4863 usura
2614 4811 2766 4880 lucis,
2805 4818 2943 4883 quod
2967 4818 3412 4887 iufaustissimum

1816 4893 2076 4959 creditur,
2108 4910 2160 4951 et
2189 4900 2306 4953 sine
2337 4903 2577 4971 lrgitimo
2603 4908 2815 4965 liaarede
2844 4914 3173 4971 transirent?
3201 4920 3404 4987 Editus,

1826 4985 2121 5053 institutus,
2150 4993 2415 5056 eruditus.
2440 4998 2505 5051 ad
2537 4999 2674 5056 hanc
2696 5018 2929 5061 messem
2948 5048 2962 5071 ,
2982 5008 3212 5080 judices,
3228 5013 3407 5083 jejuna

1826 5076 2044 5149 pudoris
2076 5094 2255 5141 mente
2287 5097 2557 5161 pervenit,
2580 5110 2646 5149 ne
2669 5096 2720 5149 in
2743 5097 2864 5166 jure
2889 5115 2987 5155 suo
3012 5104 3246 5172 patiatur
3267 5122 3405 5173 esse,

1826 5184 2105 5243 postquam
2152 5182 2400 5236 universa
2447 5186 2711 5257 perdidit,
2750 5192 3058 5259 patrimonii
3106 5196 3406 5268 largitores.

1822 5264 2149 5325 Damnamus
2200 5273 2251 5327 in
2306 5277 2571 5334 scelerato
2618 5282 2947 5340 voluntatem
2994 5288 3397 5357 turpissimam:

1816 5374 1938 5413 nam
1970 5364 2193 5433 contigit
2238 5364 2495 5436 forsitan,
2534 5380 2590 5426 ut
2618 5374 2684 5429 ad
2736 5378 2932 5445 probos
2971 5378 3218 5435 dominos
3261 5383 3407 5449 prio-

1815 5466 1931 5507 rum
1964 5462 2176 5511 tuorum
2210 5476 2331 5515 ossa
2374 5460 2635 5521 beneficio
2673 5468 2907 5525 levitatis
2950 5472 3217 5526 emiseris.
3248 5473 3402 5527 Coin-

1816 5542 1995 5601 inunis
2016 5558 2098 5603 est
2128 5552 2396 5609 universis
2423 5555 2796 5614 defunctorum
2822 5564 3143 5627 reverentia,
3176 5574 3231 5619 et
3258 5565 3397 5622 circa

1814 5638 2130 5711 religionem
2180 5654 2326 5701 sorte
2358 5648 2540 5702 ultima
2590 5651 2929 5706 conditorum
2972 5652 3185 5723 dignam
3232 5660 3403 5728 poscit

1818 5730 2124 5793 humanitas
2169 5740 2418 5795 universa
2470 5742 2781 5797 culturam:
2822 5744 3174 5805 excellentius
3220 5758 3398 5810 tamen
