3974 6366
1673 301 1949 361 ENNODII
1991 294 2294 356 EPISCOPI
2333 293 2718 353 TlClNENSlS
3666 299 3755 358 ’96

536 426 834 499 majoribus
878 423 1077 482 nostris
1121 420 1301 479 debita
1344 433 1597 491 suprema
1628 418 1946 482 redduntur,
1977 418 2135 487 ‘quos
2160 416 2215 477 Α
2240 413 2292 468 in
2330 421 2559 482 utroque
2588 407 2946 480 deprehensi,
2980 405 3114 463 nulli
3145 405 3353 464 exibent
3393 408 3616 467 stabilem
3651 429 3756 470 con.

541 522 614 577 ita
645 519 748 575 sibi
774 515 1050 574 veneratio
1079 514 1334 586 proponit
1358 522 1484 569 ante
1525 512 1731 577 oculos,
1760 518 1819 565 ut
1856 510 1961 566 diis
2005 524 2127 563 cre-

2239 506 2538 561 scientiam.
2610 503 2934 559 Pollicentur
2984 501 3128 555 enim
3173 500 3484 571 pmnitentia:
3546 511 3758 575 tempore

541 613 730 666 damus
770 608 1063 665 exhibitnm
1120 606 1173 662 in
1198 606 1406 675 quibus
1453 604 1830 661 defunctorum
1879 600 2129 656 mandata
2233 596 2531 653 honestatis
2558 595 2832 662 aliectum,
2855 609 2989 663 quos
3008 592 3167 647 fidem
3182 592 3372 648 videris
3392 594 3631 650 exhibere
3658 610 3760 665 pec-

545 712 887 776 peraguntur.
919 700 1209 755 Servamus
1255 700 1503 754 universa
1531 712 1651 767 quae
1695 694 1989 766 jusserint;
2022 707 2133 747 non

542 780 824 851 credentes
845 793 1067 863 impune
1095 792 1434 862 contingere,
1461 789 1605 860 quod
1633 788 1701 843 de
1739 802 1929 844 eorum
1972 786 2135 841 fuerit

544 886 908 955 praeceptione
932 883 1211 940 violatum.
1238 883 1365 937 Non
1385 882 1620 946 invenio,
1656 894 1853 936 novum
1878 875 2135 933 facinoris

543 994 711 1046 genus
739 993 844 1047 qua
873 978 1137 1047 explicent
1168 977 1404 1031 novitate
1446 987 1778 1030 sermonum.
1803 971 2009 1039 Quibus
2038 968 2139 1023 fuit

545 1072 893 1141 sacrilegium
930 1086 1039 1126 non
1082 1084 1294 1138 parere,
1326 1067 1485 1138 qnale
1527 1076 1611 1122 est
1653 1079 1841 1120 eorum
1887 1075 2140 1132 suprema

2234 691 2389 746 catis.
2407 689 2464 746 Si
2486 696 2560 757 te,
2592 687 2977 744 scelestissime
3001 685 3272 740 hominum
3294 731 3308 755 ,
3332 697 3451 763 ante
3470 685 3671 741 Veneris
3688 688 3766 743 de-

2238 782 2394 838 lubra
2412 781 2643 853 positum
2672 780 3003 836 stimulasset
3018 777 3265 835 Minervas
3276 778 3578 845 recordatio,
3600 788 3767 834 utiam-

2236 890 2344 947 que
2399 881 2719 945 potestatem
2750 872 2891 927 male
2928 869 3158 941 diligens
3204 869 3396 940 ingenii
3432 869 3503 923 tui
3551 870 3769 925 memoria

2248 968 2523 1024 laesisset?
2553 966 2786 1037 fugisses
2828 965 2972 1020 illius
3018 963 3368 1029 domicilium,
3393 963 3535 1033 cujus
3561 964 3773 1019 adversa-

2240 1064 2376 1116 riam
2405 1066 2587 1114 mente
2612 1056 2925 1113 retinebas:
2949 1056 3041 1126 qui
3072 1056 3242 1111 honor
3261 1064 3343 1111 est
3363 1054 3433 1110 ibi
3453 1054 3560 1124 ejus
3579 1064 3773 1110 statuam

548 1165 822 1219 domicilia
850 1178 949 1234 pro
1001 1162 1227 1219 ludicris
1255 1161 1603 1218 vendidisse?
1631 1158 1871 1224 Credite,
1901 1155 2143 1228 cognito-
2242 1150 2560 1215 collocasse,
2590 1148 2680 1203 ubi
2709 1147 2809 1204 dea
2837 1146 3108 1218 pudicitia
3134 1146 3393 1216 potuisset
3426 1153 3773 1202 Commemora-

551 1273 661 1323 res,
690 1268 836 1313 stare
861 1267 987 1313 ante
1022 1258 1205 1312 oculos
1229 1266 1439 1312 vestros
1467 1264 1544 1311 tot
1570 1255 1726 1311 istius
1753 1263 1939 1309 atavos
1961 1251 2143 1308 vindi-

553 1361 653 1406 ctas
684 1346 923 1422 tempora
955 1351 1329 1420 praestolantes
1357 1391 1373 1416 ,
1402 1364 1628 1419 quorum
1654 1346 1956 1417 placatione
1986 1359 2142 1399 man-

556 1459 680 1498 sura
703 1444 756 1498 in
777 1453 1051 1513 posterum
1075 1446 1217 1513 circa
1241 1452 1491 1513 parentes
1511 1440 1782 1512 diligentia
1806 1438 2005 1510 poterit
2028 1438 2147 1494 sine

557 1536 676 1593 labe
702 1539 920 1594 sanciri.

1178 1629 1399 1687 DlCTlO
1429 1629 1549 1686 XX.

634 1724 698 1777 In
727 1740 843 1779 eum
867 1725 955 1795 qui
982 1726 1035 1779 in
1064 1724 1304 1793 lupanari
1328 1734 1551 1778 statuam
1584 1721 1833 1778 Minerva:
1871 1721 2077 1777 .ocavit.

1012 1840 1406 1882 CONTROVERSIA
1437 1840 1680 1880 SEPTIIA.

614 1919 861 1990 Semper
888 1920 1317 1975 venerandorum
1352 1919 1596 1989 judicum
1639 1917 1930 1988 ancipitem
1976 1914 2155 1971 credi-

561 2027 685 2067 mus
738 2011 905 2068 fnisse
958 2014 1282 2070 sententiam
1332 2012 1400 2067 de
1450 2010 1768 2067 confusione
1812 2008 2038 2079 peccati.
2076 2005 2152 2063 lbi

563 2104 879 2172 cognitoris,
906 2120 1013 2174 quo
1071 2104 1408 2174 potissimum
1439 2112 1704 2173 vergeret,
1745 2102 1902 2156 haesit
1949 2100 2155 2156 delibe-

563 2194 722 2263 ratio,
755 2194 844 2248 ubi
873 2194 1031 2250 dubia
1071 2194 1275 2249 exstitit
1301 2209 1420 2250 sors
1448 2194 1628 2250 delicti
1662 2211 1675 2248 :
1710 2209 1834 2247 nam
1876 2190 2154 2247 definitio-

564 2305 687 2347 nem
710 2290 947 2360 aequitati
969 2305 1261 2361 congruam
1288 2292 1427 2360 sicut
1451 2291 1581 2345 vitia
1608 2288 1891 2345 manifesta
1912 2288 2153 2358 exigunt,

564 2384 639 2440 ita
666 2385 894 2440 obscura
919 2385 1275 2454 suspendunt.
1308 2385 1534 2451 Quando
1563 2385 1616 2439 in
1648 2384 1766 2439 luce
1809 2392 1893 2439 est
1924 2380 2152 2449 facinus,

565 2477 690 2548 quid
716 2479 832 2547 spei
858 2487 1100 2534 remanet
1119 2477 1463 2533 addicendo?
1493 2476 1784 2547 Percipile,
1811 2491 2013 2545 quaeso,
2043 2474 2159 2529 ani-

565 2573 689 2641 mis,
717 2582 772 2628 et
798 2573 1009 2627 interna
1048 2572 1405 2627 aestimatione
1436 2580 1684 2637 tractate,
1718 2569 1894 2640 qualis
1939 2570 2039 2635 sit,
2065 2567 2157 2636 qui

565 2675 621 2721 et
645 2665 974 2735 virginitatis
1000 2665 1208 2731 oculos,
1225 2674 1279 2721 et
1297 2666 1568 2735 lupanaris
1590 2672 1794 2720 secreta
1817 2663 2070 2719 violavit:
2103 2670 2159 2718 et

564 2758 619 2813 in
649 2769 875 2828 utroque
909 2758 1224 2829 sacrilegus,
1256 2773 1355 2813 nec
1384 2758 1581 2828 flagitia
1617 2766 1907 2814 veneratur
1956 2755 2155 2825 quibus

561 2848 836 2905 inim'cam
869 2857 1062 2905 testem
1095 2848 1359 2914 adhibuit,
1391 2857 1445 2904 et
1485 2847 1746 2904 castitatis
1772 2846 2045 2929 proﬂigat_
2068 2862 2159 2900 ru-

562 2939 750 2997 borem
765 2956 924 3011 quam
946 2940 1183 3012 indignis
1200 2941 1452 2997 associat.
1473 2942 1779 3013 Expostulo
1801 2957 1830 2996 a
1847 2951 1922 3007 te,
1938 2938 2157 2995 humani

562 3032 777 3103 generis
800 3041 1069 3089 ostentum
1092 3077 1107 3102 ,
1139 3034 1230 3103 qui
1256 3034 1537 3104 levitatem
1568 3044 1715 3090 tuam
1746 3035 1812 3089 ad
1842 3036 2157 3104 erigendum

564 3124 818 3181 Minerva:
848 3103 1554 3200 simulacrumfreligionis
1609 3126 1788 3182 cultus
1836 3103 2154 3192 adduxerit,

567 3218 694 3274 dum
724 3217 1046 3289 integritatis
1072 3218 1283 3276 hostem
1308 3219 1455 3275 illata
1484 3218 1552 3274 de
1597 3219 1700 3275 loci
1731 3218 1978 3275 fmditate
2003 3235 2158 3275 mon-

568 3322 707 3368 stret
733 3313 931 3382 injuria
963 3331 976 3367 :
1010 3328 1111 3369 nec
1143 3312 1507 3369 reverentiam
1537 3321 1590 3367 te
1624 3312 1884 3368 exhibere
1916 3312 2162 3368 Veneriae

566 3404 850 3475 pollutioni
880 3406 1075 3461 clamat
1109 3405 1377 3475 publicata
1420 3405 1722 3474 corruptio.
1750 3404 2007 3461 Nesciunt
2037 3419 2163 3476 pec-

566 3500 729 3556 candi
759 3500 1041 3567 terminos,
1071 3501 1163 3571 qui
1191 3501 1258 3555 ad
1290 3499 1773 3570 transgressionem
1806 3499 2030 3555 sceleris
2066 3515 2161 3555 ex-

567 3607 815 3648 cessuum
854 3607 1039 3648 amore
1088 3602 1446 3663 provocantur
1477 3609 1491 3646 :
1524 3592 1741 3648 modum
1784 3594 1835 3646 in
1889 3592 2163 3648 erroribus

570 3686 851 3755 ignorant,
908 3688 997 3756 qui
1050 3686 1276 3741 crimina
1320 3688 1533 3743 excelsa
1593 3686 1762 3742 moliti
1818 3698 1963 3741 sunt.
2027 3686 2161 3741 Dum

572 3779 797 3835 Dionem
825 3790 880 3835 et
902 3779 1175 3835 Palladem
1198 3822 1212 3845 ,
1242 3779 1607 3835 diversissima
1641 3779 1857 3835 numina
1876 3820 1891 3846 ,
1924 3778 2165 3849 peregri-

572 3873 823 3930 nantibus
836 3875 1137 3945 mancipata
1163 3877 1466 3942 sententiis,
1483 3875 1537 3931 in
1559 3891 1721 3929 unum
1752 3873 2004 3929 fabricata
2023 3873 2165 3931 deri-

570 3968 703 4024 dens
717 3978 833 4023 arte
853 3967 1149 4038 conjungis,
1172 3968 1342 4023 fecisti
1369 3969 1627 4037 religione
1645 3977 1734 4020 tua
1756 3966 2004 4022 acerbius
2018 3964 2162 4036 quod

571 4061 856 4127 delinquis.
904 4061 1011 4114 lies
1063 4074 1274 4114 summo
1303 4058 1461 4128 digna
1512 4059 1743 4127 piaculo,
1777 4059 2005 4113 miscere
2050 4056 2163 4110 dis-

572 4153 937 4217 cordantiatn,
968 4161 1022 4207 et
1044 4151 1097 4206 in
1130 4167 1294 4205 unum
1321 4152 1599 4222 colligere,
1623 4152 1817 4221 quibus
1848 4152 1947 4206 nisi
1981 4165 2164 4206 secre-

574 4254 684 4300 tum
718 4243 1067 4317 praestiteris,
1089 4242 1446 4299 contumelias
1468 4244 1735 4312 irrogasti.
1759 4242 1988 4298 Creditis
2017 4242 2165 4297 inve-

574 4337 673 4392 niri
715 4337 984 4392 hominem
1018 4335 1085 4392 de
1119 4337 1220 4390 hac
1260 4336 1440 4390 mundi
1487 4336 1699 4405 gemina
1753 4335 2165 4390 conversatione

575 4440 819 4486 neutrum
843 4440 1133 4500 tenentem,
1149 4439 1203 4486 et
1224 4444 1325 4486 nec
1343 4431 1571 4485 amicum
1598 4431 1885 4486 virtutibus
1905 4430 2161 4497 existere,

576 4535 675 4577 nec
705 4521 867 4575 fidum
898 4522 1038 4577 vitiis
1069 4521 1343 4577 inveniri?
1369 4522 1558 4578 Solent
1604 4524 1812 4593 aliquos
1849 4523 2061 4592 erigere
2096 4520 2165 4576 ad

576 4611 888 4682 despectum
933 4613 1059 4667 boni
1107 4615 1288 4683 operis
1319 4615 1613 4682 patrocinia
1643 4615 1919 4685 culparum
1940 4656 1956 4682 ,
1982 4624 2037 4671 et
2075 4615 2165 4686 qui

578 4703 641 4757 de
668 4718 860 4773 sapore
885 4703 1059 4758 laudis
1087 4703 1247 4760 alieni
1277 4714 1421 4775 sunt,
1449 4705 1516 4762 de
1548 4705 1775 4761 licentia:
1807 4707 1955 4776 fruge
1983 4716 2170 4777 gratu-

576 4797 695 4851 lari.
726 4797 793 4852 At
834 4808 885 4853 te
912 4814 1032 4869 qua:
1064 4800 1289 4854 istarum
1323 4815 1501 4856 rerum
1548 4800 1756 4856 invenit
1804 4799 2168 4856 sectatorem?

580 4889 787 4945 meliori
831 4889 1004 4945 ordini
1047 4891 1344 4945 contrarias
1377 4907 1569 4947 manus
1600 4892 1827 4948 attulisti
1863 4910 1875 4945 :
1921 4907 2022 4947 nec
2067 4892 2169 4947 im-

579 4986 761 5057 probis
792 4986 1073 5042 sinceriter
1108 4986 1396 5042 obsecutus
1443 4988 1577 5042 colia
1634 4987 1997 5043 submitteris.
2026 4986 2129 5042 Odi
2150 5027 2167 5054 ,

578 5080 849 5150 principes
871 5079 993 5145 viri,
1019 5094 1225 5134 morum
1252 5094 1469 5135 suorum
1498 5080 1753 5136 remissos
1769 5080 1978 5151 judices
1999 5098 2012 5132 :
2037 5096 2169 5136 con-

578 5171 798 5239 demno,
829 5173 918 5243 qui
960 5187 1053 5242 per
1094 5172 1473 5243 negligentiam
1517 5187 1832 5229 serenorum
1863 5182 2075 5228 actuum
2109 5172 2167 5228 in

577 5267 797 5323 dubium
826 5264 1107 5322 trahuntur
1132 5285 1143 5321 :
1170 5268 1553 5325 exsecrabilius
1579 5277 1756 5325 tamen
1786 5267 2047 5333 detestor,
2075 5266 2167 5339 qui

651 5427 665 5457 ¹
696 5422 905 5488 Schot.,
934 5421 1237 5479 Submoveo.

647 5498 668 5528 ¹
701 5495 950 5562 Nunquid
970 5495 1056 5565 fas
1078 5497 1317 5550 adversus
1344 5492 1745 5565 Quintilianum]
1769 5494 1937 5563 Quem
1968 5494 2167 5550 acutis-

580 5568 774 5621 simum
805 5566 1027 5620 Rtltllalli
1059 5571 1271 5634 generis
1312 5568 1729 5621 declamatorem
1772 5567 2009 5633 appellat
2038 5567 2170 5622 Tre-

584 5638 775 5690 bellith
810 5637 975 5691 i'otlio
1004 5638 1057 5691 in
1088 5637 1363 5692 Postumio
1383 5636 1620 5705 jnniore.
1649 5638 1919 5692 Ausonius
1944 5638 2012 5693 de
2036 5638 2169 5695 Pro-

584 5708 873 5764 fessnrihus

602 5722 873 5764 essnrtnus

764 5799 866 5850 Seu
881 5799 1036 5853 libeat
1053 5800 1185 5854 [ictas
1203 5801 1424 5853 ludorum
1449 5800 1835 5864 evolvere,iites,

2246 1244 2393 1299 tione
2420 1242 2647 1298 violarii
2685 1240 3010 1307 Nesciendo,
3044 1238 3440 1304 infaustissime,
3469 1234 3701 1309 gradibus
3723 1239 3778 1294 ad

2252 1333 2465 1405 fastigia
2485 1334 2805 1391 exsecrandi
2829 1334 3031 1389 erroris
3053 1331 3332 1395 accedere,
3350 1346 3479 1401 pene
3500 1332 3780 1401 posuiminio

2248 1428 2452 1485 bellum
2504 1428 2645 1483 inter
2692 1427 2965 1483 ccelicolas
3011 1424 3284 1481 excitasti.
3322 1422 3511 1479 Vident
3560 1424 3629 1479 illi
3668 1424 3783 1480 oculi

2250 1536 2466 1593 semper
2495 1521 2692 1592 turpia,
2714 1519 2967 1577 detestati
2990 1519 3206 1590 iunctos
3231 1516 3459 1589 quadam
3485 1516 3784 1574 obscenitatis

2253 1617 2375 1689 lege
2397 1616 2739 1686 complexus.
2768 1616 2903 1670 Dum
2935 1622 3259 1684 procurante
3289 1621 3343 1667 te
3370 1610 3581 1666 interest
3605 1610 3785 1680 lupana-

2254 1710 2403 1765 ribus
2431 1708 2699 1780 captivum
2748 1722 2984 1771 numen;
3016 1704 3165 1761 solus
3201 1718 3260 1759 es
3301 1702 3390 1772 qui
3420 1701 3675 1758 ostendisti
3696 1715 3788 1755 ser-

2177 1792 2230 1855 B
2254 1805 2373 1860 vire
2413 1804 2661 1858 humanae
2697 1801 2899 1857 libidini
2931 1813 3250 1869 superorum
3280 1798 3595 1869 potentiam:
3625 1803 3673 1850 et
3704 1795 3787 1863 illis

2253 1913 2349 1954 eos
2376 1895 2675 1966 constringi
2706 1895 2860 1961 locis,
2894 1893 3091 1964 quibus
3123 1891 3323 1947 fuerint
3359 1905 3389 1945 a
3414 1888 3700 1945 mortalibus
3717 1886 3789 1942 de-

2256 1991 2444 2062 putati.
2475 1991 2646 2057 Quam
2676 1988 2894 2043 dissona
2926 1987 3029 2042 erit
3058 1987 3112 2040 in
3154 1982 3437 2039 adolendis
3466 1981 3685 2051 impensa
3726 1992 3792 2032 sa-

2256 2082 2513 2138 criﬁciis?
2544 2081 2699 2136 unius
2726 2078 2935 2135 oblatio
2954 2077 3193 2133 numinis
3215 2074 3372 2132 alteri
3394 2072 3537 2129 dabit
3565 2070 3792 2140 iniuriam.

2254 2176 2388 2231 Nam
2415 2175 2542 2230 dum
2575 2189 2669 2244 per
2705 2171 3100 2244 providentiam
3146 2179 3295 2224 tuam
3336 2166 3558 2235 simplex
3596 2161 3795 2233 pulvinar

2258 2270 2469 2339 gemina
2504 2281 2823 2335 superorum
2856 2273 3096 2336 potestas
3125 2261 3398 2329 obtinuit,
3421 2266 3474 2315 et
3496 2258 3545 2312 in
3588 2271 3680 2310 una
3708 2253 3797 2309 aede

2258 2362 2435 2433 pudor
2472 2370 2528 2417 et
2554 2361 2765 2417 luxuria
2814 2361 3099 2425 convenit,
3150 2367 3345 2413 neuter
3381 2354 3692 2410 devotionem
3725 2363 3798 2403 no-

2260 2464 2426 2511 stram
2457 2454 2613 2512 favor
2644 2455 2871 2523 aSpiciet
2899 2472 2913 2509 :
2938 2469 3071 2525 quas
3114 2462 3175 2508 tu
3198 2452 3527 2508 habitatione
3553 2443 3801 2509 miscuisti,

2260 2563 2361 2603 nos
2402 2546 2636 2618 propriis
2688 2546 3008 2603 habebimus
3037 2544 3276 2601 oliensas
3319 2540 3585 2598 sacriﬁciis
3621 2534 3801 2607 :qualia

2260 2648 2418 2696 erunt
2443 2655 2665 2695 munera
2684 2680 2701 2705 δ
2732 2654 2850 2717 qua:
2883 2638 3143 2709 gregatim
3195 2635 3456 2708 portanda
3486 2641 3607 2688 sunt
3634 2644 3718 2700 per
3741 2627 3805 2681 iu-

2261 2742 2439 2789 cestas
2466 2744 2521 2789 et
2548 2733 2823 2803 virgines?
2851 2735 2953 2786 una
2996 2729 3328 2787 olfendenda
3357 2738 3440 2785 est
3481 2723 3739 2786 hilaritate,
3766 2728 3807 2773 et

2262 2825 2480 2880 lascivia
2513 2823 2772 2895 placanda
2803 2824 2991 2879 altera.
3022 2823 3167 2878 Inter
3204 2826 3474 2877 verbenas
3498 2828 3549 2874 et
3571 2817 3709 2871 thura
3738 2812 3812 2866 lto-

2263 2921 2487 2975 stiarum
2519 2920 2623 2974 erit
2647 2933 2807 2974 causa
2838 2928 3134 2982 certamen,
3167 2926 3230 2972 et
3258 2914 3387 2970 inde
3412 2909 3671 2969 elﬁcienda
3707 2907 3811 2960 irata

2264 3012 2521 3079 numina,
2564 3011 2706 3067 unde
2755 3011 3085 3065 mulcentur.
3134 3011 3151 3041 ³
3213 3007 3545 3064 Submovero
3587 2996 3815 3066 sacrilegis

2264 3106 2527 3175 prolixam
2557 3104 2921 3181 narrationem
2955 3120 2969 3157 :
3003 3116 3184 3157 moras
3218 3116 3357 3172 quas
3384 3099 3435 3155 in
3476 3100 3589 3154 luce
3621 3107 3729 3149 reus
3750 3103 3817 3142 ac-

2262 3198 2453 3268 cipiet,
2486 3198 2627 3254 inter
2673 3197 2930 3267 supplicia
2976 3204 3267 3252 consumat
3312 3211 3328 3251 :
3383 3191 3508 3264 quia
3543 3186 3819 3246 devenustat

2264 3291 2585 3350 referentem
2609 3300 2664 3348 et
2683 3290 2983 3347 alienorum
3005 3298 3231 3344 actuum
3265 3284 3562 3357 turpitudo.

2847 3414 3073 3471 DICTIO
3103 3413 3261 3469 XXI.

2268 3512 2334 3567 In
2363 3522 2562 3584 patrem
2587 3520 2892 3583 quemdam,
2921 3512 3009 3579 qui
3037 3525 3152 3563 cum
3181 3509 3366 3584 ﬁlium
3386 3523 3418 3560 a
3448 3511 3611 3584 parata
3653 3505 3821 3584 (αρεφξι

2265 3568 2512 3640 redimere
2542 3568 2644 3639 non
2688 3568 3078 3656 dignatus'esset
3099 3621 3115 3645 ,
3138 3568 3208 3633 ab
3238 3596 3300 3635 ea
3333 3568 3506 3632 tamen
3531 3574 3599 3629 ali
3648 3568 3824 3642 petebat.

2736 3687 3135 3730 CONTROVERSIA
3160 3687 3380 3728 OCTAVA
3390 3708 3406 3725 ο

2343 3769 2553 3825 Thema.
2613 3767 2740 3823 Lex.
2774 3766 2951 3821 Liberi
3005 3772 3259 3834 parentes
3286 3764 3471 3830 alant,
3502 3767 3592 3816 aut
3628 3751 3830 3811 vincian—

2270 3867 2355 3915 tur
2388 3879 2400 3913 :
2432 3859 2642 3915 cuidam
2670 3858 2777 3913 duo
2808 3856 2906 3911 filii
2928 3899 2941 3918 .
2976 3856 3109 3926 frugi
3159 3863 3222 3910 et
3266 3852 3579 3910 luxuriosus
3611 3866 3623 3901 :
3668 3845 3831 3916 piratas

2269 3952 2483 4022 utrique
2506 3951 2746 4006 incidere
2782 3969 2793 4002 :
2822 3946 3156 4018 scripserunt
3197 3948 3344 4019 patri
3376 3944 3448 4002 de
3476 3937 3833 4011 redemptione.

2270 4045 2429 4100 Pater
2458 4060 2588 4100 vero
2609 4044 2838 4099 venditis
2874 4041 3217 4106 facultatibus
3254 4041 3464 4111 piratas
3491 4033 3743 4107 expetiit:
3767 4024 3835 4082 cui

2268 4138 2417 4209 optio
2444 4137 2565 4193 data
2596 4146 2712 4205 est,
2742 4152 2899 4206 quem
2933 4135 3127 4202 vellet,
3158 4135 3498 4201 redimeret,
3526 4130 3647 4201 quia
3678 4134 3838 4196 parum

2270 4230 2429 4301 pretii
2473 4229 2773 4285 detulisset.
2808 4228 2903 4291 Ille
2954 4229 3116 4300 elegit
3147 4228 3536 4294 luxuriosum,
3568 4222 3685 4295 quia
3729 4228 3840 4284 teget

2269 4332 2423 4391 erat,
2452 4324 2719 4379 redimere
2746 4339 2760 4376 τ
2792 4321 2883 4392 qni
2913 4336 3035 4376 cum
3077 4329 3407 4386 reverteret,
3437 4319 3491 4373 in
3522 4320 3606 4371 vla
3633 4314 3845 4368 mortuus

2269 4429 2355 4477 cst
2380 4437 2393 4475 :
2420 4419 2554 4490 frugi
2577 4418 2775 4489 piratas
2800 4416 2971 4473 evasit
2997 4434 3009 4469 :
3037 4424 3187 4485 pater
3211 4415 3354 4485 petit
3378 4423 3441 4469 ut
3468 4412 3578 4467 alat
3603 4424 3619 4463 :
3643 4405 3725 4461 ille
3746 4414 3833 4454 con

2194 4553 2250 4615 Β
2274 4514 2513 4570 tradicit.
2529 4514 2683 4570 Actio
2694 4523 2880 4569 contra
2896 4511 3291 4578 Quintilianum
3308 4516 3595 4580 suscepta.
3618 4502 3710 4560 Ille
3734 4496 3848 4601 enim
3875 4524 3883 4589 Ι

2275 4621 2480 4679 patrem
2509 4616 2727 4672 tuetur,
2769 4621 2868 4663 nos
2920 4605 3109 4661 lilium.
3155 4604 3318 4675 Rogo
3383 4620 3456 4660 ne
3520 4592 3851 4668 arrogantiam

2273 4713 2447 4773 putes,
2480 4701 2569 4771 qui
2598 4700 2811 4771 legeris.
3871 4676 3876 4733 ἶ

2348 4794 2617 4867 Praefatio.
2648 4796 2668 4826 ¹
2715 4792 2959 4863 Nunquid
3010 4792 3089 4848 fas
3135 4800 3219 4846 est
3281 4790 3561 4846 adversus
3606 4775 3856 4869 Quintilia:

2274 4904 2402 4944 num
2434 4886 2535 4943 nisi
2585 4901 2682 4955 pro
2714 4882 2941 4939 veritate
2968 4883 3183 4938 dicere?
3220 4890 3323 4935 aut
3366 4884 3744 4934 immemorem
3792 4877 3857 4955 Slll

2276 4979 2531 5052 loquendi
2586 4951 2716 5034 facit
2760 4975 3006 5045 aviditas,
3052 4975 3142 5044 qui
3191 4973 3392 5028 tribuit
3418 4972 3592 5027 verba
3628 4951 3861 5037 justitiaa?

2275 5072 2549 5129 Fallentes
2570 5071 2723 5126 decet
2753 5069 3050 5131 urbanitas,
3074 5067 3199 5121 dum
3231 5064 3504 5133 peniculo
3534 5062 3706 5117 fucata
3733 5061 3863 5108 men-

2275 5168 2414 5224 dacii
2440 5165 2778 5238 peregrinum
2811 5164 3062 5219 decorem
3103 5159 3379 5216 laudanda
3413 5158 3588 5215 verbo
3620 5163 3766 5210 tenus
3790 5157 3867 5198 su-

2274 5267 2373 5321 mit
2392 5264 2649 5321 elocutio.
2672 5261 2814 5318 Sane
2835 5259 3026 5316 solatio
3048 5254 3303 5312 oratoriae
3328 5254 3473 5309 artis
3495 5248 3720 5322 mquitas
3744 5248 3866 5296 aSSB‘

2525 5420 2800 5480 Ancipitem
2828 5416 3031 5480 palmam
3053 5412 3390 5471 Quintilianus
3412 5412 3593 5462 habet.

2274 5507 2471 5576 Quinta
2492 5514 2575 5560 est
2589 5476 2897 5573 Quintiliani
2920 5500 3239 5576 declamatio
3261 5513 3430 5554 ascen
3449 5476 3875 5576 mansuetus,

2276 5567 2625 5634 Eontradicit'
2649 5575 2949 5629 Ennodius.
2979 5572 3179 5626 Thema
3226 5579 3424 5623 autem
3479 5567 3871 5638 controverslli.

2275 5633 2417 5719 quod
2435 5648 2591 5730 apud.
2616 5646 3005 5712 Quintilianum
3040 5642 3225 5697 iisdem
3262 5655 3415 5721 pene
3462 5633 3877 5730 verbiszleg'lltl'lz’:

2278 5694 2721 5789 Zf'ﬁrt'iiéiﬂtu‘m,
2762 5694 3329 5789 quorum-utrumque
3376 5694 3435 5767 in
3465 5694 3703 5782 vulgatis
3732 5694 3882 5757 libri!

2280 5781 2715 5857 desiderabatur,
2735 5781 2802 5849 ei
2834 5786 3065 5856 antiquis
3093 5781 3429 5869 adiecimus.
