3974 6366
266 309 361 365 291

1773 272 2145 365 moriones.

3400 278 3503 365 ass

265 433 411 480 ratur
438 440 453 478 :
477 423 623 491 eligo
654 435 896 491 pompam
916 460 931 487 ,
954 434 1110 491 quam
1142 420 1378 490 probitas
1400 420 1617 477 defensa
1644 428 1827 491 partu-
1859 422 1910 483 Α
1935 422 2129 476 clamat
2170 419 2449 487 examinis,
2473 420 2719 475 ditiorem
2744 434 2863 476 esse
2905 420 3298 488 quodammodo
3346 436 3374 474 a
3401 438 3504 487 quo

270 520 386 573 riet.
412 515 677 570 Procedat
715 524 896 569 contra
926 513 1417 582 eloquentissimum
1460 513 1629 567 virum
1667 515 1832 569 coale-

267 610 421 665 stium
452 607 639 663 favore
666 607 865 659 munita
896 605 1209 673 simplicitas
1240 622 1253 657 :
1284 605 1350 659 de
1377 604 1566 659 ﬁducia
1606 608 1833 673 partium

269 708 573 753 nostrarum
631 698 800 751 oritur
867 695 1009 761 quod
1071 695 1346 751 audemus.
1394 695 1499 751 Vos
1585 704 1784 751 tantum
1819 737 1835 762 ,

268 790 538 860 principes
591 788 726 851 viri,
776 786 1153 857 benignitatem
1223 796 1486 853 vestram,
1542 788 1687 841 salva
1742 803 1835 841 au-

268 885 400 936 rium
423 882 837 947 animorumque
863 878 1108 931 cautione
1129 888 1377 946 praestate
1402 896 1416 930 :
1448 893 1514 932 ne
1542 878 1836 932 cothurnus

268 974 356 1028 ille
383 971 689 1039 sublimior,
721 971 832 1023 oris
876 968 1124 1023 facultate
1152 983 1255 1038 qua
1300 969 1583 1037 praevalet,
1631 970 1683 1023 in
1715 982 1839 1037 pos-

267 1065 511 1121 sessione
556 1077 654 1116 sua
695 1061 879 1116 credat
908 1074 1029 1114 esse
1069 1060 1366 1114 victoriam.
1398 1059 1533 1126 Quid
1562 1070 1645 1114 est
1692 1059 1835 1114 aliud

268 1160 523 1213 adversus
543 1156 662 1225 ejus
689 1156 917 1222 impetus
938 1169 1033 1207 nos
1050 1151 1259 1220 juvare,
1284 1153 1835 1222 nisi-peregrinantem

269 1251 527 1305 reducere
558 1256 677 1318 post
706 1246 987 1301 intervalla
1012 1246 1177 1314 justiti
1199 1245 1303 1298 nm?

336 1337 683 1407 Principium.
740 1336 1073 1401 Gauderem,
1124 1336 1429 1404 cognitores
1476 1335 1833 1405 amplissimi,

267 1430 508 1487 evasisse
557 1443 645 1482 me
688 1427 939 1495 pedorem
986 1426 1238 1491 carceris,
1296 1426 1469 1480 vincla
1516 1426 1833 1495 piratarum,

269 1523 369 1578 nisi
417 1533 665 1590 regresso
687 1519 817 1573 mihi
865 1533 1249 1589 myoparonum
1296 1519 1417 1573 loco
1450 1528 1597 1587 pater
1643 1519 1837 1572 existe-

266 1621 369 1668 ret.
425 1612 629 1678 Quaerit
676 1625 705 1664 a
754 1624 838 1664 me
892 1610 1180 1674 alimenta,
1230 1624 1386 1677 quem
1446 1624 1545 1663 nec
1596 1623 1724 1663 auro
1772 1608 1838 1662 ab

268 1703 533 1764 hostibus,
571 1716 668 1755 nec
698 1700 946 1771 Iacrymis
972 1700 1241 1754 liberavit.
1279 1700 1433 1754 Putat
1458 1699 1596 1768 quod
1634 1700 1710 1753 illi
1740 1698 1835 1754 de-

1939 514 2137 583 aliquid
2171 514 2423 583 poscitur.
2456 512 2636 567 Talem
2685 512 2931 565 technam
2959 512 3009 564 in
3033 512 3504 579 supplicationibus

1939 608 2111 663 fucata
2164 615 2348 663 servat
2402 605 2703 669 urbanitas,
2737 615 2792 657 ut
2839 613 3016 658 utatur
3061 606 3353 671 composita
3411 604 3506 656 hu-

1939 700 2161 753 militate
2207 713 2301 766 pro
2338 696 2530 767 jaculis
2565 712 2579 750 :
2611 707 2867 762 quatenus
2913 706 3220 751 commento
3261 698 3506 763 superbae

1938 790 2250 859 abjcctiouis
2288 789 2415 843 nihil
2446 790 2493 842 ei
2543 789 2806 857 relinquat
2850 788 3095 852 liberum,
3126 789 3213 856 qui
3267 797 3503 856 rogatur.

1940 882 2217 936 Licitatum
2249 896 2345 950 pro
2386 880 2643 934 ambobus
2686 894 2901 933 censum
2936 888 3178 944 testatur,
3211 895 3367 949 quem
3410 895 3506 947 pro

1940 988 2046 1027 uno
2074 981 2282 1026 constat
2308 986 2596 1040 expensum
2629 988 2643 1035 ;
2677 980 2953 1038 exspectat
2983 972 3245 1039 geminam
3282 972 3506 1041 gratiam

1940 1062 2006 1116 de
2031 1061 2289 1116 beneﬁcio
2315 1061 2587 1130 singulari.
2630 1061 2819 1115 Nescio
2848 1070 3022 1114 utrum
3062 1065 3404 1129 quaerendum
3439 1064 3509 1115 sit

1938 1155 2063 1224 quid
2094 1154 2436 1223 cogitaverit,
2463 1168 2585 1207 cum
2643 1154 2780 1220 apud
2826 1153 3106 1207 universos
3147 1154 3341 1222 liqueat
3381 1154 3506 1224 quid

1939 1245 2145 1301 fecerit.
2170 1246 2431 1299 Exhausit
2453 1244 2681 1314 partium
2704 1254 2913 1299 tuarum
2944 1244 3284 1299 defensiones
3314 1249 3506 1314 pirata,

1939 1336 2027 1405 qui
2062 1334 2129 1389 de
2172 1334 2323 1388 nobis
2366 1335 2613 1403 praestitit
2660 1336 2930 1400 optionem
2974 1352 2987 1388 :
3033 1342 3211 1388 teneat
3238 1351 3357 1403 qua:
3394 1335 3508 1389 sola

1940 1424 2259 1479 desideravit
2280 1424 2525 1493 sepulcra
2561 1423 2629 1479 de
2653 1424 2757 1477 ﬁlio
2784 1432 2954 1492 pater,
2986 1425 3072 1492 qui
3105 1434 3305 1477 tantum
3340 1425 3507 1479 mori-

1941 1524 2116 1569 turum
2137 1515 2393 1579 redemit;
2423 1530 2542 1568 nam
2565 1514 2654 1583 qui
2676 1529 2806 1569 sano
2829 1515 3164 1583 languentem
3186 1531 3330 1585 prmp
3370 1517 3508 1582 suit,

1940 1606 2272 1661 denuntiavit
2292 1622 2350 1660 se
2373 1606 2648 1661 horruisse
2670 1607 2927 1660 victurum
2955 1622 2967 1659 ς
2993 1606 3116 1675 quid
3137 1607 3201 1660 de
3222 1609 3509 1673 superstite

1941 1710 2153 1765 poscas,
2188 1695 2390 1760 nescio,
2408 1695 2608 1751 habens
2630 1697 2681 1750 in
2703 1695 3066 1751 consolatione
3092 1698 3354 1777 lacrymas
3381 1713 3509 1766 quas

270 1794 395 1847 beat
422 1807 696 1862 regressus
729 1794 844 1861 ejus
876 1792 1152 1859 proficere,
1175 1807 1330 1861 quem
1370 1806 1488 1846 eum
1528 1793 1699 1862 potuit
1730 1806 1833 1845 non
1868 1786 1912 1847 Β
1936 1788 2135 1843 emisti.

273 1883 518 1938 redemit.
566 1882 789 1935 Frustra
830 1891 1039 1951 pa~tum
1093 1882 1350 1937 beneﬁcio
1386 1883 1517 1952 legis
1560 1883 1834 1951 imploras,

265 1974 357 2043 qui
390 1972 543 2027 factis
570 1972 674 2027 tuis
718 1979 917 2025 natura:
941 1973 1060 2041 jura
1089 1972 1314 2027 solvisti.
1347 1972 1597 2027 Exbihe-i
1644 1973 1836 2027 victum

267 2064 619 2136 patribusjus
657 2064 943 2120 decernit:
988 2081 1091 2119 non
1123 2075 1201 2120 est
1248 2067 1613 2121 tantummodo
1660 2081 1838 2121 sacra-

264 2165 506 2210 mentum
528 2155 671 2210 istud
694 2156 744 2209 in
775 2154 1007 2209 nomine.
1035 2156 1183 2210 Dicat
1204 2159 1280 2212 vel
1305 2158 1493 2226 pirata,
1514 2160 1558 2211 si
1588 2167 1736 2225 pater
1753 2174 1835 2213 es.

263 2247 537 2304 Meliorem
573 2260 658 2299 me
690 2245 851 2299 fuisse
883 2254 1092 2300 mortuo
1113 2262 1253 2315 szepe
1279 2263 1397 2300 cum
1423 2248 1673 2318 loqueris,
1700 2265 1837 2301 nun—

263 2352 420 2406 quam
468 2336 711 2391 ostendis
756 2351 897 2400 esse,
937 2352 1056 2390 cum
1096 2337 1322 2405 judicas.
1357 2338 1505 2392 Viam
1559 2338 1833 2407 culparum

264 2428 502 2497 germani
548 2427 858 2482 decedentis
889 2429 1145 2483 attendite
1177 2448 1189 2481 :
1223 2429 1336 2499 ipse
1382 2432 1548 2499 magis
1580 2431 1835 2501 genitoris

264 2519 504 2573 moribus
520 2518 810 2587 paruit,qui
826 2518 1073 2587 prmlalus
1093 2527 1206 2587 est;
1231 2535 1328 2589 ego
1344 2537 1450 2591 quo
1472 2522 1647 2579 omine
1671 2522 1833 2575 vitam

264 2625 435 2664 meam
467 2625 566 2679 per
595 2621 878 2665 extraneos
904 2610 970 2662 ab
1001 2610 1116 2665 iSIis
1152 2621 1303 2665 actus
1328 2615 1594 2682 exegerim
1613 2654 1627 2678 ,
1656 2612 1832 2668 decla-

264 2709 431 2754 ratum
464 2710 551 2755 est
575 2714 697 2754 cum
734 2715 819 2755 me
849 2709 1000 2768 pater
1041 2702 1379 2770 praedonibus
1416 2715 1604 2771 sponte
1641 2705 1834 2759 dereli-

264 2791 393 2861 quit.
415 2790 606 2844 Valida
630 2791 729 2844 sibi
755 2792 959 2847 videtur
980 2791 1235 2847 adversus
1257 2794 1495 2848 sobolem
1522 2804 1831 2865 argumenta

264 2896 588 2951 proponere,
604 2896 720 2935 cum
742 2883 1141 2951 propensiorem
1160 2884 1382 2953 gratiam
1398 2887 1656 2940 meruisse
1669 2887 1835 2955 jactet

265 2974 583 3041 culpabilem
614 2973 801 3038 ﬁlium,
835 2984 889 3027 et
938 2976 1235 3043 proximum
1283 2976 1585 3045 sepulturae.
1618 2978 1829 3048 Quaeso,

265 3062 484 3132 jndices,
531 3066 870 3132 pronuntiate
917 3066 1041 3133 quid
1090 3066 1332 3121 debeam.
1372 3068 1581 3123 Interim
1630 3072 1829 3127 clarum

2014 1876 2281 1930 Narratio.
2316 1877 2601 1945 Perpetuo,
2635 1878 2861 1947 jndices,
2908 1880 3198 1933 honestatis
3247 1881 3508 1935 culturam

1930 1975 1996 2022 et
2049 1968 2103 2019 in
2154 1974 2312 2021 {etate
2344 1969 2573 2035 peccatis
2630 1970 2796 2023 amica
2867 1970 3072 2023 servavi
3125 1986 3138 2024 :
3189 1969 3509 2024 subtrahens

1944 2059 2213 2129 impensas
2239 2060 2521 2114 desideriis
2550 2062 2860 2129 puerilibus,
2879 2063 3017 2116 unde
3043 2072 3223 2130 posset
3253 2063 3349 2117 aevi
3376 2079 3503 2131 gan—

1937 2149 2065 2204 dere
2121 2152 2416 2207 maturitas.
2470 2152 2636 2221 Hujus
2686 2154 2762 2208 rei
2814 2152 3113 2221 frugalitate
3160 2153 3381 2210 fecimus
3449 2165 3508 2209 ut

1937 2252 2239 2298 remaneret
2282 2244 2416 2312 patri
2457 2244 2598 2313 quod
2654 2261 2751 2313 pro
2782 2246 3056 2300 luxurioso
3086 2246 3193 2300 lilio
3221 2258 3401 2315 posset
3430 2246 3510 2300 of-

1937 2332 2099 2387 ferre.
2134 2333 2270 2400 Quid
2304 2334 2369 2387 de
2400 2335 2704 2404 patrimonii
2746 2337 2985 2391 exilitate
3012 2338 3286 2392 causaris?
3322 2339 3365 2393 si
3413 2355 3508 2408 par

1938 2420 2176 2478 moribus
2202 2424 2528 2479 exstitissem
2550 2466 2565 2489 ,
2595 2442 2762 2495 usque
2800 2443 2865 2481 eo
2892 2428 3143 2495 perducta
3186 2444 3273 2482 res
3303 2428 3506 2489 fuerat,

1936 2523 1995 2568 ut
2024 2524 2215 2570 neuter
2238 2516 2499 2585 potuisset
2519 2517 2742 2572 absolvi.
2770 2519 3049 2588 Inaaqualis
3072 2530 3152 2573 t'sl
3174 2520 3393 2586 arbiter,
3418 2522 3505 2587 qui

1936 2605 2198 2674 proﬁcere
2241 2607 2408 2661 voluit
2452 2606 2605 2661 alteri
2670 2610 2807 2677 quod
2850 2620 3032 2664 nostro
3082 2611 3282 2678 pudore
3319 2611 3507 2665 condi-

1935 2694 2131 2749 dimus.
2179 2695 2443 2760 Quantum
2484 2698 2677 2751 asserit
2720 2710 2932 2765 paterna
3004 2699 3292 2766 districtio,
3348 2715 3505 2753 causa

1935 2785 2090 2839 nobis
2118 2786 2387 2840 diuturnae
2409 2788 2733 2856 captivitatis
2762 2790 2999 2857 probitas
3038 2791 3151 2843 fuit.
3185 2791 3357 2845 Sanus
3388 2792 3508 2844 dili-

1933 2889 2089 2943 gens,
2120 2877 2253 2943 patri
2286 2874 2542 2945 fratrique
2589 2878 2829 2942 sedulus,
2866 2879 2985 2931 talis
3036 2882 3215 2935 reduci
3248 2898 3350 2935 non
3394 2898 3506 2937 me-

1934 2974 2081 3021 retur
2125 2966 2175 3021 in
2208 2967 2433 3037 patriam
2478 2977 2577 3022 :et
2620 2967 2723 3023 nisi
2769 2969 3162 3025 exstitissemus
3209 2987 3308 3023 una
3358 2983 3506 3025 sorte

1933 3056 2162 3125 captivi,
2216 3056 2511 3111 sorduissct
2563 3059 2865 3127 suspicione
2934 3071 3114 3115 nostra
3172 3062 3436 3131 regressio
3488 3080 3501 3115 :

264 3165 339 3209 est
379 3171 467 3208 me
525 3164 579 3208 et
607 3155 873 3211 cineribus
918 3157 1089 3211 vitiosi
1120 3158 1280 3214 fuisse
1313 3163 1684 3231 pompositum.
1714 3164 1829 3221 Non
1855 3143 1905 3211 (Ξ
1934 3148 2165 3219 καυδιεε
2191 3150 2491 3205 ⁰³¹³¹ηίι³ῑθ
2522 3149 2743 3217 ταῖσιυεῖ
2778 3151 2871 3206 8θά
2907 3152 3069 3221 Ραιτῖε
3100 3168 3281 3209 επηυνε
3303 3154 3501 3208 ἀίδίθῆ·

265 3245 528 3303 erubescit
550 3246 911 3315 quilquamab
933 3264 997 3302 eo
1018 3252 1329 3307 auctoritate
1341 3257 1575 3321 parentis
1596 3256 1828 3326 exigere,

266 3336 313 3390 in
335 3354 439 3407 quo
462 3351 585 3391 esse
619 3337 786 3393 noluit
806 3339 943 3405 quod
973 3350 1210 3397 vocatur.
1236 3342 1447 3398 Utinam
1481 3346 1609 3400 mihi
1637 3347 1700 3402 ad
1737 3349 1831 3403 hos

268 3442 387 3481 usus
416 3427 778 3481 valetudinem
809 3428 1097 3498 piratarum
1136 3442 1319 3487 catena
1367 3440 1721 3492 reservasset!
1756 3438 1831 3491 fa-

264 3534 437 3575 cerem
486 3518 806 3589 pra-bitione
854 3519 1074 3579 indebiti
1121 3522 1359 3579 alimenti
1408 3536 1614 3595 patrem
1656 3544 1828 3583 meum

267 3611 463 3679 pudore
502 3611 809 3680 captivum,
876 3622 931 3665 ut
977 3612 1203 3683 injustus
1248 3618 1448 3674 arbiter
1488 3620 1555 3674 de
1599 3623 1831 3689 propria:

262 3704 499 3771 gemeret
529 3700 809 3770 iniquitate
836 3705 1139 3760 sententiae.
1161 3705 1321 3760 Cibus
1340 3708 1480 3761 enim
1512 3711 1599 3778 qui
1642 3711 1710 3765 ab
1735 3711 1827 3767 illo

263 3800 567 3858 praestatur,
595 3791 679 3844 cui
722 3790 850 3844 nihil
894 3791 1021 3846 boni
1062 3795 1304 3860 mereris,
1333 3798 1575 3853 exhaurit
1604 3815 1618 3853 :
1647 3801 1829 3870 jejuna

260 3890 375 3934 sunt
409 3880 696 3934 saturitate
742 3894 833 3935 sua
884 3880 1123 3950 viscera,
1156 3900 1271 3953 qua:
1319 3902 1423 3942 non
1469 3888 1666 3944 habent
1703 3892 1830 3946 c'on-

259 3973 534 4027 scientiam
555 3970 798 4030 beneficii
820 3984 944 4029 ante
965 3974 1159 4029 collati.
1176 3976 1364 4032 Nescio
1385 3981 1508 4049 quid
1537 3981 1602 4036 de
1624 3983 1830 4042 duobus

256 4063 375 4117 ﬁliis
398 4066 566 4119 homo
596 4062 687 4117 ille
731 4063 843 4133 spei
872 4080 981 4118 sua:
1012 4065 1279 4123 residuum
1313 4080 1496 4137 putet,
1525 4073 1614 4143 qui
1663 4091 1824 4130 unum

255 4162 409 4209 terrae
441 4153 698 4217 reddidit,
727 4154 950 4209 alterum
974 4170 1160 4226 passus
1187 4168 1268 4212 est
1296 4159 1345 4212 in
1372 4174 1622 4231 perpetua
1652 4178 1830 4234 rapto-

252 4261 368 4300 rum
398 4245 771 4301 dominatione
796 4247 1017 4303 servari.
1045 4250 1310 4319 Accipiat,
1340 4253 1439 4306 nisi
1465 4256 1827 4326 confunditur,

249 4336 507 4404 quidquid
530 4335 785 4413 exhausta
809 4338 1083 4406 suppliciis
1106 4341 1341 4395 membra
1358 4358 1698 4413 gemuerunt.
1715 4351 1827 4407 Non

247 4427 372 4480 novi
402 4426 531 4495 quid
562 4411 727 4481 seueri
763 4442 793 4480 a
833 4427 1110 4505 debilitate
1157 4411 1411 4501 ﬁagitet':
1445 4436 1640 4491 interea
1686 4444 1825 4510 quod

243 4521 494 4582 adverto,
531 4533 716 4573 sumus
744 4520 899 4572 ambo
930 4523 1200 4590 pascendi.
1226 4526 1360 4591 Quid
1396 4528 1523 4584 mihi
1566 4534 1821 4591 rationem

242 4612 473 4666 modica:
503 4610 769 4666 facuttatis
799 4612 1016 4667 adducis
1045 4614 1095 4668 in
1136 4618 1367 4674 medium
1394 4637 1407 4673 :
1437 4622 1527 4692 qui
1553 4639 1714 4681 unum
1736 4644 1821 4685 re-

237 4701 451 4754 dimere
474 4701 667 4763 voluit,
692 4702 769 4756 sic
797 4702 1146 4761 substantiam
1171 4722 1319 4763 suam
1343 4713 1597 4781 vendidit,
1616 4733 1681 4772 ne
1703 4734 1821 4787 pre-

234 4792 375 4844 tium
401 4805 503 4861 pro
529 4792 1062 4859 utraquesufliceret:
1096 4799 1211 4867 quis
1230 4800 1592 4861 infelicitatem
1620 4824 1813 4879 meam,

232 4883 363 4948 quis
393 4881 644 4934 miserias
692 4883 858 4950 possit
891 4888 1196 4953 exponere?
1233 4890 1318 4943 cui
1368 4903 1485 4960 post
1530 4896 1721 4955 Cilicas
1766 4913 1818 4957 et

1930 3248 2035 3293 tes.
2064 3240 2209 3295 Felix
2244 3240 2471 3294 luxuria:
2498 3242 3006 3312 sullragiojuvenis,
3032 3253 3085 3298 et
3107 3253 3231 3301 ante
3260 3259 3501 3314 magnam

1932 3342 2136 3400 partem
2166 3332 2465 3386 communis
2503 3333 2751 3390 exhausit
2797 3335 3127 3402 substantiae,
3151 3344 3205 3391 et
3234 3335 3334 3405 ipsi
3379 3350 3505 3405 pro-

1931 3421 2031 3475 fuit
2057 3422 2199 3490 quod
2228 3423 2504 3477 remansit.
2536 3423 2618 3478 Me
2643 3425 2928 3493 miserum,
2952 3437 3007 3482 et
3046 3442 3257 3496 semper
3286 3434 3501 3495 paterna

1926 3511 2251 3581 judicatione
2272 3514 2564 3583 captivum!
2593 3516 2799 3572 Prolusi
2827 3521 2879 3573 in
2912 3533 3040 3587 pace
3074 3528 3197 3572 ante
3229 3516 3367 3588 quod
3394 3532 3504 3586 per-

1933 3603 2058 3668 tuli;
2086 3613 2139 3658 et
2166 3602 2293 3658 dum
2342 3606 2475 3661 recti
2525 3606 2625 3663 iter
2670 3619 2847 3675 teneo,
2881 3610 3073 3665 indicio
3121 3610 3501 3677 parcimoniae,

1930 3697 2163 3764 qualiter
2180 3697 2318 3752 inter
2339 3699 2521 3756 hostes
2542 3702 2830 3766 viveretur,
2849 3703 3066 3771 agnovi!
3096 3701 3228 3756 llinc
3244 3709 3325 3755 est
3341 3702 3500 3769 quod,

1929 3786 2051 3841 cibo
2104 3803 2263 3857 quem
2314 3790 2635 3846 ministravit
2681 3791 2868 3845 feritas
2925 3791 3013 3845 illa
3043 3801 3345 3856 contentus,
3396 3791 3503 3845 vixi

1933 3878 2073 3933 inter
2105 3880 2289 3936 ultima
2338 3884 2531 3936 solatio
2577 3883 2995 3947 consuetudinis,
3025 3898 3127 3937 non
3176 3883 3502 3939 humanitate

1932 3973 2183 4040 raptoris.
2216 3972 2409 4040 Quaero
2437 3976 2525 4042 qui
2562 3990 2646 4030 me
2675 3978 2907 4030 servavit
2934 3992 3059 4030 usus
3092 3976 3177 4030 ille
3218 3976 3498 4045 frugalior,

1931 4066 1974 4119 si
2007 4066 2143 4135 aequi
2174 4066 2513 4122 observantia
2547 4077 2754 4136 patrum
2788 4081 3024 4125 meretur
3049 4070 3315 4125 offensas?

2004 4155 2251 4224 Objectio.
2285 4156 2420 4224 Quid
2449 4158 2588 4226 quod
2621 4159 2880 4215 barbarus
2908 4160 3106 4216 dixisse
3135 4175 3193 4216 se
3230 4160 3495 4230 perbibet,

1934 4243 2101 4298 Unius
2131 4247 2356 4313 pretium
2395 4248 2692 4314 pertulisti?
2722 4249 2955 4305 debitum
2987 4264 3199 4320 semper
3237 4252 3501 4321 accipiunt

1932 4334 2139 4401 objecta
2165 4351 2500 4405 responsum.
2520 4338 2597 4393 De
2626 4339 2768 4393 nulla
2798 4340 3088 4409 pependisti
3115 4341 3360 4397 auctione
3388 4344 3499 4398 sol-

1932 4425 2107 4481 licitus
2150 4443 2379 4482 :aurum
2420 4430 2561 4498 quod
2629 4431 2952 4486 exhibueras
3002 4444 3125 4488 ante
3176 4450 3360 4503 preces
3399 4436 3499 4492 ini-

1856 4510 1906 4570 D
1932 4516 2190 4571 micorum
2220 4518 2388 4572 oculis
2409 4519 2667 4573 obtulisti.
2699 4520 2831 4574 Dum
2865 4523 2942 4577 sic
2974 4522 3065 4576 tibi
3091 4525 3334 4579 universa
3376 4541 3499 4596 pro-

1927 4606 2200 4672 cederent,
2228 4622 2258 4661 a
2284 4610 2429 4663 nullo
2458 4611 2630 4679 potuit
2653 4613 2846 4682 ambigi
2909 4613 3051 4683 quod
3092 4615 3363 4672 sufﬁceret
3400 4619 3493 4673 de-

1928 4697 2138 4752 sideriis
2171 4700 2273 4754 tuis
2303 4703 2458 4755 unius
2481 4703 2747 4758 Iiberatio.
2793 4704 2907 4759 Mox
2941 4718 3116 4760 tamen
3150 4716 3206 4761 ut
3234 4708 3323 4762 illa
3354 4711 3494 4765 intra

1927 4789 2125 4857 repleta
2148 4793 2397 4860 squalore
2423 4794 2608 4847 mortis
2627 4795 2856 4859 intrasti,
2886 4798 3011 4865 quid
3035 4812 3181 4854 esses
3205 4799 3494 4866 electurus,

1926 4890 2207 4950 antequam
2247 4883 2519 4951 optionem
2551 4884 2807 4941 tribueret
2839 4888 3026 4956 pirata,
3077 4893 3358 4960 cognovit:
3389 4910 3493 4948 non

1925 4970 2197 5027 de~cendit
2240 4973 2339 5028 ista
2386 4975 2454 5028 de
2509 4990 2691 5031 amore
2737 4979 3062 5048 trepidatio;
3098 4982 3229 5037 nihil
3262 4990 3496 5041 ostendit

1925 5062 2249 5131 ambiguum,
2283 5066 2372 5134 qui
2400 5066 2466 5120 de
2498 5066 2705 5122 duobus
2735 5068 2856 5124 ﬁliis
2893 5086 2987 5139 per
3012 5072 3189 5127 omnia
3236 5077 3385 5145 signa
3416 5079 3494 5131 di-

1926 5153 2178 5222 ligentias,
2208 5156 2355 5224 quasi
2384 5158 2448 5210 ad
2494 5174 2656 5212 unum
2697 5161 2979 5229 venisset,
3021 5167 3318 5221 annuntiat.
3368 5168 3494 5221 Post

1924 5258 2193 5311 egressum
2229 5255 2375 5300 tuum
2404 5246 2654 5303 fortiores
2686 5266 2770 5304 me
2800 5262 3075 5308 arctavere
3096 5257 3350 5309 custodiae
3378 5274 3390 5309 :
3414 5259 3492 5310 di-

1921 5336 2127 5392 vinitati
2158 5338 2375 5406 gratias,
2404 5340 2447 5394 si
2480 5340 2779 5397 libertatem
2811 5360 2983 5400 meam
3014 5362 3065 5401 et
3090 5347 3177 5401 hic
3211 5352 3482 5414 tutaverit,

1916 5438 2057 5507 qttod
2096 5440 2260 5494 evasi.
2307 5441 2417 5495 Tua
2445 5442 2655 5497 interim
2688 5446 2751 5499 ad
2789 5446 3033 5502 inimicos
3061 5463 3241 5502 vocem
3271 5450 3484 5505 videtur

1916 5537 2159 5593 emisisse
2185 5541 2469 5609 sententia,
2505 5542 2613 5597 Nisi
2640 5544 2877 5599 studiose
2907 5560 3062 5613 quem
3094 5545 3335 5617 relinquo
3366 5567 3482 5605 ser-

229 4970 353 5038 ipsa
390 4986 552 5040 quam
603 4974 890 5040 resumpsit
927 4990 1047 5030 esse
1097 4976 1267 5033 fertur
1310 4980 1526 5041 libertas
1554 4988 1821 5049 obnoxia?

225 5060 416 5115 Dirite
443 5078 769 5130 quaesumus,
793 5064 1020 5135 jndices,
1050 5069 1093 5122 si
1117 5079 1169 5125 et
1196 5072 1246 5125 in
1271 5076 1434 5141 patria
1466 5094 1583 5134 mea
1616 5082 1823 5141 debito-

216 5430 789 5497 tium,utcompenset
808 5435 972 5502 erepti
989 5432 1166 5491 fratris
1190 5438 1428 5498 hilaritas
1445 5448 1584 5515 quod
1605 5465 1812 5507 reman-

209 5521 288 5575 si.
320 5522 593 5575 Amorem
625 5521 881 5578 debemus
910 5528 1083 5582 carnis
1109 5531 1266 5587 sociis
1290 5536 1516 5592 absoluti
1551 5556 1566 5595 :
1612 5546 1811 5601 credite

206 5610 441 5714 dicet-Ili
491 5612 770 5714 manifesta
794 5632 811 5673 :
834 5616 1075 5672 nesciunt
1103 5620 1301 5681 intrare
1331 5626 1397 5683 de
1424 5630 1591 5686 altero
1620 5638 1808 5703 gaudia
1916 5646 2088 5704 vetur,
2121 5639 2398 5708 elapsurus
2424 5650 2521 5694 est.
2559 5642 2665 5693 Diis
2695 5642 2918 5697 ducibus
2952 5644 3068 5714 fuga
3117 5658 3295 5705 nostra
3351 5663 3474 5710 ante

213 5703 701 5775 hominemprose
725 5707 1164 5765 timentem.lllml
1188 5717 1327 5771 enim
1354 5719 1635 5790 improbati
1661 5744 1808 5787 more
1916 5738 2095 5792 oculos
2130 5740 2358 5793 hostium
2385 5740 2551 5796 locata
2584 5738 2775 5793 efﬁcax
2812 5742 2923 5795 fuit.

762 5797 1032 5861 PATROL.
1072 5802 1292 5864 LXIII.
2902 5837 2976 5896 ιο
