3974 6366
1586 322 1860 377 ENNODII
1899 320 2197 377 EPISCOPI
2230 314 2607 379 ‘TlClNENSIS

3619 313 3722 369 30':

557 444 830 497 Excuses.
883 442 1175 501 Praeterea,
1209 447 1265 492 nt
1297 447 1378 493 est
1400 437 1542 492 fandi
1593 438 1831 507 locuples
1876 450 2045 508 pater,
2078 445 2123 503 Α
2154 451 2378 491 macem.
2408 436 2566 489 Miror
2610 444 2815 498 tamen,
2848 429 2948 484 nisi
2992 429 3130 498 quod
3172 428 3327 497 effugi
3372 429 3441 483 de
3481 428 3721 485 barbaris

488 544 541 588 et
572 533 780 588 vivendi
808 531 1150 586 diuturnitate
1186 529 1373 585 didicit
1414 541 1744 597 praesentare
1780 532 1922 600 quod
1969 531 2049 584 Io-

491 629 691 693 quitur,
722 624 921 678 callens
949 623 1224 691 imponere
1257 622 1631 677 necessitatem
1660 620 1927 675 mentibus
1959 636 2077 689 per.

487 714 742 775 auditum,
790 712 918 766 dicit
966 712 1215 765 omnibus
1276 713 1329 765 in
1379 712 1706 765 humanitate
1735 712 2052 781 degentibus

488 807 663 859 cibum
691 818 811 858 esse
836 804 1194 866 Communem,
1223 802 1368 857 etab
1403 818 1509 857 uno
1532 803 1729 871 ﬂagitat
1773 804 1912 872 quod
1944 817 2049 856 non

489 897 614 950 licet
635 907 954 964 quemquam
990 906 1215 962 negare,
1244 892 1570 961 generaliter
1593 893 1824 961 allegans
1868 891 2052 946 deberi

490 985 750 1040 universis
779 982 1030 1054 quidquid
1065 994 1203 1037 terra
1234 983 1564 1051 produxerit.
1598 980 1702 1037 Sed
1730 982 1947 1051 quando
1998 981 2053 1034 in

488 1092 823 1131 communem
853 1090 1003 1128 usum
1034 1089 1185 1143 seges
1214 1075 1471 1127 triticeam
1510 1074 1751 1128 sobolem
1784 1083 1841 1127 et
1876 1073 2054 1142 liquo-

490 1182 601 1219 rem
630 1168 802 1220 vineta
829 1165 1138 1226 fundebant,
1172 1179 1271 1218 nec
1299 1164 1493 1227 viritim
1528 1164 1684 1218 tellus
1731 1174 1847 1218 erat
1875 1162 2057 1218 distri-

490 1259 611 1312 buta
639 1257 968 1313 cultoribus:
1001 1259 1176 1311 nullus
1208 1258 1346 1309 inter
1377 1256 1558 1310 hastes
1590 1255 1753 1310 filium
1812 1258 1892 1311 sic
1936 1256 2060 1311 reli-

488 1350 644 1416 quit,
702 1356 761 1401 ut
812 1348 1121 1401 crederetur
1171 1348 1398 1416 gemitus
1453 1348 1753 1416 praatulisse
1801 1348 2053 1403 servitiis.

493 1443 701 1507 ignoro,
745 1439 974 1507 judices,
1009 1450 1286 1507 postquam
1310 1439 1531 1507 elegerit
1564 1439 1847 1508 lacrymas,
1879 1440 1947 1494 de
1973 1456 2061 1493 su-

492 1533 709 1600 perstite
738 1531 862 1599 quid
898 1532 1147 1599 requirat.
1190 1530 1296 1585 Sed
1330 1541 1527 1586 metum
1561 1532 1713 1585 nobis
1745 1531 1873 1599 legis
1909 1532 2058 1600 obje-

488 1632 617 1686 ctat,
644 1632 697 1676 et
723 1620 864 1691 quod
891 1620 1029 1674 inter
1052 1630 1303 1689 parentes
1323 1629 1376 1674 et
1416 1620 1612 1674 liberos
1659 1622 1914 1689 scriptum
1953 1629 2057 1685 est,

489 1713 590 1766 sibi
617 1710 802 1766 deberi
820 1711 953 1775 vult,
978 1711 1066 1780 qui
1092 1711 1476 1765 nihilexhihuit
1507 1712 1574 1764 de
1603 1722 1843 1779 parente.
1869 1710 2057 1764 Volun-

492 1814 650 1859 tatem
684 1813 943 1869 nostram,
971 1802 1094 1857 dum
1124 1803 1384 1873 cogimur,
1418 1803 1639 1872 quaerit;
1688 1813 1741 1855 et
1789 1802 2056 1856 desiderat
2092 1824 2137 1882 Β

491 1899 591 1952 hoc
622 1912 719 1951 nos
770 1897 1026 1951 exhibere
1076 1896 1280 1966 pietati,
1334 1894 1476 1965 quod
1522 1895 1637 1964 ipse
1677 1894 1950 1961 professus
1978 1905 2060 1949 est

487 1996 830 2043 excusantem
878 2003 984 2041 non
1033 2001 1188 2057 posse
1234 2002 1429 2055 negare
1468 1985 1759 2041 formidini.
1812 1984 2058 2054 Nunquid

487 2078 873 2135 misericordia:
925 2079 1077 2134 locus
1106 2087 1189 2133 est
1227 2078 1316 2132 ubi
1346 2078 1507 2132 instat
1561 2076 1883 2144 imperium?
1922 2076 2061 2147 quod

490 2187 597 2225 non
628 2170 751 2225 licet
778 2170 1041 2235 subtrahi,
1074 2183 1181 2223 non
1214 2183 1496 2238 possumus
1523 2167 1704 2223 dicere
1742 2168 2064 2224 liberalitate

490 2261 761 2329 coniferri;
792 2261 1073 2317 clementia
1104 2262 1207 2317 nisi
1228 2262 1453 2332 ingenua
1478 2276 1583 2317 non
1614 2270 1835 2317 vocatur
1861 2279 1874 2314 :
1911 2261 2066 2332 quid-

492 2352 618 2420 quid
649 2368 756 2409 non
794 2352 921 2408 dare
941 2353 1218 2425 prarvales,
1249 2369 1346 2409 ceu
1372 2355 1705 2409 intermunus
1728 2363 1992 2421 computa,
2022 2353 2064 2407 si

492 2443 706 2499 dedisti.
742 2446 812 2500 At
843 2444 1093 2513 frequens
1140 2444 1297 2500 nobis
1343 2453 1548 2501 natura:
1595 2447 1811 2501 iteratio
1857 2455 1913 2500 et
1942 2459 2066 2498 san-

493 2544 640 2591 etum
692 2535 950 2592 creatoris
980 2551 1171 2592 nomen
1202 2537 1447 2603 obsistet,
1493 2537 1646 2608 quasi
1690 2553 1850 2594 usura
1902 2539 2063 2603 lucis,

494 2625 638 2680 dono
668 2634 814 2695 parta
838 2626 1156 2693 cwlestium,
1184 2625 1324 2682 inter
1361 2628 1449 2683 illa
1481 2643 1601 2697 quae
1645 2627 1714 2682 ab
1766 2628 2069 2682 hominibus

496 2719 801 2776 tribuuntur
861 2720 1029 2790 possit
1066 2720 1262 2775 ascribi
1307 2739 1319 2773 :
1369 2721 1706 2792 sacrilegium
1734 2731 1817 2777 est
1842 2736 2070 2791 supero-

497 2824 612 2863 rum
652 2810 1034 2881 indulgentiam
1063 2826 1246 2866 semen
1275 2811 1475 2868 dixisse
1504 2813 1809 2867 mortalium
1831 2856 1844 2877 ,
1877 2812 1945 2867 de
1959 2814 2069 2865 sola

498 2901 658 2955 habet
706 2900 929 2957 libidine
984 2902 1344 2958 testimonium
1378 2912 1532 2973 pater
1583 2905 1834 2958 crudelis.
1888 2904 2070 2972 Jungit

496 2992 655 3045 etiam
685 2994 939 3048 oneribus
965 2994 1121 3063 meis,
1149 2994 1275 3049 dum
1306 2997 1537 3066 reposcit
1566 2996 1755 3052 solatia
1788 2997 2026 3052 destituti
2052 3041 2064 3067 ,

498 3084 681 3137 dicens
710 3084 811 3138 sibi
841 3084 1106 3139 civitatem
1135 3089 1371 3155 potuisse
1398 3102 1745 3153 succurrere,
1797 3090 1849 3142 ni
1897 3088 2071 3142 redis-

2160 538 2307 597 pater
2329 525 2561 580 intuletit
2586 540 2600 577 :
2626 523 2756 577 nihil
2786 531 2865 577 est
2907 520 3047 575 unde
3068 520 3399 575 declinentur
3422 519 3724 588 praedones,

2154 618 2197 670 si
2223 631 2341 671 sors
2376 617 2489 684 ipsa
2527 623 2779 683 sequatur
2807 613 2858 666 in
2887 612 3110 681 patriam
3140 653 3154 679 ,
3192 628 3292 664 una
3318 621 3428 677 est,
3469 620 3725 679 quantum

2158 708 2347 769 video,
2387 705 2635 775 genitalis
2685 704 2784 758 soli
2813 713 2866 757 et
2908 702 3350 771 peregrinationis
3395 702 3725 770 adversitas,

2159 811 2256 850 nec
2284 797 2465 865 dispar
2502 795 2803 849 amaritudo
2853 794 3197 849 redeuntibus
3243 802 3298 846 et
3340 792 3588 860 captivis.
3620 793 3729 846 Ne-

2155 904 2419 959 quaquam
2451 898 2628 943 tamen
2672 887 2798 957 quid
2843 886 3052 940 illlel'ail
3090 884 3323 947 invenio,
3355 899 3455 939 nec
3489 900 3608 951 quae
3640 900 3734 950 po-

2158 977 2420 1031 tissimum
2446 977 2682 1031 cervices
2723 990 2871 1030 meas
2899 984 3085 1029 catena
3125 982 3302 1029 nectat
3368 973 3623 1041 inquiro:
3665 975 3737 1026 ri-

2157 1071 2333 1138 gentis
2362 1070 2488 1124 ferri
2523 1084 2691 1123 nexus
2733 1068 3021 1133 incurram,
3052 1075 3143 1120 aut
3167 1066 3302 1135 gulae
3332 1064 3553 1133 vectigal
3585 1064 3739 1118 exhi-

2161 1161 2314 1215 beam
2336 1200 2350 1225 ,
2380 1176 2484 1215 una
2526 1160 2761 1213 conditio
2789 1167 2890 1213 est.
2922 1157 3141 1226 Jejunus
3178 1155 3364 1223 epulas
3391 1153 3614 1223 portabo
3651 1169 3738 1205 5a-

2163 1249 2323 1313 tiato,
2372 1257 2445 1313 et,
2493 1248 2633 1317 quod
2679 1256 2758 1300 cst
2803 1245 3071 1313 deterius,
3104 1260 3207 1297 non
3254 1242 3472 1295 amanti.
3515 1243 3738 1308 Quantis

2162 1336 2338 1390 oblata
2377 1351 2406 1388 a
2448 1350 2535 1390 me
2577 1335 2821 1403 projiciet
2858 1334 3110 1387 alimenta
3150 1333 3405 1387 fastidiis?
3434 1346 3541 1400 quo
3570 1333 3739 1385 devci.

2164 1425 2360 1478 tionem
2392 1439 2564 1477 meam
2596 1437 2818 1476 rancore
2847 1421 3110 1477 calcahit?
3141 1422 3300 1475 homo
3337 1435 3493 1489 quem
3524 1421 3741 1473 miseris

2164 1513 2378 1567 cordem
2420 1512 2652 1575 habere,
2690 1522 2745 1566 et
2789 1511 2915 1565 dum
2949 1526 3119 1565 essent
3158 1511 3295 1564 inter
3329 1520 3598 1573 extrema,
3634 1525 3742 1563 non

2165 1600 2330 1669 potui.
2367 1600 2446 1652 Ex
2471 1615 2623 1667 aequo
2649 1615 2734 1655 me
2757 1609 2810 1653 et
2834 1614 3144 1668 germanum
3173 1614 3347 1653 meum
3374 1599 3743 1666 redemptione

2166 1691 2357 1746 litteris
2394 1691 2695 1759 poposcisse
2733 1690 3053 1755 denuntiat,
3087 1689 3302 1759 paribus
3348 1688 3744 1757 absolutionem

2164 1780 2479 1851 implorasse
2527 1780 2805 1850 lacrytnis,
2851 1780 2901 1834 in
2933 1780 3094 1841 simili
3132 1779 3385 1847 epistolas
3424 1780 3745 1833 constitutos

2163 1877 2308 1924 sorte
2346 1869 2595 1923 dictasse.
2640 1868 2755 1921 Non
2802 1884 2997 1935 renuo,
3049 1884 3152 1922 non
3191 1868 3365 1923 refuto
3394 1910 3410 1935 ,
3446 1868 3641 1923 habeat
3678 1870 3748 1925 de

2164 1960 2263 2015 hac
2301 1960 2598 2029 objectione
2632 1960 2929 2012 victoriam.
2975 1958 3104 2012 Illud
3147 1969 3324 2012 tamen
3374 1957 3590 2027 ﬂagito,
3624 1974 3748 2027 qua:

2164 2063 2323 2102 causa
2359 2048 2541 2101 fecerit
2582 2062 2613 2100 u
2665 2046 2803 2115 quod
2841 2046 2945 2100 duo
3002 2056 3391 2115 poposcerunt,
3432 2047 3641 2101 duobus
3666 2057 3750 2106 est

2167 2138 2426 2203 debitum,
2452 2151 2591 2190 unus
2613 2134 2911 2205 accrperit?
2939 2134 3041 2188 Pro
3064 2134 3301 2203 utrisque
3324 2135 3487 2189 maria
3514 2135 3747 2199 intra-ti,

2166 2239 2220 2284 et
2250 2230 2500 2299 liquentis
2523 2226 2771 2281 elementi
2821 2226 3020 2293 minas,
3062 2233 3316 2294 quantum
3363 2225 3589 2291 asseris,
3636 2226 3752 2292 pie-

2169 2328 2274 2372 tate
2302 2318 2436 2371 duce
2476 2315 2732 2370 transisti.
2782 2312 2913 2381 Quis
2946 2312 3014 2367 de
3056 2312 3265 2379 gemina
3315 2313 3537 2366 caritate
3565 2312 3752 2364 eredat

2169 2409 2373 2463 homini
2400 2424 2518 2463 cum
2543 2422 2648 2461 uno
2673 2405 2948 2461 redeunti?
2971 2404 3248 2474 Nunquam
3267 2402 3630 2458 misericordia
3650 2404 3753 2456 nisi

2170 2496 2463 2568 periclitata
2508 2496 2752 2551 laudatur
2787 2511 2802 2561 ;
2843 2511 2951 2565 quo
2998 2495 3201 2564 pudore
3264 2504 3513 2549 cessante
3556 2493 3753 2549 effectu

2174 2587 2497 2656 praedicatur
2543 2578 2790 2638 affectio?
2818 2583 3067 2653 Nunquid
3118 2598 3328 2652 semper
3355 2592 3622 2637 secretum
3660 2599 3757 2653 pe-

2170 2680 2332 2734 ctoris
2376 2678 2664 2733 iunotescit
2721 2677 2989 2731 veraciter
3040 2677 3190 2731 clave
3238 2676 3541 2743 sermonis?
3582 2677 3753 2745 pietas

2171 2784 2289 2837 quae
2322 2782 2423 2821 non
2465 2769 2623 2822 etiam
2671 2775 2811 2819 muta
2857 2766 3017 2820 rebus
3054 2774 3287 2830 tenetur,
3332 2774 3602 2819 ostentum
3648 2776 3752 2821 est.

2174 2856 2318 2909 inter
2343 2871 2529 2909 omnes
2572 2855 2819 2909 homines
2868 2854 3175 2907 inconvulsa
3220 2869 3372 2908 amor
3409 2855 3587 2908 radice
3627 2857 3756 2909 sub-

2174 2946 2347 3010 sistet,
2379 2947 2421 2998 si
2452 2946 2593 2999 valet
2628 2945 2724 2997 ista
2766 2944 3006 3014 jactatio.
3042 2945 3148 2999 Lex
3181 2945 3347 3002 dicit:
3376 2946 3474 2999 Aut
3500 2948 3636 3013 alat,
3667 2957 3755 3003 aut

2174 3035 2439 3088 vinciatur.
2486 3033 2686 3087 Clamat
2730 3044 2920 3103 pater:
2957 3034 3145 3089 Partus
3193 3037 3286 3091 iste
3328 3038 3560 3107 parenti,
3602 3040 3679 3093 rel
3713 3044 3757 3096 si

2178 3141 2278 3178 non
2305 3127 2544 3191 redimat,
2578 3130 2683 3195 iam
2714 3128 2940 3181 debetur.
2969 3128 3047 3183 Ad
3073 3128 3168 3182 has
3198 3138 3247 3183 te
3277 3131 3522 3199 equidem
3554 3142 3755 3199 partes,

497 3192 634 3229 sem.
661 3175 798 3279 Quid
815 3177 957 3231 aliud
987 3179 1233 3234 voluntas
1263 3180 1361 3235 ista
1390 3182 1711 3247 manifestat,
1739 3183 1841 3237 nisi
1869 3192 1926 3237 ut
1950 3199 2065 3237 rnr-
2095 3186 2140 3247 C

500 3281 593 3322 sus
623 3282 709 3322 me
740 3268 905 3335 pirata
933 3271 1226 3339 suscipiat:
1273 3272 1316 3324 si
1342 3273 1522 3341 gravis
1548 3282 1629 3328 est
1674 3275 1906 3344 inempta
1938 3276 2071 3329 visio

503 3357 671 3425 prolis
700 3364 836 3424 tuae;
868 3369 1034 3427 certe,
1067 3361 1153 3416 vel
1176 3363 1317 3431 quod
1338 3365 1477 3419 soles
1509 3380 1702 3435 magno
1730 3380 2070 3436 comparare,

502 3462 678 3501 meum
729 3448 937 3503 bustum
961 3450 1076 3504 sine
1108 3453 1276 3519 pretio
1315 3456 1611 3523 possidebis
1638 3473 1650 3509 :
1680 3466 1811 3511 tetas
1857 3459 2073 3528 quidem

505 3539 781 3605 pollicetur
812 3541 1006 3607 vitam,
1040 3543 1134 3596 sed
1158 3552 1541 3602 tormentorum
1564 3551 1889 3619 magnitudo,
1917 3568 2074 3622 quam

505 3629 836 3683 acerbiorem
866 3642 917 3685 te
946 3631 1188 3701 digresso
1221 3635 1433 3702 pertuli,
1471 3642 1727 3705 promittit
1753 3643 2001 3696 exitium.

574 3719 849 3788 Exempla.
880 3721 1082 3776 Deinde
1114 3724 1375 3792 protulisti
1399 3729 1642 3795 exempla
1674 3741 1893 3797 paterno
1919 3732 2075 3802 digna

506 3814 817 3881 proposito:
849 3814 943 3868 sed
976 3817 1417 3884 interpretatione
1438 3818 1737 3878 viluerunt:
1768 3826 1919 3893 quasi
1947 3837 2077 3880 tetas

507 3918 638 3957 cana
688 3904 969 3961 desideriis
1025 3907 1127 3963 tuis
1174 3909 1424 3977 formam,
1473 3921 1527 3966 et
1573 3929 1680 3966 non
1730 3915 2078 3970 imitationem

509 3995 708 4049 sanctis
739 3997 1049 4065 praestiterit
1077 3997 1349 4053 institutis.
1376 4001 1511 4066 Quid
1549 4004 1724 4072 magni
1756 4004 1943 4058 IEneaa
1983 4005 2080 4060 hu-

511 4084 645 4138 nteri
700 4086 951 4152 ponderis
1006 4086 1073 4141 de
1128 4090 1384 4143 creatoris
1438 4092 1579 4147 fasce
1628 4096 1946 4165 senserunt]
1993 4106 2084 4149 aut

512 4174 708 4242 pressit
752 4176 916 4230 filium
945 4191 1190 4247 cerpore,
1222 4182 1372 4250 cujus
1417 4185 1527 4251 ipse
1570 4183 1669 4238 fuit
1697 4202 1837 4255 stepe
1874 4188 2085 4257 bajulus

506 4265 759 4319 actione?
791 4265 882 4320 Vis
928 4268 1069 4324 seire
1116 4271 1236 4340 quia
1285 4273 1417 4343 eripi
1464 4275 1531 4330 de
1573 4275 1812 4331 hostibus
1857 4282 2085 4335 meruit?

511 4365 638 4410 ante
670 4358 852 4413 oculos
883 4359 1112 4417 locatum
1143 4375 1226 4418 est
1268 4366 1407 4435 quod
1456 4368 1655 4436 noluit,
1699 4385 1765 4424 ne
1810 4382 2084 4441 gravaret,

515 4447 739 4503 credens
765 4450 867 4504 sibi
891 4453 1216 4522 sepulturam
1250 4461 1644 4526 procutubentis
1670 4461 1746 4517 llii
1778 4465 1928 4518 ruina
1955 4482 2088 4534 prae-

517 4538 645 4642 stari
676 4554 687 4590 :
718 4550 777 4642 et
798 4557 863 4597 ne
892 4546 1267 4611 procedentem
1289 4560 1471 4604 natum
1500 4554 1604 4605 vita
1630 4553 1924 4623 digniorem
1951 4558 2091 4610 seni-
2119 4546 2170 4606 D
2202 4589 2361 4626 unum
2390 4589 2658 4642 nunquam
2708 4574 2755 4626 li:

514 4626 588 4680 lia
620 4631 857 4685 membra
897 4634 1221 4704 retinerent,
1252 4652 1503 4695 occasum
1530 4642 1759 4699 civitatis
1801 4646 1931 4699 dixit
1959 4651 2090 4704 satis

518 4733 640 4773 esse
674 4735 772 4789 pro
804 4725 1025 4779 tumulo.
1062 4724 1155 4782 llle
1197 4731 1535 4798 praedonibus
1574 4733 1835 4790 evadente
1864 4736 1972 4791 filio
2009 4756 2091 4794 re-

520 4825 737 4865 manere
765 4814 931 4868 voluit
958 4831 971 4868 :
1001 4821 1250 4874 remeasti
1273 4821 1340 4876 ad
1371 4823 1597 4892 patriam
1625 4835 1678 4878 tu
1719 4827 1927 4883 relicto.
1953 4832 2088 4895 Qud

521 4901 717 4955 nobilia
745 4902 1010 4972 Scipionis
1039 4922 1134 4975 pro
1172 4912 1411 4978 genitore
1448 4930 1545 4970 suo
1584 4916 1720 4972 facta
1764 4932 2091 4976 commemo-

520 4993 640 5046 ras?
669 5009 789 5048 cum
822 4996 910 5050 ille
941 5012 1036 5066 pro
1065 5009 1283 5056 auctore
1309 5004 1495 5059 sedqu
1525 5008 1651 5063 dum
1685 5023 1743 5064 se
1770 5011 1979 5073 obtulit,
2015 5023 2092 5067 to-

523 5094 636 5139 tum
667 5086 842 5154 dedit,
870 5089 962 5143 sed
993 5106 1096 5146 non
1118 5097 1449 5165 consumpsit
1474 5102 1718 5157 universa
1747 5120 1865 5172 qua:
1892 5105 2089 5160 debuit.

524 5177 746 5248 Semper
776 5191 1018 5236 votorum
1053 5183 1312 5242 bonorum
1343 5198 1426 5243 est
1453 5206 1609 5247 causa
1639 5197 1961 5264 consimilis,
1997 5216 2096 5254 nec

520 5269 755 5326 discreta
780 5283 904 5327 sunt
932 5275 1101 5330 studia
1131 5277 1492 5349 benignitatis.
1531 5284 1743 5340 Pronuu
1771 5286 1845 5341 iat
1873 5289 1996 5357 quid
2029 5291 2097 5345 de

524 5361 631 5416 filio
665 5374 953 5432 mereatur,
993 5367 1081 5436 qui
1113 5382 1235 5423 eum
1262 5371 1329 5425 ad
1359 5371 1535 5427 officia
1569 5386 1805 5444 naturae,
1838 5394 1871 5432 n
1897 5381 1941 5433 si
1970 5395 2094 5434 coa-

523 5465 689 5523 ctum,
719 5458 949 5512 aestimat
977 5474 1080 5513 non
1113 5462 1319 5518 venire.
1357 5463 1569 5531 Vincla,
1603 5467 1704 5521 ttisi
1736 5483 1945 5535 paream
1967 5512 1982 5531 ,
2013 5472 2097 5526 lex

527 5549 798 5604 minatur:
831 5554 954 5622 quid
987 5552 1182 5609 refert?
1224 5554 1304 5610 Ad
1344 5556 1481 5612 hanc
1525 5574 1611 5614 me
1653 5562 2095 5618 consuetudinem

528 5640 903 5707 suppliciorum
953 5661 978 5697 a
1013 5653 1064 5700 te
1105 5658 1387 5715 procurata
1436 5648 1683 5706 formavit
1722 5651 2045 5709 diuturnitas
2076 5696 2090 5720 ,

530 5733 768 5795 quamvis
794 5735 941 5804 longa
974 5752 1248 5806 prunarum
1282 5742 1558 5799 tolerantia
1590 5759 1694 5799 non
1724 5745 1881 5819 iaciat
1903 5756 2094 5803 contu-

2181 3303 2287 3364 ris.
2335 3304 2581 3366 armasti;
2636 3303 2845 3371 proiicit
2880 3314 3101 3359 ventoso
3134 3307 3410 3360 munimini
3434 3348 3448 3371 ,
3487 3309 3629 3376 quod
3669 3325 3753 3378 ge-

2182 3395 2359 3449 nuinae
2389 3403 2638 3462 negatum
2665 3404 2747 3447 est
2774 3395 3003 3462 turpiter
3032 3398 3266 3464 puritati.
3292 3395 3465 3452 Crede
3492 3399 3644 3460 mihi.
3676 3402 3751 3454 lex

2182 3498 2300 3537 cum
2335 3492 2609 3549 parentem
2644 3484 2812 3537 loeuta
2843 3496 2951 3549 εει,
2987 3501 3090 3537 non
3125 3490 3284 3540 tacuit
3314 3489 3705 3556 redemptorem
3738 3511 3750 3543 :

2183 3573 2390 3627 hortata
2420 3583 2523 3638 est,
2548 3574 2740 3642 jussit,
2772 3575 2995 3628 extorsit
3027 3578 3269 3631 universa
3311 3577 3643 3634 suffic'euter
3664 3583 3756 3635 im-

2186 3664 2319 3732 pleri
2343 3664 2577 3732 religiosi
2603 3667 2778 3734 operis
2800 3677 3132 3722 sacramenta
3157 3684 3251 3737 per
3279 3671 3509 3724 nomina.
3533 3673 3756 3728 Calami-

2185 3768 2265 3809 tas
2289 3771 2405 3809 mea
2427 3771 2619 3810 sensus
2648 3766 2766 3810 tuos
2792 3758 2855 3810 ad
2889 3758 3045 3826 hujus
3072 3759 3147 3813 rei
3177 3760 3475 3816 intellectus
3498 3762 3755 3818 obnubit:

2182 3847 2484 3910 redemptio
2517 3848 2609 3901 lilii
2646 3864 2763 3916 qute
2793 3857 2875 3902 est
2918 3850 2969 3903 in
2999 3850 3270 3921 diligentia
3316 3855 3751 3921 necessitudinis,

2182 3951 2301 3991 esse
2331 3952 2435 3990 non
2476 3937 2640 4005 potuit
2683 3938 2733 3990 in
2778 3940 3078 4008 prmeeptis.
3116 3940 3445 4009 fmpietatem
3477 3960 3675 4013 meam,
3709 3955 3761 4000 et

2187 4029 2239 4082 in
2264 4028 2575 4084 liberatione
2606 4029 2782 4084 fratris
2822 4032 3108 4098 invidiam,
3152 4034 3279 4089 dum
3318 4036 3504 4090 Ledaea
3538 4040 3759 4108 pignora

2187 4123 2388 4186 laudas,
2415 4136 2651 4176 accusas.
2681 4122 2864 4177 Nescis
2921 4126 3041 4192 quia
3070 4127 3112 4179 si
3138 4126 3278 4180 inter
3304 4128 3421 4182 iflos
3450 4137 3555 4183 tute
3582 4131 3763 4185 distri-

2191 4211 2426 4265 butionis
2457 4213 2811 4281 processisset
2838 4215 3089 4282 aequatio,
3139 4228 3452 4285 generasset
3482 4233 3720 4274 errorem
3748 4238 3760 4272 :

2192 4314 2312 4353 nam
2341 4316 2500 4353 unum
2527 4302 2577 4355 in
2619 4313 2876 4371 perpetuo
2901 4302 3095 4359 decore
3129 4305 3283 4371 lucis,
3313 4307 3541 4361 alterum
3580 4309 3634 4363 in
3656 4310 3764 4378 jngi

2194 4392 2361 4446 noctis
2389 4392 2724 4459 possessione
2747 4394 3069 4450 damnasset.
3100 4396 3345 4463 Mentior,
3376 4399 3418 4452 si
3445 4399 3543 4452 alia
3567 4400 3762 4468 judicia

2195 4492 2282 4536 tua
2312 4483 2566 4538 exstitere
2594 4484 2661 4536 de
2695 4484 2834 4539 ﬁliis.
2868 4485 3127 4552 Quidnam
3179 4502 3297 4542 esse
3325 4490 3613 4557 censuisti,
3650 4507 3767 4545 cum

2761 4576 2980 4629 :biturus
3025 4577 3190 4645 pirata
3237 4578 3562 4643 dimitteret,
3609 4582 3767 4635 alium

2201 4679 2468 4731 nunquam
2499 4664 2784 4718 relicturus
2820 4666 2970 4734 quasi
3022 4677 3171 4735 patre
3216 4670 3454 4724 tradente
3484 4672 3769 4727 retineret?

2199 4753 2451 4823 quidquid
2482 4762 2601 4823 post
2624 4755 2810 4808 oculos
2838 4766 2955 4809 tuos
2978 4757 3029 4809 in
3057 4758 3141 4810 illa
3173 4756 3319 4812 ferali
3352 4770 3489 4815 terra
3518 4763 3764 4829 sustinui,

2199 4860 2228 4898 a
2260 4853 2311 4898 te
2340 4843 2662 4910 processisse
2690 4860 2794 4896 non
2824 4846 3029 4899 dubito.
3062 4848 3193 4917 Spes
3225 4849 3348 4902 mihi
3375 4852 3623 4907 universa
3649 4869 3771 4907 con-

2200 4942 2407 5003 sumpta
2436 4944 2545 5003 est,
2582 4948 2858 5003 postquam
2893 4937 3004 4991 -ine
3033 4954 3117 4993 me
3146 4940 3211 4993 de
3239 4940 3355 4994 solo
3382 4942 3665 4999 barbarico
3693 4962 3772 5001 re-

2201 5027 2445 5095 demptor
2466 5026 2741 5081 abscessit.
2785 5029 2929 5095 Quas
2975 5045 3137 5086 naves
3166 5033 3229 5085 ad
3277 5034 3450 5088 littora
3483 5035 3773 5091 inhumana

2203 5120 2480 5174 tendentes
2503 5135 2607 5174 non
2632 5121 2832 5190 primus
2857 5123 3082 5189 inspexi,
3106 5136 3155 5179 et
3180 5126 3437 5196 quidquid
3458 5141 3774 5183 vanescente

2204 5213 2405 5266 visione
2432 5227 2533 5265 non
2564 5213 2919 5280 sequebantur
2947 5214 3085 5269 oculi
3106 5256 3119 5280 ,
3153 5226 3330 5272 mente
3356 5221 3774 5288 comprehendi?

2204 5302 2322 5370 quin
2355 5302 2596 5371 sagacius
2627 5303 2916 5371 inspiciunt
2944 5305 3164 5374 aliquid,
3193 5309 3281 5378 qui
3316 5315 3613 5380 promptius
3646 5330 3775 5382 prte-

2205 5396 2489 5450 stolantur.
2521 5396 2776 5461 Quotiens
2804 5406 2928 5451 ante
2957 5398 3242 5454 adventum
3273 5410 3415 5455 tuum
3435 5444 3450 5467 ,
3483 5404 3530 5458 si
3567 5406 3776 5474 quando

2204 5505 2302 5542 nos
2330 5490 2555 5543 lustrare
2577 5503 2752 5543 aerem
2778 5491 2946 5555 pirata
2983 5494 3240 5560 permisit,
3276 5495 3325 5548 in
3350 5499 3625 5552 extraneis
3651 5497 3774 5551 mihi

2203 5579 2446 5645 personis
2475 5588 2623 5647 pater
2647 5580 2909 5643 occurrit,
2960 5592 3012 5634 et
3040 5583 3142 5635 vidi
3191 5585 3284 5638 has
3317 5600 3449 5654 quas
3489 5590 3589 5642 sibi
3629 5604 3777 5642 amor

2202 5670 2316 5723 sine
2347 5671 2635 5724 mentiendi
2666 5671 2929 5728 dedecore
2954 5674 3120 5744 pingit
3141 5676 3386 5746 efﬁgies?
3420 5680 3510 5734 llis
3541 5681 3776 5751 imagini-

2203 5762 2300 5816 bus
2344 5763 2432 5817 diu
2464 5764 2744 5818 sollicitata
2793 5766 2953 5822 corda
3007 5768 3286 5823 feriunt::r.
3341 5771 3481 5827 lleu!
3530 5776 3775 5843 quotiens
