3974 6366
276 345 372 404 501

277 552 433 607 barus
461 558 834 615 consolatione
857 560 1133 627 subvenit,
1165 563 1246 618 Nil
1274 574 1477 619 metuas
1495 608 1511 632 ,
1551 566 1622 621 nil
1651 567 1715 621 de
1744 567 1841 620 hac

273 641 565 699 afﬂictione
592 649 831 716 suspires
856 667 867 701 :
895 654 936 704 si
963 661 1172 709 creator
1201 663 1321 709 tuus
1348 665 1619 725 superest,
1654 672 1839 725 parum

272 746 302 785 a
330 731 596 790 libertatis
625 738 855 793 statione
875 741 1187 812 sejungeris.
1212 745 1346 800 Ecce
1367 746 1650 815 aliquando
1676 747 1841 801 adfuit

270 832 386 874 sors
408 825 607 891 cupitis
636 864 652 889 ,
682 829 860 882 alacer
893 830 1019 884 mihi
1066 832 1350 889 adventum
1400 837 1550 890 istius
1579 846 1631 891 et
1663 839 1839 903 praedo

269 913 551 966 nuntiavit.
590 915 704 969 Non
739 918 894 989 longe
924 920 1021 975 fuit
1048 924 1113 976 ab
1146 924 1363 993 integrae
1393 941 1573 981 amore
1603 928 1838 983 clemen-

269 1002 371 1065 tiae,
403 1006 495 1072 qui
528 1007 923 1078 redemptorem
955 1014 1106 1069 lzetus
1136 1019 1362 1085 excepit.
1395 1018 1508 1072 Non
1538 1020 1836 1085 habuimus,

264 1094 489 1162 jitdices,
520 1100 767 1157 dominos
797 1104 1114 1161 inhumanos
1141 1125 1154 1165 :
1188 1108 1401 1164 fuerunt
1430 1112 1517 1180 qui
1544 1114 1840 1181 potuissent

264 1192 317 1238 et
346 1201 504 1252 prece
530 1191 727 1245 molliri
761 1210 774 1245 :
803 1193 848 1247 si
873 1196 986 1248 auri
1017 1198 1245 1265 inopiam
1275 1212 1712 1266 compensassent
1764 1203 1839 1257 la-

264 1290 491 1346 crymat,
527 1296 636 1335 uno
678 1291 914 1354 tempore
956 1296 1209 1357 utrosque
1243 1292 1532 1346 reduxerat
1565 1310 1577 1358 ;
1616 1304 1837 1350 testatus

263 1373 347 1419 est
384 1367 621 1423 noluisse
650 1372 793 1438 ﬁeri,
824 1376 964 1444 quod
992 1394 1098 1431 non
1129 1388 1211 1433 est
1239 1396 1428 1450 magno
1460 1394 1703 1452 precatus
1739 1388 1837 1441 im-

263 1459 482 1525 pendio.
510 1460 833 1532 Expendite,
871 1482 1082 1536 quasso,
1113 1471 1237 1538 quid
1266 1487 1294 1524 a
1323 1488 1408 1527 me
1433 1474 1552 1543 jure
1586 1478 1831 1544 postulet,

264 1549 350 1611 qui
385 1551 516 1606 mihi
549 1552 600 1605 in
646 1555 847 1611 ultimis
876 1575 973 1613 nec
1016 1563 1398 1631 supplicatione
1434 1568 1697 1622 subvenit.
1726 1570 1835 1623 Ad-

259 1637 430 1705 jecisti
484 1642 626 1709 quod
661 1645 948 1716 privilegiis
973 1659 1175 1705 naturae
1208 1654 1437 1710 munitus
1463 1661 1567 1723 s‘s,
1600 1668 1654 1713 et
1693 1660 1831 1727 quod

260 1726 314 1780 in
343 1744 429 1784 me
459 1730 728 1802 deliquisti
763 1752 866 1791 non
896 1739 1053 1794 liceat
1082 1743 1358 1799 vindicari.
1387 1747 1491 1801 Sed
1537 1762 1640 1802 non
1673 1749 1832 1804 habet

1706 362 2070 418 DICTIONES.
3410 385 3509 439 503

275 463 515 518 renuentl
544 465 678 521 mihi
702 467 851 523 cibos
874 482 1006 545 quos
1032 482 1198 541 pirata
1230 474 1547 545 prmstabat,
1590 474 1688 530 hac
1719 475 1837 531 har-
1870 481 1918 541 Λ

2538 499 2731 539 18.7m-
2777 502 2894 539 ιεῐ.

2538 500 2635 536 tu;
2719 522 2731 536 .
2777 502 2894 539 st.

2047 564 2122 620 De
2146 575 2294 635 capta
2322 567 2518 624 civitate
2546 500 2762 627 hastam
2789 576 3071 630 sacerdotes
3101 586 3145 632 et
3176 577 3403 636 Vestales

2341 640 2556 708 uirgines
2585 644 2725 697 liberi
2750 646 3093 701 dimittantur.

2014 748 2137 805 Post
2182 751 2442 806 secundos
2488 753 2660 809 bellici
2709 761 3018 814 certaminis
3068 773 3320 829 eventus,
3375 766 3511 820 inter

1944 838 2239 908 triumphos
2269 849 2322 895 et
2353 842 2561 896 laureas
2593 846 2731 898 vires
2767 847 2962 903 habere
2990 865 3091 903 non
3124 863 3297 920 potest
3326 854 3409 907 lex
3442 856 3507 908 ad

1944 928 2292 983 resistendum
2327 932 2545 985 recitata
2579 932 2885 989 victoribus.
2925 938 3058 1003 Quid
3090 940 3276 1007 gladiis
3307 958 3401 1011 per
3432 944 3510 995 af-

1942 1014 2223 1071 fectionem
2270 1020 2452 1072 mortis
2491 1021 2725 1089 egimus,
2761 1023 2807 1077 si
2847 1028 2948 1077 erit
2985 1029 3123 1093 quod
3164 1044 3282 1097 post
3326 1033 3507 1099 praelia

1942 1099 2321 1159 formidemusl
2348 1107 2494 1162 Jacet
2523 1121 2645 1163 ante
2674 1112 2855 1165 oculos
2882 1130 3028 1168 meos
3050 1119 3301 1186 quidquid
3332 1123 3509 1178 hacte-

1942 1207 2039 1245 nus
2060 1194 2360 1249 minabatur
2379 1199 2677 1253 exanimum
2710 1242 2724 1266 ,
2760 1210 2813 1255 et
2860 1214 3139 1271 postquam
3169 1207 3279 1260 fusa
3305 1222 3383 1263 est
3411 1213 3507 1265 ini-

1941 1282 2071 1335 mica
2100 1288 2425 1353 congressio,
2457 1290 2634 1342 nescio
2660 1290 2783 1358 quid
2815 1293 2964 1346 nobis
2985 1293 3211 1347 afferunt
3234 1298 3507 1352 defuncto-

1940 1387 2051 1429 rum
2112 1376 2406 1447 principum
2473 1380 2685 1435 decreta
2739 1386 2973 1439 terroris.
3040 1387 3221 1443 NeScit
3273 1397 3507 1459 prolzatre

1936 1463 2239 1531 qualitatem
2264 1469 2471 1523 virtutis
2495 1474 2815 1539 expendere,
2840 1476 2925 1541 qui
2948 1474 3013 1529 de
3034 1478 3334 1532 charzaruni
3356 1481 3505 1537 freno

1935 1553 2174 1617 superbit
2202 1558 2438 1611 armatis.
2474 1558 2826 1623 Aequiescant
2865 1563 2977 1618 istis
3009 1566 3194 1619 inertia
3226 1570 3382 1622 corda
3419 1587 3505 1623 re-

1936 1642 2135 1709 pagulis
2165 1658 2179 1706 ;
2210 1658 2307 1712 ego
2337 1648 2587 1716 quidquid
2631 1651 2756 1703 mihi
2799 1652 3064 1707 licentiam
3098 1656 3345 1723 tollebat,
3378 1674 3503 1713 ense

1933 1725 2181 1795 dispersi.
2212 1729 2342 1786 Illud
2384 1742 2583 1789 tantum
2622 1748 2795 1805 potest
2831 1740 2983 1794 nobis
3010 1748 3232 1810 quisgue
3272 1762 3499 1815 negare,

261 1816 584 1877 innocentia
614 1827 1037 1896 praerogativam,
1068 1832 1159 1901 qui
1187 1833 1549 1891 defensionem
1581 1853 1729 1892 suam
1754 1840 1831 1892 ιθ,
1866 1845 1906 1903 Β
1934 1818 2073 1885 (μιυά
2103 1820 2369 1877 nolumus.
2404 1825 2551 1878 Illum
2594 1837 2875 1883 contentus
2924 1847 3042 1886 sum
3089 1833 3285 1889 habere
3328 1839 3503 1889 termi-

260 1920 344 1962 cat
370 1910 422 1965 in
449 1914 622 1982 apice.
658 1916 841 1973 lnsons
867 1923 1093 1976 actionis
1121 1924 1237 1980 luce
1268 1929 1432 1983 niteat
1457 1946 1471 1984 :
1500 1930 1635 1985 citra
1675 1932 1831 1986 dissi-

258 2000 606 2059 mulationem
648 2008 873 2064 crimiua
909 2012 1207 2080 confitetur,
1249 2018 1337 2085 qui
1377 2019 1429 2073 in
1477 2022 1579 2074 hoc
1609 2023 1828 2077 tutelam

255 2101 404 2144 suam
446 2095 675 2151 aestimat
713 2100 858 2168 quod
901 2104 1151 2171 praecedit
1186 2123 1201 2162 :
1244 2123 1363 2163 reos
1404 2111 1545 2165 nulla
1595 2113 1830 2168 defendit

255 2185 545 2240 auctoritas
576 2202 592 2253 ;
626 2190 677 2243 in
715 2190 1025 2266 facinorosis
1052 2211 1384 2257 sacramenta
1432 2206 1661 2261 nominis
1705 2223 1830 2263 eva-

255 2284 499 2329 DOSCIIDL

320 2363 597 2438 Epiloyus.
630 2369 697 2425 Et
726 2370 847 2441 hoc,
881 2376 1200 2433 sanctissimi
1230 2383 1533 2451 cognitores
1553 2425 1568 2450 ,
1607 2385 1675 2439 ita
1708 2398 1827 2457 post

253 2462 524 2516 custodias
574 2463 841 2522 latronum
904 2470 1009 2524 alio
1061 2472 1243 2529 labore
1295 2477 1522 2543 pectoris
1568 2479 1822 2549 allegavi,

251 2550 429 2617 quasi,
478 2555 581 2608 etsi
620 2570 794 2610 essem
835 2559 1065 2629 debitor,
1115 2566 1342 2619 valerem
1388 2568 1642 2624 exhibere
1684 2574 1822 2641 quod

254 2641 510 2708 poscitur.
540 2645 655 2700 Non
684 2651 988 2706 considerat
1011 2656 1236 2722 spoliata
1269 2660 1521 2715 carnibus
1551 2676 1670 2715 ossa
1689 2704 1702 2730 ,
1735 2664 1823 2717 du-

252 2733 516 2787 minnrum
556 2736 941 2797 inhumanitate
982 2746 1287 2813 sordentia,
1334 2760 1387 2803 et
1427 2752 1687 2819 patefacta
1732 2769 1825 2821 per

253 2826 531 2893 carnifices
575 2841 779 2887 naturae
818 2846 1024 2892 secreta
1071 2855 1174 2894 non
1225 2843 1460 2910 resilicit.
1505 2846 1557 2898 In
1600 2862 1823 2916 corpore

252 2929 369 2970 meo
406 2918 461 2972 in
504 2920 676 2976 lucem
723 2927 976 2997 quidquid
1020 2930 1178 2985 homo
1216 2944 1299 2988 est
1351 2939 1681 3004 protulerunt
1722 2950 1823 2995 tor-

251 3018 426 3063 menta
456 3051 472 3074 ,
501 3022 558 3066 et
599 3019 892 3082 penetralia
935 3023 1198 3077 viscerum
1234 3026 1463 3082 instante
1500 3032 1820 3086 cruciatibus

252 3097 510 3171 barbaro,
543 3118 662 3159 eum
700 3118 851 3174 pater
891 3113 1019 3168 mihi
1053 3116 1428 3187 dedignaretur
1455 3122 1674 3191 adesse,
1704 3127 1820 3180 vul-

250 3199 367 3261 gata
394 3205 539 3249 sunt.
568 3197 778 3252 Modum
811 3206 993 3258 transit
1026 3209 1299 3276 atrocitas,
1330 3226 1447 3280 quae
1473 3214 1556 3267 vel
1590 3215 1641 3267 in
1667 3216 1814 3270 debi-
1846 3202 1891 3263 (ἶ

250 3281 317 3335 tis
342 3285 618 3353 exigendis
643 3304 747 3343 non
788 3293 1026 3362 principe
1054 3296 1174 3350 loco
1213 3300 1354 3354 vires
1399 3301 1707 3373 interrogat.
1737 3305 1817 3360 Tu

249 3385 367 3426 cum
418 3375 599 3429 videas
646 3380 819 3434 aetatis
860 3381 915 3436 in
959 3398 1046 3439 me
1087 3386 1440 3444 valetudinem
1484 3393 1816 3451 miseriarum

248 3460 392 3519 fasce
422 3467 680 3522 mollitam
700 3510 715 3535 ,
747 3486 868 3527 eum
892 3476 989 3527 aevi
1021 3476 1182 3532 robur
1205 3481 1575 3549 multiplicium
1602 3485 1817 3540 calami-

250 3560 413 3609 tatum
446 3559 699 3617 varietate
743 3568 1062 3633 contritum,
1106 3586 1224 3624 cum
1272 3580 1328 3626 et
1368 3576 1686 3630 necessitate
1728 3592 1817 3632 se-

250 3656 417 3700 necta
440 3649 665 3705 habeam
696 3663 750 3707 et
771 3656 1025 3711 invidiam
1070 3659 1365 3729 juventutis
1383 3704 1398 3729 ,
1433 3679 1536 3717 non
1559 3680 1589 3718 a
1613 3681 1697 3721 me
1720 3667 1815 3721 de-

246 3733 387 3790 sistis
416 3752 639 3805 poscere
701 3749 844 3811 quod
890 3756 943 3800 et
984 3748 1155 3803 hostis
1196 3752 1490 3807 remisisset
1534 3756 1815 3812 exhausto.

245 3824 322 3880 Tu
353 3830 586 3897 accipies
633 3835 962 3892 tributariam
1014 3838 1372 3908 iunctionem,
1420 3854 1474 3900 et
1520 3849 1692 3904 adhuc
1731 3864 1817 3907 me

248 3918 611 3986 magnitudine
632 3926 881 3992 nominis,
906 3937 962 3982 et
977 3932 1135 4000 genio
1155 3937 1391 4001 parentis
1411 3936 1634 3993 incessis
1653 3980 1672 4007 ,
1696 3955 1815 3996 cum

247 4007 641 4068 miserationem
663 4030 820 4085 quam
859 4019 1023 4075 debes
1051 4023 1347 4097 cuicunque
1376 4028 1608 4096 homini,
1640 4032 1818 4103 despi-

247 4097 352 4152 cias
379 4102 637 4160 exhibere
673 4110 754 4162 vel
800 4110 1021 4181 pignori.
1066 4115 1307 4185 Superna
1353 4121 1677 4189 dispensatio
1720 4097 1819 4180 hac

247 4188 590 4249 intentionem
614 4204 756 4253 tuam
780 4205 1023 4259 mercede
1046 4207 1349 4277 locupletet,
1373 4188 1633 4267 utrursus
1654 4216 1815 4284 prolis

249 4288 347 4334 tua:
373 4281 559 4338 funera
599 4288 774 4344 vetiva
815 4294 1097 4362 respicias;
1138 4309 1192 4352 et
1229 4298 1318 4368 qui
1357 4303 1594 4369 gravaris
1633 4302 1700 4358 de
1736 4307 1814 4359 vi-

246 4371 354 4425 vaci
383 4379 668 4441 praesentia
686 4421 700 4445 ,
730 4381 1115 4441 desideriorum
1139 4403 1401 4444 summam
1432 4396 1610 4460 capias
1637 4394 1704 4447 de
1733 4409 1814 4448 se-

244 4459 459 4525 pulcris.

814 4540 1034 4599 DlCTlO
1074 4546 1237 4601 XXII.

742 4631 1124 4679 οοδτῆονεκειλ
1166 4643 1317 4682 NONA.

901 4698 1169 4769 Praefatio.

303 4775 534 4848 Copiose
576 4784 788 4848 quidem
826 4792 1068 4861 egregius
1116 4795 1425 4854 adolescens
1473 4802 1806 4861 inventorum

237 4879 451 4920 suorum
475 4868 687 4927 divitias
716 4874 766 4927 in
795 4877 1033 4933 ordinem
1062 4881 1327 4950 digerens,
1362 4889 1645 4946 verborum
1678 4911 1808 4962 quo-

238 4967 334 5015 que
358 4954 602 5011 ubertate
626 4959 831 5029 ditavit,
861 4972 916 5019 et
943 4981 1062 5035 qua:
1094 4986 1187 5037 pro
1211 4973 1462 5041 religione
1490 4992 1609 5032 esse
1634 4954 1808 5036 credi-

236 5043 327 5110 dit,
359 5046 524 5115 digno
550 5056 846 5109 reverentia
869 5072 962 5112 ore
987 5060 1334 5132 deprompsit.
1357 5066 1460 5120 Sed
1487 5072 1666 5135 procul
1692 5075 1806 5141 epi-

233 5132 407 5187 nionis
460 5137 684 5195 insidias
723 5155 932 5200 cessent
967 5150 1314 5219 malignorum
1357 5132 1655 5214 commenta
1687 5169 1796 5215 tra-

228 5232 489 5279 ctatuum.
520 5226 630 5283 Nos
668 5243 850 5287 contra
890 5236 1170 5294 Aratorem
1200 5242 1448 5299 dictionis
1490 5256 1673 5313 pectus
1699 5265 1797 5318 op-

229 5313 499 5375 ponimus.
555 5315 661 5371 Sed
713 5334 812 5375 nec
860 5336 1229 5394 erumpentem
1294 5330 1346 5385 in
1404 5333 1575 5388 lucem
1633 5313 1801 5391 laudis

228 5399 503 5464 palmitem
549 5403 761 5461 inimica
805 5410 938 5467 falce
970 5422 1276 5473 truncamus
1308 5437 1319 5471 :
1355 5422 1447 5475 sed
1484 5438 1639 5492 quem
1676 5440 1798 5480 vcr-

223 5486 419 5543 horum
450 5492 642 5547 callem
684 5498 833 5564 sequi
875 5500 1069 5569 debeat
1113 5486 1572 5577 demonstrantes,
1603 5516 1799 5569 scimus

224 5577 278 5628 in
324 5577 417 5630 illo
460 5581 616 5634 nobis
655 5584 882 5651 clarius,
931 5591 975 5644 si
1024 5607 1145 5647 eum
1192 5597 1430 5663 praeferri
1484 5604 1796 5672 centigerit,

221 5673 663 5742 triumphaudum
708 5681 829 5749 quia
877 5684 944 5739 de
972 5688 1171 5741 nostris
1193 5689 1364 5745 hausit
1410 5696 1665 5763 quidquid
1691 5699 1795 5753 Deo

219 5761 585 5830 amplificante
616 5765 680 5820 de
705 5769 922 5824 scientia
954 5788 1112 5841 opum
1145 5776 1335 5845 largius
1364 5761 1632 5840 effuderit.

1843 4559 1892 4619 D

1934 1924 2089 1975 num,
2126 1908 2190 1964 ad
2240 1912 2391 1980 cujus
2439 1930 2523 1969 me
2571 1920 3042 1987 transg'essionem
3093 1923 3353 1977 desideria
3398 1941 3500 1979 non

1934 2012 2205 2055 vocarunt.
2239 2003 2364 2057 Mihi
2399 2006 2652 2074 quidquid
2688 2011 3017 2077 prazvaluero
3052 2013 3248 2069 habere
3283 2015 3364 2069 lex
3403 2018 3499 2069 tri-

1930 2088 2063 2142 buit.
2094 2090 2270 2144 Otium
2301 2105 2354 2147 et
2382 2104 2497 2164 toga
2530 2096 2852 2166 denegautes
2882 2101 3080 2171 aliquid
3128 2104 3297 2157 ferant
3324 2122 3337 2157 :
3371 2108 3498 2160 mihi

1933 2190 2097 2233 totum
2126 2192 2310 2236 natura
2347 2188 2579 2253 peperit,
2626 2192 2877 2257 quidquid
2914 2194 2962 2244 in
3001 2197 3271 2261 procinctu
3301 2200 3500 2251 consti-

1930 2274 2071 2321 tutus
2096 2279 2389 2326 extorseru.
2421 2274 2541 2327 Sola
2574 2276 2725 2330 nobis
2752 2280 2946 2347 scripta
2970 2281 3088 2349 jura
3135 2283 3258 2337 s’unt
3279 2330 3291 2351 ,
3327 2287 3396 2337 nil
3434 2288 3500 2339 ti—

1930 2372 2092 2409 mete.
2129 2358 2191 2411 Et
2222 2358 2337 2415 huic
2381 2364 2591 2432 quidem
2638 2368 2855 2423 auribus
2898 2373 3118 2438 vestris,
3167 2377 3315 2443 quasi
3361 2378 3494 2432 bona

1929 2454 2074 2497 esset
2108 2446 2328 2500 formula
2379 2466 2497 2519 qua:
2540 2453 2924 2525 olijectabatur,
2950 2464 3171 2515 asserui.
3203 2463 3384 2519 Nutrix
3420 2476 3498 2519 ta-

1929 2551 2048 2590 men
2077 2539 2308 2594 virorum
2339 2542 2550 2598 fortium
2579 2547 2691 2611 lex,
2736 2550 2928 2605 vindex
2972 2551 3231 2607 libertatis
3253 2597 3267 2620 ,
3312 2560 3497 2626 patriae

1927 2626 2341 2693 munimentum,
2370 2631 2519 2699 jubet
2542 2645 2661 2705 post
2688 2650 2956 2697 certamen
2991 2641 3178 2698 heroas
3209 2656 3334 2700 suos
3363 2652 3497 2703 reci.

1925 2716 2101 2772 divam
2130 2721 2474 2778 intentionem
2505 2727 2699 2782 habere
2732 2729 2798 2784 de
2827 2732 3078 2799 prtemio;
3108 2743 3161 2788 et
3194 2739 3359 2806 gestis
3390 2754 3492 2793 non

1925 2819 2169 2863 contenta
2196 2812 2458 2879 felicibus,
2483 2816 2609 2870 dum
2638 2820 2773 2872 tollit
2796 2822 3004 2875 sudoris
3026 2826 3274 2891 pretium,
3302 2827 3495 2897 frangit

1922 2899 2092 2952 studia
2132 2900 2437 2957 dimicnndi.
2473 2907 2610 2972 Ergo
2660 2923 2727 2961 ne
2759 2910 2893 2963 bona
2922 2920 3045 2964 sunt
3078 2926 3336 2983 przecepta
3373 2934 3492 2986 quae

1924 3003 1991 3042 ne
2031 2989 2150 3042 boni
2198 2992 2491 3047 efficiamur
2526 3000 2843 3052 occurrunt?
2880 3000 3218 3070 Quaecunque
3263 3003 3489 3059 fructum

1922 3078 2160 3132 adimunt
2190 3081 2451 3148 laborum,
2480 3100 2731 3141 censores
2762 3093 3189 3158 prudentissimi,
3224 3095 3288 3148 de
3317 3097 3489 3150 alfeua

1924 3184 2021 3222 nos
2064 3170 2308 3227 facultate
2350 3178 2627 3245 castigant.
2662 3178 2904 3249 Nunquid
2936 3197 3143 3251 mquum
3175 3196 3255 3237 est
3296 3185 3493 3240 habere

1923 3259 2281 3315 valetudinem
2314 3267 2614 3319 sanctiones
2641 3268 2708 3321 de
2736 3281 2957 3323 externo
2987 3272 3104 3338 jure
3129 3275 3491 3342 conscriptas?

1921 3360 2013 3403 aut
2040 3351 2247 3406 videtur
2275 3354 2466 3408 rationi
2514 3358 2741 3412 vicinum
2801 3376 2949 3431 spem
2980 3362 3048 3415 de
3079 3362 3251 3417 futura
3282 3380 3490 3433 posses-

1918 3444 2070 3497 sione
2098 3445 2418 3511 przecidere?
2443 3448 2575 3512 Quid
2607 3452 2758 3505 nobis
2777 3454 3047 3523 religionis
3072 3454 3123 3507 in
3149 3456 3484 3509 saec-Motum

1922 3534 2162 3599 persenis
2184 3536 2484 3603 opponitis'!
2508 3539 2615 3592 Deo
2636 3540 2789 3603 duce,
2812 3558 2968 3611 quem
2994 3544 3043 3596 in
3066 3543 3169 3597 illis
3192 3548 3483 3608 veneraris.

1919 3621 2141 3677 obtinui.
2173 3624 2334 3693 Cujus
2378 3628 2567 3682 intuitu
2602 3630 2876 3686 desideras
2914 3648 3009 3688 eos
3037 3635 3104 3689 de
3137 3636 3264 3704 jugo
3292 3648 3488 3689 nostra:

1919 3718 2188 3771 servitutis
2217 3719 2474 3784 evadere,
2522 3721 2665 3790 ipsos
2703 3726 2918 3779 noveris
2962 3728 3131 3780 teneri
3175 3729 3265 3781 illo
3314 3730 3487 3795 impeo

1921 3816 2070 3858 rante
2106 3810 2364 3875 captivos.
2419 3809 2613 3864 Contra
2641 3828 2862 3880 superos
2892 3815 3073 3869 nititur
3102 3820 3189 3885 qui
3219 3835 3485 3887 quoscun-

1916 3908 2019 3961 que
2042 3894 2251 3948 illorum
2281 3899 2542 3953 sententia
2582 3906 2869 3969 prosternit
2909 3907 3192 3960 extulerit:
3225 3924 3358 3976 quos
3411 3916 3485 3965 te-

1916 3982 2085 4036 Stinas
2110 3985 2337 4052 eripere,
2370 4003 2698 4059 nequaquam
2729 3993 2934 4049 fuerant
2960 3996 3131 4053 ell‘ecti
3174 4000 3444 4055 hominum
3468 4045 3482 4067 ,

1918 4075 1962 4128 si
2000 4076 2321 4131 meruissent
2364 4080 2593 4136 ministri
2632 4099 2753 4141 esse
2793 4090 3108 4144 caelestium.
3141 4092 3276 4148 Ecce
3308 4104 3481 4148 tecum

1918 4164 1985 4220 de
2008 4181 2198 4235 sapore
2224 4168 2375 4237 legis,
2407 4171 2555 4238 quasi
2579 4187 2683 4229 non
2709 4177 2927 4232 habeam
2950 4196 3067 4249 qua:
3094 4186 3336 4253 responsi
3366 4186 3484 4239 IOCtI

1917 4256 2163 4323 objiciam
2210 4260 2332 4325 tela,
2383 4265 2671 4320 contendo.
2720 4267 2887 4333 Quam
2929 4272 3184 4338 justitiam
3235 4285 3386 4343 putas
3431 4279 3482 4331 in

1917 4345 2007 4399 illa
2030 4347 2291 4413 jussioue,
2320 4367 2437 4418 quae
2467 4364 2521 4407 ut
2562 4355 2765 4410 hostem
2798 4358 2977 4413 fulciat
3032 4363 3208 4416 socios
3258 4365 3479 4436 imperia

1918 4450 2265 4505 prepagantes
2295 4442 2526 4497 addicit?
2549 4446 2700 4501 Tulle
2725 4462 2871 4517 spem
2904 4453 3095 4519 prredze
3118 4496 3134 4519 ,
3168 4456 3331 4511 tulisti
3358 4468 3481 4513 vota

1919 4529 2254 4593 certaminis;
2288 4542 2339 4585 et
2364 4535 2407 4587 si
2438 4536 2748 4594 defrudatnr
2773 4544 2959 4611 genius
2984 4546 3234 4613 laureati,
3274 4554 3339 4605 ad
3372 4570 3483 4620 ptr-

1921 4616 2194 4674 nitentiatn
2228 4624 2393 4678 rediet
2424 4627 2675 4698 quidquid
2723 4645 3029 4705 contemptu
3073 4640 3203 4695 lucis
3239 4616 3477 4713 expetiit.

1920 4707 2169 4767 Facessat
2209 4729 2238 4767 a
2288 4719 2634 4785 prudentibus
2680 4728 2977 4793 aequitatem
3028 4707 3326 4801 huiusmodi
3376 4753 3479 4792 non

1916 4798 2033 4855 dico
2062 4801 2177 4871 lege
2196 4846 2211 4869 ,
2240 4810 2334 4862 sed
2375 4813 2644 4880 tyrannica
2672 4814 3015 4886 inscriptioiie
3039 4826 3334 4893 requirere,
3362 4844 3481 4899 qua:

1916 4890 2117 4961 ingrata
2150 4901 2484 4966 numinibus,
2518 4904 2727 4959 inimica
2761 4910 2967 4976 virtuti,
3000 4924 3181 4968 contra
3218 4918 3294 4971 fas
3323 4931 3373 4971 et
3396 4921 3481 4989 jn-

1914 4984 2109 5036 stitiam
2141 4999 2337 5057 pugnat
2362 4993 2585 5047 mentito
2607 4997 2788 5053 colore
2816 5000 3043 5068 pictatis.
3074 5006 3273 5072 Nescis,
3301 4984 3481 5081 loqua-

1915 5073 2127 5129 cissime
2153 5076 2446 5146 hominum,
2475 5100 2629 5151 quam
2650 5084 2822 5153 justus
2848 5091 2999 5148 dolor
3021 5093 3086 5149 de
3112 5096 3306 5153 ami~sa
3336 5102 3481 5157 labo-

1912 5346 2061 5413 quasi
2093 5364 2197 5401 uno
2236 5350 2476 5409 inccndio
2504 5370 2903 5428 senescentem,
2936 5376 2990 5420 et
3031 5370 3145 5423 illas
3174 5374 3475 5428 caelicolum

1911 5436 2066 5491 sedes
2104 5439 2345 5497 desertas
2381 5454 2434 5499 et
2474 5450 2725 5514 spoliatas
2761 5454 3034 5512 divinitate
3079 5463 3339 5527 prosterni
3374 5481 3389 5518 :
3424 5478 3479 5519 et

1908 5536 2061 5593 putas
2094 5534 2415 5588 remansisse
2465 5538 2750 5607 quidquam
2806 5547 2945 5612 quod
2984 5563 3087 5602 non
3117 5550 3308 5605 debeat
3356 5570 3477 5612 esse

1906 5616 2157 5673 victoris?
2187 5622 2323 5687 Quid
2349 5628 2487 5694 quod
2519 5628 2628 5697 ipsa
2662 5630 2847 5687 frivola
2876 5643 2928 5689 et
2963 5637 3134 5691 inanis
3169 5647 3474 5701 constitutio

1903 5707 2225 5765 obscuritate
2270 5715 2650 5770 confunditur?
2678 5721 2812 5774 Dicit
2839 5723 3011 5790 enim,
3044 5734 3352 5790 sacerdotes
3388 5741 3471 5795 vel

1908 5795 2140 5852 Vestales
2188 5801 2418 5870 virgines
2465 5804 2660 5862 debere
2701 5809 2944 5867 libertate
2993 5819 3244 5885 gaudere.
3299 5823 3509 5881 Credas
