3974 6366
484 319 587 374 303

1598 304 1866 361 ENNODII
1907 302 2210 360 EPISCOI‘I
2248 299 2625 358 TlClNENSlS

3614 298 3724 354 304

484 435 601 488 illos
644 429 881 485 nom'nat
931 426 980 480 in
1023 422 1212 493 quibus
1243 417 1566 473 domicilium
1597 433 1754 473 suum
1786 435 1904 475 esse
1934 419 2052 474 cmli

2167 440 2401 510 perditus
2433 441 2593 506 ﬁlius,
2622 446 2897 508 postquam
2927 437 3133 492 necavit
3164 444 3389 506 patrem,
3421 436 3727 505 opinionem

483 524 748 578 habitator
776 516 1097 579 ostenderit,
1142 526 1275 582 quos
1306 510 1536 579 majores
1586 524 1706 564 esse
1755 510 2054 564 hominilms

484 613 733 668 aetherius
762 609 908 664 fivor
936 621 1029 659 sua
1057 605 1173 658 luce
1205 601 1511 670 signaverit.
1544 600 1727 654 Indicit
1755 615 1939 655 eorum
1973 617 2057 654 re»

486 704 774 760 verentiam
832 714 965 768 quos
1030 695 1246 765 agnosci
1290 695 1476 747 volunt
1525 692 1702 745 divina
1757 692 2051 760 pontifices.

487 800 721 852 Vidimus
747 793 966 847 miseros
991 806 1121 859 quos
1151 797 1326 842 tuetur
1376 788 1475 840 iste
1506 786 1643 839 inter
1673 783 1875 837 favillas
1898 784 2055 851 lapsa:

484 889 630 944 urbis
659 887 724 940 de
752 885 863 939 sola
905 889 1275 947 exsiiectantes
1306 877 1683 932 lamentatione
1719 876 2052 944 przes'dium,

484 990 557 1045 et,
592 978 723 1033 nihil
766 977 1022 1030 habentes
1056 972 1261 1025 ﬁducia:
1292 970 1356 1024 de
1390 968 1683 1036 proposito,
1716 967 1853 1019 inter
1876 964 2057 1018 turbas

483 1071 784 1137 captivitate
834 1082 1045 1136 pressas
1094 1078 1293 1118 errare.
1352 1062 1464 1114 Non
1528 1060 1631 1113 illis
1684 1067 1798 1111 erat
1848 1056 2058 1109 divinus

485 1165 735 1233 Splendor
766 1163 816 1215 in
847 1160 1076 1214 vultibus
1099 1199 1111 1220 ,
1146 1171 1247 1209 non
1274 1170 1391 1223 quae
1420 1152 1652 1206 ofﬁcium
1685 1151 1954 1203 nuntiaret
1982 1147 2058 1200 lii-

486 1260 689 1313 laritas.
742 1254 989 1309 Nesciunt
1036 1252 1173 1303 inter
1218 1246 1441 1301 adversa
1491 1243 1721 1307 turbari,
1767 1240 1957 1309 quibus
2005 1238 2056 1291 in

487 1348 666 1405 saeculi
698 1342 1099 1413 tempestatibus
1129 1342 1194 1395 de
1226 1335 1494 1393 innocenti
1523 1334 1843 1388 conscientia
1878 1340 2059 1398 portus

488 1442 740 1497 occurrit.
775 1437 1015 1490 Vidimus
1046 1432 1349 1486 :tfﬁietiores
1392 1428 1600 1483 exteris
1644 1424 2054 1494 trepidantibus,

489 1533 679 1603 quibus
710 1530 845 1585 nuda
877 1527 1086 1582 nomina
1130 1526 1214 1578 lex
1260 1521 1476 1577 ridenda
1508 1518 1768 1574 concedit.
1802 1516 1931 1583 Quis
1972 1531 2061 1568 re-

491 1625 686 1682 mansit
714 1624 859 1677 locus
901 1620 954 1673 in
985 1615 1221 1681 meritis,
1266 1616 1309 1667 si
1342 1618 1731 1666 sacramentum
1778 1607 1913 1661 istud
1945 1607 2060 1661 solo

491 1727 657 1776 restat
680 1718 733 1771 in
763 1714 945 1770 titulo?
978 1711 1087 1765 Dici
1114 1707 1275 1763 credo
1301 1705 1472 1768 aliud,
1517 1703 1652 1757 aliud
1683 1717 1801 1756 esse
1844 1700 2055 1768 pontifi-

2160 534 2344 586 matris
2369 532 2640 586 contendit
2662 530 3003 599 exstinguere
3029 548 3040 581 :
3076 530 3263 585 dolens
3288 530 3425 599 quod
3455 530 3725 584 evasimus

2160 626 2461 692 pugionem,
2488 624 2596 678 telo
2627 624 2816 677 famam
2851 622 3170 692 insequitur,
3200 622 3283 675 cui
3317 638 3409 689 pro
3437 636 3604 676 sexus
3636 636 3729 674 ve-

2159 716 2406 769 recundia
2438 715 2553 783 plus
2575 717 2841 767 timemus.
2869 712 2973 766 Nos
2997 722 3208 779 rupttnn
3238 713 3391 780 patri,
3433 727 3529 765 nos
3557 711 3728 765 scele-

2161 809 2256 859 rati
2301 808 2401 860 iter
2428 806 2779 859 ostendimus.
2820 804 2915 858 llle
2944 814 3127 857 contra
3156 804 3316 857 verba
3346 818 3449 856 non
3479 803 3725 871 pmnitet.

2160 901 2234 954 Ne
2272 900 2409 964 quod
2452 900 2604 953 nobis
2643 898 2802 952 ﬁdum
2841 896 3078 950 videatur
3106 895 3381 950 exstitisse
3430 894 3729 948 subsidium

2160 992 2222 1044 ad
2251 992 2564 1045 sententiam
2591 1004 2738 1043 suam
2774 987 2932 1042 traxit
2960 988 3242 1057 parvulum
3276 998 3537 1051 nostrum,
3569 1000 3728 1054 quem

2161 1083 2263 1136 fuci
2320 1082 2556 1135 nescium
2616 1079 2866 1133 fabricata
2919 1078 3204 1131 verborum
3256 1087 3371 1132 arte
3423 1075 3727 1140 subvertit,

2161 1172 2358 1226 faciens
2384 1180 2438 1224 et
2462 1172 2605 1224 illum
2637 1170 2843 1237 perire,
2880 1168 2969 1235 qui
3001 1167 3282 1236 putabatur
3314 1181 3432 1220 esse
3462 1164 3729 1218 residuus.

2160 1262 2298 1331 Quid
2340 1260 2620 1331 praastigiis
2664 1259 2858 1313 nudam
2894 1257 3171 1311 desideras
3216 1256 3393 1309 velare
3433 1253 3732 1322 justitiam?

2163 1369 2260 1409 nec
2273 1354 2489 1407 odiosus
2506 1366 2723 1420 parcere
2736 1351 2926 1419 potuit.
2943 1363 3040 1402 nec
3058 1362 3213 1417 quem
3234 1346 3475 1401 mentiris
3498 1358 3731 1410 amasse,

2165 1454 2462 1515 percutere.
2492 1444 2737 1513 Nunquid
2767 1442 3095 1510 argumentis
3119 1454 3252 1508 epus
3281 1445 3387 1503 est,
3418 1436 3505 1489 ubi
3536 1435 3734 1489 factum

2162 1552 2316 1591 suum
2352 1537 2564 1605 propria
2591 1548 2721 1588 voce
2748 1533 2949 1587 veritas
2984 1531 3247 1587 teStatur‘t
3278 1527 3554 1597 perdidisti
3585 1540 3735 1593 spem

2164 1627 2508 1695 defensionis,
2527 1639 2646 1679 cum
2670 1623 2940 1694 genitricis
2963 1621 3106 1676 ferro
3122 1620 3357 1675 membra
3380 1616 3735 1673 describeres.

2165 1719 2268 1775 Sed
2300 1719 2422 1773 licet
2452 1723 2763 1785 procuratur
2792 1713 3053 1768 formosus
3082 1721 3137 1767 et
3158 1710 3371 1774 nitidus,
3396 1723 3493 1763 nos
3520 1708 3587 1762 ad
3625 1707 3736 1761 hrca

492 1826 631 1867 cem.
660 1808 776 1862 Vidi
806 1820 946 1872 saepe
971 1810 1093 1856 ante
1120 1798 1389 1854 eetifectas
1417 1796 1631 1865 jejuniis
1673 1794 1831 1847 facies
1857 1791 2056 1845 directa
2092 1778 2132 1837 Ii
2168 1811 2219 1864 in
2252 1778 2492 1880 piciend'a
2520 1806 2705 1860 oculos
2734 1820 2835 1857 non
2872 1804 3147 1857 habemus.

492 1906 543 1957 in
577 1900 813 1970 jugulum
849 1896 950 1950 tcla
994 1892 1287 1955 cecidisse,
1327 1899 1379 1943 et
1408 1900 1616 1943 retusos
1661 1885 1728 1939 ab
1772 1882 2063 1937 inermibus

492 1993 696 2063 gladios
724 1991 984 2058 rigentem
1026 1982 1321 2054 perdidisse
1352 1989 1614 2033 naturam.
1647 1976 1701 2031 Si
1738 1975 1953 2029 creditis
1983 1988 2065 2027 re-

494 2085 674 2153 ligiosa
726 2081 969 2139 dicturo,
1018 2091 1124 2130 non
1168 2074 1264 2126 fuit
1312 2071 1624 2140 temI’lorum
1670 2067 1931 2130 minii'er’
1975 2066 2062 2132 qui

495 2174 634 2228 inter
674 2170 929 2239 qua-libet
954 2165 1259 2220 discrimina
1298 2162 1529 2215 lnnnano
1559 2168 1678 2227 eget.
1707 2156 1919 2210 auxilio.
1955 2154 2066 2208 Scit

497 2276 778 2333 supremus
812 2260 1011 2312 arbiter
1042 2254 1431 2324 pOSScssionem
1473 2264 1621 2303 suam
1668 2262 1800 2302 nova
1835 2248 1949 2300 luce
1978 2259 2066 2300 ve-

496 2358 647 2412 stire.
681 2353 797 2407 Non
826 2352 954 2405 latet
993 2349 1226 2402 cmlestis
1257 2346 1343 2398 illa
1389 2342 1696 2412 pernistio;
1730 2348 1783 2393 et
1827 2339 2066 2407 quamvis

498 2446 743 2500 humana:
775 2439 1073 2508 fragilitatis
1098 2438 1275 2490 tunica
1298 2436 1571 2499 vestiatur,
1603 2431 1898 2499 effulgurat.
1930 2428 2064 2494 Quid

496 2536 639 2608 quod
662 2534 758 2603 ipsi
789 2530 954 2602 parati
983 2529 1048 2584 ad
1081 2525 1438 2582 famulandum
1461 2524 1694 2587 veniunt,
1726 2521 1814 2591 qui
1844 2520 1979 2574 trahi
2002 2520 2067 2575 ad

500 2629 713 2684 servitia
739 2641 842 2680 non
869 2621 1181 2678 merentur?
1214 2621 1321 2673 llac
1348 2618 1682 2672 extremitate
1708 2616 1797 2684 qui
1824 2616 2067 2685 indignus

500 2729 614 2787 est,
659 2732 763 2771 non
794 2714 1040 2770 rebellat.
1072 2712 1370 2767 Occurrunt
1409 2709 1475 2762 ad
1505 2708 1757 2775 obsequia
1779 2747 1793 2771 ,
1842 2720 2066 2775 quorum

501 2824 651 2864 mens
679 2817 760 2862 est
780 2806 934 2873 digna
962 2802 1281 2859 culminibus
1310 2819 1323 2867 ;
1358 2811 1407 2855 et
1451 2798 1799 2868 pervicaciam
1835 2796 2068 2850 mortali-

500 2901 624 2955 tatis
666 2898 970 2962 eliminant,
1016 2909 1149 2965 quos
1194 2893 1340 2948 nefas
1378 2901 1462 2947 est
1507 2891 1573 2945 ad
1614 2890 1892 2943 inhonesta
1936 2903 2067 2942 eon-

496 2993 705 3061 stringi.
747 2990 839 3044 Isti
872 2990 946 3043 tui
977 2986 1208 3055 pericula
1230 3029 1243 3051 ,
1278 2985 1321 3039 si
1350 2997 1681 3051 nequaquam
1713 2980 1911 3034 absolvi
1958 2994 2069 3033 me-

499 3092 738 3149 reantur,
763 3079 1065 3135 intendunt.
1091 3077 1205 3131 Non
1233 3085 1453 3144 possunt.
1474 3072 1713 3126 subtrahi
1742 3069 2063 3136 hominibus,

491 3187 631 3243 quos
660 3147 767 3225 non
817 3168 1162 3237 intelligimus
1203 3164 1484 3234 quidquam
1514 3162 1741 3228 amplius
1772 3161 1968 3214 habere
2002 3159 2068 3214 de
2094 3147 2137 3207 C

500 3261 823 3319 hominibus.
870 3259 1059 3313 Iuvate
1099 3272 1217 3321 me,
1248 3255 1407 3321 socii,
1447 3254 1631 3321 juvate
1669 3261 1983 3306 consortes:
2016 3258 2070 3304 et

487 3351 863 3424 garrulitatem
924 3343 1310 3416 impugnatoris
1360 3338 1463 3397 mei
1516 3342 1800 3396 auxiliante
1848 3341 2070 3395 veritate

494 3443 852 3514 comprimite.
880 3441 1065 3510 Agitur
1096 3453 1181 3493 res
1232 3437 1298 3490 de
1322 3451 1421 3505 qua
1445 3434 1568 3504 quid
1598 3433 1825 3489 senserit
1849 3447 2071 3501 supero-

500 3553 617 3590 rum
649 3533 909 3589 sententia
957 3530 1065 3598 jam
1100 3539 1359 3583 tenemus.
1410 3526 1735 3580 Addicantur
1784 3525 2068 3589 immeriti,

497 3638 556 3681 ut
605 3628 775 3681 bonos
828 3623 1093 3692 possimus
1144 3618 1340 3673 habere
1389 3616 1674 3671 antistites.
1729 3615 2070 3670 lnstituantur

499 3733 592 3786 per
634 3717 765 3770 istos
824 3728 957 3784 quos
996 3726 1121 3765 suos
1161 3723 1280 3765 esse
1336 3722 1439 3763 non
1493 3707 1823 3761 conciliatrix
1856 3706 2028 3759 fabula
2054 3744 2067 3769 ,

497 3824 600 3864 non
650 3808 850 3862 incerta
899 3803 1171 3868 defensio,
1218 3800 1313 3855 sed
1361 3800 1475 3870 ipse
1516 3800 1707 3853 summi
1756 3797 1848 3851 Dei
1900 3796 2071 3866 fulgor

496 3898 750 3954 enunﬁeL

1062 3982 1281 4038 DIC'I’IO
1318 3981 1503 4037 XXIII.

536 4086 551 4114 ί
599 4080 664 4135 In
696 4080 1017 4143 abdicatum,
1050 4077 1158 4145 qui,
1208 4084 1350 4143 patre
1396 4082 1589 4136 necato,
1642 4072 1790 4124 matri
1832 4087 2034 4140 quoque

1104 4165 1461 4217 insidiabatur.

954 4269 1345 4312 CONTBOVERSIA
1385 4268 1600 4309 DFCIIIA.

566 4356 871 4423 Postquam,
888 4349 1115 4419 judiecs,
1143 4346 1414 4401 abdicatus
1440 4344 1601 4413 filius,
1630 4343 1681 4397 in
1706 4342 1832 4411 justi
1856 4357 2071 4398 exsecu-

496 4449 692 4501 tionem
716 4444 930 4503 doloris,
959 4443 1122 4509 patris
1146 4440 1362 4504 factum,
1386 4438 1574 4493 matris
1595 4452 1935 4502 consensum,
1954 4436 2065 4505 gla-

485 4539 583 4592 dio
608 4535 918 4601 vindicavit,
963 4533 1178 4586 turbare
1215 4546 1275 4585 se
1305 4530 1532 4584 aestimat
1573 4528 1926 4582 innocentiam
1972 4542 2063 4581 co-

494 4630 784 4700 gnitorum,
798 4635 851 4682 et
868 4625 1061 4693 aliquid
1080 4623 1145 4677 de
1163 4620 1428 4675 manifesti
1452 4620 1703 4674 facinoris
1730 4619 2064 4672 absolutione

494 4721 798 4787 subripere.
844 4716 1119 4771 Nescimus
1161 4729 1279 4783 qua:
1329 4712 1380 4766 in
1427 4711 1735 4767 defensione
1783 4711 1862 4764 sui
1904 4711 2062 4765 vesba

488 4810 860 4868 vcommentitia
890 4806 1184 4862 sceleratus
1228 4804 1490 4871 inveniat,
1540 4802 1604 4855 ad
1632 4800 1779 4870 cujus
1812 4816 1908 4855 nos
1938 4815 2065 4855 cono

492 4904 806 4958 futationem
843 4898 1034 4954 vulnus
1079 4896 1431 4950 ostendimus.
1479 4894 1615 4949 Malo
1658 4894 2063 4962 perseverantia

565 5041 579 5070 ¹
609 5039 673 5092 1η
700 5031 1009 5103 abdicatum]
1040 5030 1453 5103 Tituloraretin
1477 5029 1684 5103 duobus
1707 5028 1975 5103 antiquis;
2008 5029 2059 5083 in

493 5113 672 5173 tertio,
701 5107 791 5175 qui
816 5098 1077 5175 recentior
1105 5111 1204 5165 est,
1231 5100 1534 5153 inscribitur
1558 5118 1569 5153 :
1596 5098 1620 5151 Ι
1632 5100 1845 5175 nqectjva
1861 5100 1912 5151 in
1930 5099 2059 5152 Urc-

491 5191 637 5243 stem,
662 5170 746 5245 qui
768 5176 948 5228 occidit
975 5173 1390 5245 Clytemnestram
1416 5180 1646 5245 matrem.
1673 5170 1777 5245 Sed
1808 5172 2060 5237 deceptus

491 5261 565 5305 est
592 5240 832 5316 quisquis
858 5244 1011 5316 hujus
1035 5240 1393 5316 inscriptionis
1416 5252 1601 5295 auctor
1617 5240 1740 5316 fuit,
1760 5241 2059 5306 argumenti

490 5310 862 5373 similitudine.
910 5315 1037 5367 Nam
1070 5313 1287 5367 Orestes
1318 5320 1535 5365 matrem
1574 5310 1790 5373 occidit,
1830 5325 1933 5362 non
1965 5325 2057 5373 pa-

489 5400 623 5444 trem
655 5408 665 5441 :
702 5387 785 5440 hic
805 5395 978 5438 autem
1009 5394 1208 5451 patrem
1236 5383 1461 5446 necavit,
1482 5390 1707 5451 matrem
1729 5395 1831 5432 non
1863 5381 2050 5447 potuit.

491 5461 661 5525 Quare
689 5457 959 5511 indeﬁnite
990 5449 1182 5525 scripta
1215 5461 1294 5505 est
1322 5452 1371 5502 in
1398 5451 1560 5525 ﬁlium
1591 5449 1891 5525 abdicatum
1920 5468 1931 5501 :
1963 5464 2056 5502 eu-

491 5519 714 5597 iftsmodi
731 5529 846 5580 alia:
864 5519 1165 5597 complures
1183 5538 1279 5597 sun
1289 5532 1352 5597 t_a
1357 5521 1463 5597 pud
1484 5521 1759 5597 Senecam,
1779 5519 2054 5597 [.ibanium

492 5586 545 5653 et
571 5600 703 5650 alios
730 5599 781 5648 in
810 5586 1116 5648 abdica'ntcs
1148 5592 1225 5647 vel
1269 5586 1558 5653 abdicatos,
1591 5586 2048 5664 ἀποκηρύττοντας,

492 5668 519 5727 ἢ
543 5668 1055 5741 τξπῳξηρυττοίλένους.

556 5738 580 5769 ³
609 5722 879 5801 Αιιὺεηιίο]
899 5722 1080 5800 Quam
1106 5731 1426 5802 etbopmiam
1449 5744 1476 5783 a
1501 5727 1702 5783 Grmcis
1726 5728 1827 5782 di(i
1859 5729 2037 5783 mortui

2727 1894 2949 1949 DICTIO
2983 1893 3170 1947 XXIV.

2342 1988 2423 2043 Ea:
2446 1999 2686 2055 tempore,
2711 2002 2861 2054 quam
2894 1986 3001 2051 ipse
3026 1982 3292 2035 Deuterius
3314 1979 3563 2050 iuju-ixit.

2750 2090 2935 2129 ETIXICA
2977 2090 3151 2127 PRIMA.

2849 2184 3049 2221 ’ΠΗ-ΖΜΔ.

2273 2264 2585 2319 Perfunctus
2612 2263 2801 2333 pelago
2829 2261 3132 2323 Diomedes,
3165 2268 3306 2313 tutus
3338 2267 3389 2310 et
3418 2256 3564 2310 arvis

2344 2357 2682 2425 Naufragium
2710 2355 2893 2418 deflet,
2917 2353 3053 2422 quod
3078 2352 3192 2405 sine
3220 2349 3431 2419 lympha
3464 2348 3582 2400 fuit.

2273 2450 2437 2515 Quam
2467 2459 2679 2517 propter
2704 2446 2875 2499 varios
2903 2443 3232 2498 contendens
3262 2442 3461 2493 vicerat
3484 2447 3671 2498 aestus,

2347 2540 2489 2593 Uxor
2515 2537 2578 2591 ad
2603 2536 2818 2590 alterius
2848 2535 3130 2588 transierat
3158 2532 3426 2599 cepulam.

2274 2630 2442 2685 Causa
2473 2630 2813 2698 querelarum
2838 2626 3085 2681 simulato
3110 2623 3323 2678 nomine
3353 2636 3473 2673 vera
3502 2628 3608 2674 est.

2346 2722 2512 2791 Ilujus
2534 2719 2713 2785 verba,
2746 2734 2957 2787 precor,
2983 2717 3177 2771 comite
3198 2728 3291 2768 vos
3312 2712 3525 2782 placidi.

2774 2811 2793 2839 '
2822 2821 3138 2862 ALLOCUTIO.

2240 2906 2281 2960 Ο
2312 2904 2546 2968 numina,
2581 2904 2624 2958 si
2648 2902 2797 2957 vobis
2826 2916 2932 2954 non
2957 2898 3201 2953 eveniunt
3231 2904 3417 2951 cuncta
3446 2893 3740 2961 disponen-

2174 2999 2333 3064 tibus,
2364 2999 2527 3052 divisa
2568 3004 2800 3066 potestas
2841 3003 2944 3058 est,
2983 3002 3073 3047 aut
3101 3000 3154 3044 et
3198 2991 3456 3043 malorum
3486 2985 3618 3040 estis
3644 2999 3741 3036 an-

2171 3103 2365 3147 ctores.
2416 3091 2564 3156 Quod
2608 3091 2647 3143 si
2691 3090 3039 3147 humanarum
3085 3098 3262 3138 rerum
3307 3093 3625 3147 quemquam
3676 3091 3741 3129 ex

2172 3199 2393 3239 numero
2430 3193 2605 3236 vestro
2642 3195 2767 3233 cura
2811 3177 3099 3243 sollicitat,
3143 3174 3444 3228 felicitatem
3487 3168 3618 3221 mihi
3661 3182 3743 3219 re-

2171 3276 2379 3329 deuntis
2407 3274 2642 3337 tribuite,
2667 3279 2755 3323 aut
2783 3283 3020 3323 errorem
3046 3280 3199 3335 quem
3231 3262 3421 3316 ﬁnistis
3448 3257 3660 3328 ingrati.
3684 3257 3742 3311 Si

2170 3367 2360 3422 caelum
2386 3365 2617 3420 vocanda
2643 3364 2847 3431 piorum
2874 3357 3215 3429 posscssio,si
3235 3363 3448 3425 proiiter
3470 3360 3739 3406 momenta

2173 3461 2367 3514 lictitire
2398 3458 2712 3513 mortalibus
2739 3463 2886 3507 orata
2917 3450 3257 3520 tribuunturJ
3278 3448 3441 3502 nolite
3469 3445 3743 3500 beneﬁciis

2170 3553 2358 3606 vestris
2382 3550 2586 3604 sociare
2612 3547 2911 3601 vindictam.
2930 3547 3037 3597 Cur
3062 3543 3235 3596 taliter
3258 3541 3321 3593 ad
3349 3538 3591 3592 cffectum
3618 3546 3743 3588 vota

2173 3643 2491 3697 tetendimns
2516 3684 2528 3705 ,
2565 3649 2620 3692 ut
2648 3647 2923 3707 pararetur
2952 3634 3187 3689 (’lBiiltlln
3217 3629 3467 3698 suffragio
3492 3628 3559 3681 de
3585 3640 3743 3680 occa-

2171 3736 2228 3788 siv
2252 3750 2319 3788 ne
2347 3732 2713 3801 prosperitatis
2738 3726 3075 3782 adversitas?
3105 3724 3349 3787 Reddite,
3379 3735 3585 3788 qua-so,
3622 3731 3743 3785 pro-

2166 3826 2282 3896 pitii
2306 3823 2636 3879 incommoda
2662 3837 2775 3890 qua:
2806 3820 2876 3873 tul
2901 3819 2996 3872 stis
3025 3834 3038 3881 ;
3073 3818 3378 3870 restituatur
3408 3812 3643 3878 pelagus,
3676 3823 3743 3861 ne

2170 3930 2385 3975 tet‘reno
2412 3927 2591 3983 pereat
2614 3915 2750 3969 fama
2776 3910 3069 3981 naufragio.
3095 3906 3355 3963 Secundis
3381 3903 3539 3959 rebus
3564 3901 3744 3969 proxi-

2171 4025 2317 4063 mum
2347 4017 2426 4062 est
2481 4019 2807 4075 quaecunque
2833 3998 3153 4055 accesserint
3183 3997 3317 4050 mala
3350 3990 3559 4046 nesciri.
3592 3991 3743 4059 Igno-

2172 4102 2330 4154 minia
2358 4113 2476 4167 quas
2500 4111 2584 4150 mc
2612 4096 2660 4148 in
2693 4094 2823 4148 faeie
2853 4090 3098 4160 perculit,
3129 4104 3231 4142 non
3264 4086 3522 4154 tetigisset
3546 4082 3743 4136 absen-

2172 4202 2296 4246 tem.
2343 4190 2596 4253 Uxorem,
2646 4202 2741 4256 pro
2790 4184 2970 4238 nefas!
3020 4182 3119 4235 nisi
3160 4180 3227 4234 ad
3273 4193 3391 4233 eam
3434 4175 3740 4232 rediissem.

2172 4281 2417 4336 amisisse
2446 4294 2550 4333 non
2581 4278 2830 4333 erederer
2856 4291 2870 4330 :
2912 4272 3115 4328 inflexit
3142 4280 3336 4324 statum
3368 4281 3543 4320 meum
3583 4263 3743 4330 abju-

2169 4383 2283 4429 rata
2326 4373 2621 4428 calamitas.
2660 4367 2887 4424 Statiom‘
2930 4364 3143 4433 prottior
3185 4361 3281 4414 fuit
3310 4358 3558 4427 liquentis
3587 4372 3743 4411 error

2170 4465 2416 4520 elementi
2460 4481 2473 4516 :
2519 4472 2726 4529 portum
2778 4460 2827 4512 in
2876 4455 3093 4526 genitali
3140 4454 3254 4507 solo
3302 4450 3530 4521 perdidi,
3579 4462 3740 4517 quom

2167 4572 2311 4626 sazpe
2338 4558 2387 4609 in
2416 4554 2545 4608 vaSti
2575 4551 2795 4622 gurgitis
2822 4550 3025 4602 sinibus
3056 4545 3330 4615 acquisivi.
3385 4541 3631 4595 lltcccine
3660 4547 3742 4591 est

2168 4648 2357 4700 domus
2383 4653 2580 4712 Optata,
2605 4642 2753 4710 cujus
2780 4639 3045 4695 desiderio
3072 4635 3426 4706 periculorum
3460 4631 3743 4701 promitte-

2166 4741 2321 4793 batur
2364 4736 2587 4800 oblivio,
2637 4748 2760 4787 cum
2809 4746 2904 4802 spe
2950 4729 3221 4799 sequentis
3269 4724 3443 4796 gaudii
3498 4736 3740 4792 prmsens

2169 4833 2422 4885 malorum
2458 4835 2662 4894 peterat
2686 4826 2858 4879 forma
2886 4822 3119 4877 nesciri?
3148 4819 3242 4873 Cui
3274 4830 3502 4885 unquam
3533 4814 3601 4867 de
3634 4817 3739 4866 m-

2167 4922 2421 4978 scrarium
2450 4919 2689 4974 terminis
2711 4925 2831 4970 sunt
2863 4924 2983 4968 nata
3010 4910 3287 4982 principia,
3314 4917 3403 4961 aut
3433 4906 3499 4959 de
3524 4904 3743 4973 perfun-

2167 5053 2304 5102 mus,
2337 5050 2452 5089 eam
2481 5033 2651 5087 Latini
2679 5027 3134 5102 s:eculo_Ennod_ii
3166 5025 3545 5102 allocutionem
3578 5034 3739 5100 voca-

2167 5092 2307 5161 runt:
2352 5107 2439 5159 Sic
2474 5105 2614 5158 enim
2658 5115 2711 5156 et
2746 5100 3044 5154 Priscianus
3089 5100 3138 5149 in
3188 5092 3740 5148 Prmexcrcitamcntis

2168 5177 2445 5232 rhetorica!
2475 5190 2487 5227 :
2524 5174 2773 5226 Allocutio
2804 5180 2872 5222 est
2898 5169 3112 5221 imitatio
3142 5165 3387 5217 sermonis
3411 5164 3477 5214 ad
3505 5177 3672 5213 mores
3694 5169 3739 5211 et

2164 5248 2456 5315 suppositas
2494 5260 2734 5315 personas
2773 5240 3173 5315 accommodata,
3218 5245 3295 5301 ut,
3343 5233 3538 5298 Quibus
3580 5232 3738 5315 verbis

2166 5302 2239 5371 uti
2264 5302 2513 5378 lpotnisse't
2555 5312 2915 5378 Andromache
2943 5308 3159 5361 Hectore
3190 5315 3388 5378 mortuo
3425 5317 3441 5354 :
3472 5302 3619 5378 quod
3644 5312 3741 5378 _est

2165 5372 2301 5457 apud
2350 5386 2658 5457 Libanium,
2708 5385 2841 5457 river;
2893 5376 2957 5457 (in
3000 5377 3366 5457 cirrat_).6')iouc
3399 5372 3733 5457 Ἀνδρομάχη

2158 5443 2361 5529 κέιμένῳ
2401 5455 2467 5527 ἐφ’
2488 5443 2708 5529 Ἀιέκτορμ
2744 5455 2849 5504 lloe
2877 5451 3015 5529 enim
3048 5448 3204 5529 modo
3242 5443 3410 5527 Graeci
3440 5443 3735 5529 etde-arum

2159 5512 2448 5583 dictionum
2480 5512 2709 5579 themdta
2746 5514 3333 5589 proponebattt._Latitii
3365 5513 3416 5565 in
3452 5514 3594 5589 hunc
3627 5512 3735 5589 fere

2161 5580 2393 5662 modum,
2426 5596 2519 5649 Ve:
2539 5598 2601 5649 ba
2635 5580 2923 5658 Diomedis,
2954 5605 3071 5644 eum
3105 5587 3339 5657 Egiales
3370 5582 3557 5637 uxoris
3588 5580 3735 5634 adul-

2163 5670 2292 5724 lcria
2336 5667 2599 5737 cognovit.
