3974 6366
240 435 342 492 305

1706 429 2073 486 DICTIONES.

3392 437 3492 490 I'iut‘i

240 548 337 602 clis
365 542 589 598 casibus
613 541 790 597 evenit
815 539 1128 595 exordium?
1158 540 1454 608 Aliquando
1485 551 1661 607 aptata
1685 558 1814 597 con-
1844 545 1893 602 Α
1924 541 2096 594 neficii
2142 541 2426 596 collatione
2466 545 2735 599 submitte.
2785 547 2956 601 Liceat
3003 562 3095 615 pro
3120 563 3264 615 caro,
3298 553 3342 604 si
3387 570 3489 605 non

239 641 353 708 tigit
399 652 505 689 non
546 634 759 689 amari?
797 642 886 687 aut
924 634 1148 687 accessit
1174 643 1233 686 nt
1282 633 1551 688 hominem
1596 636 1812 691 lmderet

238 732 353 799 fuga
382 725 763 781 discriminis?
791 726 875 779 Me
914 725 1068 778 novis
1109 738 1320 794 semper
1363 726 1592 794 pessima
1620 728 1811 782 ictibus

239 823 448 873 fortuna
481 815 715 885 perculit
744 834 755 867 :
786 816 936 884 cujus
964 815 1008 869 si
1036 817 1087 869 in
1116 815 1350 870 deterius
1373 817 1540 885 vergit
1566 820 1811 884 mutatio,

237 911 533 978 simplicem
569 907 792 961 nocendi
818 908 987 961 fervet
1014 907 1266 973 speciem,
1293 923 1359 960 ne
1382 910 1811 965 successionibus

238 1001 550 1055 insolescat.
577 998 836 1061 Uxorem.
866 998 1125 1051 malorum
1154 999 1397 1065 comites,
1425 998 1581 1053 habui
1613 1001 1676 1053 ad
1711 1018 1808 1068 pu-

239 1092 473 1146 dicitiam
530 1100 733 1143 natum
781 1089 897 1143 luce
945 1089 1351 1154 transmissam,
1420 1089 1503 1143 cui
1558 1090 1809 1158 splendor

237 1179 445 1234 oriundi
476 1185 725 1233 creverat
767 1177 1024 1230 institutis
1055 1216 1070 1242 ,
1104 1186 1160 1229 ut
1196 1177 1409 1246 gemino
1437 1178 1653 1233 defensa
1682 1195 1806 1248 pro-

238 1268 538 1337 pugnaculo
584 1268 886 1321 nullatenus
925 1266 1216 1321 facinorum
1264 1268 1576 1323 crederetur
1617 1270 1807 1327 ictibus

236 1360 536 1429 subjacere,
578 1373 676 1413 nec
712 1359 843 1412 dura
871 1359 1196 1413 castimoniae
1230 1358 1573 1414 obscenitatis
1601 1361 1808 1416 evisce-

236 1450 442 1504 ratione
471 1449 701 1504 mollire.
750 1449 837 1502 llla
864 1464 1133 1518 nunquam
1162 1450 1359 1503 fulvum
1391 1451 1586 1504 metalli
1616 1450 1808 1518 (ιιιωεὶ-

235 1544 311 1597 vit
325 1552 577 1595 ornatum
602 1581 618 1605 ,
637 1556 735 1596 nec
758 1542 1108 1609 pretiosorum
1132 1542 1364 1596 candore
1386 1541 1614 1611 lapidum
1634 1542 1806 1598 nivem

236 1634 476 1701 corporis
516 1635 719 1688 imitata
748 1645 831 1688 est
861 1675 879 1699 ,
908 1650 1015 1687 non
1047 1636 1149 1689 ulla
1187 1634 1369 1688 habuit
1407 1634 1617 1689 decoris
1657 1634 1809 1705 adju-

236 1735 435 1787 menta,
459 1724 585 1778 dum
610 1725 805 1792 placuit
829 1765 844 1790 ,
866 1725 1019 1780 scivit
1040 1726 1329 1794 conjngalis
1349 1725 1466 1793 jura
1489 1726 1805 1779 sacramenti

236 1817 423 1869 fucatis
470 1815 667 1869 studiis
713 1831 817 1868 non
861 1814 1033 1883 juvari
1062 1856 1078 1880 ,
1116 1830 1215 1869 nec
1250 1815 1537 1884 obligatum
1571 1816 1805 1871 tenuisse

1920 632 2180 688 vincimus
2204 633 2493 700 interitum,
2520 638 2597 690 vel
2624 640 2824 694 subire.
2851 640 2968 694 Stat
2987 650 3109 696 ante
3133 644 3315 697 oculos
3344 660 3491 698 meos

1916 732 2148 798 orbitas,
2191 732 2393 788 idcirco
2421 732 2679 800 deterior,
2728 738 2845 807 quia
2879 738 3021 791 illam
3052 753 3148 807 pro
3179 741 3489 794 aeternitatis

1916 836 2051 875 mea:
2080 822 2403 877 sublimitate
2433 824 2693 892 prtescivi.
2725 826 2769 878 Ο
2800 826 3076 894 lugendam
3109 827 3382 881 numinum
3416 828 3488 883 fe-

1913 908 2187 973 licitatem,
2232 925 2353 964 cum
2388 911 2513 965 illud
2560 912 2698 980 quod
2741 912 2807 966 de
2836 913 3071 968 adversis
3114 915 3342 984 ignorari
3381 932 3486 971 non

1916 996 2059 1058 licet.
2089 1014 2192 1052 non
2224 1000 2453 1054 donatur
2478 1005 2761 1057 avertere!
2797 1002 3068 1058 Recordor
3096 1007 3345 1071 praeteriti
3378 1008 3486 1062 sol-

1913 1084 2236 1140 licitudinem
2265 1090 2521 1156 temporis
2543 1133 2558 1158 ,
2585 1099 2637 1144 et
2663 1106 2817 1146 curas
2848 1108 2992 1147 meas
3030 1096 3223 1163 quibus
3252 1097 3485 1164 nequid-

1912 1190 2069 1243 quam
2120 1177 2384 1246 invigilavi
2442 1182 2778 1236 reminiscor.
2829 1182 2963 1249 Quid
3040 1184 3234 1249 profuit
3286 1186 3483 1255 Stygize

1911 1262 2118 1330 paludis
2145 1266 2343 1319 auxilio
2370 1268 2477 1321 nati
2504 1283 2698 1336 corpus
2728 1281 3006 1334 armatum,
3035 1270 3157 1323 dum
3191 1272 3314 1326 illud
3343 1276 3482 1342 quod

1911 1365 1940 1403 a
1988 1352 2140 1404 nobis
2179 1368 2390 1409 sumere
2433 1355 2615 1410 debuit
2662 1374 3019 1425 quaereremus
3058 1375 3085 1413 a
3132 1362 3381 1432 gurgite?
3427 1364 3482 1419 In

1913 1439 2167 1494 membris
2208 1443 2370 1510 prolis
2397 1454 2615 1510 nostra),
2655 1461 2812 1513 quem
2842 1447 2937 1501 dea
2980 1448 3171 1513 tenuit,
3222 1450 3370 1506 locus
3400 1457 3484 1507 e‘st

1911 1529 2164 1585 vulneris.
2209 1530 2315 1587 Cur
2356 1548 2460 1588 non
2505 1535 2791 1590 laxioribus
2832 1536 3009 1607 digitis
3054 1538 3267 1608 lympha
3298 1536 3356 1595 se
3383 1542 3491 1595 mir

1910 1616 2040 1669 scuit
2062 1658 2077 1681 ,
2120 1627 2177 1673 ut
2207 1634 2268 1673 ex
2318 1630 2428 1675 toto
2467 1624 2779 1679 exclusisset
2810 1626 2944 1680 ictus
2970 1630 3176 1696 superis
3204 1630 3341 1684 unda
3390 1631 3481 1686 'su-

1910 1706 2163 1764 blimior?
2203 1714 2327 1781 quid
2356 1715 2513 1768 etiam
2536 1716 2949 1784 jurit'Chironis
2978 1721 3202 1790 elegisse
3232 1724 3481 1793 magiste-

1909 1799 2070 1868 rium,
2104 1804 2193 1872 qui
2223 1810 2393 1860 mtatis
2425 1809 2683 1864 lubricum
2716 1811 2957 1867 doctrina
2987 1816 3278 1871 solidaret?
3306 1818 3480 1874 Credo

237 1909 544 1975 coniugem,
569 1906 780 1974 quando
807 1907 966 1961 alium
992 1916 1185 1976 praeter
1208 1923 1326 1962 eum
1358 1908 1445 1975 qui
1477 1908 1752 1962 descendit
1775 1922 1804 1961 α
1836 1911 1881 1970 Β
1909 1888 2135 1947 diversis
2162 1895 2551 1952 institutionum
2583 1901 2821 1967 callibus,
2857 1916 2907 1954 ut
2944 1904 3135 1957 bellum
3165 1908 3273 1959 tilio
3306 1910 3478 1975 place-

235 1998 475 2052 moribus
539 1997 786 2065 quaesivit
826 2007 984 2066 nupta
1016 1998 1292 2067 fulgorem.
1338 1998 1528 2053 Mansit
1556 2000 1643 2052 illa
1677 1998 1809 2053 edu-

235 2089 531 2144 caudarum
564 2091 843 2159 pignorum
876 2093 1107 2145 servitus
1148 2092 1333 2157 libera,
1375 2091 1502 2145 dum
1542 2093 1702 2147 talem
1748 2106 1807 2147 se

234 2180 483 2248 praebuit,
512 2196 629 2249 qua:
655 2189 708 2235 et
736 2181 1024 2236 desiderari
1056 2184 1330 2248 meruerit,
1377 2191 1432 2237 et
1456 2184 1625 2238 virum
1671 2200 1806 2238 nun-

234 2286 389 2341 quam
419 2282 632 2340 putaret
656 2273 951 2327 absentem.
996 2274 1087 2327 llla
1118 2290 1299 2329 sexum
1334 2275 1525 2330 mentis
1557 2276 1805 2332 firmitate

234 2362 560 2426 duraverat,
599 2363 723 2416 dum
766 2364 849 2416 illi
885 2363 1159 2417 muliebris
1186 2364 1450 2419 imbecilla
1495 2367 1699 2420 consilii
1733 2368 1803 2421 de

236 2452 373 2506 virili
398 2462 656 2520 ceperant
685 2455 998 2509 auctoritate
1024 2456 1394 2510 substantiam.
1425 2456 1543 2511 Jam
1567 2457 1801 2527 lapsibus

234 2545 437 2599 ordinis
459 2547 540 2599 sui
565 2546 809 2599 doctrina
834 2547 1132 2602 medicante
1160 2548 1508 2616 repugnabat,
1546 2558 1599 2604 et
1629 2558 1803 2605 trans-

236 2636 337 2690 lata
376 2637 430 2690 in
460 2652 587 2691 usus
627 2638 822 2692 alteros
862 2639 1173 2693 feminarum
1206 2641 1409 2695 ridebat
1444 2655 1714 2697 excessus.
1745 2642 1800 2697 In

233 2740 461 2791 summa,
494 2727 611 2780 talis
636 2728 807 2795 periit,
834 2728 1020 2797 quales
1050 2729 1222 2784 solent
1250 2745 1285 2783 a.
1306 2731 1507 2785 maritis
1540 2732 1800 2801 lacrymas

232 2815 539 2884 impntrare.
562 2817 782 2883 Circam,
804 2829 860 2871 ut
890 2820 1057 2884 aiunt,
1078 2820 1262 2887 poculo
1288 2835 1316 2874 a
1338 2836 1397 2875 se
1423 2822 1672 2877 translata
1695 2833 1796 2891 est,

233 2916 283 2960 et
313 2907 367 2960 in
393 2914 575 2961 votum
603 2898 843 2977 migravit
867 2908 1113 2964 adulteri.
1144 2909 1247 2963 Sed
1275 2910 1400 2979 quid
1422 2926 1638 2981 agamus
1660 2914 1799 2967 inter

231 2997 385 3051 anxia
416 3008 471 3053 et
495 3000 693 3053 incerta
721 3001 1078 3069 deprehensi?
1111 3002 1348 3071 Recipiat
1376 3018 1471 3058 nos
1496 3020 1591 3073 pro
1623 3020 1798 3062 reme-

231 3089 329 3142 diis
347 3104 509 3143 exosa
529 3091 792 3159 navigatio
812 3132 827 3157 ,
850 3092 1059 3147 lassata:
1082 3108 1268 3148 manus
1284 3095 1593 3152 rudentibus
1609 3107 1794 3166 stupea

230 3194 414 3233 rursus
456 3180 663 3234 vinettla
705 3183 1068 3250 meditemur;
1113 3184 1313 3241 ltrereat'
1358 3188 1525 3243 clavis
1553 3189 1793 3254 dextera,

1908 1993 2009 2050 ret,
2044 1986 2341 2043 invenimus
2373 2010 2384 2043 :
2417 1993 2552 2060 apud
2586 1996 2900 2050 monitOrcm
2927 1997 3270 2055 fortissimum
3300 2012 3475 2057 actum

1908 2087 1989 2129 est
2017 2085 2074 2131 ut
2095 2078 2234 2133 vires
2263 2096 2379 2148 qua:
2403 2083 2761 2151 sequebantur
2786 2088 3023 2139 lconsilia
3051 2104 3152 2142 non
3194 2090 3469 2147 baberent.

1907 2169 2033 2235 Quis
2064 2173 2391 2229 miscendum
2423 2176 2739 2232 feminarum
2777 2178 2990 2234 latebris
3020 2183 3187 2236 virum
3230 2199 3473 2253 saporem

1906 2262 2066 2315 vellet
2093 2265 2304 2318 haurire
2344 2268 2670 2328 certaminis.
2715 2276 2765 2323 et
2794 2270 2917 2325 inde
2946 2273 3218 2339 provideat
3246 2275 3471 2343 pignori,

1907 2352 2045 2405 unde
2075 2354 2193 2408 facit
2220 2357 2391 2424 perire
2419 2358 2556 2426 quod
2584 2360 2859 2426 providet?
2886 2362 2996 2415 lam
3021 2363 3235 2417 duratas
3259 2364 3476 2432 spiculis

1906 2457 2091 2497 manus
2128 2445 2193 2498 ad
2242 2436 2479 2501 calaibos
2523 2447 2917 2518 fian'gebamus,
2966 2461 3019 2505 ct
3060 2452 3177 2505 illos
3224 2454 3475 2508 humeros

1903 2547 2035 2599 quos
2057 2535 2266 2602 spoliati
2298 2535 2466 2591 leonis
2496 2548 2635 2607 terga
2666 2528 3039 2601 caléfccerant,
3073 2557 3203 2597 auro
3227 2542 3472 2596 detincta

1901 2627 1985 2682 vel
2015 2629 2216 2684 murice
2245 2631 2379 2699 palla
2413 2632 2712 2687 claudebat.
2745 2634 2856 2687 Non
2891 2634 3054 2688 facilis
3082 2636 3333 2688 transitus
3356 2633 3471 2699 fuit,

1897 2714 2146 2783 juvenem
2172 2728 2408 2774 nostrum
2434 2721 2659 2789 puellam
2686 2732 3028 2792 postgustum
3054 2724 3135 2777 lau
3161 2726 3220 2777 lis
3240 2725 3471 2782 imitari:

1900 2820 1999 2861 nec
2033 2817 2206 2862 astute
2245 2810 2597 2877 componitur,
2628 2813 2769 2880 quod
2811 2826 2912 2865 non
2958 2814 3009 2866 in
3058 2815 3254 2868 teneris
3297 2816 3470 2870 aetatis

1902 2893 2208 2962 primordiis
2240 2897 2513 2966 imperavi.
2549 2898 2652 2953 Sed
2684 2900 2808 2967 quid
2836 2910 3098 2955 transacta
3129 2904 3325 2967 reColo,
3349 2920 3477 2958 cum

1900 2987 2134 3040 animum
2169 2986 2356 3041 futura:
2384 2988 2698 3043 calamitatis
2730 2991 2901 3059 pulset
2936 2991 3277 3047 immanitas?
3305 2994 3475 3048 Video

1900 3075 2071 3145 Trojaa
2105 3076 2352 3132 fumantis
2381 3077 2606 3141 excidia,
2636 3089 2688 3133 et
2730 3088 2865 3132 statu
2899 3096 3015 3134 eam
3059 3090 3304 3136 manente
3347 3083 3473 3137 sub-

1898 3168 2104 3217 versam
2136 3186 2153 3230 ς
2206 3166 2361 3220 video
2391 3166 2633 3220 Hectoris
2665 3168 2838 3234 prmlia
2871 3169 3059 3223 acerba
3109 3171 3424 3242 Grajugenis
3451 3212 3471 3240 ,

229 3281 285 3325 ut
309 3272 525 3326 “cnam
548 3275 737 3341 puppis
763 3290 855 3342 pm,
873 3276 1422 3347 gubernaculumium
1448 3280 1753 3336 moderemr
1823 3276 1869 3340 ρ
1900 3251 1987 3320 qui
2020 3252 2215 3347 idcirco
2254 3256 2424 3347 crevit
2452 3255 2822 3323 opinionibus,
2858 3266 2914 3311 ut
2943 3258 3113 3313 soboli
3160 3276 3311 3325 mem,
3345 3262 3469 3316 dum

226 3362 467 3429 depictus
497 3364 758 3419 sideribus
784 3369 899 3420 axis
918 3367 1166 3422 reddatur
1185 3371 1417 3438 aspecmi
1447 3387 1461 3435 ;
1492 3371 1794 3440 dispositio-

227 3454 307 3507 nis
323 3462 520 3507 nostrre
540 3455 728 3509 itinera
748 3457 979 3511 noctium
1004 3458 1296 3528 dirigantur
1310 3462 1539 3517 indiciis.
1554 3462 1635 3519 Sit
1650 3465 1793 3519 sola-

228 3545 356 3598 tium
386 3544 674 3600 luminibus
706 3548 859 3612 meis,
890 3548 935 3602 si
961 3550 1219 3618 profanati
1248 3567 1350 3607 non
1379 3553 1623 3609 videatur
1654 3563 1791 3609 terra

224 3634 450 3703 c0njugii
483 3651 498 3689 :
532 3634 796 3705 fugiamus
828 3642 1074 3707 patriam,
1104 3642 1155 3695 in
1184 3658 1287 3711 qua
1319 3643 1419 3699 tale
1441 3644 1687 3700 effectum
1711 3654 1794 3700 est

223 3725 618 3779 matrimonium
649 3738 910 3796 nostrum,
938 3730 1077 3799 quod
1103 3744 1151 3786 el
1184 3734 1425 3790 amisisse
1451 3736 1666 3805 pudeat,
1691 3752 1792 3794 nec

224 3815 453 3870 audeant
477 3827 597 3870 vota
630 3819 883 3888 recipere.

789 3929 1011 3986 DlCTlO
1064 3933 1226 3988 XXV.

292 4016 459 4069 Verba
487 4016 737 4081 Thetidis,
763 4037 875 4073 cum
907 4022 1155 4077 Achillem
1182 4028 1365 4081 videret
1393 4030 1712 4085 exstinctum.

767 4127 961 4167 ETHICA
994 4129 1242 4171 SECUNDA.

280 4198 579 4270 Intercepta
610 4210 692 4257 est
726 4204 813 4273 pio
841 4208 1060 4275 quazsita
1090 4209 1235 4265 fraus
1268 4224 1503 4269 materna
1537 4220 1779 4273 consilio.

215 4290 535 4349 Invenerunt
565 4297 826 4351 Achillem
870 4310 1111 4355 nostrum
1150 4301 1253 4357 fata
1286 4316 1337 4358 et
1366 4306 1434 4360 ab
1462 4308 1564 4361 alia
1593 4321 1784 4365 natura

211 4384 522 4454 subreptum
554 4429 572 4455 ,
606 4404 704 4443 nec
738 4390 937 4458 profuit
967 4394 1107 4458 quod
1144 4410 1330 4450 sexum
1365 4413 1520 4466 quem
1551 4402 1599 4454 ei
1633 4403 1783 4471 origo

210 4476 429 4531 dederat
486 4482 675 4535 astutia
720 4487 1103 4553 commutavit;
1143 4489 1391 4545 feminam
1432 4492 1781 4553 diuturnitate

208 4581 312 4619 non
344 4569 563 4635 didicit,
605 4581 657 4625 et
686 4574 780 4626 viri
815 4574 964 4630 fortis
990 4578 1222 4633 animum
1255 4582 1428 4637 mollis
1454 4588 1780 4643 consuetudo

205 4659 456 4712 servavit.
489 4660 621 4727 Quis
646 4664 826 4717 credat
858 4666 1181 4722 inefficacem
1212 4670 1371 4726 fuisse
1402 4677 1779 4745 provisionem,

204 4765 361 4819 quam
404 4764 457 4806 et
500 4755 598 4809 dea
645 4765 698 4810 ct
739 4768 907 4812 mater
948 4760 1191 4816 invenit?
1222 4765 1332 4818 Non
1380 4778 1461 4822 est
1504 4777 1777 4838 prmmiitm

202 4839 594 4911 immortalitas,
626 4864 780 4917 quam
812 4868 907 4905 nec
936 4855 1168 4920 genitrix
1198 4864 1505 4916 transmittit
1530 4866 1592 4917 ad
1621 4869 1780 4922 sobo-

200 4929 331 4997 lem,
364 4950 456 4988 nec
485 4951 580 5001 per
604 4954 719 4992 eam
750 4943 888 5009 quod
921 4944 1082 4998 filium
1113 4950 1322 5002 casibus
1354 4951 1555 5008 foretur
1585 4975 1772 5013 occur-

197 5023 285 5075 rit.
354 5024 417 5079 Ut
462 5044 733 5097 nunquam
795 5034 1064 5089 doloribus
1114 5040 1505 5111 subducamur,
1558 5053 1773 5107 numina

196 5128 401 5169 sumus.
426 5119 555 5184 Qua:
581 5131 660 5174 est
690 5124 783 5176 ista
816 5128 1068 5193 conditio,
1095 5134 1303 5198 quando
1325 5136 1391 5190 de
1414 5144 1773 5205 penetralibus

192 5207 457 5263 viscerum
499 5222 802 5269 nostrorum
839 5220 977 5285 quod
1012 5223 1152 5276 letho
1183 5229 1379 5281 serviat
1410 5232 1772 5290 exhibemus?

193 5295 506 5352 Caelicolum
542 5304 828 5368 potentiam
860 5318 950 5361 aut
979 5312 1165 5367 liceret
1197 5320 1488 5383 posteritati
1530 5324 1773 5381 conferre

192 5389 339 5453 quod
374 5389 630 5461 possidet,
673 5404 765 5447 aut
790 5399 930 5450 caris
957 5399 1402 5462 descendentibus
1435 5426 1529 5477 pro
1572 5414 1772 5469 lamen-

196 5480 415 5533 tationis
442 5484 669 5537 termino
690 5486 904 5543 daretur
927 5496 1265 5551 occumbere.
1292 5500 1572 5557 lnferiorcs
1600 5506 1771 5561 homi-

192 5570 355 5624 nibus
402 5588 584 5629 sumus
614 5578 805 5644 quibus
847 5581 1042 5637 similes
1070 5602 1317 5652 paremus
1353 5610 1364 5644 :
1398 5594 1449 5647 in
1485 5595 1586 5651 hoc
1618 5600 1767 5655 dote.

190 5660 307 5711 rius
346 5660 625 5719 Parcarum
658 5668 887 5724 ludibrio
926 5676 1295 5747 subjacentes,
1341 5687 1461 5753 quia
1500 5694 1766 5746 nescimus

189 5749 357 5803 exitia
386 5755 693 5821 pignoribus
722 5762 986 5829 obligalzn.
1023 5768 1345 5839 Supcrorum
1385 5780 1633 5850 maxime,
1679 5799 1767 5839 aut

189 5846 497 5912 proswpiem
532 5859 763 5905 nostram
796 5855 993 5913 subduc
1025 5862 1270 5932 fortuitis,
1305 5881 1391 5923 aut
1426 5888 1521 5927 nos
1555 5846 1645 5943 pro
1679 5881 1767 5933 bc~

1899 3344 2264 3408 occumberet,
2295 3345 2547 3414 triumphi
2578 3357 2783 3402 crescat
2811 3348 3130 3418 ad‘pretium
3160 3367 3175 3417 ;
3208 3361 3470 3417 raptatum

1898 3432 2166 3500 quadrigis
2190 3434 2363 3489 adhuc
2389 3435 2631 3489 bellaturi
2659 3453 2853 3506 corpus
2876 3454 3127 3507 agnosco,
3173 3449 3225 3495 et
3250 3441 3471 3496 Achillis

1897 3521 2000 3573 mei
2029 3523 2532 3592 minuicommodis,
2564 3527 2701 3595 quod
2731 3528 2797 3583 de
2828 3530 3059 3597 pondere
3088 3530 3350 3586 decrescit
3378 3549 3470 3588 ex-

1896 3614 2075 3668 stincti
2107 3631 2120 3679 ;
2157 3616 2331 3682 video,
2372 3619 2509 3687 quod
2544 3618 2636 3673 irae
2670 3622 2897 3687 prolicit,
2928 3622 3101 3690 perire
3130 3626 3467 3693 compendio.

1893 3703 1997 3761 Sed
2026 3709 2149 3776 quid
2180 3709 2260 3764 his
2295 3710 2538 3765 laudibus
2567 3727 2755 3780 pasciir
2776 3715 3051 3768 orbanila?
3081 3716 3279 3784 reliqua
3308 3719 3471 3773 silen—

1895 3796 2183 3865 tiotegam,
2211 3814 2274 3853 tie
2307 3810 2427 3854 ante
2466 3801 2665 3855 doloris
2707 3811 2916 3871 tempus
2954 3806 3257 3860 narratione
3297 3808 3467 3862 confi-

1892 3886 2024 3939 ciar.
2057 3888 2255 3942 llabeat
2282 3892 2699 3945 consolationem
2724 3893 2791 3947 de
2816 3894 3173 3951 taciturnitate
3196 3899 3465 3953 {eternitas

1890 3988 2092 4044 nostra,
2123 3996 2289 4049 quam
2310 3996 2413 4034 non
2443 3983 2600 4037 habet
2628 3985 2692 4038 de
2724 3995 2929 4037 natura.

2451 4074 2672 4129 DICTIO
2719 4075 2903 4129 XXVI.

2034 4162 2192 4215 l'erfra
2218 4162 2433 4218 Menelai
2460 4181 2573 4217 cum
2600 4164 2811 4236 Trojam
2844 4168 3024 4219 videret
3053 4179 3306 4223 exustam.

2462 4272 2650 4309 ETIIICA
2684 4272 2900 4317 TERTIA.

1960 4342 2068 4395 Etsi
2108 4344 2354 4411 gravibus
2384 4346 2627 4400 dolorem
2678 4366 2851 4403 meum
2901 4362 3080 4419 raptor
3119 4354 3463 4409 inflammavit

1887 4432 2144 4485 incendiis
2180 4472 2195 4495 ,
2223 4434 2321 4486 etsi
2356 4436 2664 4500 pertulimus
2702 4438 2842 4493 faces
2885 4440 3091 4508 injuria:
3125 4482 3139 4505 ,
3172 4442 3350 4497 debito
3381 4456 3461 4497 ta-

1887 4539 2006 4578 men
2031 4540 2159 4586 rogo
2188 4526 2429 4580 immensi
2457 4538 2642 4582 auctor
2668 4532 2892 4586 sceleris
2912 4548 3025 4587 cum
3050 4535 3333 4603 conjuncta
3359 4538 3457 4591 sibi

1812 4646 1862 4706 Ι)
1888 4614 2232 4667 universitate
2255 4618 2554 4673 consenuit.
2584 4619 2724 4675 Pene
2749 4620 2870 4676 felix
2893 4627 3210 4679 contumelia
3241 4636 3319 4680 est
3342 4643 3461 4697 qua;

1889 4705 2045 4758 talem
2080 4717 2331 4772 metetur,
2365 4714 2461 4761 etsi
2492 4726 2610 4764 cum
2643 4713 2876 4767 maximo
2906 4716 3120 4779 sudore.
3148 4720 3455 4775 vindictam.

1884 4799 2013 4861 Qus
2059 4813 2271 4866 respuat
2322 4804 2593 4869 suscipere
2641 4808 3016 4862 necessitatem
3062 4812 3312 4877 triumphi
3356 4821 3461 4866 ter-

1884 4890 2028 4939 mino
2086 4891 2552 4945 rancludendam?
2602 4909 2760 4964 sapor
2811 4901 3144 4966 sequ-mium
3208 4906 3459 4959 amaritu-

1881 4976 2056 5031 dinem
2082 4982 2152 5032 rei
2182 4981 2530 5047 prmcedentis
2551 4986 2781 5040 excludit
2806 5003 2820 5041 :
2847 4988 3002 5045 dulce
3030 4993 3085 5043 lit
3120 4993 3258 5060 quod
3285 4994 3459 5047 dolui-

1881 5083 2019 5137 mus,
2051 5072 2170 5138 quia
2198 5070 2397 5126 doloris
2426 5077 2591 5129 nostri
2621 5078 2844 5143 pmnitet
2879 5095 3244 5149 provocantes.
3278 5086 3456 5139 Abdu-

1879 5170 1980 5214 ctae
2019 5161 2258 5215 mulieris
2305 5166 2526 5233 turpiter
2567 5171 2776 5224 occasio
2852 5176 3014 5227 nostri
3058 5178 3258 5231 exstitit
3288 5192 3456 5233 mater

1878 5254 2143 5320 augn‘ienti
2162 5270 2177 5317 ;
2195 5256 2395 5321 peperit
2418 5274 2443 5309 a
2468 5259 2622 5313 nobis
2634 5273 2967 5331 sequestrata
2984 5284 3118 5322 uxor
3133 5270 3415 5337 imperium
3434 5312 3448 5330 .

1880 5353 1933 5397 et
1959 5343 2023 5397 de
2042 5345 2266 5399 adulteri
2285 5350 2652 5417 complexibus
2680 5356 2833 5408 nobis
2860 5357 3027 5410 edidit
3050 5384 3057 5419 ν
3079 5359 3265 5411 atriant
3290 5375 3447 5426 quam

1882 5441 2122 5488 tenemus
2153 5453 2164 5487 :
2195 5439 2281 5506 qui
2314 5438 2541 5495 riserUnt
2568 5446 2830 5509 ozelibetn,
2855 5448 3068 5500 videant
3095 5452 3320 5515 superba
3358 5452 3451 5503 hu-

1878 5524 2036 5578 stium
2068 5527 2200 5580 colla
2225 5529 2538 5585 calcantem.
2577 5535 2867 5590 Habuimus
2902 5540 3177 5607 conjugem
3210 5541 3448 5599 honestis

1878 5628 1973 5681 per
2003 5615 2213 5685 longum
2246 5624 2483 5676 moribus
2514 5625 2825 5687 institutam,
2859 5628 3018 5681 alieni
3050 5631 3281 5696 ignaram
3313 5651 3445 5689 con-

1878 5706 2124 5774 tubernii,
2167 5728 2284 5778 qu:e
2315 5730 2417 5767 nou
2446 5727 2651 5783 optaret
2680 5719 2982 5773 desiderare
3005 5724 3141 5789 quod
3169 5742 3271 5779 non
3301 5730 3447 5789 licet,

1878 5796 1987 5848 Novi
2031 5799 2170 5852 illam
2216 5818 2342 5856 usus
2383 5808 2724 5873 prmcipitavit
2765 5811 2813 5860 in
2854 5811 3015 5877 vitia;
3067 5818 3158 5869 sed
3199 5823 3443 5875 scelerati

1877 5888 2140 5954 jtf‘illdfmls
2174 5893 2396 5960 impulsu
2430 5904 2609 5948 secuta
2662 5907 2741 5952 est
2776 5898 3018 5960 Paridem
3052 5910 3321 5965 voluntate
3348 5931 3435 5965 ca-
