3974 6366
475 333 578 390 507

1591 322 1861 378 ENNODH
1902 321 2204 377 EPISCOPI
2246 321 2615 379 TICINENSIS

3627 327 3730 383 308

481 448 641 514 ptiva.
674 444 946 513 Nunquam
974 442 1037 494 ad
1070 440 1171 493 hoc
1204 438 1345 491 illam
1378 436 1548 491 erexit
1579 436 1747 489 forma
1770 438 2049 490 conscien-
2076 439 2121 496 A
2154 449 2271 489 esse
2303 434 2465 488 filium
2508 436 2579 489 nil
2603 444 2865 490 amantem
2904 453 2916 489 :
2954 437 3087 493 ordo
3116 456 3289 494 ternm
3322 449 3404 495 est
3461 449 3518 496 ut
3548 456 3729 510 prosa‘

480 537 585 601 tim,
602 543 657 587 nt
681 548 739 587 se
764 534 1007 586 crederet
1033 528 1269 582 adamari
1295 544 1307 579 :
1339 526 1480 597 quia,
1502 536 1557 579 ut
1576 526 1914 592 confidimus,
1941 536 2047 579 tur-

478 627 709 695 pissimis
735 635 855 679 sunt
880 624 1112 675 moribus
1144 636 1260 690 qua:
1289 621 1541 690 pulchras
1563 635 1620 673 se
1642 635 1761 674 esse
1790 620 2050 673 memine-

479 725 616 770 runt.
657 715 802 768 Talis
832 713 961 765 ultio
1000 711 1179 766 decuit
1207 726 1396 780 magna
1428 718 1734 780 peccantem
1762 725 1777 774 ;
1812 708 2048 762 funditus

476 805 773 875 procubuit,
803 803 893 872 qui
912 802 1011 857 sibi
1035 802 1350 857 veneranda:
1368 800 1594 870 sumpsit
1610 800 1818 854 culmen
1841 798 2047 852 uxoris.

477 896 692 949 Talibus
746 902 926 961 utere,
983 893 1209 959 adulter,
1262 891 1573 962 hymenmis.
1629 891 1721 944 His
1767 899 1818 943 te
1862 889 2049 943 Alecto

476 984 772 1053 proiiubum
818 990 1051 1036 sectatur
1096 983 1389 1051 insignibus
1429 998 1443 1045 ;
1490 989 1543 1033 ct
1588 978 1781 1048 placari
1829 992 1927 1033 nos
1972 978 2049 1031 sic

475 1075 742 1138 convenit,
790 1082 843 1129 et
872 1073 1113 1127 Paridem
1146 1074 1223 1126 sic
1261 1072 1454 1142 perire.
1508 1070 1835 1124 Dictavimus
1858 1068 2046 1122 matri-

476 1168 775 1220 moniorum
802 1166 920 1233 jura
953 1180 1059 1218 non
1090 1178 1368 1230 sermone,
1398 1162 1489 1217 sed
1520 1162 1710 1231 gladiis
1740 1200 1759 1225 ,
1791 1174 2046 1231 prmsum-

474 1258 713 1328 ptionum
757 1264 989 1325 segetem
1032 1256 1203 1308 ultrici
1246 1254 1379 1309 falce
1420 1262 1706 1307 vastantes.
1760 1250 1936 1305 Multis
1982 1245 2046 1302 ad

474 1348 939 1408 conservationem
968 1344 1201 1415 prbderit
1222 1384 1236 1411 ,
1267 1359 1365 1399 nos
1395 1342 1688 1414 perdidisse
1718 1340 2043 1411 conjugium.

474 1448 665 1511 Dicite,
702 1460 818 1515 quae
859 1442 1158 1509 ubicunque
1196 1436 1477 1505 accepistis
1519 1449 1711 1489 nomen
1756 1433 1955 1498 uxoris,
2000 1430 2045 1485 si

474 1553 601 1603 non,
625 1535 869 1605 quotiens
901 1531 1024 1585 vitia
1054 1526 1433 1595 subripuerint,
1461 1525 1684 1580 Menelai
1712 1531 1765 1578 et
1781 1537 1975 1577 nomen
1992 1531 2045 1575 et

402 1618 409 1639 ’
474 1632 639 1686 virtus
681 1633 941 1682 occurret.
975 1622 1176 1689 Quibus
1214 1634 1319 1673 non
1361 1628 1443 1672 est
1487 1619 1537 1671 in
1568 1616 1742 1670 studio
1769 1614 2041 1684 pudicitia,

473 1719 592 1783 erit,
625 1719 676 1770 ni
710 1714 963 1778 fallimur,
997 1712 1048 1763 in
1078 1710 1393 1763 necessitate
1425 1723 1439 1767 ;
1491 1716 1544 1759 et
1587 1720 1680 1773 par
1722 1718 1815 1773 per
1853 1716 2041 1757 omnes

2152 525 2291 592 piem
2316 538 2490 578 mores
2518 526 2854 590 annuntient,
2883 536 2934 580 et
2953 543 3056 597 quo
3084 531 3203 598 quis
3224 542 3442 586 auctore
3473 532 3523 585 in
3554 533 3725 586 lucem

2152 616 2380 675 venerit,
2414 615 2531 682 ejus
2575 614 2711 669 facta
2743 626 2996 669 sceletur.
3032 620 3159 672 Diva
3195 620 3369 675 idaliae
3400 622 3727 676 nescientem

2151 703 2473 772 respondere
2499 704 2767 759 beneliciis
2811 721 2914 758 nun
2955 709 3213 775 agnoscit.
3252 710 3366 763 Non
3393 710 3530 763 fama
3565 710 3725 776 filios,

2149 793 2245 847 sed
2276 794 2697 848 conversationis
2720 806 2980 850 monstrat
3001 799 3281 867 aequalitas
3311 815 3325 851 :
3352 800 3397 854 si
3425 799 3635 854 diversa
3658 800 3727 854 sit

2149 886 2495 951 conscientia,
2527 885 2613 940 vix
2639 888 2902 941 credenda
2934 898 3015 941 est
3044 903 3165 944 esse
3191 890 3407 945 soboles
3427 907 3544 957 qua:
3567 907 3725 946 voca-

2153 983 2258 1029 tur.
2286 976 2361 1030 Te
2389 978 2562 1045 potius
2590 977 2844 1031 Caucasei
2873 980 3063 1047 rigoris
3092 990 3355 1049 praerupta
3401 994 3721 1051 genuerunt,

2151 1075 2238 1119 aut
2267 1074 2582 1135 conceptum
2624 1070 2674 1121 in
2726 1070 3032 1123 recessibus
3078 1072 3336 1126 montium
3382 1087 3542 1127 saxea
3570 1074 3725 1128 alvus

2150 1156 2337 1211 eﬂ'udit
2368 1174 2381 1210 :
2414 1167 2469 1213 et
2497 1174 2565 1213 ne
2599 1159 2713 1213 dira
2755 1162 3095 1216 nutrimentis
3127 1173 3311 1216 natura
3344 1165 3681 1219 mollesceret
3703 1207 3720 1232 ,

2151 1256 2176 1283 °
2204 1249 2488 1316 eripientes
2510 1252 2529 1280 ’
2556 1250 2780 1306 salutem
2809 1253 3054 1323 Cytheris
3084 1254 3340 1325 Hyrcana.-
3378 1256 3598 1326 tigrides
3620 1257 3725 1311 aii-

2148 1350 2328 1396 menta
2357 1341 2733 1411 praebuerunt:
2767 1347 2982 1400 nutrivit
3016 1357 3066 1401 te
3112 1348 3199 1401 illa
3250 1349 3430 1402 feritas
3456 1364 3571 1417 qua:
3602 1358 3721 1403 tru-

2147 1431 2308 1486 cidat.
2337 1432 2467 1486 Nam
2489 1434 2615 1503 quid
2663 1435 2790 1489 mihi
2817 1435 3237 1492 dissimulatione
3264 1438 3524 1506 poliicitor
3549 1440 3573 1491 ?
3627 1448 3722 1492 aut

2147 1522 2270 1594 quid
2302 1524 2568 1593 sperando
2594 1526 2813 1581 meliora
2845 1529 3156 1582 sustentor?
3181 1528 3293 1582 Non
3326 1528 3551 1582 reddidit
3581 1529 3722 1583 ﬂeti-

2145 1613 2242 1668 bus
2272 1615 2555 1685 lacrymas,
2579 1631 2709 1686 quas
2732 1616 2847 1686 ejus
2877 1633 3058 1672 amore
3088 1627 3219 1671 tum
3254 1619 3573 1674 fundebam:
3612 1634 3721 1673 non

2144 1704 2370 1772 gemitus
2396 1721 2541 1759 meos
2575 1708 2805 1777 propriis
2844 1722 2993 1763 mens
3050 1717 3270 1763 cruenta
3318 1718 3400 1764 est
3445 1710 3723 1764 consolata

472 1809 748 1877 disciplina
790 1802 1086 1860 servabitur
1108 1841 1123 1867 ,
1158 1799 1247 1853 ubi
1279 1812 1436 1851 unam
1468 1795 1689 1851 formam
1720 1802 1774 1849 et
1804 1794 2041 1850 volentes
2072 1806 2118 1864 Β
2142 1794 2404 1864 suspiriis.
2436 1795 2491 1849 In
2522 1795 2792 1851 doloribus
2820 1800 2975 1863 meis,
3022 1800 3162 1868 quod
3191 1800 3400 1854 unicum
3429 1809 3510 1855 est
3536 1816 3720 1856 reme-

471 1897 777 1955 custodiunt
800 1903 853 1948 et
874 1903 1093 1947 coactae.

1035 1979 1255 2036 DlCTlO
1275 1978 1485 2034 XXVII.

475 2082 641 2134 Verba
698 2076 919 2131 lunonis
975 2090 1090 2127 cum
1133 2073 1367 2125 Antaeum
1405 2071 1593 2124 videret
1648 2085 1819 2140 parem
1862 2068 2047 2120 uiribus

990 2165 1228 2219 Herculis
1252 2164 1521 2217 exstitisse.

1021 2269 1211 2309 ETHICA
1250 2268 1483 2315 quaen.

543 2352 778 2408 Tandem
810 2347 1095 2417 aliquando
1144 2346 1233 2414 qui
1261 2345 1458 2413 judicio
1488 2353 1670 2399 nostro
1698 2343 2048 2413 responderet

475 2448 720 2500 inventus
741 2450 821 2496 est
845 2482 859 2507 ,
885 2439 973 2509 qui
1001 2439 1067 2492 de
1098 2437 1311 2491 inimico
1338 2448 1544 2499 nostro,
1571 2444 1622 2489 ct
1650 2436 1774 2489 dum
1798 2435 2044 2501 vincitur,

474 2534 845 2603 triumpharet.
873 2528 1145 2583 Herculee
1179 2543 1339 2596 v.res,
1373 2526 1474 2581 nisi
1496 2527 1757 2589 eliserint.
1785 2542 1887 2580 non
1910 2528 2050 2595 jace-

475 2630 604 2679 hunt
635 2642 647 2677 :
683 2638 841 2693 quem
875 2621 1221 2691 providimus,
1252 2628 1306 2673 et
1327 2619 1393 2673 de
1415 2618 1625 2672 casibus
1652 2628 1733 2672 est
1762 2618 2043 2687 superbus.

473 2718 591 2772 Stat
613 2714 840 2785 propiiis
872 2726 1091 2781 magnus
1118 2710 1318 2764 viribus
1353 2751 1365 2773 ,
1396 2709 1489 2764 sed
1521 2711 1624 2763 erit
1662 2710 1928 2762 maximus
1951 2724 2045 2778 per

474 2808 701 2862 ruinam.
733 2803 926 2858 Nescio
963 2810 1137 2855 utium
1170 2801 1425 2856 Hercules
1456 2800 1625 2854 valeat
1656 2813 1751 2869 par
1779 2814 1927 2867 esse,
1961 2799 2043 2854 vel

472 2898 517 2951 si
561 2896 805 2949 Antaeum
838 2907 943 2947 non
974 2892 1130 2946 liceat
1171 2892 1274 2944 ulla
1320 2891 1525 2945 ratione
1574 2891 1837 2960 prosterni
1871 2908 1884 2944 ε
1917 2900 1971 2945 at
2000 2891 2046 2946 si

472 2987 612 3043 hosti
639 2997 822 3041 nostro
844 2982 1110 3039 blanditur
1130 2982 1421 3037 adversitas
1442 3024 1456 3048 ,
1488 2998 1584 3036 nos
1610 2984 1673 3036 ad
1692 2983 1898 3037 laureas
1926 2998 2046 3052 per-

472 3081 733 3135 venimus.
764 3077 973 3132 Scimus
1004 3075 1177 3129 futura
1201 3115 1217 3141 ,
1245 3074 1339 3129 sed
1370 3074 1618 3128 convenit
1646 3088 1871 3142 superos
1899 3073 2041 3143 loqui

2150 1885 2317 1955 dium,
2350 1903 2454 1941 non
2481 1889 2720 1944 exhibuit
2742 1893 2851 1959 pari
2879 1892 3065 1946 dolore
3089 1893 3341 1961 collegan
3365 1934 3380 1959 ,
3430 1894 3551 1963 quia
3580 1907 3726 1963 pene

2150 1975 2175 2015 δ
2201 1978 2346 2033 solus
2374 1987 2458 2033 est
2500 1980 2552 2033 in
2595 1989 2752 2036 aetate
2783 1984 3037 2036 terminus
3070 1983 3333 2038 invenisse
3381 1984 3720 2053 participem.

2149 2066 2251 2123 Sed
2282 2084 2397 2138 quae
2442 2070 2663 2139 eloquar
2692 2071 2871 2125 nescio
2896 2113 2909 2137 ,
2937 2087 3054 2141 qua:
3085 2087 3141 2127 re
3164 2073 3401 2142 inquam.
3450 2072 3575 2126 Haec
3622 2087 3725 2128 nec

2149 2160 2332 2214 dexter
2379 2159 2605 2216 Junoiiis
2633 2166 2854 2227 oculus,
2903 2177 2998 2217 nec
3032 2163 3225 2217 summi
3270 2163 3525 2217 Tonantis
3550 2164 3728 2233 patico

2150 2260 2233 2304 tur
2260 2261 2526 2320 aspectus,
2560 2260 2614 2306 ut
2640 2267 2735 2322 pro
2764 2262 2839 2306 tot
2866 2254 3120 2322 impensis
3140 2254 3561 2323 sequestratione
3581 2269 3725 2308 con-

2148 2356 2348 2409 sumar,
2380 2356 2478 2397 nec
2503 2343 2647 2396 aliud
2680 2344 2871 2413 pietate
2894 2349 3271 2413 promoverim,
3296 2344 3397 2398 nisi
3423 2354 3479 2398 ut
3507 2359 3727 2398 merear

2148 2450 2251 2488 non
2283 2436 2472 2488 amari.
2526 2434 2636 2488 ch
2669 2433 2801 2489 fides
2831 2435 2898 2489 ab
2928 2436 3191 2490 universis
3222 2436 3525 2505 proturbata
3574 2452 3725 2490 mor-

2148 2526 2365 2592 talibus,
2395 2536 2449 2581 et
2476 2527 2614 2596 quod
2647 2526 2902 2581 hactenus
2930 2528 3236 2581 numinibus
3263 2528 3504 2580 homines
3520 2527 3728 2595 junge-

2145 2619 2257 2685 bat,
2287 2618 2593 2688 expulsum!
2629 2618 2849 2686 Suscepi
2886 2628 2908 2657 ε
2940 2620 3239 2673 miseranda
3274 2616 3631 2687 naufragium,
3665 2628 3727 2672 et

2144 2710 2261 2777 ejus
2285 2708 2467 2762 ditiuni
2500 2708 2736 2778 reginam
2767 2709 2975 2763 subdidi
3005 2718 3251 2764 manente
3279 2708 3544 2763 fclicitatis
3572 2717 3729 2763 sorte

2144 2800 2408 2869 captivam
2443 2819 2454 2852 :
2481 2799 2581 2855 feci
2616 2811 2669 2855 ut
2700 2812 2880 2871 ageret
2900 2804 3172 2855 dominum
3205 2802 3458 2871 profugos
3488 2803 3730 2871 impera-

2145 2902 2247 2947 tur.
2281 2894 2431 2948 Nunc
2457 2894 2636 2949 furore
2666 2908 2922 2949 succenSa
2953 2895 3282 2959 discrucior,
3312 2909 3475 2962 quare
3503 2908 3727 2963 posses-

2143 2999 2234 3038 sor
2269 3000 2356 3040 me
2383 2987 2589 3039 deserat
2616 3025 2633 3051 ,
2665 2986 2975 3054 ingemisco.
3027 2984 3165 3053 Ergo
3208 2985 3469 3053 Apollinis
3497 2994 3728 3039 vocatus

2142 3079 2379 3147 auguriis
2425 3077 2703 3142 abscedis,
2749 3088 2804 3131 et
2856 3080 3015 3131 sortis
3063 3077 3235 3147 Lycia:
3265 3090 3444 3131 casum
3473 3077 3638 3131 certis
3665 3088 3731 3131 ct

470 3174 621 3239 quasi
652 3168 884 3222 humana
914 3166 1251 3220 mortalibus.
1296 3165 1580 3219 Provideat
1610 3164 1864 3219 Hercules
1918 3163 2043 3233 quid
2072 3160 2116 3223 C
2147 3173 2282 3236 apud
2331 3178 2381 3223 te
2405 3168 2514 3237 jam
2572 3169 2832 3223 manentis
2874 3170 3137 3238 praeponis
3183 3168 3457 3237 imperiis?
3499 3168 3728 3222 Scilicet

472 3263 631 3331 eligat
679 3274 799 3315 esse
844 3257 1162 3313 iaciendum.
1204 3256 1506 3312 Vincendus
1554 3266 1635 3311 est
1663 3256 2043 3327 congrediente

473 3354 689 3409 inimico
720 3394 735 3420 ,
770 3351 1060 3406 vincendos
1104 3358 1187 3404 cst
1226 3358 1280 3403 et
1305 3351 1536 3417 jacente.
1566 3348 1665 3415 Qui
1695 3364 1897 3403 venena
1922 3348 2046 3404 lusit

474 3450 526 3499 in
548 3446 720 3508 cunis,
749 3445 839 3513 qui
878 3442 1090 3512 pacavit
1119 3440 1415 3495 Erimanthi
1438 3455 1678 3508 nemora,
1710 3441 1797 3509 qui
1828 3454 2043 3495 cervam

475 3533 758 3589 velocitate
784 3536 1073 3603 prmcessit,
1096 3532 1367 3600 optionem
1390 3530 1581 3585 habeat
1604 3530 1729 3599 quid
1756 3541 2041 3600 sequatur:

473 3636 564 3679 aut
589 3628 793 3680 hostem
825 3625 1090 3693 periturus
1121 3621 1355 3690 dejiciet,
1402 3630 1493 3676 aut
1539 3625 1583 3677 si
1630 3630 1898 3677 certamen
1932 3637 2044 3677 me-

472 3719 667 3783 tuerit,
696 3732 815 3771 cum
868 3716 979 3769 suis
1026 3713 1268 3769 cautibus
1316 3714 1425 3783 jam
1471 3714 1728 3783 sepultus.
1761 3713 2041 3770 Lernaeum

471 3807 762 3876 periculum
789 3844 807 3874 ,
866 3805 964 3858 nisi
997 3804 1174 3869 fallor,
1218 3804 1419 3858 orietur
1464 3803 1532 3858 de
1581 3806 2044 3860 consummatione

471 3899 795 3952 certaminis.
846 3897 976 3963 Quis
1014 3911 1118 3950 non
1164 3896 1346 3950 credat
1393 3895 1524 3948 nihil
1576 3909 1858 3963 supereSse
1899 3895 2041 3964 quod

471 4000 685 4059 peragat
711 4031 725 4053 ,
754 4001 873 4040 cum
906 3987 1053 4039 humi
1080 3984 1227 4038 fusus
1254 3985 1552 4052 aspicitur?
1603 3985 1671 4037 At
1697 3994 1897 4037 nostra:
1923 4000 2043 4053 par-

474 4080 541 4133 tis
572 4077 797 4130 intentio
818 4077 885 4130 de
906 4075 1252 4145 oppressione
1281 4074 1628 4129 suscitabitur
1662 4114 1678 4141 ,
1708 4083 1763 4128 et
1790 4090 2046 4143 augmen-

473 4168 615 4220 tandi
647 4166 854 4219 roboris
880 4179 1096 4219 causam
1140 4164 1367 4218 feliciter
1398 4180 1493 4233 pro
1522 4165 1734 4218 inimico
1764 4163 2041 4233 perfuncta

473 4274 558 4314 res
587 4267 849 4329 suggeret.

1009 4326 1231 4381 DICTIO
1270 4326 1499 4383 XXVIII.

586 4419 743 4473 Verba
787 4417 999 4471 Didonis
1024 4434 1139 4470 cum
1166 4418 1430 4473 abeuntem
1463 4421 1649 4475 videret
1679 4422 1923 4478 zEneam.

790 4511 806 4539 ¹
846 4507 954 4562 Nec
994 4508 1086 4562 tibi
1117 4507 1235 4561 diva
1270 4523 1464 4577 parens
1493 4513 1723 4581 generis.

1048 4614 1238 4653 ETIIICA
1266 4615 1450 4663 σωκ-[Α
1463 4643 1475 4655 .

540 4694 802 4759 Quantum
823 4690 979 4745 docet
996 4691 1355 4757 inclementia,
1380 4694 1650 4761 perdidisti
1676 4696 2039 4752 testimonium

470 4788 699 4859 generis,
723 4784 862 4853 quod
886 4784 1133 4853 opinione
1153 4786 1411 4840 mentiris.
1437 4783 1658 4841 Constat
1692 4786 1908 4842 Veneris
1934 4806 2039 4845 non

542 4922 569 4992 fg
590 4916 702 4992 Nec
728 4916 817 4969 tibi
843 4915 1223 4992 divajarens]
1277 4918 1384 4972 Hos
1414 4919 1558 4974 locos
1589 4919 1905 4992 Virgilianos
1933 4937 2033 4992 ap-

471 4988 761 5056 pellabant,
815 5002 936 5040 cum
972 4987 1169 5056 Virgilii
1200 5002 1384 5042 versus
1436 5006 1531 5058 pro
1584 4987 2031 5048 declamationum

470 5064 703 5111 themate
732 5058 1099 5111 sumebantur.
1156 5057 1301 5110 Talis
1336 5070 1415 5113 est
1440 5057 1666 5114 metrica
1725 5066 2036 5118 exercitatio

469 5143 625 5199 quam
646 5129 696 5181 in
721 5136 929 5199 vetusto
956 5129 1140 5181 codice
1174 5126 1452 5199 Pithteano
1500 5131 1753 5199 vidimus,
1785 5132 2034 5189 Coronati

475 5198 533 5251 V.
566 5203 624 5252 (1.
654 5199 752 5253 hoc
781 5198 934 5252 titulo
962 5207 1016 5252 et
1044 5198 1334 5267 principio:

747 5310 1004 5377 THEMA,
1039 5309 1255 5366 LUCUS
1298 5309 1754 5369 V'lRGllilANUS.

592 5401 709 5454 Vivo
729 5401 977 5464 equidem,
997 5403 1236 5463 vitamque
1261 5408 1484 5450 extrema
1504 5414 1593 5463 per
1615 5405 1772 5450 omnia
1796 5404 1947 5465 duco;

970 5505 1031 5561 V.
1079 5506 1135 5559 Ο.
1180 5504 1543 5559 CURUNATI.

622 5620 807 5678 Aspera
829 5618 1021 5666 diverso
1045 5616 1237 5664 laxatur
1264 5618 1357 5664 vita
1378 5614 1566 5678 dolore,

623 5679 681 5725 Et
699 5686 835 5726 morti
862 5680 1046 5728 vicinus
1070 5693 1148 5734 eo,
1179 5679 1388 5738 vivitque
1411 5677 1560 5727 dolori

625 5739 769 5800 migra
786 5741 915 5789 salus
937 5755 949 5791 :
974 5749 1160 5790 nostras
1183 5741 1396 5789 crmiaut
1421 5741 1531 5788 dum
1554 5740 1742 5787 tlamina
1770 5746 1979 5799 mentes,

2070 4527 2124 4587 Ι)

2147 3259 2450 3315 uelestibus
2494 3259 2778 3314 crudelitas
2822 3262 2918 3313 ista
2952 3268 3263 3327 proettratur
3296 3260 3624 3323 auctoribus,
3664 3271 3728 3314 et

2148 3350 2407 3418 interpres
2435 3363 2750 3419 superorum
2782 3348 2847 3402 ad
2880 3350 2978 3403 hos
3008 3347 3274 3402 hominem
3314 3348 3590 3417 compellit
3618 3363 3732 3402 ex-

2145 3456 2346 3506 cessus,
2372 3451 2427 3494 ut
2461 3440 2729 3510 diligentis
2759 3441 2935 3493 littora
2961 3440 3108 3509 quasi
3138 3440 3310 3493 solum
3343 3442 3439 3493 hos
3464 3441 3533 3494 ile
3558 3440 3728 3494 diffu-

2145 3535 2279 3601 giat;
2310 3541 2367 3585 ut
2396 3547 2490 3600 per
2515 3540 2859 3600 tempestates
2883 3531 3108 3585 salutem
3157 3532 3365 3600 prodat,
3411 3533 3499 3599 qui
3538 3532 3734 3586 solum

2146 3626 2275 3694 fugit
2302 3623 2571 3678 affectum.
2617 3622 2781 3688 Vade,
2830 3623 3050 3676 ulterius
3096 3636 3200 3675 non
3241 3622 3512 3676 morabor.
3547 3622 3730 3678 Habet

2144 3717 2429 3769 vindictam
2461 3715 2567 3769 mei
2618 3715 2702 3769 via
2745 3728 2847 3784 qua
2888 3713 3105 3769 deseror
3128 3755 3141 3780 ,
3177 3713 3389 3767 habebit
3417 3718 3636 3783 pelagus
3665 3716 3734 3769 in

2146 3808 2324 3861 furore
2382 3806 2637 3875 judicium
2688 3821 2703 3870 ;
2758 3819 2947 3860 raucos
2995 3807 3309 3860 tumentium
3362 3807 3735 3874 procellarum

2146 3912 2309 3953 amns
2330 3901 2609 3952 exaudiam
2656 3915 2670 3963 ;
2704 3898 2918 3952 vocabis
2950 3901 3090 3952 inter
3115 3898 3347 3965 pericula
3380 3898 3601 3952 Didonis
3626 3914 3732 3953 no-

2148 4006 2289 4055 men,
2323 4006 2439 4058 qua:
2465 4001 2518 4043 et
2547 3991 2644 4043 fuit
2674 3998 2874 4058 portus,
2903 3999 2956 4043 et
2985 3990 3209 4056 praebuit
3232 4004 3248 4041 ε
3271 4000 3360 4043 aut
3379 4000 3546 4053 certe,
3577 3991 3737 4059 quod

2146 4083 2330 4143 timeo,
2352 4096 2417 4133 ne
2437 4081 2564 4133 dum
2588 4082 2827 4133 vindicor
2853 4096 2939 4134 me
2962 4091 3169 4135 Vivente
3188 4084 3451 4145 moriaris,
3468 4096 3731 4136 eventum

2146 4171 2391 4239 expetitae
2423 4171 2775 4240 navigationis
2806 4182 2923 4240 p0st
2966 4187 3180 4226 usuram
3229 4173 3362 4227 lucis
3410 4187 3735 4240 agnoscam.

2090 4334 2093 4335 ν
2152 4261 2278 4315 Vide
2326 4262 2618 4317 sceleribus
2667 4262 2951 4317 indebitam
2986 4265 3325 4320 mercedem:
3361 4266 3536 4334 perire
3568 4266 3735 4320 inno-

2146 4366 2273 4406 cens
2298 4362 2421 4407 ante
2448 4354 2605 4422 cupio
2634 4369 2791 4423 quam
2821 4364 3134 4409 merentem.

2222 4491 2392 4545 Durus
2423 4500 2477 4545 et
2498 4491 2785 4546 indomitus
2819 4491 3034 4546 Veneris
3054 4507 3114 4563 se
3137 4493 3341 4547 semine
3370 4504 3581 4548 cretum

2221 4582 2413 4648 Jactat,
2438 4593 2489 4635 et
2519 4582 2771 4651 abjurans
2797 4584 3061 4637 collaudat
3088 4595 3364 4639 stemmata
3392 4587 3550 4640 divae.

2221 4671 2398 4725 Edidit
2426 4688 2551 4741 ergo
2589 4671 2761 4727 Vcnus
2795 4673 3079 4742 fugientem
3105 4690 3297 4728 nomen
3321 4678 3552 4743 amoris,

2220 4762 2457 4816 Pectoris
2489 4770 2543 4816 et
2573 4762 2743 4816 rabidi
2775 4763 2904 4816 fudit
2932 4765 3212 4818 clementia
3236 4767 3399 4819 virus.

2262 4952 2265 4953 ν
2296 4895 2420 4959 Yita:
2444 4895 2587 4943 ﬂatus
2604 4896 2741 4959 abit:
2766 4904 2970 4957 quantos
2998 4906 3104 4957 post
3126 4896 3361 4959 Pergama
3381 4909 3520 4946 casus

2298 4957 2427 5019 Vidit
2450 4962 2574 5019 _item
2595 4957 2803 5017 praedata
2826 4970 2992 5005 manus
3013 4971 3023 5004 :
3047 4972 3166 5019 quos
3190 4957 3321 5019 saepe
3340 4961 3535 5007 dolores

2292 5016 2523 5077 Pertulit,
2544 5016 2691 5079 autne
2718 5020 2910 5077 iterum,
2936 5016 3231 5079 quas'sensit
3248 5016 3387 5080 'l‘roja
3407 5022 3608 5068 iuinas?

2140 5112 2192 5157 et
2218 5118 2334 5172 quae
2366 5111 2681 5171 sequuntur.
2713 5102 2843 5157 Nam
2871 5103 3043 5157 vitiosi
3095 5104 3299 5158 codicis
3327 5106 3534 5158 mendae
3592 5119 3737 5173 proo

2138 5190 2168 5241 g
2182 5174 2292 5228 redi
2318 5183 2516 5227 vetant.

2212 5245 2231 5273 ²
2262 5243 2492 5313 Salutem
2517 5240 2789 5313 Cytheris]
2819 5242 3081 5307 Fortasse,
3102 5244 3320 5313 pecteris.

2214 5320 2237 5350 ι
2269 5312 2553 5381 Eripientes
2584 5312 2797 5365 salutent
2824 5312 3120 5381 Cv'rttents]
3156 5313 3344 5367 Veram
3373 5327 3493 5368 csse
3531 5312 3715 5368 lect'o

2148 5398 2266 5438 nem
2296 5386 2489 5437 caeteris
2511 5383 2783 5453 sequentia
2815 5386 3005 5437 docent
3029 5402 3041 5435 ι
3069 5383 3300 5438 Nutrivit
3329 5393 3379 5437 te
3407 5385 3501 5437 illa
3538 5386 3751 5440 feritas

2149 5470 2267 5515 quae
2298 5456 2538 5509 trucidat.
2572 5458 2777 5507 UAR‘I‘H.
2810 5455 3080 5507 Adversar.
3125 5469 3243 5523 pag.
3275 5454 3397 5507 952.

2221 5524 2428 5595 PSolus
2452 5535 2524 5577 est
2566 5527 2617 5577 in
2642 5532 2790 5578 wtate
2830 5524 3116 5595 terminus]
3169 5526 3486 5580 ﬂectiSsime
3542 5524 3603 5577 γ.
3667 5526 3751 5582 C.

2150 5593 2421 5662 Schottus,
2450 5596 2504 5646 in
2525 5596 2794 5647 anxietate.
2828 5593 2923 5658 lo.,
2951 5594 3081 5649 ibid.

2149 5734 2165 5789 Ι
2224 5673 2243 5701 ο
2279 5664 2491 5788 tSbttitlcepi
2521 5665 2804 5718 miseranda
2835 5663 3185 5736 naufragium]
3213 5663 3341 5735 Leg.
3385 5666 3751 5735 naufragum.

2173 5750 2244 5789 υ..
2281 5750 2293 5786 t
2339 5751 2351 5786 l
2392 5748 2495 5789 em.

2173 5750 2244 5800 0.,
2281 5748 2495 5789 minem.
