3974 6366
1589 382 1941 442 CARMINUM
1982 379 2105 435 LIB.
2145 379 2186 433 l2

3377 365 3478 420 510

1424 863 1797 967 LIBER
1825 855 2344 959 PRIMUS.

483 1233 497 1263 ‘
524 1242 867 1285 trtxitnstuuu
900 1234 1259 1278 BMGAN‘I‘IONIS
1285 1232 1560 1274 cassum.

323 1346 525 1401 Celsior
549 1342 863 1408 astrigerum
894 1337 1048 1390 Titan
1076 1331 1460 1387 conscenderat
1499 1346 1673 1394 axem,

392 1433 659 1501 Lampade
690 1446 809 1484 cum
838 1428 993 1497 plena
1026 1436 1165 1479 totus
1191 1425 1244 1477 in
1274 1424 1404 1477 orbe
1434 1432 1603 1491 patet.

328 1527 645 1595 Flammiger
674 1522 874 1576 ardenti
905 1518 1152 1573 sorbebat
1178 1517 1391 1571 flumina
1434 1516 1667 1580 Cancro,

392 1618 523 1673 Cum
560 1624 793 1684 segetem
826 1624 1028 1663 me~sor
1056 1608 1188 1662 falce
1214 1608 1394 1661 domat
1424 1606 1600 1676 propri
1622 1620 1712 1659 nm.

328 1710 560 1766 Siccatur
591 1706 717 1758 dum
748 1701 890 1754 fonte
921 1700 1128 1765 bibens,
1160 1696 1285 1751 dum
1313 1695 1540 1751 mundus
1565 1694 1816 1750 anhelat:

401 1799 590 1853 .lussus
619 1797 668 1847 in
692 1804 967 1846 ot'cursum
993 1787 1192 1841 Gallica
1224 1788 1388 1841 lustra
1410 1786 1576 1854 sequi,

335 1888 547 1945 Torrida
576 1902 683 1941 non
715 1883 861 1938 timui
886 1897 1002 1951 qua:
1023 1881 1243 1937 vincunt
1270 1894 1393 1933 arva
1427 1877 1678 1947 Syenem.

400 1978 594 2039 Pulvis,
629 1976 859 2038 flamma,
888 1971 1024 2036 sitis,
1050 1969 1148 2023 dos
1174 1969 1272 2021 fuit
1294 1967 1569 2037 obsequio.

337 2069 500 2137 ‘Quid
527 2067 705 2137 iubar,
734 2074 789 2119 et
811 2060 1015 2116 validos
1037 2073 1260 2114 renovas
1289 2056 1438 2121 mibi,
1472 2057 1639 2119 Musa,
1659 2071 1818 2125 vapo-

1604 2146 1712 2218 [res
1726 2148 1750 2201 ἲ

401 2252 525 2306 Plus
546 2250 645 2302 erit
668 2247 906 2315 algentes
938 2260 1023 2299 me
1050 2256 1332 2312 superasse
1360 2241 1492 2295 vias.

332 2339 592 2410 Quidquid
640 2339 798 2407 plana
843 2332 1327 2404 calent;quidquid
1358 2332 1600 2386 sublimia
1648 2332 1820 2401 rigent

406 2430 730 2499 Frigoribus,
764 2440 975 2495 passum
1006 2423 1092 2478 die
1122 2422 1236 2478 sine
1264 2422 1379 2491 lege
1408 2421 1535 2490 poli.

336 2523 535 2577 Bellum
565 2528 787 2583 natura,
819 2515 959 2587 quod
987 2516 1190 2571 discors
1216 2514 1409 2570 fecerat
1440 2530 1606 2568 annus
1626 2555 1641 2580 ,

395 2612 657 2666 Estatem
684 2619 842 2676 atque
869 2607 1097 2661 hiemem
1126 2604 1313 2660 detulit
1342 2620 1443 2658 una
1474 2604 1609 2666 dies.

332 2706 567 2758 lmlutum
594 2699 801 2755 nebulis
820 2712 979 2754 canas
1002 2712 1255 2767 superare
1284 2697 1506 2765 pruinas

396 2794 617 2849 Edocuit
642 2794 662 2823 ³
694 2790 852 2845 Vates
884 2788 1117 2844 fervidus
1147 2788 1394 2855 imperio.

331 2886 597 2939 Presserat
626 2881 808 2934 azstivo
836 2891 1028 2947 corpus
1055 2878 1153 2931 sub
1187 2878 1326 2931 fasce
1356 2876 1588 2939 lacerna,

398 2975 632 3030 Vestitus
664 2970 805 3026 tenui
838 2969 1068 3039 tegmine
1098 2968 1273 3023 nudus
1298 2982 1464 3022 eram.

327 3066 456 3122 Cum
485 3065 614 3133 fugit
644 3079 708 3117 ex
737 3060 903 3116 oculis
925 3060 1188 3115 constanti
1215 3068 1452 3128 tempore
1482 3065 1711 3124 tempus.

394 3153 661 3223 Lampada
690 3166 810 3205 nam
850 3149 1034 3205 thbi
1061 3148 1166 3203 dux
1192 3149 1289 3202 fuit
1309 3148 1376 3202 ad
1403 3146 1646 3217 glaciem.

331 3246 544 3315 Optanti
573 3245 814 3297 brumam
840 3241 1031 3295 devoto
1051 3239 1270 3309 contigit
1294 3239 1507 3307 horror,

398 3335 769 3403 Oumsitusque
794 3332 939 3386 calor
967 3332 1038 3385 nil
1068 3330 1215 3385 dedit
1244 3330 1447 3385 indicii.

330 3424 595 3478 Hatronas
623 3422 643 3453 ³
672 3433 842 3487 taceo,
871 3420 1118 3489 scopulos
1139 3428 1299 3487 atque
1325 3421 1466 3475 invia
1491 3420 1680 3485 dictas,

400 3515 457 3569 ln
488 3515 690 3568 foribus
722 3514 961 3580 blandas,
991 3524 1184 3568 cmtera
1211 3511 1473 3567 difficiles.

332 3607 500 3662 illexit
534 3607 758 3659 miseros
803 3604 963 3660 facies
984 3604 1189 3673 depicta
1218 3604 1444 3668 viantes,

394 3698 627 3752 Calcatze
647 3697 790 3752 diras
822 3711 943 3752 mox
974 3711 1230 3765 peperere
1252 3710 1432 3750 neces.

329 3788 641 3841 Nominibus
665 3788 893 3856 propriis
922 3788 993 3841 nil
1018 3783 1150 3841 fallii
1179 3801 1327 3841 sacra
1359 3795 1613 3850 vetustas,

332 3945 346 3973 ³
379 3941 710 3995 Itinerarium
748 3941 1130 4064 Brigantianisl)
1160 3939 1428 4008 Brigantio
1479 3937 1825 4005 Delphinatus

332 4012 434 4064 .stri
466 4013 716 4064 onnidum
748 4021 829 4064 est
876 4012 925 4063 in
958 4010 1093 4064 fauci
1138 4027 1198 4064 us
1250 4010 1457 4064 Albium
1507 4007 1822 4061 Cottiarum.

273 4012 434 4065 nostri
466 4013 716 4080 oppidum
748 4007 850 4064 estV
876 4012 925 4063 in
958 4007 1198 4065 faucibus
1250 4010 1457 4078 Alpium
1507 4007 1822 4080 Cottiarum.

270 4079 607 4153 llriariso.ierri
641 4080 1038 4153 hodie_voc_ant,
1080 4080 1215 4147 quod
1266 4083 1572 4153 szya'nmov.
1606 4079 1825 4153 Brigan-

267 4154 389 4204 tium
430 4151 680 4205 Straboni
711 4159 763 4203 ct
812 4150 1096 4203 Ptolemmo
1123 4168 1133 4201 :
1184 4149 1475 4217 quo-modo
1504 4149 1663 4202 etiam
1695 4149 1828 4201 scri—

268 4229 441 4288 pserat
469 4220 782 4274 Ammianus
814 4219 1171 4284 Marcellinus,
1223 4220 1311 4271 ubi
1346 4218 1667 4288 Virgantiam
1697 4219 1827 4285 legi-

269 4305 380 4343 inus
412 4290 506 4341 lib.
540 4306 605 4341 xv
635 4290 828 4342 lterum
877 4298 1167 4354 gestarum.
1209 4288 1285 4342 Eo
1305 4287 1463 4355 igitur
1487 4288 1720 4355 episcopi
1747 4288 1829 4341 sui

266 4361 407 4427 jllaSll
433 4360 681 4412 tendi-hat
704 4358 978 4411 Eunotlius
1002 4358 1292 4410 Mediolano
1314 4359 1604 4425 digressus.
1632 4358 1831 4411 Medio-

268 4433 383 4483 lano
412 4428 803 4496 Brigautionem
834 4428 1133 4495 petentibus
1151 4437 1436 4482 occurrunt
1458 4427 1603 4481 fluvii
1631 4436 1685 4481 et
1704 4428 1831 4494 alia,

267 4516 378 4566 quze
398 4499 673 4552 describit.

333 4593 353 4621 ²
380 4590 601 4643 Edocuit
626 4588 810 4660 Vates]
841 4590 1152 4659 Episcopus.
1184 4590 1467 4644 Familiare
1487 4599 1570 4645 est
1591 4591 1835 4646 Ennodio

266 4669 441 4713 vatem
465 4676 663 4730 ponere
688 4674 783 4728 pro
812 4662 1079 4727 episcopo,
1123 4668 1179 4712 ut
1210 4662 1345 4713 vatis
1369 4661 1642 4730 Cypriani,
1707 4664 1836 4715 Am-

264 4730 450 4793 brosii,
485 4729 781 4794 Laurentii,
842 4730 1103 4793 Eustorgii
1153 4733 1309 4791 vatis,
1369 4729 1580 4798 passim.
1644 4731 1733 4786 Sic
1783 4732 1834 4785 iu

267 4799 539 4878 epitaphio
591 4800 758 4867 ipsius
788 4799 1047 4853 Ennodii:
1080 4800 1205 4854 item
1260 4800 1400 4854 Petri
1433 4802 1669 4870 episcopi
1696 4802 1836 4855 Tici-

260 4884 443 4923 lleﬂSlS
460 4885 477 4922 Ζ

412 4957 505 5006 Hic
525 4964 664 5021 vates
684 4956 897 5017 Domini,
927 4958 1102 5005 mundo
1126 4960 1238 5021 quia
1262 4972 1467 5021 corpore
1493 4961 1629 5009 vixit.

508 5018 764 5066 Admixtus
788 5020 967 5078 gaudet
990 5018 1195 5068 coetibus
1216 5020 1472 5079 angelicis.

327 5100 348 5130 ³
380 5098 649 5173 Matronas
679 5101 860 5173 taceo]
907 5102 1150 5156 Przccelsi
1202 5104 1422 5157 verticis
1471 5119 1664 5158 nomen
1699 5105 1835 5159 haud

1835 1124 1885 1178 Α

1908 4981 2209 5042 ‘martyres
2256 4981 2361 5025 tres
2408 4987 2439 5026 e
2483 4972 2691 5040 legione
2740 4972 2971 5027 Thebaa
3010 4990 3024 5026 :

2048 1114 2148 1168 Tot
2170 1112 2259 1167 leti
2291 1112 2485 1167 formas
2516 1113 2590 1166 sic
2623 1112 2855 1167 vocitare
2878 1112 3080 1165 volens.

1990 1207 2223 1274 Scrupea
2254 1204 2505 1259 descissis
2535 1204 2796 1274 pendebat
2820 1205 3007 1258 semita
3038 1204 3251 1272 plantis,

2060 1294 2166 1350 Nec
2192 1296 2307 1349 visu
2338 1294 2526 1359 facilis,
2550 1294 2771 1363 credite,
2796 1295 2946 1349 callis
2976 1302 3111 1347 erat.

1989 1386 2121 1453 Quid
2153 1384 2530 1455 labyrinthzeos
2554 1386 2847 1453 priscorum
2878 1385 3017 1439 fama
3040 1400 3283 1440 recessus

2061 1477 2293 1532 luvolvis
2325 1476 2547 1543 linguis,
2581 1474 2720 1544 quod
2752 1475 2935 1531 timeat
2965 1475 3245 1543 relegens?

1994 1570 2104 1624 lllic
2138 1569 2355 1623 artillcis
2376 1568 2671 1623 laudandus
2699 1568 2936 1622 constitit
2962 1582 3133 1633 error,

2059 1660 2190 1715 Cum
2222 1660 2375 1714 torsit
2398 1669 2601 1713 rectum
2633 1659 2876 1713 Daedalus
2906 1658 3138 1727 ingenio.

1994 1753 2088 1809 llic
2126 1762 2311 1807 natura
2332 1752 2589 1808 homines
2620 1768 2712 1821 per
2738 1766 3000 1807 summum
3031 1762 3198 1822 portat
3223 1752 3454 1823 Olympi,

2063 1845 2179 1910 Quo
2209 1843 2465 1912 liquidum
2495 1855 2713 1898 tranans
2739 1843 2816 1897 ire
2847 1842 3091 1897 columba
3122 1843 3279 1898 valet.

1993 1934 2220 2001 Parcite,
2260 1933 2513 1997 Pierides,
2548 1935 2761 2002 pelagus
2792 1933 2999 1988 fluviale
3024 1934 3252 1997 silendo,

2063 2026 2139 2081 Ne
2162 2035 2370 2095 reparet
2397 2042 2594 2089 sermo,
2621 2027 2728 2080 fors
2756 2027 2893 2082 bona
2925 2028 3062 2094 quod
3091 2026 3312 2095 pepulit.

1997 2120 2151 2172 Duria
2178 2118 2196 2149 ⁸
2227 2134 2347 2173 nam
2370 2120 2561 2183 Sessis,
2586 2126 2797 2172 torrens
2828 2119 2910 2173 vel
2942 2117 3121 2181 Stura,
3150 2118 3230 2171 vel
3259 2116 3427 2186 Orgtts

2062 2211 2338 2265 Marmoris
2370 2210 2501 2264 Ionii
2537 2210 2795 2264 saevitiam
2827 2220 3099 2279 superant.

1996 2302 2173 2355 Dulcia
2198 2316 2317 2355 cum
2343 2302 2499 2356 variis
2521 2302 2813 2356 succedunt
2843 2302 2961 2356 laeta
2992 2303 3228 2371 periclis,

2068 2390 2302 2446 Effectus
2324 2406 2500 2445 rerum
2532 2405 2626 2445 cor
2655 2391 2885 2445 solidare
2912 2392 3069 2446 solet.

1850 2480 1892 2541 Ε
1990 2481 2074 2535 Nil
2100 2481 2224 2534 mihi
2252 2496 2372 2535 cum
2404 2481 2578 2535 dubiis
2609 2491 2830 2550 prosunt
2859 2481 3051 2538 oblivia
3081 2482 3216 2536 tristi
3252 2500 3262 2534 :

2050 2568 2223 2627 Ebria
2254 2572 2445 2627 lethaeo
2480 2580 2692 2641 pectora
2720 2571 2870 2627 fonte
2896 2573 3032 2626 fero.

1995 2664 2197 2717 Limina
2222 2672 2521 2717 sanctorum
2550 2671 2767 2731 praestat
2793 2663 3046 2717 lustrasse
3079 2674 3421 2727 trementem,

2066 2754 2381 2824 Martyribus
2408 2754 2670 2823 lacryruas
2695 2754 3002 2808 exhibuisse
3032 2769 3198 2807 meas.

1998 2845 2135 2899 Ecce
2164 2844 2464 2908 Saturnius,
2492 2843 2765 2912 CriSpinus
2797 2883 2812 2905 ,
2849 2843 3020 2905 Daria,
3055 2844 3287 2904 Maurus.

2066 2933 2348 2999 Eusebius,
2379 2934 2603 3001 Quintus
2628 2931 2813 3001 gaudia
2839 2946 3024 3000 magna
3058 2940 3264 3000 parant.

1993 3027 2176 3083 Octavi
2200 3026 2401 3081 meritis
2428 3016 2517 3093 da,
2553 3025 2863 3090 Adventor;
2895 3025 2915 3055 '
2942 3023 3125 3090 redde,
3157 3024 3391 3090 Solutor,

2063 3114 2301 3171 Candida
2330 3130 2397 3171 ne
2428 3116 2580 3185 pullis
2606 3118 2714 3169 vlta
2743 3114 2896 3169 cadat
2921 3114 3160 3170 maculis.

1996 3206 2225 3261 Hostiles
2246 3206 2461 3277 laqueos
2490 3205 2696 3262 scindat
2724 3220 2872 3260 mens
2893 3205 3103 3259 conscia
3133 3206 3261 3260 recti
3301 3223 3310 3254 :

2064 3298 2176 3354 Hoc
2196 3294 2406 3368 semper
2433 3299 2635 3368 placeat
2661 3297 2801 3368 quod
2824 3297 3007 3362 decet,
3034 3298 3133 3352 hoc
3164 3297 3338 3354 liceat.

1928 3516 2099 3557 DlCTlO
2118 3502 2139 3532 ⁸
2158 3516 2295 3556 DATA
2316 3518 2577 3557 DEUTERO
2595 3517 2644 3554 ν.
2668 3516 2716 3555 8.
2744 3516 3107 3570 GBAIIATICO,
3127 3517 3319 3557 NOIINI
3337 3516 3495 3555 IPSIUS

2353 3608 2608 3647 EUGENETI
2638 3607 2687 3644 ι’.
2722 3607 2758 3645 Ι.
2793 3609 3079 3673 ιιιττειξω.

2000 3703 2194 3758 Gaudia
2221 3705 2597 3759 transcendunt
2630 3703 2789 3768 vires,
2831 3720 2930 3758 vos
2974 3705 3093 3759 laeta
3124 3706 3380 3771 superbit,

2069 3792 2265 3861 Ingenii
2298 3795 2518 3845 maciem
2552 3807 2805 3861 prospera
2851 3808 2953 3846 non
2985 3804 3240 3848 metuunt.

1929 3926 2226 3980 vocabulum
2257 3941 2403 3977 casus
2434 3922 2635 3993 feminae
2684 3925 2863 3978 nobilis
2912 3926 3051 3978 dedit
3079 3941 3097 3978 :
3149 3928 3280 3977 unde
3309 3928 3498 3983 declive

1926 3999 2127 4059 quidem
2155 3997 2272 4059 iter,
2294 3996 2381 4048 sed
2400 3994 2679 4064 expeditius
2708 3998 2774 4047 ad
2802 4012 2959 4065 usque
2989 3995 3249 4065 castellum
3279 3994 3499 4065 Virgan-

1929 4069 2050 4121 tiam
2105 4074 2261 4133 pater.
2322 4065 2616 4118 Matronam
2666 4064 3031 4118 Marcellinum
3063 4066 3139 4118 cis
3177 4064 3497 4129 Brigantium

1930 4152 2048 4190 cum
2076 4136 2317 4191 Ennodio
2347 4135 2507 4189 locat.
2543 4134 2803 4189 ltiuerarii
2835 4144 3042 4199 auctor,
3070 4136 3194 4205 quia
3229 4136 3326 4188 iter
3354 4135 3500 4189 ordi-

1933 4216 2016 4261 tur
2045 4223 2076 4261 e
2103 4206 2311 4268 Galliis,
2337 4215 2455 4275 post
2481 4205 2809 4274 Brigantium
2842 4205 3099 4260 Genevrn:
3152 4207 3347 4260 montis
3379 4220 3500 4276 pars

1931 4286 2031 4339 est,
2063 4284 2119 4329 ut
2145 4276 2274 4328 dixi.

2002 4346 2021 4375 ³
2058 4346 2219 4397 Duria
2251 4360 2371 4396 nam
2420 4342 2627 4414 sessis]
2655 4344 2805 4397 Hunc
2839 4358 3046 4397 versum
3093 4358 3156 4396 ex
3200 4346 3501 4412 conjectura

1935 4414 2290 4478 restituimus,
2322 4428 2442 4467 nam
2470 4413 2524 4466 iu
2549 4413 2778 4480 antiquis
2807 4414 2965 4466 etiam
2996 4414 3269 4467 codicibus
3315 4416 3509 4479 ἀει)ηά

1934 4487 2242 4537 vatissimus
2272 4492 2408 4537 erat.
2440 4482 2676 4545 Sturam,
2710 4484 2929 4549 Orgum.
2978 4482 3166 4537 Durias
3187 4484 3342 4546 duas.
3372 4486 3501 4540 Ses-

1936 4555 2092 4608 sitem
2126 4554 2327 4625 Plinius
2358 4552 2448 4625 lib.
2468 4569 2553 4625 in,
2586 4568 2703 4625 cap.
2734 4552 2818 4625 l_6,
2851 4552 2902 4605 in
2927 4551 3098 4625 fluviis
3127 4564 3391 4617 numerat,
3413 4557 3500 4625 qui

1937 4639 2000 4677 ex
2046 4624 2265 4692 Alpibus
2290 4622 2341 4676 in
2376 4623 2574 4676 Padum
2606 4623 2736 4675 lzevo
2757 4622 2921 4675 latere
2950 4621 3256 4677 decurrunt.
3285 4625 3351 4679 Et
3378 4621 3504 4680 vero

1940 4694 2129 4759 pri~cis
2151 4694 2323 4747 adhuc
2348 4693 2617 4746 vocabulis
2643 4702 3047 4759 nuncupantur,
3075 4694 3177 4748 uisi
3203 4695 3343 4763 quod
3376 4694 3502 4750 Ses-

1937 4766 2099 4817 sitem
2139 4764 2368 4819 Sessiam
2403 4773 2643 4835 vocant,
2673 4773 2724 4835 et
2754 4764 2950 4835 ()rgum
3002 4764 3235 4835 Orcum:
3291 4780 3353 4820 ex
3399 4780 3506 4835 quo

1944 4842 2219 4913 pateLnori
2252 4842 2393 4913 recte
2414 4833 2550 4913 apud
2575 4831 2797 4913 Elinium
2830 4832 3064 4913 Mgrgum
3095 4834 3217 4903 legi.

2017 4904 2037 4933 ³
2070 4902 2244 4957 Redde
2296 4901 2541 4971 Solutor]
2572 4901 2840 4965 Octavius,
2869 4903 3086 4957 Solutor
3133 4901 3186 4957 et
3234 4903 3505 4959 Adventor

3075 4988 3299 5041 quorum
3338 4987 3503 5026 sacras

1946 5044 2185 5111 reliquiae
2211 5043 2263 5095 in
2289 5042 2489 5095 honore
2529 5050 2653 5095 sunt
2688 5043 2934 5110 Augustas
2977 5042 3330 5097 Taurinorum
3362 5062 3374 5097 :
3407 5056 3505 5096 ex-

1945 5120 2157 5175 statque
2186 5113 2236 5165 in
2268 5127 2361 5166 eos
2392 5127 2570 5167 sermo
2600 5112 2811 5166 Maximi
2836 5113 3071 5180 episcopi
3102 5112 3467 5166 Taurineusis.

253 5168 813 5255 Pr‘ﬁ‘ff'lpfiﬁiaﬂiione
891 5186 991 5238 (11⁸³
1044 5183 1190 5255 Ρθΐξθ
1218 5174 1447 5255 Galliam
1503 5184 1707 5255 spectat
1736 5178 1820 5244 qui
1852 5180 1902 5239 ι)
2001 5182 2021 5212 ⁸
2056 5168 2228 5255 Dictio
2251 5182 2371 5235 data
2418 5181 2649 5255 Deuterlo
2679 5168 2923 5255 mittenda
2952 5168 3240 5255 Eugeneti]
3269 5181 3505 5255 Uterque

250 5238 414 5291 hodie
443 5253 599 5291 mons
625 5238 865 5293 Genevra
896 5251 1246 5306 nuncupatur.
1276 5238 1610 5297 ltinerarium
1643 5238 1827 5299 Hiero-

246 5310 351 5382 sol.
377 5325 389 5360 :
418 5307 621 5382 Mansio
654 5307 948 5382 Ebreduno.
984 5309 1112 5363 lude
1138 5313 1391 5382 incipiunt
1422 5314 1575 5381 Alpes
1605 5313 1823 5382 Cottite;

248 5378 473 5450 inritatio
504 5377 795 5450 Rame,iiM.
827 5396 955 5445 rm,
986 5382 1178 5433 mansio
1215 5377 1557 5450 Brigantiam.
1591 5383 1668 5436 Μ.
1696 5377 1826 5443 xv".

249 5447 392 5505 lude.
418 5451 651 5504 ostendis
680 5449 989 5503 Matronam.
1020 5447 1332 5505 Ammianus
1362 5452 1729 5507 Marcellinus:
1762 5454 1827 5509 In

249 5520 471 5582 Alpibus
499 5518 699 5582 Cottiis,
732 5536 947 5588 quarum
973 5522 1170 5572 initium
1198 5537 1228 5572 a
1260 5521 1541 5589 Segusione
1566 5533 1660 5589 est,
1690 5540 1821 5589 prte-

247 5590 450 5664 relsurn
468 5588 677 5664 erigitur
705 5592 911 5664 jugum.
944 5591 989 5642 Α
1014 5592 1299 5664 summitate
1324 5588 1478 5664 [tnjus
1509 5588 1682 5646 Italici
1706 5596 1822 5648 clivi

248 5657 495 5730 planities
518 5657 585 5709 ad
609 5657 1062 5730 usque'stationem
1084 5662 1285 5713 nomine
1315 5657 1498 5715 Mdrtis
1520 5680 1606 5728 per
1631 5672 1820 5730 septem

247 5727 548 5781 extenditur
569 5727 733 5799 millia
757 5746 775 5799 τ’
806 5740 853 5799 et
878 5730 992 5781 hinc
1009 5730 1113 5781 alia
1136 5732 1378 5783 Celsiludo
1408 5727 1632 5795 erectior,
1663 5727 1821 5799 regre-

245 5814 347 5861 que
368 5797 673 5864 superabilis
701 5798 767 5851 ad
802 5796 1047 5853 Matrona
1069 5801 1345 5868 porrigitur
1369 5802 1596 5856 vcrtirem
1623 5790 1644 5857 '.-
1676 5790 1820 5873 cujus

1928 5252 2735 5351 εξ,εΡξιξξξεηεοὶιξξξειεοΝεξξι
2760 5250 3504 5351 99Α9ἳ.ἒέ[ί3,β,ἷί¹ξῖῗὲἓξὲ

1928 5321 2129 5374 dictum
2160 5330 2243 5375 est
2265 5322 2327 5375 ad
2358 5322 2514 5389 epist.
2547 5322 2613 5375 l9
2643 5322 2734 5377 lib.
2760 5337 2777 5376 ι
2802 5337 2819 5387 ;
2846 5321 2913 5376 de
2935 5321 3210 5390 Eugeneie
3236 5329 3503 5390 quaistore

1929 5390 2034 5471 lib.
2052 5405 2127 5471 tv,
2150 5394 2307 5471 epist.
2334 5390 2423 5445 ‘26.
2454 5391 2535 5471 Al)
2568 5391 2837 5471 Eugeneie
2864 5392 3026 5461 igitur
3058 5391 3258 5471 hortuli
3290 5398 3497 5471 partem

1930 5461 2065 5543 petit
2092 5461 2393 5543 Deu_terius,
2428 5460 2581 5530 cuius
2602 5464 2816 5516 nomine
2842 5460 3058 5516 carmen
3106 5460 3213 5514 hoc
3242 5460 3500 5528 scriptum

1928 5528 1997 5582 ab
2027 5529 2286 5583 linuntlin.
2497 5528 2507 5530 ἡ

2003 5599 2184 5669 ‘Quid
2217 5600 2394 5669 jubar,
2448 5610 2493 5653 et
2523 5599 2718 5652 calidos
2744 5598 2760 5669 ]
2786 5598 2900 5669 Sic
2935 5598 3061 5667 legit
3091 5595 3342 5669 Barthius
3374 5597 3506 5652 Ani-

1928 5668 2104 5738 madv.
2137 5668 2200 5722 ad
2217 5666 2429 5738 —Papiuii
2454 5670 2603 5723 Statii
2631 5666 2949 5738 tTliebaid..
2998 5666 3120 5735 pag.
3153 5668 3277 5735 ιιι,
3320 5669 3503 5736 aitque

1929 5737 2013 5791 his
2060 5740 2236 5792 verbis
2263 5736 2331 5792 ab
2363 5736 2603 5791 Eunodio
2644 5736 2866 5803 exprimi
2915 5737 3256 5797 serenitatem,
3314 5739 3494 5801 lucem,

1900 5850 1903 5855 .
1930 5807 2084 5870 diem,
2114 5813 2289 5861 solem.
