3974 6366
435 362 530 417 3H
1555 356 1826 420 ENNODII
1868 361 2021 418 ΕΡιὸ

2143 364 2169 418 ’1
2210 363 2579 425 TlClNENSlS

505 476 685 532 Dulcia
716 476 1038 545 temporibus
1063 474 1389 528 famulantur
1423 474 1506 528 fila
1537 477 1789 532 secundis
1819 494 1834 532 :

572 566 723 634 Quod
755 565 877 620 felix
901 565 1116 629 meruit,
1141 564 1320 619 nobile
1353 578 1568 619 carmen
1593 566 1717 620 erit.

503 657 614 712 Vox
633 656 759 726 justi
781 664 1035 723 quaestor,
1065 656 1234 722 legum
1263 654 1580 720 substantia,
1612 653 1769 708 nobis

573 748 681 802 Ceu
709 746 940 802 Pbmbus
973 748 1145 800 mittet
1177 756 1444 815 tympana,
1475 748 1699 817 plectra,
1739 747 1931 818 lyram.

501 839 664 893 Docta
688 837 1062 892 Cammnarum
1094 846 1245 891 coeat
1277 838 1358 905 pia
1389 838 1538 891 turba
1572 851 1840 900 sororum,

569 928 771 984 Offerat
791 934 976 997 arguto
1007 928 1198 996 pollice
1236 928 1376 997 quod
1409 929 1658 996 loquitur.

497 1020 726 1089 Turgida
756 1019 951 1073 fatidici
989 1021 1070 1073 vix
1115 1020 1318 1088 possint
1349 1028 1559 1086 pectora
1596 1021 1729 1074 vatis

570 1105 838 1165 Virtutum
868 1110 1073 1179 species
1101 1124 1415 1164 enumerare
1445 1119 1579 1163 tuas.

503 1204 579 1257 Tn
610 1204 770 1256 decus
801 1203 982 1269 Italiae,
1020 1216 1142 1270 spes
1169 1214 1222 1255 tu
1254 1201 1504 1256 fidissima
1531 1203 1682 1268 recti,

573 1296 709 1363 Fax,
745 1297 864 1350 tuba
888 1311 1189 1360 causarum,
1219 1310 1448 1364 purpura
1479 1305 1682 1360 nostra,
1707 1295 1842 1349 vale.

503 1388 812 1443 Luminibu‘s
843 1387 1077 1454 loi'uples
1111 1387 1280 1441 solem
1314 1396 1364 1440 te
1394 1387 1562 1441 Roma
1594 1389 1803 1442 vocavit

573 1481 746 1544 Celsa,
779 1480 1036 1546 Quirinali
1066 1480 1360 1548 suscipiens
1390 1481 1610 1548 gremio.

504 1571 726 1641 Eloquio
759 1573 989 1643 lyncem,
1019 1581 1072 1626 tu
1104 1571 1299 1626 subdes
1325 1586 1455 1626 voce
1487 1572 1714 1636 leonem,

575 1666 728 1720 Melle
761 1673 849 1718 tuo
874 1679 1091 1730 serpens
1117 1665 1344 1733 gutturis
1374 1679 1517 1716 arma
1547 1671 1769 1732 premet.

504 1750 717 1811 F‘ctibus
741 1755 939 1808 orbata:
965 1752 1163 1807 ferrent
1193 1753 1284 1806 tibi
1309 1767 1525 1808 munera
1557 1754 1738 1822 tigres,

572 1848 701 1914 Qua:
725 1848 880 1901 dolor
908 1856 961 1902 et
1004 1847 1179 1901 feritas
1205 1862 1332 1901 aure
1364 1857 1585 1915 pavente
1615 1846 1788 1901 daret.

501 1941 576 1996 Te
604 1955 740 2008 pene
767 1939 1067 1995 demessum
1091 1955 1188 1994 ceu
1223 1939 1406 1992 florem
1432 1938 1651 1993 dextera
1675 1937 1769 1991 fati

572 2033 705 2086 Dum
739 2032 956 2098 lacerat,
1001 2031 1243 2086 Christus
1273 2031 1493 2098 perculit
1514 2030 1755 2085 exitium.

506 2123 729 2177 Reddita
760 2137 816 2178 se
845 2122 1039 2177 melius
1067 2137 1205 2176 nunc
1233 2122 1397 2174 vincit
1423 2122 1525 2174 vita
1559 2120 1722 2189 beati,

575 2213 793 2268 Actibus
815 2213 1070 2268 asseritur
1093 2213 1232 2281 quod
1257 2213 1399 2266 venit
1425 2227 1452 2264 a
1481 2211 1710 2278 superis.

505 2306 598 2361 llis
628 2307 814 2369 fretus,
849 2318 953 2358 non
981 2287 1204 2372 legatos,
1235 2318 1333 2358 nec
1365 2303 1520 2357 verba
1547 2313 1856 2372 precantum
1882 2343 1897 2366 ,

573 2400 772 2455 Callida
795 2399 983 2455 fucatis
1007 2398 1210 2453 artibus
1237 2399 1414 2453 elicui.

505 2490 620 2562 lpse
641 2506 763 2562 ego,
805 2491 1065 2546 mendicze
1096 2493 1460 2545 transmittens
1483 2489 1643 2543 verba
1674 2489 1895 2554 'l'halim,

577 2582 781 2636 Donum
811 2596 958 2636 more
995 2582 1088 2636 Dei
1122 2590 1171 2636 te
1204 2595 1392 2650 precor
1421 2590 1476 2636 ut
1503 2581 1725 2636 tribuas.

505 2673 755 2728 llortulus
779 2673 965 2742 exigua
986 2673 1218 2727 sociatus
1247 2685 1392 2741 parte
1415 2672 1652 2728 retardat

574 2765 732 2835 Spem
761 2765 1005 2831 solidam,
1040 2764 1154 2819 fieri
1179 2779 1244 2819 ne
1272 2779 1479 2820 merear
1504 2765 1766 2820 dominus.

507 2858 653 2912 llanc
696 2857 824 2910 mihi
873 2855 1050 2924 largiri
1092 2871 1194 2910 non
1239 2871 1484 2926 spernas,
1518 2858 1695 2911 lumen
1720 2857 2001 2925 bonorum,

577 2949 667 3005 Sic
697 2947 803 3003 rod
829 2961 1047 3014 compos
1074 2948 1265 3002 saecula
1285 2961 1463 3002 noSIra
1486 2950 1651 3004 colas.

505 3044 594 3098 Sic
623 3042 640 3072 ¹
671 3051 722 3095 te
744 3037 1016 3108 regnantis
1039 3039 1290 3092 sublimet
1315 3039 1456 3092 celsa
1489 3044 1724 3107 potestas
1753 3055 1767 3091 :

577 3132 667 3186 Sic
697 3136 916 3183 currant
943 3127 1144 3180 meritis
1177 3141 1335 3180 aurea
1371 3129 1471 3180 tata
1505 3129 1628 3182 tuis.

509 3221 770 3289 Amphion
791 3217 1013 3272 Dirceus
1044 3218 1214 3286 tetigit
1241 3218 1381 3287 quod
1409 3220 1638 3286 pv-ctine.
1669 3219 1830 3283 vixit;

581 3308 734 3364 Nulla
758 3307 890 3362 mori
919 3322 1095 3362 rerum
1129 3319 1252 3361 tunc
1273 3306 1501 3360 animata
1533 3315 1725 3374 potest.

510 3403 797 3460 Commoda
825 3402 894 3456 de
923 3401 1083 3455 Musis
1111 3415 1377 3469 nunquam
1411 3399 1618 3455 ﬂiixere
1644 3411 1719 3456 tot
1748 3399 1934 3466 annis;

583 3493 784 3549 Affectu
805 3492 967 3563 pretii
1003 3505 1133 3562 quas
1175 3491 1302 3546 mihi
1331 3492 1575 3547 concilia.

1150 3609 1232 3661 ἸΙΙ

447 3712 714 3760 anrnto
743 3705 763 3736 ²
793 3716 1078 3768 asportans
1100 3716 1318 3758 pnocru
1347 3715 1502 3756 DICTA
1527 3714 1622 3756 sua
1653 3715 1740 3755 DIE
1789 3715 1854 3755 xv
1887 3714 2004 3755 c.u..
2076 3690 2084 3695 ’

1158 3810 1290 3851 MA".

515 3888 775 3956 Exprimit
798 3887 848 3940 in
879 3884 1079 3955 Spicam
1109 3885 1264 3938 tellus
1290 3884 1397 3953 jam
1429 3885 1528 3939 feta
1563 3882 1805 3954 papillas,

583 3979 740 4034 Lacte
768 3977 1028 4031 maritatis
1053 3975 1252 4045 turgida
1281 3975 1585 4044 ceSpitibus.

513 4070 798 4137 Stringitur
829 4068 878 4119 in
911 4067 1114 4133 prolem
1143 4081 1360 4133 sparsus
1385 4081 1484 4133 per
1518 4066 1756 4132 gramina
1797 4078 2005 4130 succus,

587 4160 659 4211 De
679 4159 838 4226 guttis
864 4156 1060 4210 faciens
1083 4156 1384 4223 progeniem
1407 4155 1651 4208 solidam.

515 4250 750 4303 Vestitos
777 4249 1000 4316 gemmis
1031 4248 1300 4315 protendit
1332 4237 1548 4300 brachia
1579 4244 1800 4312 palmes,

589 4340 662 4395 De
687 4338 889 4409 gremio
917 4338 1043 4407 ligni
1074 4338 1351 4405 pampinus
1379 4351 1503 4391 ecce
1525 4337 1683 4391 viret.

514 4432 668 4487 Iussa
693 4446 788 4500 per
813 4440 1149 4499 augmentum
1180 4444 1319 4482 nunc
1349 4429 1537 4506 silvam
1566 4429 1786 4498 perdere
1807 4429 1939 4483 vites

589 4522 845 4593 Frugibus
877 4532 934 4576 ut
962 4528 1186 4582 crescat,
1221 4521 1439 4575 vulnera
1465 4523 1771 4575 conciliant.

515 4615 732 4677 Evocat,
761 4612 977 4680 inquirit
1013 4611 1247 4679 gaudens
1276 4611 1494 4665 infantia
1523 4613 1706 4666 mundi

584 4701 874 4768 Nutricem,
905 4701 1064 4770 tepidi
1091 4715 1246 4769 quam
1277 4701 1424 4756 dedit
1450 4717 1576 4755 aura
1609 4702 1740 4770 poli.

517 4817 534 4850 ¹
559 4817 647 4872 Sic
673 4827 718 4870 te
743 4815 1037 4887 regnantis]
1069 4816 1377 4872 Theoderici
1408 4817 1567 4885 regis,
1598 4819 1751 4888 cujus
1780 4825 2012 4889 quaastor

449 4899 578 4943 erat.

517 4961 536 4989 ¹
565 4957 844 5023 Nepotibus
884 4955 1127 5028 Proculi]
1159 4956 1360 5020 Liguris
1392 4967 1558 5023 poeta:
1593 4975 1605 5012 :
1651 4974 1806 5028 quem
1855 4958 2011 5012 Sido-

449 5029 565 5082 nius
613 5029 749 5081 inter
799 5027 1044 5089 eximios,
1099 5036 1154 5080 et
1209 5037 1426 5095 utraque
1476 5027 2014 5096 lingua’prtestantes

448 5099 616 5152 aetatis
644 5112 753 5150 sua:
793 5108 974 5163 poetas
1002 5106 1244 5150 numerat
1274 5096 1364 5152 lib.
1397 5113 1468 5160 Ix,
1510 5102 1667 5167 epist.
1705 5101 1803 5154 l5:

696 5188 943 5234 Potuisset
959 5187 1048 5233 ista
1073 5199 1270 5246 semper
1294 5187 1533 5235 efficacius

694 5248 851 5296 Humo
875 5256 1022 5308 atque
1045 5256 1196 5309 gente
1222 5255 1386 5296 cretus
1410 5249 1456 5296 in
1482 5248 1748 5309 Ligustide

697 5307 952 5371 l’nocuws
965 5307 1172 5357 melodis
1197 5311 1421 5357 insonare
1445 5307 1682 5371 pulSibus,

693 5370 884 5418 Linians
910 5369 1062 5417 faceta
1081 5383 1282 5430 quisque
1308 5373 1376 5419 sic
1405 5369 1639 5430 poi-mata,

691 5433 931 5479 Venetam
957 5431 1158 5479 lacessat
1183 5441 1234 5479 ut,
1256 5431 1414 5480 favore
1445 5432 1700 5480 Mantuam.

697 5493 1063 5551 Honwriczeque
1091 5507 1174 5553 par
1198 5500 1248 5540 et
1267 5495 1370 5552 ipse
1391 5489 1557 5551 εισι-ἰῶ

692 5555 838 5603 Rotas
861 5555 1067 5602 Maronis
1083 5561 1187 5602 arte
1212 5561 1406 5602 sectans
1428 5555 1655 5613 compari.

520 5635 539 5662 ³
573 5633 780 5701 Marsya
809 5651 851 5687 st
877 5632 1074 5703 veniat]
1101 5634 1211 5686 lloc
1237 5643 1338 5696 est,
1369 5634 1411 5686 si
1443 5633 1644 5686 Pliteho
1673 5634 1859 5686 iterum
1903 5649 2021 5686 cum

450 5703 653 5769 MarSya
679 5705 1010 5755 subeundum
1060 5704 1130 5755 sit
1166 5713 1456 5768 certamen,
1492 5703 1691 5757 Prw-coll
1721 5718 1767 5754 m
1820 5703 2024 5764 adjuto-

452 5788 562 5825 rem
607 5787 666 5823 ac
699 5771 899 5824 socium
934 5773 1130 5826 habere
1161 5775 1308 5826 velit.

3582 375 3684 432 312

2034 475 2085 534 Α
2185 478 2342 533 Ludit
2371 496 2466 549 per
2494 481 2682 537 faciem
2712 495 3018 551 camporum
3055 482 3251 540 rustica
3285 485 3468 553 pubes,

2252 570 2562 640 Respiciens
2588 572 2705 625 duri
2737 573 2892 628 dulce
2922 574 3120 628 laboris
3147 590 3301 630 onus.

2179 663 2364 716 Annus
2387 673 2558 730 reptat
2584 675 2746 718 0V8lls
2774 673 2971 720 tractus
3001 681 3094 735 per
3121 681 3388 722 murmura
3412 668 3576 733 veris,

2251 752 2441 806 Fracta
2467 753 2722 808 locuturis
2747 756 2902 810 mella
2935 757 3112 812 ferens
3136 758 3310 813 labiis.

2177 839 2307 894 Cum
2340 842 2496 896 rebus
2520 853 2700 898 noster
2729 844 2953 900 balbutit
2976 846 3210 901 carmina
3235 862 3445 917 sensus,

2248 932 2422 986 Aurea
2446 933 2716 1001 principiis
2738 934 2952 990 dextera
2977 945 3152 1005 portet
3171 952 3347 1005 opem.

2180 1020 2430 1075 Blandior
2457 1021 2521 1074 ad
2554 1020 2742 1076 falcem
2775 1038 2979 1079 messor
3001 1025 3240 1093 perducit
3267 1027 3475 1090 aristas,

2249 1109 2306 1165 Si
2339 1111 2524 1165 rastris
2551 1121 2782 1180 segetem
2824 1123 3038 1182 pectere
3067 1117 3358 1170 continuet.

2177 1199 2324 1254 Nunc
2345 1201 2563 1269 stirpem
2587 1202 2790 1258 Proculi
2813 1203 2944 1258 dans
2961 1220 3180 1261 vernum
3203 1207 3431 1275 suscipe,
3451 1207 3680 1275 doctor;

2251 1289 2328 1344 Ne
2357 1290 2530 1345 fervor
2558 1301 2769 1347 teneros
2794 1292 3053 1363 decoquat
3079 1296 3414 1351 immodicus.

2178 1378 2468 1434 Serventur
2497 1381 2673 1450 leges;
2701 1398 2794 1437 ceu
2821 1397 3012 1439 census
3042 1382 3216 1441 littera
3243 1395 3444 1442 currat.

2255 1470 2450 1526 Horum
2479 1472 2765 1529 Pindareus
2791 1474 3006 1530 ﬂumina
3033 1475 3159 1532 vicit
3177 1492 3328 1535 avus.

2178 1559 2340 1615 Docta
2361 1562 2648 1618 Cammnali
2671 1565 2863 1619 cecinit
2883 1565 2970 1635 qui
2993 1568 3226 1621 carmina
3254 1569 3456 1638 plectro
3484 1587 3497 1623 :

2247 1651 2410 1720 Cujus
2437 1653 2702 1721 Apollinei
2733 1655 2801 1708 nil
2831 1665 3042 1712 tacuere
3068 1656 3239 1712 chori.

2177 1741 2411 1798 Pbtehus
2439 1745 2490 1796 in
2518 1745 2716 1798 auxilio
2740 1754 2948 1814 repetat
2969 1761 3090 1801 mox
3123 1746 3308 1803 fortior
3333 1749 3479 1804 illum
3497 1790 3516 1816 ,

2250 1834 2393 1890 Artis
2423 1835 2669 1890 nobilitas
2701 1835 2722 1866 ³
2761 1837 2968 1907 Marsya
2990 1839 3032 1893 si
3064 1839 3260 1893 veniat.

2838 1925 2927 1981 Ν.

2357 2013 2380 2045 ⁸
2422 2027 2818 2072 εριτωιλιιιωι
2847 2032 3042 2074 ntcruu
3074 2036 3273 2076 MAXIMO
3301 2036 3351 2075 v.
3383 2036 3430 2076 ς.

2767 2109 3035 2181 Ρι·ω[αιὶο.

2179 2201 2363 2254 Annus
2389 2200 2502 2254 sole
2525 2214 2662 2255 novo
2690 2209 2900 2258 teneras
2930 2203 3052 2257 dum
3087 2203 3279 2258 format
3305 2205 3494 2259 aristas
3523 2246 3543 2269 ,

2248 2299 2274 2327 ι
2301 2290 2495 2346 Natura
2521 2293 2572 2347 in
2598 2294 2865 2361 thalamis,
2891 2297 3019 2351 orbe
3041 2305 3272 2365 tepente,
3300 2297 3471 2352 sedet.

2181 2384 2417 2454 Pingitur
2446 2395 2500 2441 et
2522 2389 2668 2442 vario
2693 2389 2920 2444 mundus
2945 2391 3250 2446 discrimine
3281 2393 3505 2456 florum;

2257 2475 2370 2530 Una
2396 2477 2495 2531 soli
2519 2477 2702 2544 facies,
2741 2482 2928 2549 gratia,
2957 2482 3150 2548 cultus,
3177 2495 3344 2537 amor.

2177 2565 2380 2620 Arbuta
2405 2567 2554 2622 vitali
2585 2570 2882 2625 coalescunt
2916 2570 3020 2625 uda
3047 2587 3242 2640 vapore
3266 2591 3282 2637 ;

2253 2654 2408 2724 Ignea
2438 2667 2718 2714 concretus
2743 2660 2944 2714 semina
2973 2675 3160 2715 succus
3186 2663 3300 2716 alit.

2179 2744 2412 2813 Erigitur
2439 2747 2594 2815 genio
2620 2748 2777 2802 tellus
2802 2749 3083 2804 tumefacta
3117 2753 3334 2818 marito;

2253 2835 2472 2890 Torrida
2501 2836 2710 2890 lascivis
2738 2838 2867 2892 silva
2893 2838 3026 2895 viret
3053 2841 3255 2909 spoliis.

2183 2926 2409 2978 Laetaris
2436 2926 2726 2996 cespitibus
2752 2928 2804 2982 in
2837 2930 3031 2985 nodum
3065 2932 3290 2986 truditur
3317 2933 3502 2998 herba,

2253 3018 2404 3074 Vitca
2437 3030 2733 3089 gemmatos
2764 3024 2978 3078 brachia
3006 3025 3132 3079 dant
3156 3025 3365 3091 digitos.

2180 3108 2237 3162 In
2269 3125 2444 3164 rerum
2477 3112 2619 3164 cultu
2645 3112 2730 3166 lex
2755 3114 2926 3183 jungit
2953 3116 3191 3184 pronuba
3225 3116 3422 3177 tradas;

2252 3199 2390 3252 Aura
2419 3199 2524 3268 poli
2554 3210 2610 3254 ut
2637 3215 2890 3269 sponsum
2915 3205 3152 3273 germina
3184 3213 3370 3259 cuncta
3399 3204 3544 3260 facit.

2185 3289 2323 3354 Ergo
2367 3289 2478 3357 pari
2511 3301 2636 3346 voto
2662 3293 2782 3356 lux,
2803 3293 3018 3359 coelum,
3048 3295 3284 3362 flumina,
3313 3295 3541 3364 Nereus,

2253 3375 2471 3442 Montes,
2505 3389 2672 3447 prata,
2704 3379 2829 3435 ferte
2855 3385 3040 3452 gaudia
3073 3383 3394 3450 concipiunt.

2181 3465 2256 3519 De
2289 3477 2337 3520 te
2366 3466 2506 3534 quod
2539 3478 2726 3523 vernat
2751 3473 2986 3536 sortitur,
3016 3470 3262 3536 Maxime,
3292 3474 3564 3538 mundus;

2258 3560 2321 3613 Et
2347 3561 2642 3616 naturalem
2669 3562 2766 3616 dos
2797 3574 2881 3617 tua
2911 3567 3075 3620 comit
3113 3581 3290 3636 opem.

2181 3654 2276 3709 Cui
2301 3654 2533 3721 sanguis,
2559 3668 2770 3719 census,
2794 3660 3001 3726 genius,
3026 3673 3194 3720 mens,
3215 3669 3333 3712 vota
3358 3666 3691 3727 superstat-t,

2251 3747 2514 3802 Musarum
2546 3749 2716 3816 primo
2743 3747 2872 3804 fulta
2903 3749 3210 3814 supercilio.

2184 3841 2388 3896 Stecula
2421 3850 2471 3910 te
2512 3840 2633 3896 fidei
2666 3842 3044 3896 monimentum
3085 3851 3262 3894 nostra
3289 3839 3574 3907 dederunt,

2244 3930 2493 3998 Corporis
2514 3939 2568 3985 et
2593 3931 2768 3985 cordis
2793 3931 3090 4000 virginitate
3120 3946 3322 4000 parem.

2185 4021 2493 4076 Vincentem
2526 4021 2728 4075 meritis
2760 4037 3007 4087 sponsam
3041 4022 3131 4075 dat
3159 4022 3385 4077 candida
3425 4023 3533 4078 vita
3561 4041 3574 4075 :

2252 4110 2380 4175 Quae
2405 4124 2524 4164 cum
2559 4121 2609 4164 te
2635 4121 2870 4178 superat,
2894 4114 2968 4165 sic
3000 4113 3096 4165 tibi
3118 4113 3289 4181 palma
3317 4115 3479 4168 venit.

2184 4201 2316 4254 Huic
2343 4199 2508 4254 niveis
2535 4214 2759 4254 concors
2780 4201 2976 4256 arridet
3005 4201 3212 4254 flamma
3238 4203 3465 4268 labellis,

2253 4291 2381 4345 Alba
2408 4290 2736 4346 verecundus
2767 4291 2963 4360 spargit
2986 4291 3036 4344 in
3067 4306 3158 4345 ora
3189 4301 3361 4345 notas.

2185 4423 2334 4479 Adsit
2365 4438 2462 4477 oro
2491 4422 2608 4477 fons
2633 4422 2880 4491 loquelae,
2906 4436 3053 4484 voce,
3078 4432 3278 4489 mente,
3311 4422 3556 4489 pectine;

2188 4514 2308 4575 Ars,
2339 4521 2547 4576 natura,
2575 4513 2744 4574 Musa,
2771 4511 3000 4566 Plimbus
3022 4525 3124 4579 qua
3157 4519 3323 4565 tumet
3349 4510 3621 4565 facundia.

2192 4601 2303 4656 Vile
2325 4602 2396 4655 nil
2425 4601 2579 4655 decet
2602 4615 2792 4654 sonare
2815 4601 2865 4653 in
2892 4599 3236 4654 Maximorum
3265 4598 3507 4653 laudibus
3534 4617 3548 4652 :

2189 4693 2479 4747 Conterunt
2502 4691 2752 4746 Phoebeia
2781 4692 2979 4745 celsum
3009 4706 3150 4760 saepe
3171 4690 3311 4745 dicta
3341 4691 3624 4746 verticem.

2190 4805 2211 4836 ‘
2246 4804 2643 4871 Epithalamium
2703 4799 2968 4871 Maximo]
3026 4803 3104 4855 Ad
3160 4803 3442 4856 Maximum
3489 4804 3705 4871 aliquot

2126 4876 2358 4927 vidimus
2384 4874 2636 4939 epistolas
2666 4874 2754 4926 lib.
2783 4888 2850 4925 νη
2875 4884 2926 4925 et
2954 4888 3062 4936 vui,
3087 4882 3241 4941 atque
3288 4875 3337 4925 in
3368 4873 3432 4925 iis
3478 4876 3704 4942 nuptia-

2123 4960 2237 4999 rum
2267 4945 2585 4997 mentionem
2635 4944 2684 4992 in
2716 4943 2906 5009 quibus
2936 4943 3132 4996 dictum
3177 4953 3257 4995 est
3289 4943 3386 4996 hoc
3432 4945 3708 5010 epithala-

2125 5017 2324 5066 mium:
2357 5017 2497 5081 quod
2531 5012 2681 5066 fmdis
2707 5013 2978 5072 hactenus,
3011 5025 3063 5064 ut
3087 5023 3279 5066 caetera
3307 5011 3417 5066 fere
3447 5026 3705 5078 poemata

2125 5083 2372 5146 Ennodii,
2404 5098 2650 5136 versuum
2672 5082 3072 5146 trajectionibus
3095 5083 3488 5149 interpolatum,
3518 5084 3709 5138 ordini

2129 5153 2392 5217 uitorique
2438 5167 2536 5205 suo
2588 5151 2933 5205 reddidimus.
2969 5151 3126 5204 Vario
3155 5163 3462 5206 metrorum.
3494 5168 3710 5219 genere

2126 5231 2338 5276 constat
2363 5222 2608 5289 exemplo
2629 5221 2923 5284 Claudiani,
2953 5222 3038 5283 qui
3065 5221 3288 5273 diversis
3309 5225 3549 5275 numeris
3572 5225 3711 5276 lusit

2128 5294 2180 5344 in
2214 5293 2422 5356 nuptias
2441 5291 2657 5344 Honorii
2685 5300 2736 5342 cl
2761 5291 2957 5342 Μανῆ-ιι.
2983 5290 3111 5342 Nam
3137 5290 3387 5345 Sidonius
3414 5292 3464 5341 iu
3490 5293 3641 5354 epith
3667 5311 3712 5337 v-

2129 5362 2287 5413 lamio
2319 5361 2536 5412 Polemii
2567 5369 2621 5413 et
2653 5359 2925 5413 Araneolte
2959 5359 3173 5414 heroico
3203 5369 3406 5412 tantum
3431 5376 3559 5412 usus
3590 5371 3707 5424 est,

2132 5427 2380 5484 Paulinus
2412 5431 2645 5496 elegiaco
2701 5431 2749 5480 in
2810 5429 3147 5492 epithalamio
3191 5429 3386 5482 Juliani
3441 5429 3712 5484 M'cmoris

2129 5499 2361 5567 episeopi
2399 5499 2457 5552 Ε.
2492 5509 2544 5552 et
2569 5499 2634 5551 ire
2658 5499 2962 5552 clarissimte
2987 5499 3195 5554 femina:

2202 5578 2226 5604 ε·
2267 5569 2469 5621 Natura
2517 5569 2568 5620 in
2606 5567 2779 5635 that.]
2839 5568 2891 5621 Id
2945 5579 3046 5632 est,
3095 5583 3371 5635 prmgnans
3411 5578 3511 5634 est,
3573 5584 3713 5622 mox

2129 5648 2531 5703 superventurm
2556 5639 2781 5705 partioni
2817 5639 3038 5692 intenta.
3083 5639 3375 5692 Admodum
3400 5641 3709 5703 eleganter.

2133 5709 2336 5830 ῗῶἑιξιι.
2369 5709 2636 5761 Animadv.
2671 5710 2737 5760 arl
2769 5707 2974 5778 Papinii
3005 5708 3160 5762 Statii
3191 5723 3205 5760 t
3250 5709 3543 5770 Achillcid.,
3573 5723 3706 5776 pag.
