3974 6366
204 383 295 439 513
1532 368 1889 430 εΑιιὶιιΝυΜ
1933 368 2060 424 LIB.
2108 368 2148 421 1.

1796 490 1844 546 Α
1941 484 2071 552 Quae
2097 483 2231 536 viret
2257 480 2308 535 in
2340 482 2511 550 pretio
2539 483 2559 514 ‘
2586 492 2813 551 pastura:
2841 483 2957 537 ﬁcta
2991 482 3324 551 smaragdos,

399 494 540 551 Oi-be
567 496 779 563 captivo
802 492 978 548 Venus
1003 491 1138 547 alma
1172 490 1305 546 fusis

407 586 628 641 Dotibus
655 588 844 639 ﬂorum
867 600 963 654 per
992 598 1200 638 amoena
1233 582 1441 645 ludens,

408 677 540 731 Dum
566 676 692 730 facit
715 691 936 730 vernum
970 673 1140 742 pretio
1158 681 1212 726 et
1238 669 1476 725 micantis

827 763 1013 818 Sidere
1035 762 1250 824 formae;

400 853 610 922 Sprevit
636 854 808 908 aurati
837 854 999 907 decus
1021 865 1179 905 omne
1204 849 1368 920 pepli,

409 946 642 998 Adventu
673 959 916 1013 pompam
951 942 1119 995 noluit
1145 941 1343 996 metalli

402 1034 572 1089 Ditior
595 1036 736 1088 cultu
764 1034 909 1088 stetit
934 1033 1187 1102 etfugato,

825 1122 1017 1191 Sparsa
1045 1121 1293 1190 capillos.

402 1211 596 1265 Nobilis
617 1211 659 1263 si
688 1210 829 1281 quod
852 1210 984 1263 bibit
1010 1217 1124 1262 arte
1155 1210 1307 1263 virus

402 1299 563 1364 Lana,
597 1299 820 1352 mentito
850 1298 1021 1366 potior
1050 1296 1262 1359 colore,

405 1389 495 1442 Dic
526 1397 551 1424 ι
580 1398 631 1441 et
656 1388 879 1457 algentis
911 1386 1077 1455 pelagi
1103 1385 1335 1454 lapillos,

818 1476 967 1529 Nuda
997 1483 1279 1545 superstat.

402 1564 674 1620 Fulserant
708 1580 832 1619 raro
859 1566 959 1619 sub
986 1565 1165 1618 hiante
1188 1564 1277 1617 ﬁlo

405 1652 641 1710 Pectoris
669 1670 893 1725 gemmae
923 1656 975 1709 in
1006 1655 1173 1709 roseis
1199 1652 1432 1722 papillis.

399 1743 637 1799 Invidum
668 1744 923 1800 membris
944 1744 1160 1812 abigens
1187 1742 1440 1796 amictum

790 1832 969 1886 Altera
994 1831 1082 1885 lux
1110 1840 1212 1886 est.

404 1920 674 1975 Preditum
706 1921 826 1975 risit
850 1921 967 1976 sine
994 1921 1132 1976 nube
1153 1934 1370 1989 corpus,

406 2007 435 2047 δ
464 2009 694 2063 Carcere
726 2010 929 2078 irrupto
958 2010 1114 2063 nituit
1139 2024 1386 2065 serenum
1420 2026 1433 2063 :

404 2097 663 2168 Quodque
683 2098 932 2153 servabat
961 2100 1099 2153 male
1128 2108 1236 2153 tuta
1272 2100 1456 2165 vestis,

823 2186 1072 2240 Proditur
1096 2198 1230 2242 arte.

414 2275 595 2344 Aliger
628 2275 749 2329 laxo
780 2276 1051 2329 remeabat
1080 2292 1237 2341 arcu,

396 2366 681 2419 Marcidam
704 2365 962 2420 damnans
991 2365 1081 2420 otii
1116 2367 1439 2435 pharetram,

397 2466 420 2494 ⁶
450 2456 719 2525 Sanguine
740 2456 791 2509 in
816 2457 964 2511 nullo
984 2457 1271 2511 made'acta
1300 2459 1454 2512 latus

812 2546 1025 2613 Spicula
1051 2555 1279 2616 gestans.

261 2652 403 2710 Tunc
431 2652 511 2708 sic
535 2654 821 2724 alloquitur
847 2666 1068 2711 matrem
1093 2656 1419 2711 ﬂuitantibus
1443 2658 1607 2714 armis
1637 2676 1651 2714 :

263 2744 613 2809 Perdidimus,
642 2746 891 2814 genitrix,
918 2746 1130 2802 virtutis
1151 2748 1366 2816 praemia
1399 2759 1616 2805 nostrze.

261 2822 368 2886 lani
398 2849 663 2904 nusquam
688 2834 946 2906 Cytherea
971 2846 1144 2901 sonat,
1171 2838 1371 2892 ridetur
1399 2840 1655 2895 Amorum

261 2920 479 2989 Fabula,
515 2939 614 2978 nec
638 2925 813 2993 proles
843 2928 1078 2982 nascenti
1109 2929 1305 2984 sufﬁcit
1332 2944 1475 2987 mvo.

263 3012 469 3082 Frigida
493 3028 817 3069 consumens
841 3016 1128 3071 multorum
1159 3018 1395 3085 possidet
1418 3028 1563 3075 artus

262 3098 545 3170 Virginitas
574 3101 779 3157 fervore
799 3118 935 3157 novo
961 3124 972 3158 :
997 3106 1241 3160 sublimia
1262 3122 1477 3163 carnem

268 3191 395 3245 \‘ota
424 3192 645 3246 domant
680 3210 693 3244 :
727 3192 953 3246 mundus
983 3194 1125 3248 tenui
1156 3196 1243 3248 vix
1279 3198 1492 3252 nomine
1516 3204 1755 3267 constat,
1784 3184 1831 3248 ο

264 3276 511 3335 Primmvi
536 3281 788 3335 tremulos
823 3280 1005 3336 fractis
1037 3283 1311 3337 imitantur
1336 3285 1578 3354 ephebis.

260 3370 393 3447 Rara
421 3387 514 3439 per
542 3371 827 3426 immensos
850 3374 1150 3437 smclorum,
1179 3375 1404 3441 respice,
1437 3391 1652 3447 campos

260 3444 503 3531 Conjugii
532 3464 721 3518 messis
754 3481 768 3519 :
798 3479 892 3534 per
914 3464 1072 3519 ﬂores
1094 3467 1206 3519 sola
1236 3476 1477 3522 vetustas

260 3551 470 3605 Exserit
494 3552 738 3607 albentes
754 3553 934 3622 jejuna
966 3564 1021 3608 et
1047 3555 1237 3623 pallida
1267 3571 1450 3622 canos,

258 3642 367 3696 Una
396 3642 527 3696 ﬁdes
550 3657 727 3696 rerum
758 3644 898 3698 nulla
931 3644 1212 3700 dulcedine
1237 3646 1399 3711 ﬂecti,

255 3734 319 3787 Et
346 3735 392 3788 si
434 3734 561 3803 quid
612 3744 823 3789 teneros
856 3738 1022 3805 potuit
1051 3738 1394 3793 transducerc
1417 3754 1615 3807 mores,

255 3823 541 3892 Ρι-ςιιοτιριὶε
565 3826 775 3880 calcare
800 3827 954 3879 malis
983 3844 996 3879 :
1028 3839 1268 3883 servatur
1297 3831 1492 3898 ubique

255 3914 522 3968 Justitiam
558 3931 577 3981 ;
607 3916 760 3984 culpa
794 3928 873 3971 est
914 3917 1176 3972 thalamos
1202 3921 1509 3976 nominasse
1531 3921 1753 3992 pudico:

254 4004 329 4058 Tu
358 4007 582 4060 remissa
603 4009 772 4075 jaces,
797 4019 850 4062 et
878 4008 1005 4062 tanti
1035 4010 1210 4063 nescia
1234 4010 1369 4078 juris

252 4095 401 4147 Nuda
429 4111 521 4161 per
546 4097 744 4151 effusos
766 4106 1037 4165 respectas
1068 4101 1306 4154 membra
1334 4102 1576 4168 capillos.

251 4185 445 4256 Surge,
469 4201 583 4257 age,
611 4198 663 4243 et
685 4190 982 4244 obstantem
1013 4202 1359 4261 properanter
1382 4194 1589 4249 discute
1614 4210 1756 4249 som-

1500 4282 1682 4353 [num.

247 4368 357 4425 Nec
388 4379 465 4436 te,
495 4370 637 4440 quod
666 4382 817 4440 turpe
839 4381 941 4438 est,
967 4374 1234 4441 captivum
1265 4389 1460 4429 numen
1490 4376 1685 4431 habere

247 4458 372 4514 Jura
401 4461 703 4530 pudicitiae,
726 4462 809 4515 vel
839 4463 924 4517 lex
951 4464 1254 4518 malesuada
1282 4476 1517 4531 putetur.

317 4550 539 4605 Talibus
571 4551 829 4605 arsissent
857 4552 1014 4607 dictis
1043 4562 1098 4608 et
1126 4556 1327 4609 viscera
1361 4566 1545 4623 ponto.

243 4640 464 4711 Colligit
492 4643 543 4696 in
573 4643 767 4697 nodum
799 4658 980 4711 passos
1011 4644 1097 4698 lux
1129 4660 1287 4701 aurea
1318 4648 1515 4715 crines,

247 4733 313 4786 Et
340 4735 642 4788 naturalem
671 4736 994 4789 concludens
1020 4746 1167 4792 veste
1195 4738 1467 4803 decorem,

243 4823 473 4901 bluzavit
496 4824 742 4879 fortnam.
771 4825 918 4879 Tunc
945 4828 1197 4896 quidquid
1230 4829 1393 4897 fulget
1420 4830 1605 4898 iaspis.

242 4936 258 4966 ¹
290 4935 534 5014 Pasturte
557 4937 1039 5014 [ictasmaragdus]
1087 4940 1242 5014 Pastu
1276 4957 1305 5014 a
1357 4951 1437 5014 est
1487 4948 1629 5014 νομή.
1688 4944 1753 4999 Ut

170 5014 450 5083 ergoan
469 5007 665 5083 dicitur
688 5008 952 5083 interdum
971 5007 1037 5061 de
1065 5010 1272 5083 pascuis
1292 5010 1438 5077 ipsis,
1463 5025 1518 5083 ut
1540 5007 1753 5083 quando

169 5081 429 5135 mnaixai
475 5078 715 5145 λειμῶνες
740 5078 1075 5147 capulantur,
1123 5082 1199 5132 sic
1228 5092 1436 5147 pastura
1489 5078 1586 5135 hoc
1637 5088 1752 5139 loco

169 5163 262 5210 pto
294 5148 514 5213 pascuis
545 5146 868 5199 virentibus:
900 5156 954 5200 et
980 5146 1360 5215 epigrammate
1392 5153 1454 5205 lt)
1482 5169 1491 5203 :
1524 5152 1751 5209 llerbida

166 5225 439 5292 pastui-am
472 5218 1249 5292 superantiasaxa_‘uirenten:.
1311 5220 1425 5273 .lam
1484 5228 1746 5292 smaragdi

165 5287 356 5361 tanset
392 5289 617 5361 pretium
641 5294 723 5361 est
750 5289 908 5361 virnr.
940 5287 1137 5361 Plinius
1163 5289 1256 5340 lib.
1280 5306 1505 5355 xxxvnt,
1536 5287 1741 5361 θυρίδι

165 5352 212 5405 Η
220 5356 373 5409 erbas
390 5357 605 5429 virentes
627 5356 930 5429 frondesque
946 5358 1089 5429 avide
1109 5368 1388 5426 spectamus
1408 5377 1425 5413 :
1451 5352 1747 5429 smaragdos

160 5440 274 5476 rero
307 5436 461 5477 tanta
509 5426 766 5486 libentius,
817 5428 1056 5493 quoniam
1104 5425 1232 5479 nihil
1287 5432 1490 5483 omnino
1538 5425 1746 5488 vti-illius

160 5504 525 5563 comparatum
547 5495 651 5547 illis
682 5511 708 5547 υ
731 5504 823 5547 ret.
853 5496 1212 5549 Tertullianus
1238 5499 1304 5551 de
1332 5501 1570 5554 indicio:
1605 5503 1743 5556 Her-

159 5564 393 5634 ltosaque
446 5569 566 5616 viret
607 5566 923 5633 praegrandis
978 5567 1089 5618 luce
1135 5571 1451 5634 smaragdus.
1502 5572 1742 5627 Murtian.

156 5633 515 5711 (gapelladb.
562 5635 679 5711 Ide.
715 5636 877 5711 Jove:
934 5633 1138 5711 Calccos
1171 5647 1336 5711 autem
1383 5644 1748 5711 smaragdina:

156 5705 322 5771 ﬂuctu
355 5703 637 5756 uiriditatis
660 5705 896 5757 herbosos
919 5708 1138 5772 vestigiis
1169 5710 1275 5772 ejus
1295 5711 1440 5761 tellus
1463 5703 1707 5768 innexuit.

232 5728 322 5755 Ctu
356 5728 637 5756 vrnuuuns
660 5728 896 5757 neruosus
919 5728 1138 5772 vesuqu
1169 5728 1193 5760 ε
1222 5728 1275 5759 us
1295 5728 1440 5761 tetttts
1463 5728 1707 5768 innexuit.

229 5785 255 5810 ⁸
296 5777 400 5827 Dtc
432 5788 499 5826 ET
526 5775 743 5842 algentis
766 5774 932 5844 pelagi
957 5728 1363 5847 lapillosleedit
1386 5780 1620 5849 algentis,
1645 5798 1745 5839 etc,

3342 369 3443 424 3H

1944 575 2007 627 Et
2032 574 2161 628 latet
2189 573 2238 626 in
2268 573 2485 627 conchis
2513 573 2699 627 melior
2721 576 2939 629 custode
2961 589 3167 629 veneno

1937 665 2068 720 Alba
2092 666 2253 730 venit,
2280 664 2491 718 niveum
2520 675 2794 734 sumptura
2820 682 2885 721 ex
2917 682 3140 735 corpore
3169 668 3370 722 lumen.
3412 717 3423 723 -

1939 755 2084 810 Palla
2115 770 2210 823 per
2234 754 2502 809 accinctos
2532 755 2796 810 decrescit
2824 758 3100 826 splendida
3131 760 3370 825 lumbos,

1938 849 2006 903 Et
2031 863 2162 902 zona
2193 857 2404 903 teneras
2438 852 2756 919 compressit
2782 853 2915 906 dura
2945 854 3185 922 papillas.

1935 938 2139 994 Aﬂ‘atur
2168 949 2368 1003 natum,
2400 940 2591 1005 Quem,
2617 955 2738 1009 spes
2762 956 2901 1003 mea,
2932 944 3090 1011 ﬁgere
3122 944 3334 997 lentas?

1936 1030 2105 1097 Quem
2133 1031 2441 1100 sequimur?
2474 1045 2643 1099 quove
2669 1028 2747 1085 ire
2772 1032 2970 1098 jubes?
3000 1042 3119 1100 post
3142 1034 3245 1087 otia
3273 1033 3443 1103 major

1935 1122 2171 1177 Flamma
2203 1122 2605 1178 decet:discant
2628 1123 2803 1191 populi
2828 1133 2953 1176 tunc
2973 1137 3217 1178 crescere
3239 1124 3438 1191 divam,

1942 1216 2072 1271 Cum
2100 1215 2336 1285 neglecta
2362 1215 2524 1283 jacet.
2559 1214 2793 1283 Superos
2828 1214 2898 1267 nil
2928 1214 3149 1282 perdere
3179 1228 3371 1268 somno

1944 1306 2239 1360 Ostendant
2263 1305 2491 1374 geminis
2522 1312 2763 1373 reparata
2793 1303 3035 1358 incendia
3072 1303 3237 1357 curis.

1936 1396 2190 1449 Maximus
2210 1409 2355 1458 ecce,
2388 1393 2555 1457 vides,
2581 1397 2789 1463 generTS
2815 1409 2934 1462 spes
2962 1394 3113 1447 unica
3139 1393 3331 1447 summi
3348 1434 3363 1460 ,

1934 1484 2184 1539 Dulcibus
2215 1485 2387 1539 illudit
2414 1500 2508 1553 per
2539 1484 2695 1553 longa
2725 1485 2917 1538 oblivia
2952 1486 3121 1538 tatdis.

1933 1578 2181 1632 Sectatur
2202 1585 2451 1641 matrem,
2486 1591 2605 1644 qua:
2632 1577 2767 1631 caelo
2802 1575 2983 1645 purior
3006 1577 3122 1645 ipso
3152 1587 3235 1630 est

1934 1666 2177 1731 Femina,
2210 1681 2366 1735 quam
2398 1666 2596 1720 scimus
2622 1665 2899 1719 mulierem
2928 1666 3138 1719 vincere
3170 1674 3366 1720 mente.

1935 1759 2032 1813 Hie
2060 1759 2263 1812 domuit
2289 1773 2509 1827 puerum
2527 1798 2541 1821 ,
2571 1772 2746 1812 mores
2776 1758 2995 1812 sortitur
3020 1772 3267 1824 avorum,

1934 1848 2083 1914 Quod
2115 1846 2275 1915 pudet
2308 1847 2408 1901 heu
2430 1886 2445 1913 ,
2479 1846 2635 1911 longo
2665 1845 2818 1900 nobis
2845 1846 3078 1901 nescitns
3107 1849 3157 1900 in
3191 1861 3305 1900 mvo
3332 1853 3433 1901 est.

1932 1938 2099 2007 Hujus
2126 1937 2191 1991 ad
2222 1939 2494 1994 abstrusas
2517 1938 2691 1993 veniat
2713 1948 2830 1991 mea
2852 1937 3098 2006 lampada
3128 1937 3320 1993 ﬁbras:

1930 2027 2193 2096 Suspiret,
2220 2026 2419 2090 cupiat,
2448 2025 2729 2088 discurrat,
2761 2026 2981 2091 ferveat,
3013 2036 3151 2083 oret.

2002 2116 2127 2169 Haec
2148 2116 2221 2168 ait
2250 2130 2264 2168 τ
2294 2123 2348 2168 et
2369 2114 2608 2168 sobolem
2632 2114 2740 2168 fotu
2765 2117 3045 2183 complexa
3073 2117 3326 2187 benigno,

1930 2205 2103 2260 Mollia
2136 2204 2351 2259 mellitis
2371 2205 2597 2259 arctavit
2616 2205 2680 2259 ad
2708 2206 2884 2259 oscula
2914 2205 3096 2262 labris.

1934 2299 2025 2352 llle
2055 2297 2197 2350 volat
2227 2297 2385 2351 celeri
2417 2306 2632 2350 tranans
2664 2312 2759 2365 per
2789 2296 2964 2351 nubila
2994 2306 3183 2364 vento,

1931 2387 2118 2442 Omnia
2150 2386 2352 2439 lascivo
2382 2387 2591 2441 Socians
2621 2386 2882 2442 elementa
2916 2388 3115 2443 furore.

1829 2481 1840 2489 '
1932 2477 1999 2532 Ut
2020 2478 2184 2542 stetit,
2214 2485 2268 2531 et
2298 2476 2544 2544 juvenem
2576 2477 2759 2531 formae
2792 2478 3071 2546 conspexit
3098 2479 3149 2532 in
3181 2487 3362 2546 ostro,

1929 2568 2079 2621 Tune
2112 2567 2381 2621 Dionteum
2411 2569 2728 2623 tumefactus
2766 2569 3036 2637 despicis?
3065 2570 3253 2639 inquit.

1935 2658 2046 2711 Huc
2075 2657 2334 2712 Venerem
2360 2659 2567 2713 culture
2598 2660 2716 2713 veni
2748 2676 2760 2713 :
2792 2660 2880 2728 qui
2907 2661 3105 2715 tardius
3133 2662 3283 2725 arsit,

1932 2746 1988 2800 In
2020 2748 2242 2801 multum
2273 2746 2411 2802 calet
2433 2748 2522 2802 ille
2548 2763 2727 2817 rogus,
2758 2750 3068 2819 celeresque
3092 2750 3297 2806 favillas

1936 2838 2197 2892 Restituet
2224 2852 2551 2908 qntccnnque
2580 2855 2724 2909 pyra:
2752 2841 3065 2895 subducitur
3086 2843 3265 2895 arbor.

1932 2921 2269 2990 Deprompsit
2286 2921 2536 2988 iaculum,
2568 2935 2673 2991 quo
2700 2924 2852 2979 divos
2882 2926 3068 2979 ﬁxerat
3095 2940 3303 2979 omnes.

1932 3012 2064 3066 Tum
2094 3012 2314 3080 pulcher
2336 3020 2555 3067 teretem
2580 3013 2832 3068 ﬂexuram
2857 3016 3081 3084 perculit
3099 3031 3253 3071 arcus
3279 3033 3292 3070 :

1941 3104 2158 3173 Singula
2189 3103 2405 3158 diverso
2428 3112 2701 3158 traxerunt
2730 3105 2944 3160 brachia
2972 3106 3126 3162 calle.

1933 3192 2212 3261 Pennigeri
2238 3192 2416 3247 vultus
2439 3202 2724 3261 praesentet
2754 3194 2971 3249 dextera
2998 3195 3185 3251 fatum.

1935 3283 2159 3351 Moxque
2183 3281 2325 3347 ferit,
2356 3282 2478 3335 laeto
2501 3284 2693 3336 factum
2717 3284 2956 3340 clamore
2982 3288 3235 3341 salutans.

1932 3371 2023 3426 Ile
2048 3386 2147 3440 ego
2165 3412 2178 3435 ,
2209 3372 2298 3440 qui
2332 3372 2531 3440 trepida
2556 3387 2769 3441 semper
2796 3386 3134 3444 contemptus
3156 3379 3356 3433 adlimsi

1933 3460 2236 3516 Visceribus
2270 3460 2484 3529 fugitive
2508 3464 2630 3525 tuis,
2664 3462 2762 3517 hac
2790 3464 2999 3518 victima
3027 3469 3181 3521 matri

1932 3552 2186 3617 Litamus,
2222 3552 2403 3607 multis
2436 3567 2594 3619 quam
2628 3563 2681 3606 tu
2706 3569 2808 3608 non
2839 3558 3063 3624 suspicis
3085 3558 3259 3614 annis.

1931 3642 2067 3697 Ecce
2094 3644 2285 3697 iterum
2316 3657 2508 3711 magno
2539 3644 2760 3697 rimatus
2782 3646 3039 3713 sanguine
3061 3658 3260 3702 cretam

1931 3732 1975 3798 Q
2001 3748 2107 3785 sam
2131 3731 2377 3786 thalamis
2400 3732 2606 3800 jungat,
2651 3735 2820 3786 cernit
2848 3735 3073 3790 sublime
3104 3740 3295 3806 puella:

1931 3824 1967 3878 S
1990 3824 2109 3885 dus,
2141 3832 2193 3876 et
2222 3825 2477 3876 attonitus
2507 3825 2570 3875 ad
2604 3834 2825 3876 matrem
2856 3824 3049 3879 lumina
3083 3827 3254 3895 ﬂexit,

1930 3914 2250 3969 Germanam
2284 3914 2510 3967 credens
2548 3914 2813 3967 collaudat
2835 3916 3006 3968 nobile
3038 3917 3255 3971 furtum.

1934 4007 2039 4065 Sed
2067 4016 2302 4061 teneram
2336 4006 2535 4061 leviore
2562 4004 2684 4061 ferit
2715 4022 2847 4075 puer
2873 4008 2959 4062 ille
2986 4011 3195 4079 sagitta,

1932 4092 2093 4160 Inque
2116 4092 2288 4145 virum
2318 4100 2457 4145 totos
2487 4091 2744 4145 contorsit
2767 4092 2954 4146 forzior
2988 4093 3141 4146 ictus.

1930 4181 2060 4235 Post
2087 4182 2202 4236 hzec
2230 4181 2533 4251 digrediens
2555 4182 2846 4249 permulcet
2873 4193 3089 4250 pectora
3111 4182 3289 4238 dictis.

1929 4275 2116 4329 Nostra
2150 4284 2266 4327 tuas
2285 4314 2300 4338 ,
2325 4274 2556 4342 juvenis,
2583 4276 2886 4329 confortent
2915 4275 3129 4329 vulnera
3159 4277 3316 4329 vires.

1929 4368 2060 4422 Nam
2083 4367 2383 4435 quicunque
2400 4380 2517 4419 mea
2537 4374 2617 4419 est
2638 4380 2921 4433 percussus
2950 4366 3190 4435 cuspide,
3216 4377 3431 4421 crescit.

1932 4458 2057 4512 Haec
2084 4457 2282 4511 faciunt
2307 4455 2520 4518 multos,
2546 4454 2589 4507 si
2613 4455 2807 4519 credis,
2842 4455 3251 4525 bella-nepotes.

1789 4545 1834 4604 Ι)
1933 4548 2018 4604 Sis
2041 4546 2191 4610 felix,
2218 4559 2536 4613 semperque
2566 4545 2703 4598 feras
2730 4560 2845 4599 mea
2877 4545 3099 4599 vulnera
3130 4555 3325 4599 tecum.

2138 4656 2289 4709 Nunc
2316 4668 2400 4707 me
2427 4654 2603 4707 Pierio
2628 4653 2807 4707 favore
2835 4654 3005 4722 jutnm

2137 4747 2190 4801 In
2219 4746 2359 4811 lazta,
2390 4758 2660 4813 proceres,
2692 4746 2862 4799 locate
2895 4746 3093 4801 fronte.

2139 4837 2452 4891 Sustentent
2482 4835 2732 4903 gracilem
2767 4851 2860 4904 per
2886 4852 3045 4891 omne
3074 4854 3290 4893 carmen
3311 4882 3323 4900 .

1850 4951 2095 5005 Totidem
2129 4949 2315 5001 littera:
2338 4956 2461 4999 sunt
2492 4946 2828 5013 transpositte
2856 4948 3048 5000 solum.
3080 4949 3180 5001 Sed
3234 4952 3431 5003 tectius

1850 5021 2094 5083 fortasse,
2127 5018 2216 5072 Sic
2246 5026 2290 5070 et
2316 5016 2552 5087 algentis,
2596 5029 2699 5070 etc.
2754 5018 2959 5069 BAltTu.
2993 5019 3263 5072 Adversar.
3309 5038 3407 5088 pag

1922 5160 1948 5197 ι)
1976 5157 2187 5211 Carcere
2216 5156 2417 5219 irrupto
2472 5153 2652 5223 nituit]
2695 5156 2747 5207 In
2790 5157 3056 5210 veteribus
3109 5158 3320 5225 scriptis
3376 5167 3429 5208 et

1857 5230 2012 5283 editis
2072 5242 2270 5278 carcere
2316 5227 2542 5287 inrupta.
2606 5226 2847 5290 Optime:
2919 5242 3023 5279 non
3091 5230 3231 5279 enini
3292 5228 3429 5291 rupit

1855 5310 2059 5367 tegmen
2085 5295 2222 5364 quod
2245 5296 2544 5367 cohibebat,
2577 5295 2802 5367 ctc._ln.,
2838 5296 2965 5367 ibid.

1933 5379 1953 5406 ο
1992 5363 2255 5434 Sanguine
2304 5366 2355 5416 in
2402 5364 2866 5434 nullomadefacta
2912 5364 3056 5417 la‘tus
3104 5363 3315 5434 Spicula
3343 5381 3427 5430 ge-

1854 5436 2031 5508 stans]
2074 5432 2453 5508 Minimeltz'tus
2478 5433 2906 5508 videturtlnpido
2941 5436 3183 5508 adesse_:_
3210 5432 3258 5483 id
3286 5450 3353 5508 qu
3392 5435 3423 5486 d

1855 5501 2202 5577 at'gttitetiant
2238 5505 2485 5577 allocutio
2520 5502 2758 5555 Veneris.
2796 5501 3095 5577 begendunt
3120 5501 3277 5577 igitur
3310 5504 3420 5577 len-

1854 5570 1969 5629 tus:
2003 5588 2081 5639 ut,
2108 5576 2254 5627 velut
2276 5574 2434 5636 tristi,
2468 5575 2665 5625 lentum
2694 5573 2911 5639 gradum
2944 5572 3192 5622 ascribat.
3223 5570 3277 5623 lu
3301 5575 3418 5626 edi—

1858 5648 2088 5700 tionibus
2123 5646 2308 5712 priscis
2338 5658 2437 5695 vox
2471 5643 2560 5693 illa
2594 5641 2746 5706 plane
2780 5640 2973 5691 omissa
3019 5649 3117 5704 est,
3152 5651 3201 5693 ct
3232 5640 3423 5712 vei-ms

1856 5719 2071 5769 ultimus
2094 5711 2238 5767 velut
2286 5715 2336 5765 in
2385 5714 2745 5783 hexametrunt
2776 5712 3029 5783 lurtltﬂllts
3056 5728 3065 5760 :
3099 5711 3241 5779 quod
3268 5724 3426 5783 auget

1858 5788 2008 5841 nobis
2038 5787 2103 5839 de
2136 5784 2267 5838 vitio
2294 5782 2664 5847 suspicionem.
2702 5779 2797 5841 ln.,
2832 5777 2959 5831 ibid.
