3974 6366
243 384 339 443 δι’]

1579 382 1930 440 CAliMiMJM
1970 382 2094 437 LIB.
2137 382 2175 436 I.

3380 383 3483 435 318

247 503 483 557 sesciere
517 499 811 568 plantaria:
844 500 911 553 ita
959 500 1173 553 dotatus
1218 498 1527 553 liberalibus
1566 496 1816 551 institutis
1850 501 1900 557 Α
1998 494 2077 549 Ad
2108 503 2328 550 matrem
2354 495 2583 563 jungens
2609 496 2920 566 virginitatis
2942 511 3097 550 onus.

249 594 382 645 bona
411 602 644 645 mentem
687 606 813 645 cura
859 590 1131 661 gravidam
1161 589 1228 643 ad
1263 605 1409 657 spem
1436 589 1687 658 germinis
1714 602 1819 641 me-

248 682 395 736 lioris
432 682 651 734 attollit.
710 681 986 734 Pelluntur
1033 681 1211 733 animo
1257 680 1602 732 consiliorum
1648 679 1822 730 toxica

247 771 494 823 humanis
537 779 836 838 pra-parata
896 769 1143 833 necibus,
1186 768 1377 821 humor
1421 767 1564 820 succi
1613 765 1821 820 lethalis

242 860 508 922 aboletur,
540 860 787 927 quotiens
819 858 1117 926 hujusmodi
1145 858 1580 926 occupationibus
1612 857 1817 924 ingen’a

240 965 300 1005 se
340 949 683 1003 submittunt.
717 949 849 1003 Hinc
880 951 943 1002 ad
975 950 1198 1001 clariora
1234 948 1652 1017 digredientibus
1681 945 1818 997 divi-

242 1054 431 1092 norum
473 1048 755 1107 patescunt
796 1048 998 1093 secreta
1032 1040 1283 1092 librorum
1311 1055 1324 1090 :
1352 1052 1574 1106 quorum
1602 1036 1815 1105 januam

237 1144 398 1181 sensu
430 1130 676 1197 pulsante
694 1127 817 1181 dum
850 1138 1075 1190 reserat,
1110 1128 1315 1197 populis
1342 1143 1398 1181 sc
1420 1128 1553 1181 duce
1579 1128 1814 1195 pervium

239 1218 361 1272 facit
394 1221 498 1273 iter
526 1220 826 1288 ignoratum
855 1260 870 1284 ,
903 1221 1027 1273 dum
1073 1220 1375 1273 fastidiosos
1401 1219 1593 1289 eloquii
1640 1219 1815 1286 splen-

237 1309 386 1374 dore,
423 1323 612 1377 Parum
639 1310 825 1363 doctos
850 1308 1103 1362 fabricata
1130 1309 1432 1375 Latinitate,
1461 1319 1534 1375 et,
1565 1317 1624 1362 ut
1643 1308 1811 1374 aiunt,

238 1399 431 1453 artiﬁci
485 1399 787 1455 rusticitate
830 1400 1090 1469 perducit.
1124 1401 1254 1465 Quis
1304 1400 1465 1452 talem
1491 1398 1677 1452 salutis
1708 1413 1811 1452 non

237 1489 422 1558 diligat
451 1490 703 1556 indicem,
738 1505 840 1543 nan
873 1503 1146 1557 sequatur,
1171 1490 1263 1559 qui
1283 1489 1597 1543 necessariis
1613 1488 1808 1551 dulcia,

236 1578 482 1632 dulcibus
518 1594 704 1633 severa
752 1579 1027 1633 miscendo
1068 1594 1249 1633 amaro
1288 1578 1408 1631 vita:
1447 1578 1712 1646 dogmata,
1758 1586 1812 1632 et

238 1669 373 1723 velle
403 1671 549 1738 cogit
580 1670 807 1724 invitos?
842 1672 945 1723 Sed
980 1670 1136 1723 istinc
1162 1670 1293 1723 alias
1319 1669 1477 1736 empti
1506 1669 1801 1737 complean-

239 1769 319 1813 tur
348 1761 575 1813 honesta
607 1771 731 1815 vota
765 1761 1043 1829 propositi.
1077 1763 1229 1828 Apud
1263 1761 1494 1813 scientes
1520 1775 1698 1813 rerum
1731 1761 1810 1813 lo-

235 1855 445 1923 quimur
487 1870 499 1906 :

233 1944 419 1998 cundtn
447 1945 734 2014 diligentiae
767 1960 860 2013 per
881 1944 1208 1998 elaboratum
1233 1942 1496 1997 tramitem
1522 1942 1806 1996 luculenta:

234 2038 484 2093 dictionis
513 2037 799 2093 ostendere
818 2056 835 2091 :
864 2038 1020 2093 hodie
1063 2038 1315 2105 maxime,
1338 2052 1466 2091 cum
1502 2036 1607 2091 ιιιηοὶ
1637 2038 1806 2106 portio

235 2128 391 2183 limen
424 2130 665 2198 ingressa
690 2128 946 2182 facunditc
968 2128 1058 2182 dat
1088 2126 1296 2197 parenti
1321 2126 1674 2181 exsultatione
1695 2126 1810 2181 elo-

233 2220 502 2289 quentiam
554 2235 709 2288 quam
743 2227 901 2289 neg-t
937 2220 1243 2287 ingenium,
1287 2232 1406 2271 cum
1445 2216 1605 2271 donat
1638 2230 1796 2271 causa

234 2313 368 2382 quod
403 2322 597 2367 natura
631 2326 737 2367 non
780 2313 1043 2381 prmstitit.
1085 2311 1253 2366 Macte
1297 2313 1580 2383 insignium
1621 2314 1805 2367 adole-

232 2417 381 2457 scens
414 2404 695 2469 virtutum,
717 2402 803 2470 qui
831 2399 882 2454 in
908 2415 1042 2455 cano
1065 2400 1194 2454 ﬂore
1224 2416 1501 2469 pomorum
1523 2418 1801 2457 numerum

234 2501 517 2545 monstras.
543 2490 645 2543 Das
677 2491 877 2558 pellere
902 2489 1209 2544 afﬁictionis
1229 2491 1479 2560 glaciem,
1513 2504 1564 2546 et
1595 2492 1660 2546 ad
1686 2508 1806 2547 ver-

232 2598 349 2636 num
388 2597 479 2637 me
508 2583 758 2637 dictionis
797 2583 1007 2636 invitas.
1041 2583 1171 2637 Nam
1202 2584 1328 2639 dum
1368 2585 1507 2654 quod
1546 2595 1603 2639 tu
1638 2585 1803 2640 debes

232 2671 439 2735 studiis,
472 2685 575 2740 ego
600 2670 847 2738 impendo
872 2670 1091 2736 latitius,
1128 2683 1255 2737 puto
1282 2673 1439 2726 ambo
1470 2674 1798 2741 proﬁcimus.

233 2760 411 2815 Simile
431 2771 516 2815 est
546 2761 712 2825 enim,
741 2759 927 2813 rudem
959 2760 1262 2825 instituere,
1293 2768 1346 2815 et
1369 2761 1433 2813 ad
1460 2760 1801 2816 declamatio-

233 2852 307 2905 nis
326 2852 581 2905 aﬁectum
608 2864 856 2905 revocare
881 2850 989 2919 jam
1013 2850 1275 2905 desidem.

234 2983 349 3037 Post
371 2998 541 3038 canas
569 2984 799 3049 hiemes,
829 3000 899 3053 ge
916 2984 985 3036 idi
1019 2993 1140 3054 post
1166 2984 1355 3038 damna
1388 2985 1655 3053 prof..ndi,

300 3073 665 3142 Tranquillum
697 3075 944 3142 quotiens
973 3074 1145 3127 navita
1176 3075 1343 3141 carpit
1371 3074 1470 3129 iter
1497 3116 1512 3138 ,

232 3160 434 3226 Horret,
466 3172 521 3216 et
552 3161 698 3215 inﬁdi
729 3163 975 3231 desperat
995 3176 1245 3231 prospera
1274 3164 1440 3232 ponti,

296 3258 577 3321 Quamque
606 3252 748 3305 videt
774 3252 964 3307 faciem
992 3268 1097 3306 non
1128 3261 1274 3322 putat
1301 3267 1419 3307 esse
1440 3253 1587 3307 salis.

231 3341 413 3397 Sibilat
441 3357 569 3395 aura
595 3342 747 3407 levis,
779 3342 983 3397 validas
1014 3344 1166 3397 timet
1190 3344 1279 3397 ille
1308 3344 1568 3412 procellas

299 3430 581 3485 Fluctibus
610 3439 664 3485 et
689 3429 911 3484 blandas
928 3429 1157 3485 aestimat
1181 3445 1301 3486 esse
1329 3432 1521 3486 minas.

232 3518 413 3574 Lintea
438 3521 483 3573 si
514 3520 755 3587 crispant
780 3518 1009 3589 Zephyri
1043 3519 1324 3589 pendentia
1353 3520 1517 3587 malo,

298 3612 363 3665 Et
393 3612 537 3665 dulci
572 3610 702 3665 ludit
730 3612 947 3679 spiritus
978 3612 1265 3681 obsequio;

232 3701 517 3756 Confusam
549 3703 722 3758 ventis
750 3711 993 3756 naturam
1018 3702 1242 3771 perdere
1273 3703 1418 3771 leges

302 3791 474 3855 Jurat,
506 3799 564 3844 et
591 3793 866 3860 antiquum
899 3792 1068 3845 credit
1095 3790 1285 3847 adesse
1313 3791 1498 3845 chaos.

236 3878 431 3935 Gaudia
460 3882 539 3935 sic
567 3882 757 3935 tollunt
787 3882 1006 3951 placidis
1031 3881 1335 3936 discrimina
1364 3882 1555 3939 rebus;

301 3971 452 4025 Nul'a
485 3971 618 4026 ﬁdes
648 3972 783 4026 lactis
813 3971 1038 4041 integra,
1073 3986 1169 4025 nec
1190 3970 1386 4026 dubiis.

236 4060 344 4115 Non
375 4062 532 4116 aliter
563 4062 724 4115 variis
752 4062 919 4116 tenuit
940 4076 1073 4131 quos
1100 4062 1265 4115 Roma
1292 4061 1526 4129 periclis,

285 4154 519 4208 'Littoris
550 4155 715 4222 optati
746 4154 974 4209 reddidit
1001 4155 1065 4208 ad
1097 4157 1379 4222 gremium.

238 4240 576 4300 Permnlcent
600 4246 767 4314 pelagi
796 4261 989 4299 numen
1020 4245 1320 4299 venerabile
1343 4252 1524 4309 cantu,

306 4335 555 4388 Anchora
574 4335 714 4405 quod
740 4335 1010 4403 proprium
1038 4334 1457 4389 mordetobunca
1471 4334 1663 4387 solum.

239 4420 275 4475 Ρ
280 4425 473 4477 lamina
497 4425 593 4478 sed
624 4424 779 4477 lassis
810 4434 1048 4478 tenerum
1082 4424 1282 4479 factura
1312 4439 1560 4493 soporem

307 4514 629 4568 Perturbant
659 4523 891 4567 mentem
918 4514 1099 4567 militis
1126 4514 1381 4582 reqttorei.

237 4604 396 4659 Arma
418 4606 547 4658 ratis
575 4604 789 4673 subigit,
822 4618 997 4658 remos
1026 4613 1078 4658 et
1099 4604 1258 4657 lintea
1284 4604 1485 4658 vibrat:

304 4698 398 4752 Sic
425 4713 578 4753 mens
609 4696 940 4766 naufragimn
970 4697 1287 4765 suspicionis
1317 4695 1493 4752 hab-.1.

236 4789 497 4842 Adveniat
518 4789 679 4842 siccis
708 4789 797 4855 qui
825 4789 1013 4857 pressit
1039 4789 1232 4842 caerula
1257 4788 1454 4856 plantis
1478 4804 1491 4840 :

238 4901 268 4933 ο
303 4878 439 4932 Nam
464 4888 650 4946 portus
680 4878 804 4932 felix
826 4879 915 4931 ille
945 4879 1133 4932 salutis
1162 4879 1282 4930 erit.

235 4966 336 5034 Qui
366 4968 547 5023 latices
571 4968 747 5022 vinxit
771 4968 993 5022 fundens
1014 4968 1067 5020 in
1101 4970 1288 5035 pocula
1319 4982 1530 5034 saxum,

303 5061 410 5125 Qui
436 5060 638 5128 lapides
669 5060 849 5126 solvit,
878 5060 967 5127 qui
995 5059 1242 5113 solidavit
1268 5073 1451 5126 aquas.

232 5152 406 5218 Quem
436 5150 664 5220 genitrix
689 5151 821 5204 fudit
849 5150 1018 5203 saeclis
1040 5150 1156 5203 sine
1178 5150 1382 5203 semine
1414 5148 1540 5210 feta,

308 5286 323 5313 ¹
356 5281 545 5364 Tristia
586 5281 679 5364 nil,
707 5282 928 5364 capiunt.
951 5292 1154 5364 pectora
1208 5278 1506 5364 versiloqui]
1559 5278 1810 5333 Sidonius

230 5352 544 5420 Lampndio
577 5369 592 5405 :
630 5351 780 5405 Nosti
818 5353 971 5421 probe
1004 5353 1232 5404 lmtitiam
1267 5363 1549 5421 poetarum,
1592 5365 1808 5417 quorum

229 5425 305 5475 sic
329 5422 883 5490 ingenia‘mmroribus,
916 5430 967 5472 ut
1008 5422 1235 5479 pisciculi
1266 5420 1451 5473 retibus
1485 5422 1807 5471 amiciuntur.

235 5492 611 5560 Versiloqunm
646 5491 821 5557 itaque
852 5498 1004 5543 vocat
1036 5506 1136 5542 non
1171 5490 1371 5543 vafrmn
1404 5500 1493 5543 aut
1530 5491 1808 5543 Versutilo-

228 5576 427 5629 quum,
458 5560 550 5629 sed
575 5569 782 5629 poetam
814 5562 898 5627 qui
933 5575 1119 5613 versus
1151 5562 1346 5628 pangit.
1446 5622 1459 5629 -

305 5632 330 5660 ²
357 5631 435 5681 Ad
466 5628 739 5700 Faustum]
764 5631 1052 5700 Occasione
1079 5632 1335 5700 carminis
1363 5627 1636 5697 cujusdam
1664 5627 1804 5700 quod

227 5713 259 5751 a
295 5700 499 5753 Fausto
526 5698 827 5764 acceperat,
861 5698 1117 5765 poeticam
1147 5701 1273 5765 ejus
1315 5698 1613 5753 facultatem
1662 5698 1807 5750 miris

229 5769 483 5824 Inuitibuw
513 5768 745 5825 cxto’lit.
778 5774 890 5834 Quo
913 5769 1005 5823 scil
1029 5778 1110 5823 cet
1142 5766 1363 5822 Ennodii
1394 5771 1658 5839 praeconio
1687 5781 1804 5835 pcr-

558 1868 646 1907 res
682 1855 889 1907 virtutis
924 1863 1027 1918 est,
1069 1853 1321 1922 gaudium
1354 1851 1627 1905 continere
1656 1868 1672 1917 ;
1720 1867 1805 1907 se-
1837 1844 1883 1905 Β

1926 583 2023 650 Qui
2048 595 2270 638 mortem
2304 585 2527 653 propria:
2557 588 2821 653 superavit
2861 601 3080 640 munere
3111 586 3316 649 mortis,

1994 675 2135 729 Dans
2159 676 2318 729 vitam
2345 675 2562 742 mundo,
2589 676 2773 731 funere
2795 693 2950 746 quem
2980 677 3202 745 peperit.

1923 765 2013 819 Ille
2042 781 2135 834 per
2154 767 2422 821 excelsum
2454 766 2629 820 videat
2650 784 2734 821 me
2760 769 2943 822 dexter
2966 768 3271 838 Olympum.

1991 855 2140 909 Tunc
2167 857 2387 924 patriam
2417 868 2643 921 teneam,
2671 868 2791 911 tttnc
2813 859 3057 911 stationis
3086 872 3261 925 opem.

1918 943 2105 998 Nubila
2134 945 2294 997 laxati
2325 956 2535 999 verrant
2568 946 2689 999 licet
2721 962 2931 1015 aequora
2965 948 3129 1011 venti,

1986 1034 2257 1089 Rimusam
2292 1036 2504 1104 puppim
2537 1037 2606 1088 nil
2648 1037 2885 1089 nocitura
2919 1044 3124 1104 petunt.

1917 1126 2097 1180 Dulcia
2118 1126 2426 1193 campositis
2448 1127 2677 1194 quatiam
2702 1134 2825 1180 tunc
2853 1136 3097 1195 tympana
3126 1125 3372 1193 chordis;

1988 1215 2231 1269 Floribus
2256 1225 2310 1269 et
2335 1217 2544 1284 pingam
2576 1216 2810 1269 carmina
2844 1227 3023 1269 nostra
3054 1216 3223 1270 novis.

1917 1307 1983 1363 Ut
2005 1307 2187 1371 fatear,
2214 1308 2367 1360 dictis
2389 1315 2598 1362 constat
2627 1308 2760 1362 bene
2788 1307 2968 1362 dicere
2998 1307 3205 1372 Ianum;

1986 1400 2001 1429 ¹
2034 1399 2222 1452 Trisria
2257 1399 2328 1451 nil
2359 1399 2573 1467 capiunt
2601 1408 2811 1467 pectora
2842 1398 3151 1467 versiloqui.

1911 1488 2017 1544 Sed
2046 1490 2225 1542 redeat
2252 1504 2493 1555 vernum,
2518 1500 2687 1543 cesset
2709 1490 2816 1559 jam
2841 1491 3027 1544 bruma
3063 1489 3302 1543 timoris:

1980 1577 2230 1644 Stringite
2260 1594 2377 1646 qute
2409 1588 2618 1633 nectant
2650 1580 2872 1633 frondea
2904 1589 3043 1633 serta
3068 1592 3269 1633 comas.

1910 1670 1949 1723 C
1952 1679 2129 1724 antem
2160 1685 2277 1738 quae
2308 1672 2512 1734 solitus,
2544 1672 2667 1725 dum
2703 1672 2908 1741 plebem
2941 1682 3179 1749 pasceret
3202 1686 3316 1738 ore,

1980 1761 2293 1816 Ambrosius
2326 1772 2471 1815 vales
2501 1765 2735 1817 carmina
2758 1763 2978 1833 pulchra
3006 1764 3168 1833 loqui.

2636 1855 2745 1909 VII.

2204 1960 2270 1998 AD
2300 1947 2320 1975 ²
2345 1961 2579 1999 ιἈυδτυιι
2615 1962 2677 1999 ΜΞ
2707 1962 3015 2000 ελειιιικιιιιιε
3044 1960 3180 2000 ειυς.

2555 2036 2823 2107 Prwfatio.

1979 2125 2089 2179 Nisi
2113 2126 2419 2181 didicissem
2450 2127 2591 2195 quod
2627 2130 2887 2182 serenitas
2921 2128 3258 2182 conscientia:
3286 2138 3474 2183 vestra:

1910 2218 2065 2285 hujus
2092 2218 2219 2271 mali
2262 2218 2495 2273 scabiem
2528 2220 2815 2285 abjuraret,
2849 2221 3073 2273 invisum
3106 2220 3237 2273 milii
3279 2220 3475 2288 eloquii

1908 2308 2039 2363 uber
2068 2318 2386 2364 astruerem.
2423 2310 2670 2364 Facessa‘t
2707 2325 2733 2361 a
2768 2311 2919 2363 bonis
2949 2310 3155 2364 actibus
3191 2324 3276 2364 res
3306 2312 3474 2365 amica

1906 2398 2161 2467 perﬁdiae.
2195 2400 2276 2453 Me
2298 2400 2474 2455 tat‘uen
2507 2402 2737 2455 nocitum
2761 2403 2959 2455 caute'a
2991 2411 3166 2455 vestra
3197 2402 3471 2455 denuntio.

1908 2488 2275 2556 Suspendistis
2301 2490 2559 2544 hactenus
2585 2491 2651 2543 ah
2676 2491 2926 2559 ingenioli
2961 2492 3062 2545 mei
3098 2492 3340 2545 ariditate
3376 2492 3473 2544 im-

1905 2578 2052 2632 brem
2086 2579 2349 2633 fructuum
2392 2580 2727 2634 nutritorem.
2775 2581 2914 2635 Deus
2946 2582 3108 2635 bone!
3135 2597 3289 2649 quam
3321 2596 3473 2647 pere-

1904 2668 2082 2736 grinas
2110 2670 2163 2721 in
2204 2683 2290 2722 me
2323 2676 2378 2722 et
2403 2684 2468 2723 ex
2509 2670 2673 2723 vestri
2707 2670 2814 2723 oris
2852 2671 3055 2725 divitiis
3083 2671 3366 2739 acquisitas
3394 2670 3475 2724 di-

1903 2757 2056 2811 cendi
2100 2773 2228 2826 opes
2277 2759 2542 2827 intelligo!
2594 2760 2813 2827 Adjacet
2877 2762 3031 2815 dictis
3091 2759 3469 2828 locupletibus,

1903 2855 2157 2916 quantum
2183 2847 2378 2913 sentio,
2410 2848 2740 2917 rubiginosos
2774 2850 2946 2915 lingua
2974 2860 3024 2902 et
3055 2863 3211 2902 sensu
3258 2849 3474 2902 ln-betes

1904 2936 2108 3004 peritia:
2135 2937 2255 2990 lima
2278 2952 2623 3006 componere.
2651 2937 2743 2991 Est
2770 2938 2920 2992 vobis
2946 2936 3208 3006 quoddam
3230 2953 3348 2990 cum
3380 2940 3473 2990 lm-

1905 3027 2104 3080 niinum
2147 3025 2347 3081 factore
2391 3027 2694 3097 collegium.
2738 3028 2830 3083 Ille
2871 3028 3019 3081 ﬁnxit
3061 3042 3124 3081 ex
3163 3027 3350 3090 nihilo,
3377 3041 3473 3080 vos

1905 3121 2165 3188 reparatis
2206 3120 2258 3173 in
2288 3120 2502 3174 melius.
2538 3120 2749 3174 Gratias
2777 3134 2876 3188 ego
2904 3118 3083 3174 refero
3124 3120 3190 3173 de
3227 3127 3475 3186 suscepto

1829 3208 1875 3267 C
1905 3209 2160 3273 carmine,
2199 3222 2319 3263 cum
2348 3209 2416 3263 de
2444 3206 2609 3263 dilato
2648 3222 2901 3265 mteream
2950 3208 3232 3263 beneﬁcio.
3265 3207 3341 3261 Ad
3372 3207 3472 3260 Ca-

1906 3300 2187 3353 moenalcm
2210 3300 2574 3368 ignominiam,
2597 3300 2788 3369 quibus
2810 3314 3074 3368 nunquam
3102 3298 3122 3331 ³
3149 3298 3475 3353 GIuvidenus

1904 3388 2078 3453 deest,
2124 3394 2311 3443 versus
2357 3389 2563 3459 adjeci;
2611 3399 2665 3443 et
2713 3391 2982 3458 periturae,
3027 3398 3080 3444 ut
3132 3390 3329 3443 dictum
3370 3396 3470 3452 est,

1902 3478 2100 3532 charta:
2144 3479 2392 3547 prodigus
2444 3495 2548 3533 non
2600 3480 2831 3549 peperci.
2877 3479 3059 3548 Legite
3093 3478 3472 3547 jocunditatem

1906 3577 2108 3621 motura
2141 3580 2405 3637 poemata,
2438 3582 2489 3624 et
2516 3570 2757 3624 familiari
2790 3571 3070 3639 Stupenda,
3104 3579 3159 3623 ut
3185 3569 3354 3635 aiunt,
3381 3566 3474 3622 de-

1903 3672 2025 3712 cora
2053 3660 2406 3724 comprimite.

1907 3791 2167 3845 Fluminis
2198 3792 2248 3845 in
2280 3791 2453 3845 medio
2481 3792 2755 3845 succendis
2785 3793 3010 3855 viscera,
3046 3791 3258 3853 Fati-te,

1975 3882 2136 3950 Cujus
2160 3884 2251 3935 alit
2281 3897 2521 3951 magnam
2544 3874 2796 3935 cartitinis
2829 3882 2965 3935 unda
2994 3882 3156 3934 sitim.

1904 3972 2032 4039 Quis
2065 3972 2200 4025 ferat
2231 3972 2477 4026 ardorem
2501 3972 2741 4035 laticum,
2776 3971 3117 4039 flammasque
3140 3971 3348 4023 ﬂuentis

1976 4064 2237 4132 Cognatas
2259 4065 2403 4117 sicco
2432 4064 2646 4117 sorbeat
2674 4078 2769 4116 ore
2798 4062 3020 4129 potans?

1907 4153 2077 4207 Funte
2108 4155 2464 4223 vaporiferum
2501 4156 2711 4222 pariunt
2737 4152 2822 4206 t'ua
2851 4152 3012 4206 verba
3040 4150 3272 4204 calorem
3297 4164 3315 4204 :

1976 4246 2185 4300 tEstuat
2211 4248 2351 4301 unde
2369 4246 2537 4315 jecur,
2573 4246 2759 4314 pocula
2794 4244 3140 4313 prospiciunt.

1910 4340 2106 4407 Ingenii
2134 4338 2382 4409 qnisquis'
2404 4339 2629 4393 festinus
2650 4338 2821 4391 tendit
2850 4337 2914 4389 ad
2938 4350 3169 4396 amnem,

1981 4432 2093 4484 Non
2125 4439 2270 4498 putet
2298 4430 2622 4498 ambiguum,
2654 4431 2729 4483 sic
2760 4428 2911 4495 bibit,
2943 4438 2996 4480 nt
3025 4426 3188 4479 sitiat.

1838 4557 1889 4616 Β
1913 4524 2111 4578 Nobilis
2140 4524 2403 4577 occultum
2435 4520 2670 4577 condivit
2701 4520 2913 4590 lympha
2944 4530 3211 4585 saporem,

1986 4615 2268 4683 Computat
2296 4624 2347 4667 et
2370 4616 2644 4673 damnum,
2672 4612 2718 4664 si
2748 4611 2920 4662 minus
2949 4607 3072 4659 inde
3102 4605 3286 4659 feram.

1918 4706 2145 4759 Lubrica
2173 4704 2431 4773 Cecropio
2457 4701 2733 4757 conﬁdens
2760 4700 2931 4769 lingua
2957 4697 3215 4751 cothurno

1988 4799 2063 4851 Nil
2083 4798 2248 4865 jactct
2279 4798 2480 4864 priscos
2507 4793 2781 4845 nobilitate
2803 4803 2977 4842 senes.

1917 4889 1970 4942 In
2000 4897 2240 4941 veterum
2271 4900 2473 4939 morem
2505 4883 2681 4951 pangit
2714 4894 2847 4933 nova
2877 4879 3113 4932 carmina
3143 4876 3391 4941 Faustus,

1984 4979 2083 5045 Qui
2115 4992 2210 5046 per
2243 4974 2478 5029 membra
2510 4988 2662 5027 suum
2692 4971 2908 5026 desecat
2936 4978 3050 5022 arte
3082 4968 3268 5021 melos.

1912 5071 2110 5125 Ductus
2142 5069 2204 5120 azl
2232 5065 2473 5120 incudem
2499 5064 2656 5117 verba
2687 5061 3002 5123 infabricata
3032 5058 3261 5120 referre;

1983 5162 2229 5229 Quosque
2255 5157 2376 5212 l'aiit
2407 5171 2610 5221 versus,
2646 5166 2827 5223 terque
2856 5162 3149 5221 quaterque
3179 5150 3386 5218 prohat.

1916 5294 2043 5347 moti
2066 5293 2251 5345 Petrus
2275 5290 2527 5351 Crinitus,
2552 5299 2598 5342 et
2622 5288 2781 5341 Lilitts
2802 5285 3045 5340 Giraldus
3068 5282 3314 5337 Faustum
3340 5281 3479 5351 hunc

1915 5364 2055 5416 inter
2087 5363 2319 5415 illustres
2353 5350 2519 5427 hujus
2556 5360 2733 5432 szeculi
2774 5368 2955 5432 poetas
2983 5356 3328 5432 collocarunt.
3379 5350 3482 5402 Ne-

1915 5449 2017 5503 que
2058 5435 2197 5487 cnim
2232 5433 2355 5491 ulla,
2389 5422 2751 5503 opintir,_ejus_
2774 5422 3030 5503 ’cirtninm
3060 5422 3323 5503 viderant,
3358 5432 3477 5503 qua:

1915 5488 2055 5558 nulla
2096 5511 2307 5556 exstant
2345 5488 2548 5569 printer
2584 5488 2613 5549 d
2641 5488 3032 5569 siicbumquod
3060 5488 3335 5569 _Enn0dius
3364 5489 3483 5553 epi-

1917 5574 2225 5641 grammatis
2251 5562 2367 5624 ariis
2390 5570 2609 5621 inseruit
2632 5570 2695 5620 de
2728 5580 2859 5641 vnio
2880 5562 3173 5641 Ligusti-o}

2039 5643 2090 5691 lu
2115 5641 2341 5700 Ligurum
2377 5640 2519 5687 terris
2546 5649 2758 5700 [mtorutn
2783 5637 2861 5700 qui
2884 5637 3039 5700 vorat,
3066 5634 3212 5673 errat.

2160 5684 2507 5762 Runquid—viua
2533 5684 2649 5744 bibit
2676 5698 2779 5762 vina
2800 5684 2972 5762 bibens
2993 5684 3259 5752 Ligurum}

1984 5765 2007 5796 ³
2038 5757 2370 5823 Gluvideuiui
2400 5760 2513 5813 Lib.
2547 5774 2596 5820 v,
2629 5758 2785 5824 epist.
2816 5757 2870 5806 8.
