3974 6366
241 259 331 319 321

244 379 475 431 mulcere
503 373 755 443 collegio.
778 373 870 429 Cui
900 372 1020 427 talia
1042 373 1221 442 agenti
1244 374 1287 428 si
1315 374 1431 443 quis
1456 375 1813 428 sermocinan-

249 477 353 517 tem
387 463 587 517 fidibus
619 462 875 516 citharam
912 462 1101 516 doctus
1142 465 1438 526 admoveat,
1480 474 1531 517 ct
1578 465 1815 532 loquacia

248 559 325 610 fila
365 556 556 608 irrisor
591 555 826 609 urbanus
874 564 1144 623 apportet,
1208 556 1257 607 in
1302 554 1513 622 auc'piti
1562 565 1642 608 est
1688 554 1816 622 quid

244 650 398 717 eligat
420 648 566 700 nuda
596 647 929 714 simplicitas,
959 648 1080 699 dtttu
1108 653 1233 717 lyra:
1266 656 1452 712 tactus,
1483 647 1606 700 lieet
1634 664 1816 701 erran-

247 742 379 794 tibus
419 738 626 807 digitis,
657 739 865 792 dulcem
898 748 950 793 et
975 739 1079 808 lqui
1120 740 1349 792 animam
1395 740 1598 805 frangat
1644 739 1817 808 erepi-

246 841 349 884 tum
378 831 557 883 reddit
578 849 589 881 :
610 830 758 883 nefas
776 838 951 883 tamen
978 838 1141 895 putat,
1167 831 1209 883 si
1227 830 1387 884 alieni
1414 838 1612 884 tracms
1635 846 1753 883 atno
1784 845 1815 883 e

243 921 521 988 propositi,
564 920 760 972 avitam
802 920 972 973 discat
1017 919 1293 974 scientiam
1345 936 1448 973 non
1497 936 1721 983 amare;
1758 930 1817 973 ut

242 1013 359 1066 dum
382 1012 612 1066 infrenis
641 1013 869 1065 ambitus
911 1013 1215 1066 rustic-antis
1243 1012 1497 1066 doctrinas
1531 1013 1812 1067 terminum

242 1122 341 1158 non
371 1107 614 1165 metitur.
643 1104 975 1172 superiorum
1002 1103 1214 1167 affectu,
1239 1112 1293 1157 et
1321 1104 1434 1171 ipsa
1457 1118 1515 1157 se
1542 1104 1813 1172 possibilia

240 1198 500 1265 intelligat
543 1198 875 1266 perditurum
910 1215 921 1249 :
961 1211 1079 1249 cum
1123 1196 1451 1252 nescientem
1486 1196 1610 1265 quid
1642 1196 1815 1248 valeat

236 1291 522 1358 mapalium
548 1290 793 1342 alumnus
824 1288 935 1355 ipsa
963 1296 1196 1356 paterna:
1232 1286 1581 1343 institutionis
1611 1286 1813 1340 medio-

237 1382 395 1432 critas
425 1378 578 1446 quasi
623 1387 843 1430 externa
881 1385 1208 1430 contemnat.
1253 1378 1368 1432 Non
1404 1377 1557 1431 aliter
1586 1391 1693 1440 me,
1732 1375 1813 1429 vir

238 1469 585 1536 amplissime,
621 1470 760 1522 inter
792 1469 1017 1521 maxima
1044 1470 1204 1523 cur-iac
1236 1470 1408 1524 sidera
1432 1468 1809 1538 compntande,

234 1558 386 1626 iubar
425 1558 712 1619 facundiae.
746 1559 1076 1629 ingeniorum
1126 1558 1360 1622 flamma,
1408 1561 1659 1628 splendor
1695 1559 1810 1613 elo-

236 1651 485 1717 quentize,
531 1650 823 1702 dictionum
860 1665 1071 1713 census,
1107 1667 1199 1717 per
1240 1665 1517 1705 nemorum
1560 1650 1699 1705 invia
1743 1650 1808 1704 ad

236 1743 401 1795 instar
428 1743 712 1809 pastoralis
752 1743 937 1795 fistula:
964 1758 1085 1812 qua:
1114 1744 1295 1797 viliter
1320 1754 1622 1810 narrantur,
1659 1744 1805 1799 oble-

236 1841 399 1897 ctant,
426 1842 751 1887 metuentem
775 1833 1031 1887 citharam
1061 1845 1223 1900 tuam,
1252 1836 1555 1892 laudantem
1582 1838 1802 1906 plectra,

234 1939 368 1992 quae,
401 1934 459 1977 ut
487 1926 735 1992 superius
764 1928 927 1991 texui,
963 1929 1260 1996 agrestibus
1286 1928 1465 1999 digitis
1493 1932 1620 1984 mei;
1653 1931 1804 1983 urba-

233 2033 327 2071 nus
357 2018 629 2087 adiungis.
657 2020 876 2081 Amove.
910 2036 1111 2088 quasso,
1149 2037 1304 2090 quam
1333 2022 1552 2077 adhibes
1577 2024 1642 2076 ad
1673 2023 1806 2077 inri-

232 2108 447 2161 tandum
478 2124 586 2175 me,
618 2109 911 2164 elurubrati
948 2111 1210 2164 sermonis
1248 2111 1574 2165 illecebram.
1617 2114 1807 2166 Absint

232 2199 420 2263 quibus
463 2201 624 2254 etiam
668 2200 807 2268 apud
854 2202 1052 2269 peritos
1083 2203 1246 2256 uteris
1275 2204 1480 2257 vincula
1530 2205 1803 2273 colloquii.

232 2290 524 2358 Compesce
559 2291 839 2345 verborum
878 2293 1091 2359 digitos,
1127 2294 1317 2360 quibus
1344 2295 1530 2348 soletis
1574 2295 1805 2349 reniten-

232 2381 351 2434 tium
380 2382 592 2435 animas
619 2383 683 2435 ad
719 2383 983 2437 desideria
1026 2396 1197 2438 vestra
1240 2386 1580 2454 compellere.
1626 2387 1801 2440 Liceat

231 2483 420 2527 meant
451 2474 663 2527 silentio
711 2475 973 2529 inscitiam
1009 2484 1203 2544 legere,
1237 2485 1327 2529 aut
1368 2492 1460 2545 per
1490 2478 1800 2533 stridentem

229 2566 476 2633 stipulam
509 2565 629 2618 aliis
657 2566 862 2619 triviale
893 2580 1107 2621 carmen
1140 2567 1369 2632 afl'erre;
1404 2568 1682 2622 vobiscum
1724 2569 1803 2621 fa-

228 2653 411 2717 bulari,
441 2670 528 2709 res
546 2664 627 2709 est
658 2656 833 2709 meriti
857 2656 1069 2719 veteris,
1091 2666 1144 2711 et
1166 2671 1314 2710 nova:
1344 2657 1629 2711 felicitatis.
1650 2655 1801 2724 Quod

228 2742 267 2795 si
292 2744 396 2797 mei
420 2744 708 2798 immemor
731 2758 829 2813 ego
859 2754 1156 2812 tentavero,
1193 2746 1416 2814 adeptus
1444 2758 1625 2801 contra
1658 2747 1801 2801 utili-

230 2843 383 2887 tatem
418 2835 691 2902 prOpriam
723 2836 851 2890 solis
872 2852 1082 2902 currus,
1099 2837 1242 2905 juste
1267 2839 1434 2894 subeo
1454 2840 1800 2896 Phaethontis

228 2926 551 2994 exemplum.
596 2927 669 2981 De
716 2943 822 2997 quo
860 2930 983 2998 quia
1030 2944 1207 2984 sermo
1247 2932 1486 3000 contigit,
1527 2940 1580 2986 et
1628 2930 1795 2987 forma

228 3019 482 3072 cautionis
525 3022 771 3086 accessit,
822 3021 947 3091 quid
993 3020 1133 3077 facto
1173 3037 1308 3092 opus
1356 3024 1447 3092 sit,
1492 3026 1788 3094 subjectum

226 3123 434 3165 Carmen
468 3112 722 3167 ostendit.

225 3239 378 3296 Fama
410 3241 596 3306 refert,
632 3252 865 3298 veterum
892 3262 1005 3314 qua:
1036 3247 1205 3301 nescit
1229 3248 1450 3315 perdere
1480 3262 1651 3317 gesm,

287 3333 418 3396 Quae
451 3332 684 3401 loquitur
715 3350 924 3402 semper
953 3336 1204 3405 quidquid
1237 3337 1286 3391 in
1319 3339 1449 3393 orbe
1482 3338 1601 3393 fuit.

222 3421 468 3477 Germina
501 3423 627 3477 dum
655 3424 786 3478 lucis
816 3427 967 3480 Titan
990 3429 1248 3497 dispergit
1276 3429 1328 3483 in
1356 3446 1533 3495 axem,

286 3516 353 3570 Et
381 3516 512 3569 ditat
540 3517 791 3570 mundum
824 3518 1086 3573 nobilibus
1114 3521 1312 3574 radiis:

221 3604 329 3661 Uda
362 3606 693 3673 vaporiferas
716 3609 959 3663 cohibent
987 3610 1109 3664 dum
1139 3612 1246 3663 lora
1276 3611 1581 3680 quadrigas,

283 3700 351 3752 Et
382 3699 608 3751 nitidum
637 3714 827 3767 gurges
858 3701 1017 3753 mittit
1040 3701 1230 3769 nbiqtte
1253 3702 1415 3756 diem.

218 3788 494 3845 Uudantes
523 3791 697 3845 doctis
723 3792 965 3845 manibus
995 3794 1073 3845 sol
1108 3794 1251 3847 ï¬‚exit
1281 3795 1537 3863 habenas,

284 3882 561 3935 Artificem
592 3880 771 3933 domin
816 3896 864 3933 rn
896 3882 981 3933 lux
1016 3882 1147 3935 bene
1179 3891 1300 3934 nota
1335 3884 1473 3936 tulit.

215 3970 314 4025 Sed
342 3972 731 4025 Phaethontteo
766 3979 1040 4038 postquam
1070 3971 1199 4025 dare
1230 3986 1389 4040 regna
1417 3980 1631 4040 precatu

294 4062 410 4115 Non
436 4061 731 4129 exploratis
762 4061 958 4114 viribus
990 4061 1215 4114 instituit
1243 4079 1254 4113 :
1596 4068 1601 4075 â€

215 4151 544 4219 Degenerem
576 4151 760 4219 primis
785 4161 1047 4205 rectorem
1081 4152 1311 4205 motibus
1339 4160 1541 4207 astrum

279 4240 483 4303 Sensit,
518 4247 573 4293 et
594 4240 834 4293 excussis
859 4254 1078 4295 currere
1108 4241 1268 4309 etepit
1297 4243 1466 4311 equis.

211 4328 359 4384 Tunc
391 4340 557 4384 totam
583 4332 799 4397 sonipes
824 4331 991 4384 lucem
1026 4333 1089 4383 tle
1122 4332 1338 4384 naribus
1362 4331 1450 4386 eff]
1472 4347 1551 4387 ms

276 4420 395 4474 Non
430 4422 603 4475 tenuit
633 4423 763 4489 legis
803 4432 1038 4489 tempora
1073 4432 1219 4476 certa
1249 4438 1383 4476 suae.

210 4510 263 4564 in
298 4512 571 4565 ï¬‚ammam
601 4513 763 4565 cessit
791 4515 1061 4581 splendor,
1093 4515 1231 4581 quod
1262 4515 1478 4568 luminat
1511 4517 1663 4581 ussit,

274 4602 540 4671 Quodque
570 4603 771 4656 animat
802 4614 965 4657 terras
988 4605 1203 4658 exitium
1239 4609 1458 4675 peperit.

206 4692 357 4746 Tunc
378 4705 431 4747 et
466 4695 837 4764 Hyperboreas
866 4694 989 4748 dum
1019 4696 1210 4763 frangit
1239 4697 1479 4766 lampade
1513 4709 1717 4753 crustas

276 4786 470 4855 Epotis
498 4786 694 4840 Tanais
721 4787 892 4841 siccus
920 4787 1098 4840 abibat
1126 4788 1295 4857 aquis.

204 4874 533 4944 Crystallum
565 4876 732 4938 fluxit,
759 4876 851 4928 sed
873 4891 1057 4930 cursus
1088 4878 1316 4930 floruit-is
1344 4880 1504 4933 arsit;

271 4964 432 5030 Quod
464 4966 667 5034 lapides
698 4965 874 5027 solvit,
902 4967 1087 5021 nexuit
1118 4968 1428 5022 Eridanum.

198 5052 287 5105 Sic
317 5070 422 5122 ego
451 5056 773 5108 rhetoricum
800 5064 1009 5110 tentans
1038 5067 1400 5114 transcurrere
1430 5061 1639 5125 callem,

270 5146 577 5214 Aggredior
598 5161 788 5199 currus
814 5148 943 5201 solis
975 5157 1029 5201 et
1048 5148 1357 5217 imperium.

195 5238 400 5291 Nescio
429 5240 551 5307 quid
577 5238 735 5292 variis
765 5239 1065 5305 impendam
1094 5242 1285 5294 sideris
1306 5244 1436 5307 oris,

266 5332 469 5384 Nescio
490 5332 617 5400 quid
642 5343 868 5395 tenetm,
901 5344 1087 5386 cuncta
1119 5334 1263 5386 calor
1292 5345 1526 5403 superat.

187 5420 362 5473 Curia
402 5429 451 5474 te
482 5422 687 5488 pollens
719 5431 939 5475 teretem
971 5421 1215 5477 formavit
1252 5424 1315 5476 ad
1344 5440 1596 5494 unguem,

262 5514 337 5568 Et
373 5514 608 5581 patribus
635 5512 790 5582 jussit
816 5514 1011 5567 lumina
1043 5514 1181 5569 ferre
1205 5516 1327 5570 tuis.

258 5648 275 5677 â¶
317 5644 392 5698 1Î·
425 5647 585 5701 natali
613 5645 913 5717 Epiphanii]
943 5647 1071 5701 Cum
1099 5650 1420 5703 tricesimum
1454 5668 1646 5704 annum
1677 5652 1775 5704 ini-

184 5726 267 5772 ret
311 5717 590 5773 cathedraa
631 5733 725 5773 seu
754 5718 1089 5787 episcopatus
1114 5720 1430 5775 Ticinensis.
1473 5724 1773 5776 lncidcruut

1551 257 1905 317 CARMINUM
1949 260 2073 317 LIB.
2113 263 2153 317 1.

1816 3094 1861 3155 C

3378 273 3479 328 519

1840 376 1887 433 Î‘
1919 373 1996 428 Tu
2028 372 2283 428 Phtebum
2317 375 2530 431 reddis:
2565 376 2729 433 fumat
2753 376 2844 432 tibi
2870 377 3075 433 victima
3102 379 3325 451 pinguis.

1988 465 2091 519 Pro
2112 480 2215 534 qua
2246 468 2536 521 Cessissent
2560 468 2777 524 fulmine
2803 471 3077 526 cmliColte.

1915 555 1986 609 At
2011 556 2138 610 mihi
2164 557 2245 610 vix
2278 558 2401 612 illud
2429 562 2794 615 transmittunt
2822 580 3079 631 pauperes
3106 563 3269 627 horti,

1988 646 2165 701 Rubra
2189 648 2328 717 quod
2352 660 2626 719 acceptum
2662 662 2794 707 testa
2827 654 3021 708 refutat
3046 657 3181 709 olus.

1916 735 2068 802 Sum,
2100 738 2288 801 fateor,
2320 739 2470 808 cujus
2499 740 2753 795 distillent
2782 744 2939 797 verba
2976 745 3167 808 relato,

1985 828 2112 895 Qua:
2138 829 2359 883 maciem
2388 838 2683 884 monstrent
2713 834 2956 900 pauperis
2987 834 3201 901 ingenii.

1911 916 2159 972 Carmina
2193 920 2334 972 nulla
2361 934 2516 984 cano,
2547 936 2645 974 nec
2678 937 2763 976 me
2792 922 3099 976 modulante
3120 924 3397 977 Cammnas

1988 1010 2290 1063 Mansurum
2317 1010 2529 1064 dalntur
2559 1011 2767 1080 pollicis
2797 1027 2890 1066 ore
2920 1012 3137 1080 SOpiIOS.

1915 1098 2177 1169 Quidquid
2216 1101 2495 1169 Apollineo
2536 1102 2881 1171 loquebamur
2910 1103 3141 1171 pectine,
3173 1106 3306 1157 cessi

1983 1190 2190 1245 Oblitus
2216 1192 2427 1261 lingurc,
2463 1208 2617 1262 quant
2647 1192 2774 1247 mihi
2802 1193 2886 1247 fila
2916 1194 3129 1247 dabant.

1915 1279 2128 1334 Rustica
2160 1296 2253 1350 per
2286 1291 2495 1336 teneras
2516 1291 2660 1336 errat
2683 1282 2814 1335 mihi
2846 1283 3061 1337 dextera
3093 1283 3340 1349 ehordas,

1982 1369 2334 1443 Confringunt
2366 1376 2545 1429 dulces
2578 1375 2798 1430 barbara
2821 1375 3019 1443 plectra
3049 1375 3257 1428 modos.

1914 1460 1995 1514 Ah
2018 1463 2261 1531 quotiens
2286 1464 2470 1517 vitreis
2504 1465 2721 1519 llelicon
2755 1465 2884 1518 milti
2912 1464 3062 1518 ï¬‚uxit
3094 1466 3145 1518 in
3178 1463 3375 1531 herbis,

1982 1553 2235 1608 Arridens
2259 1555 2409 1609 labiis
2440 1572 2555 1625 qua:
2588 1556 2711 1609 facit
2738 1557 2877 1610 unda
2914 1557 3084 1610 sitim!

1913 1646 1992 1701 Ah
2018 1648 2261 1717 quotiens
2293 1649 2503 1704 hederis
2528 1650 2803 1705 redimitus
2837 1661 3075 1721 tempora
3098 1650 3244 1717 duxi,

1838 1730 1880 1787 Î’
1980 1740 2207 1793 Aonium
2231 1740 2467 1795 mulcens
2496 1742 2730 1796 carmine
2752 1741 3063 1796 concilium!

1906 1829 1976 1883 At
2004 1844 2141 1882 nunc
2170 1845 2263 1897 per
2289 1829 2470 1896 silvas,
2500 1831 2639 1886 inter
2663 1832 2855 1901 spelaea
2880 1832 3132 1900 ferarum,

1979 1920 2254 1989 Agrestem
2283 1931 2457 1975 certus
2481 1922 2674 1977 ducere
2705 1923 2967 1987 militiam,

1906 2010 2133 2066 Grandia
2160 2028 2254 2080 per
2276 2014 2480 2067 validos
2501 2014 2815 2069 commendo
2841 2016 3042 2069 semina
3070 2016 3265 2082 sulcos,

1978 2103 2046 2157 Ut
2069 2119 2283 2172 germen
2314 2106 2435 2159 vita:
2465 2106 2757 2159 destituant
2782 2106 2925 2160 lolia.

1905 2193 2097 2249 Lactea
2128 2211 2193 2249 ne
2223 2206 2453 2251 mentem
2487 2197 2755 2252 denudent
2787 2198 2947 2253 verba
2980 2199 3229 2267 solutam,

1978 2287 2045 2341 Et
2071 2286 2229 2342 dietis
2257 2290 2433 2342 mollis
2461 2290 2610 2343 dicar
2639 2301 2693 2344 et
2721 2291 2953 2360 ingenio,

1905 2376 2021 2431 Non
2052 2379 2178 2432 mihi
2208 2394 2303 2448 per
2332 2394 2548 2447 campos
2573 2381 2835 2434 discurrat
2864 2381 3039 2449 lingua
3072 2389 3331 2449 patentes,

1976 2467 2203 2523 Mascula
2231 2485 2329 2524 nec
2360 2470 2501 2524 lituis
2530 2470 2669 2525 dicta
2702 2472 2868 2525 feram
2896 2472 3165 2541 gravibus.

1906 2560 1982 2615 Ne
2011 2576 2127 2615 mea
2159 2562 2478 2629 grandisono
2509 2562 2843 2618 liarnmentur
2864 2565 3025 2617 corda
3055 2563 3348 2626 cothurno;

1974 2653 2041 2707 Et
2072 2655 2303 2709 tumidus
2330 2655 2539 2724 scriptis
2566 2657 2801 2711 moribus
2831 2672 2949 2712 esse
2983 2668 3152 2726 puter.

1917 2744 2018 2811 Qui
2049 2745 2178 2799 mihi
2210 2755 2332 2800 tunc
2364 2757 2547 2815 portus
2571 2749 2758 2801 famam
2788 2750 2921 2817 petit
2949 2749 3177 2819 undique
3205 2750 3389 2803 lector.

1972 2834 2077 2890 Sed
2103 2836 2310 2891 stabilis
2345 2836 2517 2905 pudor
2548 2845 2647 2903 est,
2680 2839 2723 2891 si
2755 2846 2979 2903 taceam,
3007 2841 3273 2908 proprius.

1904 2926 1980 2980 Tu
2011 2928 2202 2981 caelum
2233 2936 2433 2991 teneas,
2462 2942 2547 2982 me
2576 2929 2730 2981 terris
2754 2928 2933 2997 linque
2962 2931 3223 2996 quietum,

1969 3017 2067 3085 Qui
2099 3018 2270 3073 solum
2299 3020 2442 3085 novi,
2476 3019 2615 3089 quod
2647 3020 2781 3075 bene
2805 3020 2877 3075 nil
2909 3020 3093 3075 didici.

2648 3131 2735 3185 IX.

1900 3238 2073 3275 ntcrto
2094 3238 2208 3284 qua:
2236 3238 2422 3276 Î·Î¹Î¹Î¹Î¹Ï„Î‘
2454 3237 2546 3277 esr
2577 3225 2592 3253 Â¹
2621 3239 2671 3277 IN
2700 3239 2892 3278 suam
2931 3240 3111 3279 SANCTI
3154 3241 3217 3279 ac
3251 3241 3462 3281 BEATIS-

2000 3325 2103 3366 IIII
2128 3328 2270 3366 Î¡Î‘Î¡á¾¸Îž
2302 3328 2583 3379 Î•Î¡Î£Î¡Î’Î‘ÎÎ™Î™,
2615 3330 2665 3367 IN
2695 3330 2867 3368 ANNL'II
2899 3332 2999 3369 XXX
3032 3331 3360 3371 SACERDOTII.

2551 3424 2819 3495 Praefatio.

1966 3513 2151 3570 Sentio
2178 3516 2301 3584 quid
2332 3516 2572 3586 plerique
2604 3506 2745 3572 taciti
2796 3519 3081 3589 loquantur
3114 3521 3163 3575 in
3195 3522 3462 3591 sensibus,

1896 3617 1947 3661 et
1971 3609 2207 3676 apposita
2238 3607 2414 3662 cordis
2456 3622 2585 3663 aure
2619 3624 2803 3663 vocem
2834 3612 3012 3665 cordis
3040 3612 3295 3681 inteiligo.
3341 3614 3465 3668 Cla-

1896 3707 2043 3750 mant
2086 3698 2227 3751 enim
2262 3698 2360 3751 ista
2388 3698 2598 3751 silentia
2632 3699 2756 3767 quid
2779 3700 2878 3753 sibi
2909 3702 3095 3755 aliena:
3116 3703 3466 3777 professionis

1896 3790 2054 3841 ltomo
2083 3796 2286 3856 quaerat
2312 3802 2375 3842 ex
2408 3790 2639 3842 themate
2664 3833 2678 3857 ,
2702 3789 2825 3858 quid
2851 3792 3129 3858 insignitus
3150 3794 3465 3851 humilitatis

1891 3880 2062 3933 titulis
2103 3895 2199 3948 per
2226 3890 2508 3948 crepantes
2550 3896 2616 3933 ex
2660 3897 2810 3937 more
2849 3884 2986 3951 vulgi
3034 3900 3231 3940 cuneus
3279 3903 3462 3942 vocem

1894 3973 2108 4040 plausus
2160 3981 2477 4040 exspectat,
2531 3987 2666 4041 quos
2727 3976 3142 4030 tumescentibus
3195 3977 3463 4033 fautorum

1893 4062 2054 4116 bullis
2102 4077 2229 4116 aura
2275 4064 2541 4132 popularis
2584 4066 2893 4119 exsuscitat.
2925 4067 3060 4120 Olim
3109 4069 3231 4121 talia
3279 4070 3462 4123 dicunt

1891 4153 2143 4210 debuisse
2188 4154 2475 4223 componi,
2527 4171 2646 4209 cum
2698 4157 3038 4212 adulantibus
3090 4160 3463 4216 adolescentia:

1891 4243 2108 4298 ï¬‚oribus
2136 4252 2191 4299 et
2221 4247 2459 4314 pueritire
2498 4248 2671 4302 adhuc
2700 4248 2751 4301 in
2782 4250 2889 4314 illo,
2920 4258 2975 4303 et
3001 4253 3270 4305 smcu'aris
3300 4254 3463 4307 licen-

1892 4337 1977 4390 tite
2013 4352 2175 4390 verna
2206 4338 2481 4402 riderent,
2514 4354 2632 4392 cum
2680 4341 3022 4393 reboantibus
3070 4342 3241 4396 efferri
3272 4344 3463 4400 'dccuit

1813 4462 1866 4522 Î’
1890 4430 2357 4485 acclamationibus
2382 4471 2397 4496 ,
2428 4441 2550 4485 tunc
2581 4446 2698 4485 cum
2726 4432 2843 4501 capi
2874 4435 3041 4501 potuit
3072 4438 3228 4490 etiam
3273 4437 3461 4495 fucata:

1898 4522 2182 4590 voluptatis
2230 4524 2408 4591 specie
2443 4540 2456 4576 :
2508 4539 2649 4577 nunc
2686 4538 2784 4577 cur
2817 4527 3004 4580 recitet
3036 4528 3265 4595 publ'ce,
3304 4548 3458 4598 quem

1893 4613 2007 4665 laus
2029 4628 2129 4667 nec
2153 4614 2304 4666 decet
2334 4613 2561 4679 publica,
2594 4628 2691 4668 nec
2721 4615 2985 4669 delectat?
3036 4617 3094 4671 lli
3124 4621 3462 4676 meminerint

1893 4701 2032 4771 quod
2063 4717 2160 4769 ego
2193 4718 2304 4757 rem
2334 4705 2499 4757 nostri
2532 4706 2766 4758 mumris
2786 4720 2903 4774 ago.
2937 4722 3090 4776 quem
3134 4709 3183 4762 in
3215 4712 3461 4765 sacerdo-

1896 4794 1962 4845 tis
1992 4794 2270 4860 prtecouiis
2298 4796 2714 4849 constatsentire
2739 4811 2856 4863 qua:
2886 4796 3123 4851 debeam.
3151 4798 3243 4853 Cui
3271 4817 3460 4868 quam-

1889 4884 1967 4937 vis
1995 4900 2132 4939 nunc
2161 4885 2546 4953 intempestivis
2590 4886 2836 4942 laudibus
2868 4890 3084 4943 reddam
3121 4893 3345 4955 modica,
3381 4906 3456 4948 ta-

1888 4990 2011 5029 men
2043 4975 2270 5029 maxima
2300 4986 2418 5044 post
2440 4976 2668 5044 debebo,
2706 4978 2758 5033 in
2790 4980 2941 5050 cujus
2969 4983 3267 5038 ministerio
3302 4986 3457 5052 quid-

1885 5067 2009 5135 quid
2065 5068 2216 5120 valeo
2275 5077 2487 5133 prtestat
2531 5070 2787 5140 impendi.
2834 5074 3003 5128 Simul
3049 5077 3205 5129 etiam
3248 5078 3455 5145 percepi

1890 5160 2068 5211 animo
2092 5158 2233 5226 quod
2260 5158 2303 5212 si
2321 5160 2589 5219 reddenda
2617 5173 2699 5217 est
2719 5163 2785 5219 de
2821 5166 2994 5220 otioso
3027 5181 3273 5221 sermone
3296 5169 3451 5231 ratio,

1888 5264 1994 5303 non
2030 5251 2203 5304 minus
2231 5250 2298 5304 de
2333 5253 2507 5307 otioso
2536 5254 2769 5310 silentio.
2802 5258 2965 5313 Erant
2999 5259 3140 5313 enim
3181 5260 3348 5313 otiosa
3380 5262 3455 5311 9'-

1885 5339 2069 5404 lentia,
2088 5340 2130 5393 si
2159 5341 2457 5398 ltetantibus
2475 5346 2807 5401 circumfusis
2829 5352 3167 5418 omnigenum
3191 5350 3455 5400 mentibus

1883 5431 2049 5495 solus,
2079 5447 2199 5486 cum
2230 5432 2359 5489 dare
2389 5450 2622 5506 possem,
2654 5440 2811 5492 verba
2844 5438 3225 5491 snbtraherem.
3249 5437 3399 5503 Quip,
3421 5453 3451 5490 e

1879 5537 1999 5576 cum
2040 5524 2201 5578 etiam
2244 5526 2294 5579 in
2336 5526 2605 5596 obsequiis
2647 5529 2951 5582 caelestibus
3006 5526 3236 5596 hymnos
3266 5525 3454 5582 deceat

1878 5656 2358 5730 autemâ€˜Epiphanii
2384 5656 3129 5730 tricennaliain_ar1numÂ§96.
3156 5657 3251 5715 Illo
3293 5659 3456 5730 igitur

1881 5740 2020 5780 anno
2050 5726 2220 5781 dictus
2251 5737 2332 5782 est
2354 5728 2704 5797 panegyricus
2734 5727 2799 5779 ab
2833 5726 3095 5784 Eunodio.
