3974 6366
554 288 663 349 325

1674 284 1938 340 ENNODII
1981 284 2280 341 EPISCOPI
2323 284 2699 342 T'CINENSIS
3660 309 3743 364 χει

552 404 793 461 sdhiberl
816 444 832 472 ,
862 410 915 459 et
942 401 1222 457 credamus
1263 408 1530 457 exsortem
1560 398 1911 454 humanitatis
1953 398 2133 453 Domi-
2160 403 2208 462 Α
2237 398 2385 453 Vatis
2415 399 2466 453 in
2495 399 2847 469 obsequium?
2876 397 3075 455 Natalis
3102 410 3333 474 tempora
3361 412 3513 465 sentit

552 511 681 552 num
712 496 982 550 hominum
1013 494 1177 548 meris
1208 492 1453 547 laudibus
1494 480 1783 546 detnulceri
1810 529 1827 556 ,
1855 500 1908 545 et
1937 489 2036 543 hoc
2064 489 2132 543 ab

553 585 637 641 his
657 584 870 655 speciali
896 583 1124 654 quodam
1161 582 1283 652 jure
1311 596 1447 653 quos
1480 581 1696 636 donavit
1743 583 1920 649 lingua
1969 594 2129 647 repo-

550 690 724 732 scere.
751 675 886 743 Quid
933 675 1158 729 antistes
1196 674 1374 740 faciat,
1402 675 1493 743 qui
1532 673 1761 744 propriis
1795 672 2126 727 orationibus

551 771 657 837 egit
688 777 745 822 ut
769 768 1005 836 possim?
1036 767 1051 797 ί
1080 766 1349 835 Scriptum
1379 776 1462 820 est
1486 767 1626 820 enim
1654 781 1667 817 :
1706 762 1957 817 Dominus
1992 761 2131 815 dedit

551 860 675 913 mihi
718 859 943 929 linguam
973 858 1296 926 eruditionis,
1329 856 1535 928 quando
1579 865 1804 928 oporteat
1845 870 2128 909 sermonem

548 953 716 1004 dicere
742 948 894 1019 (Isai.
944 964 996 1014 ιν,
1028 950 1109 1017 4).
1155 948 1377 1018 Oportet
1419 962 1579 1015 nunc,
1626 955 1683 1001 ut
1724 960 1946 1010 censeo;
1979 953 2033 999 et
2061 944 2127 999 ad

548 1042 801 1109 loquendi
842 1049 1052 1110 tempus
1082 1041 1277 1094 ostium
1323 1040 1501 1094 cordis
1541 1039 1798 1107 aperitur.
1839 1038 1945 1093 Sed
1987 1050 2127 1091 nunc

548 1150 654 1190 non
684 1150 782 1204 ego
812 1135 865 1187 itt
896 1135 1115 1202 poeticis
1146 1133 1390 1187 laudibus
1421 1148 1516 1187 ora
1545 1132 1757 1187 laxabo.
1789 1130 1944 1186 Absit
1980 1146 2007 1183 a
2040 1146 2127 1187 me

547 1226 758 1279 sentina
790 1226 1112 1290 carminum,
1144 1239 1265 1294 quae
1296 1223 1435 1279 sicut
1470 1238 1597 1278 vera
1648 1238 1753 1277 non
1798 1223 1999 1284 laudat.
2050 1223 2129 1276 sic

550 1332 650 1373 nec
675 1332 802 1372 vere
840 1316 1106 1372 laudatur.
1146 1317 1296 1371 Nunc
1337 1316 1510 1371 favete
1559 1315 1829 1370 mentibus
1859 1324 2003 1370 certa
2044 1314 2125 1368 di-

548 1420 723 1464 cturo.
755 1409 813 1465 ln
842 1424 946 1479 quo
967 1425 1130 1479 opere
1158 1410 1201 1463 si
1231 1409 1438 1463 minora
1480 1423 1577 1477 pro
1610 1407 1805 1477 ingenii
1840 1407 2127 1478 exiguitate

548 1516 653 1556 non
679 1501 887 1563 dixero,
912 1500 1277 1571 projactantia
1302 1499 1504 1568 majora
1534 1515 1638 1553 non
1673 1498 1886 1568 ﬁngant.

619 1592 842 1648 Vatibus
870 1592 1101 1662 antiquis
1120 1591 1335 1647 dicendi
1362 1591 1587 1645 maxima
1615 1589 1783 1644 virtus

548 1686 643 1742 Illa
669 1687 784 1752 fuit,
817 1685 990 1741 doctis
1012 1686 1054 1740 si
1080 1684 1279 1740 scirent
1302 1683 1485 1739 fallere
1514 1682 1710 1738 verbis.

548 1778 686 1836 Laus
714 1778 903 1834 eratin
930 1777 1143 1832 laudem
1167 1776 1447 1831 mentitum
1473 1789 1704 1845 pangere
1728 1788 1965 1829 carmen.

547 1870 695 1927 Tunc
715 1870 862 1939 operi
885 1871 1028 1924 fraus
1059 1876 1182 1938 apta
1206 1868 1328 1922 fuit:
1357 1881 1478 1922 nam
1506 1881 1657 1921 more
1684 1875 1859 1935 poetae

546 1964 830 2019 Servantes
857 1960 1000 2032 quod
1028 1962 1233 2015 crimen
1263 1958 1442 2024 habet,
1466 1965 1685 2014 vetuere
1714 1956 1916 2027 pudore

550 2052 687 2108 Vera
716 2052 883 2121 10qui,
910 2064 1239 2120 carmenque
1270 2050 1403 2105 fides
1423 2048 1668 2118 despexit
1692 2046 1912 2116 ubique.

552 2134 665 2203 Ars’
684 2144 904 2215 placuit,
937 2159 1095 2212 quam
1138 2142 1294 2212 culpa
1331 2142 1525 2196 decet:
1562 2156 1685 2194 nam
1732 2138 1941 2193 doctior
1975 2151 2125 2192 error

550 2236 975 2292 Extorsit'certis
1004 2232 1285 2289 metuenda
1320 2241 1563 2302 poemata
1596 2231 1812 2300 linguis.

550 2326 658 2381 Lex
681 2325 861 2380 docuit
892 2324 1008 2380 sine
1038 2324 1155 2394 lege
1178 2323 1344 2394 loqui,
1367 2338 1487 2377 cum
1519 2322 1752 2376 vindicat
1777 2329 1890 2377 arte

549 2418 812 2489 Quidquid
835 2417 954 2487 jura
986 2426 1145 2488 negat
1168 2416 1384 2471 landum
1413 2435 1424 2471 :
1451 2416 1744 2471 retinacula
1774 2431 1982 2471 morum

547 2511 776 2568 Numina
800 2510 975 2566 fallaci
1008 2509 1277 2565 finxerunt
1294 2508 1506 2564 sordida
1535 2516 1714 2563 cantu.

548 2603 834 2667 Phoebum,
862 2610 917 2657 et
948 2610 1236 2659 testernas
1264 2600 1519 2655 dixerunt
1545 2614 1664 2654 esse
1690 2612 1924 2664 sorores,

548 2693 836 2751 Castalium
866 2693 1102 2759 laticem,
1132 2692 1308 2747 varias
1331 2702 1542 2762 quoque
1564 2691 1791 2746 Palladis
1816 2700 1979 2746 artes.

548 2787 683 2842 Tum
719 2787 920 2851 laurus,
956 2784 1218 2855 tripodas,
1242 2785 1522 2850 cortinam,
1556 2791 1829 2855 tympana,
1861 2783 2123 2853 plectrum

547 2878 870 2934 Narrabant:
894 2877 1016 2933 illos
1044 2893 1072 2931 a
1102 2875 1214 2932 veri
1246 2875 1456 2930 tramite
1478 2874 1609 2944 fugit

549 2969 771 3033 Sensus,
801 2978 856 3024 et
883 2977 1126 3024 errantes
1153 2968 1298 3023 visus
1328 2967 1519 3023 delusit
1545 2966 1740 3037 imago.

616 3060 768 3115 Nunc
794 3060 1028 3130 linguam
1055 3059 1297 3125 cithara},
1324 3075 1441 3129 quas
1470 3067 1649 3114 cantat
1677 3057 1882 3127 pollicis
1910 3072 2028 3126 ore,

548 3150 755 3221 Sperne
786 3150 948 3209 ﬁdes:
982 3150 1150 3220 magis
1180 3147 1273 3204 ille
1294 3150 1417 3204 veni
1449 3164 1592 3204 nunc
1611 3149 1865 3219 Spiritus,
1893 3164 2012 3215 oro,

547 3240 713 3311 Cujus
738 3240 1051 3295 inexhausto
1071 3239 1341 3295 reviviscit
1368 3254 1581 3307 semper
1611 3240 1664 3293 in
1686 3254 1827 3294 anno

548 3330 816 3401 Quidquid
843 3341 988 3386 terra
1007 3339 1179 3399 creat,
1207 3330 1375 3401 gignit
1406 3345 1573 3394 mare,
1608 3332 1836 3400 parturit
1865 3333 2053 3387 aether.

546 3425 648 3490 Qui
674 3424 804 3478 freta
834 3422 1097 3491 diliundtt,
1119 3421 1349 3477 solidum
1378 3420 1470 3477 dat
1496 3435 1692 3489 corpus
1724 3422 1775 3475 in
1808 3423 1983 3485 arvis,

546 3514 687 3571 Saxa
714 3514 818 3568 ciet
839 3512 1012 3582 jussu,
1038 3512 1226 3568 metuit
1246 3527 1403 3582 quem
1435 3511 1681 3566 cautibus
1703 3511 1931 3567 horrens

544 3603 835 3666 Caucasus,
866 3602 1040 3657 aurito
1062 3602 1252 3657 famuli
1274 3617 1394 3656 cum
1424 3602 1579 3657 fortia
1610 3615 1771 3656 sensu

546 3693 723 3749 Corda
767 3693 948 3749 domat
979 3710 992 3746 :
1029 3693 1121 3764 qui
1160 3702 1352 3748 cuncta
1392 3691 1558 3759 videt,
1591 3707 1749 3762 quem
1784 3701 1975 3746 cuncta
2022 3701 2127 3747 tre-

1768 3782 2053 3856 [miscunt;

546 3875 713 3944 Fons,
747 3889 856 3943 vta,
880 3875 1090 3941 dextra,
1120 3873 1278 3945 lapis,
1306 3875 1525 3944 vitulus,
1560 3876 1664 3942 leo,
1695 3876 1903 3943 lucifer,
1934 3892 2124 3948 agnus,

544 3965 738 4033 Janua,
769 3980 913 4036 spes,
943 3967 1134 4033 virtus,
1165 3966 1411 4034 verbum,
1447 3967 1729 4037 sapientia,
1755 3979 1923 4033 vates,

547 4057 753 4120 Hostia,
781 4054 1087 4125 virgultum,
1121 4065 1326 4125 pastor,
1358 4071 1535 4123 mons,
1567 4069 1701 4124 rete,
1725 4060 1993 4123 columba,

545 4145 813 4212 Flamma,
843 4147 1011 4214 gigas,
1043 4147 1240 4216 aquila,
1280 4162 1531 4218 sponsus,
1582 4150 1856 4218 patientia,
1904 4152 2124 4220 vermis,

548 4235 718 4291 Filius
747 4236 1014 4303 excelsus,
1046 4236 1331 4305 Dominus,
1366 4239 1529 4307 Deus,
1553 4242 1734 4296 omnia
1760 4242 2025 4301 Christus.

549 4327 705 4383 Nunc
735 4342 926 4399 precor
958 4337 1016 4383 ut
1041 4327 1200 4383 dictis
1220 4329 1396 4385 adsit:
1428 4332 1517 4401 qui
1547 4341 1762 4402 pectora
1792 4334 1951 4403 prisci

478 4410 479 4413 “
553 4420 699 4475 Vatis
724 4430 779 4475 ut
803 4423 1094 4491 ingressus,
1126 4422 1422 4478 Pharaonis
1452 4433 1694 4495 tempore
1721 4428 1887 4497 regis,

552 4515 768 4584 Adjuvit
793 4516 977 4585 gracili
1001 4516 1299 4572 locuturum
1328 4532 1459 4574 voce
1480 4520 1815 4589 prophetam.

548 4604 624 4661 Se
643 4609 841 4675 stupuit
871 4618 992 4662 tunc
1021 4607 1155 4676 ipse,
1179 4624 1321 4675 reor,
1347 4610 1483 4665 bene
1503 4611 1753 4665 conscius
1781 4615 1912 4681 oris,

555 4699 839 4754 Murmuris
868 4708 922 4755 et
950 4701 1108 4768 soliti,
1146 4704 1505 4774 complentem
1538 4705 1798 4775 principis
1824 4721 1983 4764 aures

554 4789 817 4858 Pondere,
849 4806 1001 4859 voce,
1032 4807 1186 4859 sono,
1215 4810 1398 4865 sensu,
1426 4797 1712 4867 probitate,
1740 4800 1963 4869 pudore.

554 4881 632 4935 'l‘u
662 4879 937 4947 famulum,
978 4891 1054 4947 tu,
1086 4892 1292 4949 sancte,
1324 4900 1515 4942 mone:
1546 4888 1611 4942 da
1639 4890 1847 4945 solvere
1872 4899 2069 4961 grates,

554 4975 695 5038 Quas
723 4972 919 5029 debere
944 4973 1095 5044 juvat
1120 4993 1132 5029 :
1163 4987 1405 5031 sanctum
1428 4980 1830 5048 complectimur
1852 4997 2039 5039 omnes

556 5064 694 5119 Ecce
723 5064 888 5131 diem,
912 5064 1080 5120 voluit
1102 5082 1209 5135 quo
1229 5082 1289 5123 se
1304 5068 1463 5137 jubar
1489 5070 1674 5126 indere
1696 5072 1872 5138 terris,

555 5157 855 5226 Promptius
883 5164 940 5212 et
966 5158 1129 5215 radiis
1157 5161 1362 5216 animas
1393 5164 1631 5219 animare
1655 5166 1987 5237 prOpinquis.

551 5247 668 5313 Quo
697 5247 891 5317 gaudet
914 5249 1166 5316 mundus,
1198 5265 1317 5305 cum
1340 5268 1445 5307 non
1474 5254 1577 5308 sint
1606 5255 1796 5325 gaudia
1828 5257 2014 5313 mundi
2038 5275 2049 5310 :

550 5337 738 5393 Cernis
758 5338 1072 5394 adorantem
1105 5342 1322 5409 pavidos
1352 5344 1665 5402 submittere
1690 5349 1869 5403 vultus

621 5468 925 5544 f_§eriptum
956 5480 1027 5524 est
1055 5469 1209 5542 enim]
1236 5472 1385 5544 Isaia:
1414 5490 1530 5543 cap.
1574 5492 1625 5541 ι,
1662 5474 1813 5544 juxta
1838 5476 2121 5531 editionem

552 5536 692 5622 Lttx
720 5536 1068 5631 interpretum
1084 5536 1292 5631 I‘KIEPWS'
1313 5536 1493 5631 didmai-
1509 5568 1594 5615 μοι
1611 5536 1848 5626 ﬁnita-catt;
1869 5545 2119 5612 παιδείας,

550 5614 639 5661 τοῦ
665 5614 1008 5685 γνῶνας-ᾐνίκα
1040 5612 1119 5685 δεῖ
1145 5612 1298 5668 simul
1336 5612 1664 5685 λόγονξηυόὸ
1699 5617 1856 5668 etiam
1908 5631 2123 5673 secutus

553 5690 627 5728 est
663 5680 1019 5735 'l’ertullianus
1054 5684 1145 5739 lib.
1176 5700 1224 5736 tv
1245 5680 1502 5738 adversus
1524 5680 1679 5739 .llarei
1706 5700 1864 5747 ιηθιιι,
1891 5686 1991 5741 9.9:
2017 5686 2123 5740 Do-

552 5750 717 5801 minus
764 5748 885 5803 mihi
925 5752 1010 5805 dat
1052 5753 1279 5817 linguam
1320 5756 1623 5823 disciplina',
1673 5758 1876 5826 (tuendo
1915 5756 2120 5813 debeam

2235 491 2413 559 Festa,
2439 506 2536 548 nec
2564 492 2813 548 admissis
2837 494 3129 549 contemnit
3154 497 3313 553 tristis
3333 500 3567 558 alumnis.

2307 592 2409 647 Iste
2437 593 2551 647 dies
2574 593 2779 647 cunctis
2805 593 2947 658 vitae,
2975 594 3282 665 cunctisque
3313 599 3487 654 salutis

2233 682 2402 736 Causa
2426 681 2547 747 fuit,
2576 682 2771 737 veteris
2800 682 3102 738 dissolvens
3131 685 3331 741 vincula
3361 704 3521 744 noxae.

2229 770 2476 828 Christus
2501 773 2553 827 in
2586 773 2685 827 hoc
2716 773 2897 827 tribuit
2929 774 3093 829 decus
3116 785 3171 830 et
3194 786 3365 832 tamen
3395 778 3444 833 in
3471 782 3598 836 arvis

2233 865 2503 930 Ausoniis,
2541 866 2693 935 parili
2728 867 2951 935 populos
2985 868 3073 937 qui
3105 878 3280 924 mente
3308 872 3573 939 gubernet,

2231 956 2297 1010 Et
2324 969 2510 1025 gentes
2542 957 2736 1027 pietate
2767 968 2952 1028 regat:
2984 960 3176 1029 quibus
3205 973 3386 1016 auctor
3410 965 3605 1035 Olympi

2232 1046 2504 1101 Pollicitus
2533 1047 2692 1102 simili
2724 1064 2903 1118 regem
2936 1050 3195 1118 probitate
3220 1053 3446 1120 paravit.

2232 1135 2426 1192 Dexter
2450 1146 2505 1192 et
2533 1138 2646 1205 ipse
2677 1138 2817 1193 Deus
2842 1140 2978 1193 solio
3008 1139 3097 1194 dat
3118 1140 3240 1209 jura
3271 1156 3506 1197 corusco.

2300 1226 2583 1282 Proximus
2604 1229 2689 1283 hic
2710 1229 2867 1296 cmlo,
2900 1230 2983 1284 cui
3013 1231 3142 1285 recti
3170 1233 3376 1286 conscia
3408 1250 3547 1289 meus
3566 1248 3656 1303 est,

2226 1317 2450 1388 Semper
2468 1320 2590 1387 erit,
2617 1335 2773 1389 quem
2792 1319 2932 1390 justa
2954 1322 3198 1390 probant,
3225 1337 3380 1391 quem
3398 1322 3565 1392 judice
3590 1330 3752 1381 munda

2230 1409 2441 1463 Publica
2464 1418 2584 1464 vota
2616 1411 2797 1480 legunt
2824 1428 2835 1462 :
2870 1409 3061 1476 fateor,
3086 1410 3334 1481 δυσί·αείει
3365 1428 3546 1482 magna

2231 1499 2487 1567 Contulit,
2512 1509 2568 1554 ut
2598 1501 2739 1555 sedis
2767 1501 2973 1571 gremio
2997 1501 3259 1556 frueretur
3288 1494 3547 1571 inempth

2226 1590 2418 1646 Libera
2448 1600 2498 1645 te
2523 1590 2794 1646 dominum
2827 1593 3003 1661 posuit
3026 1592 3125 1646 sibi
3155 1591 3307 1646 turba
3330 1578 3621 1661 percunctit,

2224 1683 2455 1739 Servitia
2481 1683 2741 1739 laudanda
2768 1699 2890 1742 suo.
2921 1684 3058 1738 Proh
3082 1694 3317 1754 quantus
3344 1685 3533 1755 ubique

2155 1775 2196 1834 Β
2227 1772 2427 1827 Fervor
2455 1776 2603 1828 erat!
2631 1783 2818 1828 sancto
2848 1773 3029 1828 mundi
3060 1774 3346 1843 plaudente
3372 1777 3608 1841 tumultu,

2225 1864 2483 1918 Omnibus
2504 1863 2643 1917 idem
2672 1864 2902 1929 animus,
2940 1864 3107 1918 turbis
3136 1878 3240 1918 vox
3272 1864 3515 1918 omnibus
3544 1881 3655 1919 una.

2225 1954 2317 2010 Sic
2347 1964 2524 2010 tamen
2553 1954 2864 2009 alterutrum
2887 1954 3165 2009 certabant
3184 1955 3403 2010 vincere
3433 1957 3582 2022 votis,

2224 2044 2333 2099 Ceu
2359 2044 2461 2099 sibi
2483 2059 2603 2100 cum
2631 2044 2748 2099 diro
2772 2043 3002 2101 bellandi
3028 2046 3276 2100 cominus
3300 2046 3451 2101 hoste

2225 2132 2395 2189 Causa
2418 2134 2554 2189 foret
2577 2151 2591 2187 :
2618 2135 2807 2204 vulgus
2835 2133 3051 2204 proprio
3082 2144 3210 2189 tunc
3237 2133 3490 2205 sanguine
3514 2137 3642 2199 vicit.

2226 2223 2529 2279 Pollicitum
2559 2226 2811 2294 quotiens
2835 2225 2995 2279 fuerit
3020 2225 3250 2280 suﬂ‘erre
3272 2227 3487 2295 pericla.

2224 2313 2417 2385 CaSpia
2439 2329 2546 2370 non
2571 2316 2725 2369 aliter
2758 2329 2879 2370 cum
2910 2314 3060 2385 tigris
3088 2314 3194 2369 feta
3226 2315 3503 2385 Niphatem

2224 2406 2447 2471 Circuit,
2470 2417 2559 2460 aut
2586 2406 2793 2461 catulos
2822 2405 3065 2476 rapiendi
3090 2405 3294 2460 format
3318 2406 3383 2460 ad
3409 2420 3548 2473 usus,

2226 2497 2390 2552 Ardet
2418 2498 2469 2551 in
2495 2497 2765 2563 absentes,
2787 2498 2942 2551 saevis
2965 2497 3212 2551 mortalia
3236 2497 3451 2551 mandat

2226 2587 2461 2643 Membra
2524 2587 2748 2656 animis,
2816 2588 3203 2659 hominumque
3278 2601 3460 2643 necem
3517 2591 3637 2658 petit
3690 2604 3765 2645 ora

3473 2680 3708 2753 [cruento

2297 2768 2445 2822 Alter
2470 2768 2522 2822 in
2552 2767 2655 2822 hoc
2683 2767 2889 2822 senium
2919 2767 3118 2822 teneris
3148 2770 3376 2823 miratus
3398 2771 3450 2823 in
3474 2772 3633 2836 annis,

2227 2858 2377 2913 Alter
2398 2858 2450 2912 in
2480 2858 2694 2928 antiqua
2714 2858 2948 2928 jactabat
2976 2860 3139 2928 stirp:
3167 2868 3420 2928 parentes
3444 2874 3458 2914 :

2226 2937 2459 3006 Alterius
2488 2961 2736 3006 contenta
2774 2965 2959 3021 parum
2992 2952 3058 3006 de
3082 2953 3347 3023 sanguine
3374 2968 3521 3008 mens
3548 2962 3650 3017 est,

2228 3043 2392 3113 Digna
2424 3043 2624 3098 referre
2656 3043 2756 3098 viri
2791 3044 3039 3098 virtutum
3065 3054 3355 3101 stemmata
3386 3046 3531 3102 mille

2151 3144 2199 3206 ς
2229 3132 2632 3189 Commemorat
2660 3150 2675 3188 :
2704 3143 2901 3204 quanta
2933 3135 3074 3189 tituli
3092 3144 3232 3192 tunc
3261 3137 3451 3193 claude
3488 3145 3768 3207 superstant,

2233 3224 2526 3279 Vincuntur
2556 3226 2827 3293 quotiens,
2853 3234 2902 3282 et
2935 3241 3146 3281 morum
3176 3228 3352 3297 gloria
3382 3230 3533 3283 victis

2227 3317 2463 3373 Parturit
2492 3318 2753 3387 insignem
2781 3332 2876 3388 per
2895 3319 3093 3373 satcula
3120 3318 3282 3389 longa
3316 3319 3660 3389 triumphum?

2228 3412 2320 3467 llle
2351 3411 2684 3482 pudicitiam,
2711 3427 2831 3482 qua:
2858 3412 3086 3483 pulchro
3114 3414 3167 3468 in
3194 3429 3429 3484 corpore
3457 3424 3634 3469 vernat

2229 3499 2530 3568 Pulchrior,
2561 3511 2616 3557 et
2644 3511 2792 3558 casta
2817 3502 3082 3558 ridentem
3111 3504 3235 3560 luce
3268 3506 3494 3575 figurant

2228 3592 2501 3647 Laudibus
2530 3594 2596 3648 ad
2626 3594 2819 3649 caelum
2850 3603 3028 3664 portat
3053 3613 3064 3647 :
3097 3596 3268 3652 decus
3300 3598 3395 3652 illa
3412 3598 3643 3668 profecto

2226 3683 2419 3738 Attulit
2448 3684 2570 3740 huic
2596 3685 2781 3752 facies,
2808 3702 2925 3755 qua:
2950 3688 3130 3742 multis
3153 3702 3321 3743 causa
3352 3691 3535 3758 pericli

2228 3771 2383 3842 Sarpe
2414 3773 2512 3827 fuit
2545 3791 2557 3827 :
2590 3775 2864 3843 pulchrum
2892 3775 3019 3829 satis
3048 3784 3129 3829 est
3155 3780 3429 3832 mansisse
3459 3778 3593 3847 pudi.
3614 3793 3710 3831 um.

2228 3861 2353 3917 Haec
2382 3862 2484 3917 nisi
2513 3863 2579 3918 de
2608 3878 2819 3919 summo
2846 3878 2949 3918 non
2981 3865 3177 3919 dantur
3207 3868 3453 3922 culmine
3484 3868 3696 3939 Olympi.

2230 3953 2318 4010 Sic
2340 3954 2430 4009 ubi
2451 3958 2783 4026 contingant,
2814 3957 2897 4011 vel
2929 3956 3115 4012 formae
3140 3962 3436 4015 commoda
3458 3961 3650 4016 sanctis

2228 4046 2491 4103 Mentibus
2512 4059 2839 4116 accrescunt,
2868 4050 3013 4105 bello
3033 4066 3091 4105 se
3113 4052 3337 4108 vincere
3373 4062 3581 4108 certant

2229 4138 2377 4194 Tunc
2404 4140 2672 4207 homines,
2704 4141 2980 4211 funditque
3003 4143 3167 4198 decus
3199 4146 3285 4200 vel
3312 4161 3543 4203 munera
3573 4156 3705 4201 terra

2229 4231 2422 4286 Dextra
2448 4232 2662 4300 animae,
2689 4233 2921 4304 vivitque
2941 4235 3065 4301 sibi,
3089 4236 3217 4291 dum
3239 4238 3455 4307 deperit
3480 4239 3579 4292 illi.

2297 4332 2421 4387 Haec
2447 4347 2569 4387 cum
2597 4332 2875 4403 multiplici
2906 4335 3139 4404 populus
3170 4350 3428 4395 narraret
3467 4340 3537 4395 ab
3564 4353 3673 4401 ore.

2231 4422 2344 4479 Utta
2376 4423 2474 4478 fuit
2495 4425 2700 4481 cunctis
2727 4428 2989 4481 sententia
3022 4427 3125 4481 lixa
3148 4430 3410 4484 catervis.

2150 4507 2204 4568 D
2230 4519 2403 4574 Turba
2430 4521 2789 4591 sacerdotum,
2816 4523 3220 4593 venerandaque
3241 4527 3397 4579 curia
3426 4528 3602 4582 saeclis

2231 4610 2426 4681 Elegit,
2457 4614 2646 4680 voluit,
2675 4615 2886 4680 meruit,
2917 4616 3171 4684 suscepit,
3201 4619 3436 4695 amavit.

2302 4703 2441 4759 Ecce
2469 4705 2609 4759 aliud
2637 4706 2884 4776 dictuque
2912 4723 3127 4776 novum,
3152 4711 3411 4767 mirabile
3442 4711 3646 4766 cunctis

2229 4795 2588 4859 Transieram,
2617 4798 2755 4867 quod
2776 4799 2998 4869 quisque
3017 4810 3193 4870 pavet,
3216 4804 3368 4872 quod
3396 4803 3623 4872 suspicit
3651 4800 3794 4855 orbis.

2233 4889 2331 4943 Vix
2361 4890 2642 4959 primazvus
2668 4903 2802 4959 erat,
2831 4894 3071 4947 tremulis
3103 4909 3223 4948 cum
3253 4895 3452 4950 limina
3482 4896 3615 4950 lucis

2227 4979 2508 5036 Calcantur
2538 4982 2750 5052 plantis,
2780 4998 2900 5037 cum
2933 4985 3117 5038 matris
3146 4985 3212 5037 ab
3245 4985 3428 5041 ubere
3460 4987 3629 5053 raptis

2230 5074 2478 5129 Diandior
2504 5090 2533 5129 a
2572 5086 2758 5130 tenero
2788 5089 2976 5130 succus
3006 5076 3336 5131 subducitur
3368 5079 3566 5133 haustu
3599 5095 3614 5131 :

2226 5166 2427 5221 Callida
2462 5154 2739 5223 mentitum
2764 5168 2999 5239 genitrix
3024 5183 3144 5223 cum
3173 5168 3317 5225 forte
3340 5186 3595 5241 saporem

2231 5259 2521 5313 Herbarum
2554 5260 2791 5328 querulis
2813 5259 3043 5313 infundit
3067 5260 3196 5313 dura
3228 5260 3474 5327 labellis,

2230 5348 2440 5403 Nesciat
2466 5358 2521 5403 ut
2543 5359 2696 5404 natus
2718 5361 2871 5420 gustu
2886 5363 3210 5420 cognoscere
3239 5362 3504 5407 matrem.

2234 5483 2460 5557 profare
2486 5500 2790 5557 sermonem.
2822 5485 2952 5539 Item
2984 5486 3239 5541 adversus
3278 5487 3554 5544 Praxeant
3580 5504 3693 5557 cap.
3715 5485 3805 5541 21:

2234 5550 2482 5630 Dominus
2504 5555 2589 5605 dat
2612 5556 2736 5608 mihi
2760 5557 2989 5630 linguam
3012 5558 3307 5630 disciplinis?
3325 5561 3397 5611 ad
3420 5550 3809 5630 cognoscendum

2230 5638 2295 5690 qu
2310 5621 2432 5674 mdo
2450 5633 2688 5700 pporteat
2714 5621 2879 5700 dicere
2909 5621 3204 5700 sermonem.
3244 5628 3387 5680 Nam
3423 5621 3637 5700 vu'lgala
3673 5628 3811 5681 lectio

2235 5703 2417 5745 nostra
2450 5694 2498 5745 in
2534 5697 2829 5761 posteriore
2858 5699 3095 5753 membro
3126 5698 3343 5752 diversa
3371 5711 3478 5753 esr.
