3974 6366
205 257 289 312 515

136 346 141 351 ’
206 365 335 422 [inde
362 362 719 417 subornatum
746 360 1011 425 sorbetur,
1041 359 1176 415 lac’te
1201 363 1412 429 negato,

210 458 452 513 Faucibus
479 456 709 510 insuetis
736 454 953 509 ridenda
981 453 1168 509 fraude
1196 468 1479 508 venenum.

210 550 345 605 Istius
368 549 456 601 illa
485 548 605 612 fuit,
637 563 756 601 cum
784 548 992 615 signum
1022 544 1263 612 contigit,
1294 554 1445 599 retas.

208 640 322 695 Nam
348 638 569 693 fulsisse
601 637 777 690 ferunt
807 636 961 704 hujus
988 635 1249 689 cunabula
1281 647 1471 702 magno

210 731 442 793 Lumine,
471 744 593 783 cum
618 737 795 781 tantus
818 728 1093 781 micuisset
1121 724 1373 793 splendor
1399 724 1453 778 in
1480 724 1589 788 illo,

210 822 435 886 Quantus
466 821 518 873 in
554 819 866 888 obsequium
899 818 1065 887 potuit
1095 826 1204 871 tum
1235 816 1442 886 fungier
1462 817 1629 870 cther
1662 832 1674 867 :

209 914 325 968 Cum
352 914 539 979 jussus
565 912 767 965 servire
796 911 930 976 viro,
958 910 1198 964 mortalia
1228 913 1419 978 raptim

213 1005 435 1060 Membra
467 1006 607 1058 levat
640 1006 789 1071 lapsu
816 1002 1063 1071 gradiens
1094 1001 1236 1055 celer
1264 1002 1398 1071 ignis
1420 1000 1649 1071 Olympi,

212 1095 558 1163 Cornipedem
586 1095 768 1162 pernix
796 1108 980 1147 cursus
1013 1092 1245 1146 imitatus
1274 1106 1555 1161 equorum.

214 1186 467 1254 Prospera
505 1199 610 1237 non
646 1184 800 1237 aliter
842 1197 1059 1251 puerum
1092 1190 1217 1235 tunc
1247 1181 1772 1250 ﬂamma-pererrans

213 1275 421 1339 Circuit,
457 1274 707 1342 illustrat,
740 1282 1043 1338 veneratur,
1074 1273 1316 1340 suspicit,
1342 1271 1525 1325 ambit.

274 1368 406 1421 Tum
442 1367 663 1435 pavidus
691 1367 900 1434 genitor
928 1365 1193 1419 submisso
1224 1364 1422 1417 lumine
1446 1363 1583 1416 fatur
1615 1380 1626 1415 :

213 1458 421 1513 Summe
456 1458 642 1521 Deum,
669 1457 834 1510 sancti
863 1466 1044 1510 custos
1069 1456 1155 1522 qui
1183 1455 1414 1507 culmine
1442 1453 1563 1507 costi

216 1550 393 1605 Omina
420 1549 610 1601 dextra
641 1545 790 1613 facis,
817 1561 935 1615 qua:
957 1546 1131 1598 cernis
1159 1544 1359 1597 lumine
1382 1542 1572 1597 dextro
1600 1558 1612 1593 :

216 1638 353 1693 Hunc
387 1636 483 1691 tibi
508 1637 578 1691 de
606 1636 791 1705 primis
819 1645 873 1690 et
897 1634 1071 1689 adhuc
1099 1634 1429 1703 reptantibus
1457 1634 1629 1698 annis,

213 1729 398 1784 Sancte
427 1738 596 1797 pater,
629 1742 819 1792 voveo,
841 1741 998 1795 quem
1027 1726 1250 1781 necdum
1282 1725 1520 1779 cassibus
1548 1725 1709 1781 arctis

217 1818 431 1874 Lubrica
463 1818 691 1873 terrenis
718 1816 991 1871 innectunt
1015 1816 1209 1869 secula
1239 1814 1429 1885 culpis.

214 1909 311 1964 Nec
337 1908 537 1963 faciant
562 1925 578 1962 :
606 1910 695 1973 sit,
722 1920 929 1961 summe
962 1907 1115 1969 Deus,
1144 1906 1235 1959 tibi
1266 1920 1459 1959 munus
1482 1904 1739 1975 opimum.

214 2003 325 2056 Hac
348 2003 449 2065 ait,
473 2010 529 2055 et
550 2000 808 2070 lacrymas
832 2012 965 2068 quas
996 2006 1243 2066 promunt
1264 1997 1455 2066 gaudia
1484 1996 1670 2051 fundit.

277 2092 581 2161 Crispinum
604 2091 733 2158 petit
762 2088 884 2143 inde
914 2086 1111 2155 libens,
1140 2101 1299 2156 quem
1327 2087 1508 2141 dicere
1530 2086 1692 2155 digno

215 2182 314 2236 Non
342 2183 509 2237 datur
537 2179 775 2249 eloquio,
806 2193 906 2233 nec
929 2177 973 2232 si
1004 2176 1164 2232 modo
1193 2184 1374 2245 surgat
1402 2177 1635 2243 Averno,

212 2273 301 2339 Qui
326 2272 507 2343 potuit
534 2270 730 2340 rigidas
756 2269 823 2324 de
852 2269 1072 2338 rupibus
1102 2268 1387 2337 Apennini,

215 2362 451 2416 Flumina
481 2376 602 2417 cum
631 2368 856 2426 starent,
883 2359 951 2414 ad
981 2359 1239 2429 plectrum
1267 2359 1464 2416 ducere
1490 2359 1673 2415 silvas.

212 2453 381 2508 Helias
408 2452 510 2506 fuit
537 2451 620 2506 bic
641 2465 792 2521 mage
817 2466 831 2503 :
861 2464 981 2504 nam
1003 2452 1120 2521 quis
1142 2450 1427 2505 Helismum

214 2544 498 2613 Linqueret
529 2544 584 2597 in
607 2544 782 2607 terris,
808 2542 1075 2612 duplicato
1105 2558 1328 2597 munere
1359 2543 1568 2612 palmae.

212 2638 435 2692 Nutrivit
466 2651 626 2706 quem
657 2636 795 2691 lacte
823 2637 930 2705 pio.
962 2636 1103 2706 quod
1133 2637 1201 2690 ab
1225 2637 1386 2691 ubere
1418 2638 1607 2692 Paulus

211 2726 433 2794 Pressit,
468 2728 794 2797 evangelicis
824 2729 977 2797 plena
1008 2737 1090 2783 est
1119 2729 1202 2782 cui
1230 2729 1415 2784 dextra
1448 2730 1676 2799 papillis.

212 2818 377 2885 Safve,
412 2827 603 2875 sancte
634 2834 844 2889 parens,
874 2835 1086 2889 semper
1116 2822 1341 2887 salvete,
1372 2824 1573 2894 recepti

212 2914 433 2979 Crispini
463 2914 691 2977 cineres,
718 2913 785 2967 ad
814 2914 963 2983 CUjﬂs
989 2914 1107 2983 jura
1136 2916 1398 2969 redundat

210 3004 473 3073 Quidquid
497 3004 551 3058 in
581 3004 680 3057 hoc
707 3003 898 3058 Christi
925 3005 1179 3059 miramur
1200 3005 1445 3076 dogmate
1475 3006 1709 3076 dignum.

278 3094 353 3148 Tu
378 3096 523 3150 bene
549 3096 916 3149 transmissum
942 3097 1037 3150 tibi
1063 3111 1285 3151 censum
1322 3098 1560 3166 possides
1590 3098 1782 3155 haeres.
1814 3091 1858 3153 C

214 3184 311 3239 Res
338 3200 451 3239 non
491 3200 658 3255 parva
688 3186 845 3241 docet
866 3187 1146 3256 triplicatis
1170 3188 1350 3256 juncta
1374 3190 1604 3245 talentis.

213 3275 474 3330 Monstrat
502 3276 572 3329 ab
598 3276 804 3331 occidui
832 3284 1135 3332 revocatum
1170 3280 1405 3346 partibus
1435 3282 1578 3336 orbis

212 3368 357 3433 Quod
386 3368 617 3438 supplex
648 3379 857 3436 captum
889 3371 1180 3425 transmisit
1210 3371 1376 3426 Gallia
1402 3374 1605 3443 vulgus,

213 3459 379 3515 Bﬂ'era
416 3470 472 3515 te
496 3460 610 3514 viso
635 3459 931 3515 didicerunt
957 3470 1170 3530 pectora
1201 3460 1361 3525 flecti,

212 3552 492 3604 Armatum
516 3551 761 3619 precibus
786 3552 1069 3620 superasti,
1094 3552 1345 3618 maxime,
1375 3567 1576 3621 regem.

210 3640 295 3695 Sic
320 3658 538 3712 pugnax
570 3642 777 3711 gladios
805 3642 1049 3697 obtund.t
1080 3643 1303 3697 verbere
1332 3644 1505 3713 lingua
1527 3686 1542 3709 ,

211 3733 293 3786 Sic
323 3734 532 3788 ferrum
560 3742 825 3803 expugnat
850 3734 1133 3789 verborum
1162 3736 1351 3789 lamina
1376 3737 1548 3791 fortis.

273 3825 409 3879 Nam
442 3827 489 3879 si
514 3826 667 3880 fanda
694 3825 888 3890 ierunt,
912 3828 1118 3881 sociant
1145 3828 1230 3896 qui
1264 3827 1492 3881 maxima
1525 3832 1719 3898 parvis,

208 3917 290 3973 Sic
320 3919 612 3973 Dominum
641 3928 918 3988 exspectat
946 3920 1218 3973 domitatis
1249 3921 1459 3975 villicus
1487 3924 1648 3985 arvis.

207 4009 336 4065 Cum
364 4013 511 4067 bene
542 4012 774 4066 mollitos
800 4012 1001 4067 incurvi
1029 4011 1186 4067 dente
1217 4012 1408 4083 ligonis

210 4103 410 4159 Scribit
441 4120 621 4173 agros,
655 4104 951 4175 faciemque
978 4105 1076 4159 soli
1105 4107 1181 4159 sic
1213 4106 1373 4173 pectit
1404 4109 1616 4172 aratris,

210 4192 272 4249 Ut
298 4206 528 4263 spumet
557 4194 726 4262 plenis
748 4210 970 4250 currens
998 4195 1261 4250 vindemia
1294 4195 1475 4250 labris.

208 4284 403 4340 Inserit
428 4294 686 4340 externas
717 4285 996 4354 peregrino
1026 4287 1077 4340 in
1106 4287 1308 4355 cespite
1338 4286 1564 4355 plantas,

204 4374 431 4430 Adven'a
461 4373 764 4443 conjunctis
792 4375 1021 4429 sociatur
1049 4375 1272 4430 nexibus
1303 4375 1483 4442 arbor,

205 4468 557 4524 Truncantur
580 4469 799 4537 stirpes,
828 4469 1128 4523 demessum
1159 4468 1289 4522 falce
1309 4468 1519 4521 maritat

207 4559 545 4634 Virguitum,
578 4570 762 4617 tenero
790 4562 988 4632 lignum
1018 4561 1290 4615 mordetur
1319 4561 1485 4622 hiatu.

204 4652 478 4710 Germine
507 4653 755 4708 nobilitas
779 4654 1051 4724 consurgit
1081 4668 1184 4707 non
1215 4667 1306 4706 sua
1339 4666 1522 4722 parvo,

202 4748 482 4807 Surcu'us
511 4748 693 4818 ign0'o
720 4747 969 4802 coalescit
1000 4761 1217 4801 munere
1239 4745 1408 4809 dives,

272 4862 290 4891 ¹
322 4860 483 4913 Lilia
509 4875 600 4926 pro
638 4858 813 4911 nitida:
839 4858 1121 4926 funduntur
1145 4856 1335 4908 lumine
1357 4853 1534 4923 calcis]
1562 4854 1795 4926 Pii-tores

202 4930 408 4984 tabulis
444 4924 579 4998 quas
612 4924 1070 4995 picturazaptant,
1097 4927 1328 4998 colorem
1362 4926 1531 4998 primo
1560 4924 1789 4998 aliquem

200 4995 478 5063 illinunt,
520 5013 677 5065 quem
717 5013 961 5063 campum
1000 5007 1209 5050 vocant.
1257 4995 1309 5047 In
1355 4995 1637 5047 rusticanis
1670 5008 1796 5047 vero

198 5072 440 5132 picturis
504 5083 623 5137 qua“:
673 5067 1366 5137 parietibusinducuntur.
1411 5066 1527 5137 calx
1561 5065 1684 5137 ipsa
1742 5070 1799 5116 et

198 5151 307 5195 tect
347 5141 506 5195 rium
522 5132 607 5191 est
628 5132 724 5205 pro
744 5152 952 5207 campo.
974 5136 1083 5191 Hoc
1111 5136 1271 5201 igitur
1290 5145 1374 5190 est
1391 5135 1529 5207 quod
1559 5133 1609 5186 in
1642 5132 1798 5187 horto

194 5225 297 5264 suo
346 5210 515 5277 ﬁngit
553 5206 875 5273 Ennodius,
898 5223 990 5275 pro
1021 5208 1245 5261 tectorio
1279 5212 1333 5259 et
1356 5206 1799 5277 picturuf‘campo

195 5280 372 5334 fuiSse
410 5273 561 5342 lilia;
595 5291 688 5343 pro
708 5273 945 5331 colorum
975 5278 1258 5345 pigmentis
1289 5276 1525 5344 reliquos
1554 5273 1797 5328 diverso-

193 5365 315 5404 rum
346 5362 622 5413 generum
650 5347 996 5412 colorumque
1017 5349 1192 5400 liores.

264 5421 287 5453 ⁸
324 5414 940 5488 Hymnus-vespertinus}
971 5416 1070 5483 Qui
1107 5414 1395 5488 Prudentia
1423 5422 1506 5488 est
1531 5414 1600 5488 at!
1618 5414 1796 5488 incen-

188 5506 306 5544 sum
341 5484 608 5543 lucernis.
638 5487 729 5542 Sic
752 5486 896 5541 enim
931 5484 989 5539 in
1025 5487 1242 5554 cptimis
1282 5484 1677 5553 exemplaribus
1717 5484 1797 5535 in-

189 5561 481 5615 scribitur
507 5558 750 5629 hymnus
771 5557 804 5612 6
832 5557 1265 5629 Cathemerinon,
1312 5556 1405 5629 qui
1444 5554 1682 5622 ejusdem
1713 5562 1797 5629 est

186 5624 576 5704 argumenti
608 5644 714 5704 non
752 5639 816 5704 ut_
844 5627 1111 5704 vulgatum
1136 5634 1256 5704 est__,
1288 5625 1367 5704 A_d
1388 5626 1643 5704 incensum
1668 5624 1797 5704 cerei

187 5696 505 5767 paschalis.
535 5697 685 5755 Unde
713 5708 767 5754 et
796 5697 1173 5752 Lucernarium
1195 5696 1443 5752 dicebant
1470 5696 1797 5763 vespertina-

1524 244 1888 309 ‘CARAIINUII
1926 245 2052 302 LIB.
2089 245 2132 302 l.

1794 380 1842 434 Α
1876 363 2006 415 Dum
2034 356 2327 411 madefacta
2348 356 2674 425 novojungit
2708 355 2966 425 plantaria
2999 356 3156 413 libro.

1868 450 2123 507 Paestanis
2146 449 2344 517 pariter
2367 447 2608 517 depingit
2633 456 2777 517 terga
2807 449 2999 504 rosetis
3016 492 3031 517 ,

1869 541 2064 607 Regius
2094 539 2286 607 agresti
2317 540 2539 591 vestitur
2566 540 2770 593 murice
2797 554 3038 608 campus.

1869 631 2001 687 Lilia
2034 631 2050 661 ί
2083 644 2179 698 pro
2206 627 2387 682 nitida:
2410 627 2707 682 funduntur
2731 630 2929 684 lumine
2957 629 3117 685 calcis
3149 648 3161 682 :

1870 721 2019 776 Tunc
2053 719 2223 789 pingit
2254 718 2441 784 violas,
2472 718 2729 788 cytbisos,
2762 721 3043 786 colocasia,
3076 723 3300 792 calthas,

1868 810 2146 873 Ciunama,
2181 809 2479 877 serpillum,
2510 811 2797 877 narcissos,
2831 811 3088 878 balsama,
3117 825 3319 871 costus.

1870 901 2017 955 Tunc
2038 901 2269 956 rediviva
2291 900 2421 954 serit
2446 916 2564 969 qua:
2596 910 2769 970 portat
2789 905 3027 970 germina
3054 906 3286 973 pbmnix.

1874 992 2023 1048 llunc
2045 993 2196 1062 jubet
2222 993 2511 1047 adveniens
2540 993 2787 1049 dominus
2815 997 3149 1053 discumbere
3177 1016 3395 1056 servum
3426 1015 3445 1053 :

1868 1084 2070 1153 Surgit,
2101 1093 2155 1139 et
2180 1083 2293 1154 ipse
2318 1084 2427 1139 suis
2458 1085 2700 1139 manibus
2728 1084 2821 1139 dat
2851 1085 3049 1141 fercula
3081 1104 3301 1144 mensae.

1940 1178 2031 1232 Sic
2071 1186 2157 1231 tua
2182 1186 2262 1232 ter
2287 1176 2461 1244 denis,
2495 1178 2789 1232 animarum
2814 1181 3005 1243 cultor,
3039 1182 3091 1234 in
3120 1182 3275 1237 annis

1874 1268 2064 1323 Halaut
2091 1285 2211 1324 rura
2244 1286 2415 1337 rosas,
2442 1272 2773 1341 interpellata
2803 1286 2900 1326 nec
2933 1274 3052 1326 ullis

1874 1358 2179 1429 Frigoribus
2211 1361 2493 1415 marcescit
2525 1361 2735 1427 humus,
2756 1376 2913 1431 quam
2946 1378 3072 1416 vere
3096 1364 3316 1432 perenni

1875 1450 2067 1506 Servat
2097 1452 2320 1506 odorato
2349 1456 2660 1508 meritorum
2688 1454 2891 1524 cespite
2916 1454 3125 1509 doctor.

1875 1544 2075 1597 Arbuta
2107 1545 2374 1598 siccantur
2401 1548 2647 1613 quotiens
2678 1556 2763 1599 tua
2792 1561 2913 1600 rore
2944 1554 3152 1614 negato,

1879 1633 2118 1689 infundis
2147 1634 2398 1706 lacrymis
2429 1675 2446 1702 ,
2471 1636 2757 1706 cophinum
2780 1652 2993 1705 quoque
3018 1638 3260 1707 congeris
3280 1636 3387 1693 illic

1809 1723 1857 1784 Β
1881 1722 2147 1778 Stercoris
2172 1724 2434 1779 immundi
2459 1742 2472 1777 :
2507 1734 2631 1780 tunc
2659 1726 2820 1781 ramis
2839 1728 3007 1795 surgit
3028 1729 3242 1796 opimis.

1881 1814 2015 1869 Tum
2045 1814 2269 1871 fecunda
2296 1815 2407 1871 Deo
2436 1818 2688 1873 nascendi
2714 1818 2834 1887 jura
2864 1830 3150 1888 superstat.

1951 1908 2175 1976 Suscipe
2197 1924 2336 1963 nunc
2364 1908 2572 1975 dexter,
2603 1911 2728 1965 vita:
2753 1912 2840 1965 lux
2872 1926 3033 1966 aurea
3064 1921 3279 1977 nostrae,

1883 1998 2084 2053 Gaudia
2116 2015 2233 2069 quae
2260 1998 2463 2054 faciunt
2502 2002 2767 2055 modicum
2801 2003 2893 2056 tibi
2939 2018 3185 2071 promere
3218 2019 3455 2060 carmen.

1880 2087 2012 2142 Cum
2039 2103 2155 2143 mea
2182 2098 2303 2142 vota
2338 2089 2478 2145 Deus
2505 2090 2815 2159 produxerit
2837 2092 3026 2145 ordine
3044 2098 3227 2161 cepto,

1885 2179 2112 2234 Fulserit
2141 2190 2194 2235 et
2224 2180 2412 2235 docilis
2442 2196 2599 2250 quem
2623 2181 2823 2249 plantat
2847 2182 3063 2236 dextera
3088 2184 3317 2251 palmes;

1886 2269 2077 2325 Debita
2108 2280 2229 2340 post
2256 2280 2470 2326 centum
2497 2271 2716 2327 reddam
2749 2272 2843 2327 tibi
2867 2272 3055 2328 fortius
3080 2288 3269 2329 annos.

1884 2360 1961 2414 En
1983 2361 2142 2414 statui
2167 2361 2518 2430 quodcunque
2546 2362 2638 2417 tibi
2666 2377 2806 2417 nunc
2832 2364 3074 2432 scalpere
3094 2378 3309 2420 carmen
3334 2383 3349 2430 ;

1884 2455 2097 2513 Nodoso
2124 2459 2225 2513 sub
2249 2459 2390 2528 jure,
2423 2468 2598 2529 pater,
2621 2458 2762 2529 quod
2792 2460 2976 2513 nexuit
3003 2460 3163 2515 arctis

1888 2546 2103 2603 Diversa
2135 2550 2232 2603 sub
2266 2549 2439 2604 fronte
2469 2549 2642 2604 modis
2674 2550 2755 2604 lex
2779 2550 3016 2619 proxima
3045 2565 3237 2620 perite,

1888 2635 2119 2705 Usquam
2147 2653 2213 2694 ne
2243 2639 2399 2693 fallax
2432 2648 2665 2696 mutaret
2689 2640 2916 2711 syllaba.
2940 2640 3080 2697 Dixi.

2643 2730 2713 2785 Χ.

2343 2822 2363 2852 ³
2385 2836 2589 2875 aruuus
2626 2836 2998 2876 vssvsartxtss.

2098 2909 2350 2980 Nigrante
2379 2920 2570 2967 tectam
2596 2913 2760 2981 pallio

2098 3004 2217 3061 Jam
2245 3014 2384 3060 terra
2415 3019 2625 3062 noctem
2656 3007 2898 3077 suscipit.

2099 3094 2171 3151 Ut
2197 3096 2314 3151 viva
2341 3096 2482 3152 dulci
2512 3096 2701 3152 funere

2100 3185 2553 3242 Reconvalescant
2575 3204 2820 3258 corpora.

2101 3277 2288 3333 Mortis
2310 3278 2475 3348 ﬁgura
2510 3278 2757 3333 blandior

2107 3367 2324 3421 Bustqu
2355 3371 2562 3443 soporis
2593 3369 2863 3435 admovet,

2102 3460 2306 3515 Anhela
2339 3460 2471 3516 lucis
2490 3462 2711 3516 testibus

2105 3551 2239 3605 Dum
2267 3566 2418 3606 mens
2452 3552 2674 3621 tepescit
2702 3554 2834 3608 otio.

2107 3646 2242 3713 Lux,
2272 3646 2499 3711 Christe,
2531 3646 2661 3711 vita,
2694 3646 2907 3713 veritas,

2103 3736 2183 3793 Ne
2212 3741 2352 3791 lusca
2384 3740 2558 3792 somni
2592 3749 2856 3807 tempora,

2110 3828 2288 3883 Tetris
2320 3838 2499 3898 parata
2522 3830 2863 3893 umbraculis.

2105 3920 2213 3976 Nos
2228 3920 2294 3975 ad
2324 3923 2572 3977 tenebras
2600 3930 2850 3977 evocent.

2103 4011 2217 4066 Nox
2251 4013 2390 4066 nulla
2417 4028 2515 4068 nos
2544 4012 2735 4068 subdat
2763 4013 2887 4079 sibi,

2109 4101 2165 4155 In
2190 4104 2363 4157 noctis
2389 4112 2519 4158 atra:
2548 4105 2803 4173 tegmine,

2108 4192 2211 4247 Sed
2245 4208 2343 4249 nec
2370 4194 2561 4250 caloris
2582 4196 2718 4250 ebrii

2108 4284 2325 4339 Mentita
2357 4286 2537 4355 pingat
2563 4302 2810 4357 corpora,

2110 4376 2304 4430 Verum
2345 4389 2549 4433 reatum
2578 4381 2775 4433 nesciis

1827 4450 1877 4509 Ῑ)
2116 4467 2254 4521 Falsi
2286 4468 2593 4523 ministrans
2615 4469 2872 4525 criminis.

2112 4558 2190 4611 Tu
2224 4574 2316 4625 per
2337 4559 2530 4629 quietis
2554 4575 2771 4615 munera

2114 4650 2505 4705 As~istecustos
2518 4652 2759 4721 pervigil.

2116 4740 2290 4793 llostis
2322 4742 2503 4808 procul
2532 4743 2601 4796 sit
2622 4743 2843 4797 callidus
2876 4760 2890 4801 :

1904 4869 2017 4905 rum
2067 4868 2277 4917 precum
2301 4855 2551 4926 rnt‘ticium
2572 4899 2586 4921 ,
2632 4856 2772 4922 quod
2825 4871 3051 4925 vespere
3079 4868 3129 4912 et
3161 4860 3373 4926 quando
3403 4863 3481 4915 ln-

1905 4937 1931 4975 c
1970 4938 2087 4997 ruas
2114 4925 2329 4997 accendi
2366 4942 2480 4977 mos
2502 4939 2577 4978 est
2597 4968 2610 4988 ,
2644 4941 2833 4979 occaso
2863 4929 3109 4982 nimirum
3136 4925 3267 4994 sele,
3304 4935 3480 4997 peragi

1904 4992 2335 5064 soli:ret.ilionxu
2369 5011 2566 5049 ικοιεκμι
2596 4997 2824 5064 appellat
2855 4997 2910 5052 S.
2942 4992 3261 5053 Ambrosius
3300 4992 3390 5053 lib.
3428 4992 3480 5055 ut

1904 5063 1971 5115 de
1997 5062 2298 5138 Virginibus
2330 5082 2341 5114 :
2373 5065 2517 5138 Certe
2545 5062 2790 5120 solemnes
2841 5069 3093 5122 orationes
3133 5088 3245 5122 cum
3286 5076 3473 5138 gratim

1904 5147 2017 5184 rum
2050 5135 2249 5185 actione
2274 5143 2389 5186 sunt
2418 5136 2702 5201 deferenda!
2722 5177 2737 5199 ,
2779 5153 2893 5189 cum
2933 5155 2960 5190 e
2998 5155 3175 5193 somno
3206 5135 3474 5204 surgimus,

1906 5218 2017 5276 cum
2040 5204 2319 5276 prodimus,
2337 5219 2455 5276 cum
2472 5206 2633 5257 cibum
2655 5210 2923 5270 sumimus,
2949 5225 3061 5260 cum
3094 5226 3312 5276 sumpse:
3328 5212 3475 5274 ξυιυς,

1909 5284 1954 5347 et
1996 5272 2122 5347 hora
2150 5274 2344 5325 incensi
2378 5288 2395 5324 :
2428 5290 2542 5347 rum
2579 5278 2791 5345 denique
2828 5280 3049 5329 cubitum
3096 5272 3217 5347 ρριεά
3240 5295 3366 5327 nms.
3411 5272 3482 5330 lle

1903 5342 2114 5412 hymnis
2154 5358 2314 5411 porro
2353 5345 2443 5412 qui
2470 5342 2782 5414 sequuntur,
2817 5350 2915 5399 etsi
2948 5342 3162 5415 styloet
3186 5342 3348 5414 genio
3380 5362 3473 5396 an.

1901 5424 2101 5467 cturem
2144 5415 2271 5467 satis
2319 5414 2547 5481 produnt
2591 5416 2919 5477 Ennudium,
2965 5419 3182 5468 aberant
3232 5425 3407 5467 tamen
3452 5432 3476 5470 a

1904 5484 2301 5550 tnunuscriptis,
2343 5501 2566 5553 quorum
2592 5502 2691 5554 υρο
2723 5485 2837 5539 nixi
2888 5499 3089 5538 sumus.
3136 5485 3310 5551 Quare
3356 5502 3475 5538 eum

1903 5554 2104 5620 reliqua
2137 5565 2280 5607 esset
2318 5558 2638 5621 conjecturae
2676 5556 2965 5621 divinatio,
3009 5554 3097 5620 qui
3143 5556 3351 5621 parcius
3402 5558 3476 5610 uti

1906 5624 2076 5689 libuit,
2109 5639 2267 5692 pauca
2297 5642 2462 5694 eaque
2493 5634 2671 5692 :tperln
2704 5634 2755 5679 ct
2784 5624 2936 5678 obvia
2968 5626 3309 5680 mutavimus.
