3974 6366
526 308 629 363 5Ξ7

734 410 884 478 Quod
912 407 1076 473 laedit,
1113 405 1240 460 illttd
1271 403 1515 458 dormiat.

731 507 830 571 Qui
858 503 1017 556 dente
1045 513 1187 553 smvo
1212 497 1464 552 mandere

724 596 907 650 Certat
933 592 1187 645 cubantes
1214 588 1439 649 lectulis,

733 689 828 741 llic
853 685 1085 739 membra
1114 684 1321 737 vinctus
1351 682 1525 749 lugeat

728 777 947 832 Pulsare
973 788 1092 827 sese
1113 787 1243 840 quos
1268 770 1435 824 foves.

729 866 973 921 Madente
1003 877 1165 917 carne
1187 861 1405 929 Spiritus

725 961 840 1013 Non
869 966 1119 1013 enecetur
1149 955 1451 1025 naufragus.

731 1055 898 1108 Ornvt
918 1053 1089 1106 cubile
1118 1050 1352 1112 castitas,

733 1148 862 1213 Qua:
893 1144 1059 1212 prima
1084 1145 1332 1196 virtutum
1357 1140 1516 1194 micat
1544 1153 1557 1189 :

724 1236 878 1290 Vivat
904 1235 1034 1288 ﬁdes
1067 1236 1118 1286 in
1152 1245 1388 1301 pectore,

733 1328 864 1395 Quae
887 1330 1004 1382 luce
1033 1335 1217 1381 vernat
1247 1322 1473 1394 perpeti.

1264 1423 1351 1477 XI.

800 1532 1004 1571 BYMNUS
1039 1531 1095 1569 Il.
1137 1531 1187 1568 IN
1227 1528 1469 1567 TEMPORE
1505 1523 1801 1573 TRISTITIL.

730 1609 871 1664 Deus
897 1622 1126 1672 perenne
1154 1606 1425 1675 gaudium,

729 1699 858 1762 Pax,
883 1698 1113 1762 Christe,
1140 1695 1316 1751 cordis
1342 1693 1506 1759 anxii,

732 1790 1025 1859 Portusque
1056 1788 1433 1842 lluctuantiutn.

725 1882 891 1946 Quem
927 1896 1024 1934 nec
1051 1879 1304 1947 procella,
1338 1874 1561 1930 turbidis

735 1972 790 2028 Si
816 1980 990 2027 verrat
1020 1972 1123 2024 ima
1145 1972 1393 2031 motibus,

730 2064 913 2117 Potest
945 2066 1124 2130 fugare
1154 2075 1182 2113 a
1207 2069 1443 2129 pectore.

730 2154 830 2221 Qui
860 2168 1034 2207 mersa
1066 2162 1228 2220 ponto
1258 2150 1529 2213 sublevas,

736 2245 837 2313 Qui
861 2244 1136 2313 subjugata
1165 2242 1410 2303 sarcinis,

729 2336 827 2402 Qui
857 2334 960 2389 dux
985 2333 1251 2401 prOphetae
1284 2329 1546 2399 naufragi,

735 2428 867 2480 Dum
898 2425 1026 2478 vivit
1049 2438 1169 2478 esca
1194 2422 1400 2489 bellum,

734 2519 867 2572 Dum
891 2515 1061 2570 nescit
1089 2530 1269 2583 aequor
1296 2512 1433 2583 quod
1465 2521 1630 2578 tenet,

731 2609 925 2662 Tutum
954 2606 1124 2662 ferino
1149 2613 1365 2675 gutture

731 2703 961 2757 Exactur
984 2701 1239 2768 abrumpe
1258 2698 1457 2753 cibum.

729 2788 861 2847 Diro'
882 2794 1131 2847 reductus
1162 2793 1384 2860 remige,

735 2885 969 2939 Custode
989 2884 1167 2938 salvus
1195 2883 1453 2952 pessimo,

734 2976 892 3031 Vates
918 2976 1125 3029 locutus
1146 2981 1199 3028 te
1224 2974 1389 3027 Deum

728 3069 879 3122 Tunc
900 3068 1047 3135 jussa
1068 3066 1229 3134 gessit
1259 3064 1468 3118 fortior.

739 3160 1010 3214 lmmunda
1035 3158 1262 3228 lymphis
1283 3156 1515 3210 sobriam

740 3253 840 3305 l’er
868 3251 1021 3304 busta
1049 3249 1205 3301 terris
1231 3246 1437 3300 vixerat

741 3342 938 3395 Vivens
966 3340 1206 3408 sepulcra
1238 3338 1472 3407 pertulit,

743 3433 981 3487 Viventis
1006 3440 1161 3485 ornet
1190 3430 1489 3499 prandium.

733 3528 950 3581 Secreta
978 3524 1083 3579 ceti
1110 3523 1339 3592 prodidit

731 3620 905 3673 Testis
926 3616 1187 3670 verendus
1211 3612 1401 3667 intimi.

733 3712 823 3765 Sic
843 3724 940 3763 nos
964 3722 1258 3777 precamur,
1288 3719 1378 3758 rex
1408 3704 1569 3766 Deus,

734 3804 961 3859 Mterore
990 3799 1181 3853 fractos
1204 3805 1260 3850 ut
1286 3796 1461 3850 cibum

742 3896 818 3948 De
843 3900 1029 3947 ventre
1055 3905 1299 3943 curarum
1329 3901 1478 3955 rape.

739 3987 878 4039 Vivit
902 3982 1147 4038 medullis
1174 3980 1313 4049 quod
1346 3988 1521 4040 necat,

732 4076 1035 4130 Turbautur
1063 4073 1169 4124 alta
1192 4072 1476 4133 viscerum,

739 4168 792 4220 In
821 4165 965 4218 fonte
992 4161 1168 4216 carnis
1194 4159 1353 4213 ardor
1379 4167 1493 4221 est,

737 4255 838 4322 Qui
871 4254 1082 4322 mergit,
1106 4250 1231 4314 urit,
1258 4247 1425 4302 afﬁcit
1457 4264 1471 4299 :

743 4345 849 4401 Sed
880 4345 923 4399 si
952 4357 1170 4396 serenus
1200 4340 1416 4409 aspicis,

737 4441 989 4495 l‘rcssura
1021 4435 1197 4503 gignet
1226 4431 1496 4501 gaudium.

1264 4532 1377 4587 XII.

906 4643 1106 4682 IIYMNUS
1135 4642 1206 4681 III.
1252 4640 1317 4678 DE
1355 4640 1400 4676 ς.
1442 4635 1713 4675 CYPBIANO.

741 4724 890 4778 Vatis
916 4720 1162 4789 Cypriani
1192 4730 1245 4773 et
1267 4716 1514 4785 martyris

737 4816 862 4877 Cor,
899 4813 1095 4881 lingua,
1121 4824 1330 4873 sensus,
1361 4808 1589 4872 dignitas

744 4908 963 4962 Mortem
995 4904 1210 4958 ferendo
1241 4902 1526 4970 proferunt.

741 4999 922 5051 Vitali.
945 4996 1104 5049 ictum
1138 5008 1236 5046 nex
1265 4992 1428 5055 dedit,

740 5091 988 5146 Macrone
1020 5094 1165 5154 parta
1200 5084 1285 5136 lux
1320 5083 1498 5136 micat.

744 5181 904 5235 Dict's
934 5177 1029 5231 fuit
1053 5174 1411 5244 praefulgidus,

604 5322 620 5353 ί
654 5315 935 5371 Procousul
960 5310 1237 5381 Macttt'mus‘l
1260 5310 1497 5364 Galerius
1516 5309 1796 5381 Maximus,
1820 5310 1906 5375 qui
1930 5310 2095 5375 Aspa-

532 5392 613 5444 sio
665 5389 891 5442 Paterno
936 5386 991 5438 in
1045 5379 1414 5450 procnrisulatu
1460 5379 1649 5433 Africa),
1717 5391 2092 5434 successerat:

533 5461 682 5529 cujus
721 5459 893 5529 audita
930 5455 1226 5529 Cyprianus
1265 5452 1522 5529 sententia
1555 5465 1654 5517 qua
1688 5452 1842 5503 morti
1883 5451 2095 5529 addice-

536 5522 707 5589 haiur,
757 5528 857 5579 hoc
895 5522 1063 5579 salum
1110 5523 1419 5588 respondit:
1452 5522 1558 5573 Οεο
1589 5535 1811 5573 canus
1845 5538 1858 5583 ;
1888 5522 2012 5587 quin
2043 5531 2097 5576 et

535 5600 713 5661 ligatis
744 5612 833 5664 per
862 5610 1047 5648 manus
1078 5607 1201 5646 suas
1238 5592 1404 5646 oculis
1425 5632 1439 5651 ,
1485 5600 1539 5643 ut
1576 5590 2094 5664 Pontins_diacouus

535 5658 970 5729 Stirling-meram
1000 5664 1259 5716 carnificis
1285 5676 1474 5730 urgere
1503 5660 1684 5713 lentah
1705 5669 1740 5711 ut
1794 5658 1869 5730 Eo
1895 5670 2096 5725 spectat

540 5737 815 5792 Ennudius
841 5750 959 5789 cum
999 5735 1071 5787 ait
1105 5729 1425 5802 Cyprianum
1466 5744 1620 5784 enses
1662 5729 1936 5793 :Lt'civissu,
1983 5746 2093 5783 mo-

1660 291 1929 348 LNNODII
1970 288 2267 347 EPISCOPI
2305 287 2673 346 'flClNENSlS

2116 409 2165 463 Δ

3673 284 3767 339 328

2411 401 2479 456 Et
2502 416 2598 456 ore
2618 400 2766 455 dives
2793 400 2972 465 unico,

2405 492 2680 546 Torrentis
2712 490 2849 545 unda
2880 488 3121 559 gurgitis,

2408 582 2637 651 impacta
2660 595 2827 637 cornu
2857 579 3061 649 spicula

2401 678 2661 734 Sermone
2693 679 2912 733 vincens
2933 677 3200 746 promulo.

2401 769 2540 836 Opes
2566 770 2785 823 verendi
2820 770 3052 837 pectoris

2401 859 2499 925 Qui
2530 860 2651 928 jure
2682 860 2893 913 Christo
2916 859 3164 913 reddidit.

2399 946 2552 1000 Nunc
2574 961 2762 1000 munus
2789 947 2975 1014 implet
3001 948 3301 1015 pristinum,

2400 1032 2591 1089 Orator
2617 1046 2753 1101 orat,
2787 1035 3011 1098 obtinet,

2405 1123 2474 1177 Et
2493 1125 2623 1178 dura
2645 1126 2820 1179 causis
2845 1133 3122 1193 temperat.

2405 1211 2556 1266 Facit
2582 1214 2766 1267 beatos
2792 1228 2855 1267 ex
2884 1215 3010 1278 reis,

2409 1298 2633 1354 Peccata
2663 1316 2916 1370 rumpens
2942 1303 3201 1356 carmine.

2405 1388 2519 1442 Non
2544 1390 2779 1456 flamma,
2812 1406 3014 1455 carcer,
3040 1390 3309 1447 vinculum

2398 1479 2581 1533 Potest
2606 1494 2801 1535 nocere
2830 1496 2961 1550 quos
2980 1481 3149 1549 juvat.

2404 1567 2633 1623 Mactare
2661 1569 2837 1637 jussus
2866 1570 3087 1636 hostias,

2411 1657 2665 1727 Lugenda
2694 1660 2812 1713 risit
2840 1661 3075 1714 numina.

2411 1744 2647 1799 InStante
2674 1762 2795 1799 mox
2824 1748 3085 1816 periculo,

2407 1834 2560 1903 Fugit
2591 1835 2783 1904 pericla
2811 1835 3015 1891 funere.

2406 1925 2603 1980 Parvas
2628 1924 2875 1993 loquendi
2905 1926 3179 1980 schemate
3222 1968 3225 1971 μ

2402 2015 2579 2070 Moras
2606 2015 2813 2069 remisit
2836 2014 3046 2080 ictibus,

2411 2102 2615 2157 Αεοίνίι
2644 2116 2800 2157 enses
2831 2101 3024 2168 Iretior,

2404 2194 2663 2249 Currente
2695 2192 2838 2247 letho
2863 2194 2977 2261 plus
2999 2194 3164 2247 celer.

2404 2282 2693 2337 Proconsnl
2726 2284 2741 2313 ¹
2771 2296 2890 2337 esse
2919 2283 3110 2336 saevior

2413 2373 2663 2442 Nequivit
2692 2372 2779 2427 ille
2808 2373 3086 2436 Maximus,

2410 2466 2541 2519 Dum
2567 2461 2709 2532 quod
2734 2461 2966 2516 minatur
2992 2474 3184 2515 munus
3210 2469 3293 2514 est
3324 2475 3340 2512 :

2403 2556 2513 2613 Nec
2536 2554 2714 2609 tardat
2743 2554 2822 2607 ira
2853 2554 3024 2607 leuior

2412 2646 2679 2702 Christum
2710 2645 2945 2700 volentes
2966 2648 3154 2698 visere.

2909 2735 3047 2790 XIII.

2573 2843 2778 2881 HYINUS
2816 2842 2886 2880 IV.
2929 2843 2995 2880 DE
3034 2841 3386 2880 PENTECOSTE.

2417 2920 2483 2974 Et
2513 2920 2613 2975 hoc
2642 2934 2926 2989 supernum
2952 2934 3142 2972 munus
3166 2929 3265 2981 εει,

2408 3011 2561 3077 Quod
2593 3012 2787 3080 linguis
2815 3011 2990 3079 lingua
3015 3010 3228 3063 militat.

2417 3104 2545 3169 Quis
2568 3118 2670 3155 non
2702 3104 2935 3156 tonantis
2962 3101 3179 3171 praemia
3249 3154 3257 3162 _

2419 3193 2518 3246 Per
2546 3192 2682 3245 dona
2712 3190 2950 3260 ejusdem
2985 3188 3253 3259 proferat?

2411 3281 2563 3336 Facit
2591 3282 2855 3350 loquendo
2877 3283 2961 3349 qui
2987 3284 3144 3349 saplt,

2406 3374 2629 3442 Dignum
2660 3373 2904 3442 loquatur
2921 3383 2973 3425 ut
3006 3372 3135 3428 Deo.

2408 3464 2638 3518 Infundit
2666 3477 2790 3517 ecce
2816 3464 3065 3530 Spiritus,

2417 3555 2485 3608 Et
2514 3568 2606 3608 ora
2634 3569 2819 3608 rursus
2842 3552 3074 3606 instruit.

2410 3647 2611 3702 Intrat’
2642 3655 2861 3700 veterno
2888 3655 3103 3713 pectora

2418 3736 2718 3789 Evisccrata
2749 3736 2951 3789 nubilo.

2409 3824 2466 3879 In
2503 3826 2535 3878 h
2572 3840 2601 3879 c
2631 3826 2884 3894 apostolis
2912 3825 2999 3878 die

2414 3915 2547 3968 Dum
2577 3914 2731 3967 verba
2768 3913 2995 3967 Verbum
3026 3911 3227 3976 dividit,

2412 4005 2669 4061 Sermone
2700 4003 2881 4058 mundi
2906 4012 3205 4073 praepotens

2412 4097 2480 4150 Et
2509 4097 2666 4150 corda
2694 4095 2875 4149 mundi
2904 4096 3146 4150 contulit.

2410 4188 2614 4243 Summi
2647 4188 2843 4242 leratur
2872 4188 3115 4242 laudibus

2417 4279 2610 4345 Homo,
2644 4280 2801 4334 habet
2829 4294 2918 4333 ora
2950 4280 3205 4348 gentium.

2408 4370 2612 4436 Thrax,
2639 4370 2840 4434 Gallus,
2866 4370 3022 4424 Indus
3050 4387 3186 4423 unus
3209 4380 3311 4425 est.

2414 4459 2564 4524 Quod
2600 4458 2787 4512 blanda
2819 4458 2952 4511 ludit
2978 4458 3203 4522 Graecia,

2413 4548 2564 4614 Quod
2591 4547 2740 4600 saivit
2767 4556 2917 4599 atrox
2940 4545 3222 4599 barbarum

2414 4636 2619 4691 Strid0r
2645 4634 2842 4702 Canopi
2875 4634 3184 4698 murmuris,

2413 4724 2563 4790 Quod
2588 4725 2607 4755 ³
2639 4726 2812 4792 lingua
2837 4724 2993 4776 latrat
3022 4723 3286 4786 Parthica,

2413 4816 2600 4869 Pectus
2624 4814 2844 4883 replevit
2870 4812 3160 4880 hospitum.

2412 4906 2587 4961 Mundi
2617 4906 2680 4959 ad
2710 4905 2933 4960 salutem
2963 4905 3193 4959 curritur

2411 4997 2634 5051 Nolente
2664 4996 2861 5050 mundo
2885 5003 2958 5048 tot
2983 4995 3101 5048 viis.

2410 5088 2561 5155 Quod
2591 5102 2738 5142 sacra
2762 5102 2903 5141 nunc
2927 5086 3169 5141 remissio

2412 5178 2681 5235 Paschalis
2709 5178 2876 5232 instar
2902 5176 3084 5247 gratia:

2203 5328 2422 5372 ramnue
2446 5311 2705 5381 loquendo
2735 5309 3005 5381 minimam
3036 5310 3297 5363 attulisse.

2271 5385 2291 5415 ⁸
2322 5379 2536 5437 Veterm)
2561 5379 2754 5449 nubifo]
2780 5380 3038 5432 Veternus
3056 5381 3333 5449 adjective,
3361 5392 3458 5440 pro
3486 5387 3797 5432 velernusn

2200 5461 2254 5507 ct
2293 5464 2502 5507 vetusto
2542 5468 2554 5502 :
2594 5464 2648 5502 ut
2686 5453 2735 5503 in
2780 5452 3099 5520 panvgyricu
3126 5492 3139 5513 ,
3194 5449 3525 5520 coitscientias
3576 5463 3797 5502 veterno

2198 5540 2366 5577 errore
2412 5538 2693 5590 possessas,
2737 5529 2791 5574 et
2831 5518 3064 5575 dictione
3112 5522 3162 5573 in
3206 5518 3536 5581 Novercam,
3589 5522 3798 5573 veterni

2203 5594 2354 5645 Erebi
2381 5594 2409 5644 ιι
2426 5592 2591 5660 gibus.

2270 5662 2291 5693 ⁸
2318 5656 2513 5728 Lingua
2552 5661 2702 5713 latrat
2750 5658 3011 5729 Parthica]
3043 5659 3096 5713 In
3130 5658 3419 5724 Parasnesi,
3457 5656 3721 5714 Part/lira
3752 5669 3799 5714 et

2200 5734 2346 5785 latret
2374 5729 2423 5784 Μ
2431 5732 2603 5785 orinus
2634 5731 2818 5797 ﬁgura.
