3974 6366
478 374 577 432 555
1602 370 1876 426 ENNDDII
1918 366 2068 422 titus

2184 365 2217 418 ἰ
2256 362 2630 420 TICINENSIS
3535 366 3624 423 530

476 467 790 539 Exemplum
824 467 982 521 terris
1011 467 1282 534 linquens,
1312 464 1379 518 ad
1413 464 1591 519 sidera
1617 475 1799 531 raptus

544 558 812 616 Coufcssis
844 569 1046 611 rectum
1078 570 1236 625 quam
1264 557 1398 610 bene
1436 560 1700 608 monstrat
1730 552 1859 605 iter!

476 650 564 705 Bis
589 650 754 705 denas
782 647 1005 711 hiemes,
1034 646 1256 700 totidem
1287 643 1619 699 transcendit
1645 641 1856 701 aristas,

540 740 710 807 Quem
732 737 911 792 subito
941 750 1011 791 ex
1043 735 1214 790 oculis
1242 749 1362 790 sors
1392 732 1608 788 inimica
1649 729 1790 786 tulit.

843 902 1159 940 EPITAPIIIUH
1194 898 1544 938 HABUNUAS’III
1575 896 1629 935 Υ.
1654 895 1692 934 Io

475 978 757 1048 Nunquam
793 986 967 1032 morte
1000 977 1136 1045 perit
1166 974 1371 1030 meritis
1408 982 1531 1043 post
1557 971 1709 1027 busta
1747 978 2040 1040 superstes,

546 1069 754 1122 Funera
783 1066 1067 1121 sublimem
1098 1080 1202 1120 non
1230 1066 1448 1133 capiunt
1474 1065 1732 1118 animam.

475 1159 723 1229 Sanguis,
757 1159 951 1221 honor,
977 1156 1187 1226 genius,
1212 1154 1470 1225 probitas,
1513 1151 1829 1218 constantia,
1852 1163 2049 1205 census

550 1251 870 1305 Interimunt
893 1249 1073 1303 multis
1101 1247 1317 1303 dotibus
1345 1247 1587 1303 exitium.

478 1343 535 1397 lu
563 1355 849 1395 commune
875 1340 1045 1395 bonus
1075 1354 1178 1393 non
1208 1340 1371 1393 sentit
1396 1338 1589 1392 damna
1628 1334 1861 1405 sepulcri
1894 1351 1906 1386 :

552 1433 662 1486 Fila
689 1432 869 1501 legunt
895 1432 1075 1484 Parca:
1103 1446 1220 1500 qua:
1248 1430 1509 1484 dederant
1529 1430 1770 1483 miseris.

480 1522 717 1579 Pendula
745 1523 1010 1576 Iassantur
1031 1536 1149 1590 quae
1179 1520 1389 1590 plebem
1422 1520 1649 1573 stamina
1674 1524 1909 1588 portant,

554 1612 732 1666 Fortia
771 1610 1087 1679 contingunt
1114 1609 1232 1664 licia
1267 1608 1556 1662 nobilibus.

482 1704 624 1759 Cana
653 1700 946 1757 venerandi
974 1701 1303 1755 renovabant
1326 1699 1520 1752 sarcula
1544 1709 1723 1751 mores
1755 1713 1768 1748 :

550 1795 716 1863 Inque
746 1792 913 1846 vicem
948 1790 1129 1859 templi
1160 1799 1374 1860 pectora
1406 1787 1600 1843 munda
1631 1785 1770 1840 tulit.

481 1957 546 1997 DE
583 1954 969 1997 EPIGRAHHATIS
1008 1955 1107 1992 PER
1149 1954 1383 1993 ARMARIA
1420 1952 1577 1991 DOMNI
1618 1948 1804 1989 FAUSTI
1851 1947 2050 1989 FACTIS.

481 2033 729 2088 Consona
753 2033 979 2087 diversis
1009 2030 1207 2084 tinxisti
1235 2028 1471 2083 carmina
1501 2028 1670 2091 libris,

555 2125 823 2193 Suscipiat
852 2122 1088 2192 gaudens
1111 2120 1287 2175 littera
1315 2117 1457 2189 quod
1480 2118 1662 2173 tribuit

484 2216 675 2273 Nescio
700 2216 789 2285 qui
821 2223 1024 2268 tantum
1054 2229 1157 2266 non
1184 2211 1381 2278 laudet,
1416 2209 1634 2277 Fauste,
1665 2209 1946 2279 pudorem,

559 2305 690 2361 Cum
718 2305 896 2360 reddis
916 2305 960 2358 si
986 2303 1113 2372 quid
1147 2303 1279 2358 lecta
1302 2301 1502 2356 dedere
1530 2299 1645 2354 tibi.

490 2398 801 2469 Depositum
829 2396 1003 2467 perdit
1031 2409 1182 2451 mens
1206 2394 1341 2449 recti
1371 2395 1546 2448 nescia
1575 2405 1809 2460 semper,

559 2488 640 2545 Ad
672 2502 847 2543 mores
870 2486 1093 2541 redeunt
1122 2485 1235 2540 htee
1260 2485 1583 2540 documenta
1609 2483 1829 2554 probos.

488 2580 543 2636 Si
578 2590 755 2634 tamen
786 2576 1021 2631 admittis
1042 2575 1229 2631 dexter
1258 2590 1373 2630 mea
1406 2574 1589 2640 verba,
1616 2572 1847 2639 fatebor,

560 2672 658 2739 Qui
687 2672 847 2742 pollet
877 2669 1083 2739 magnis
1107 2670 1322 2737 parvula
1350 2668 1471 2735 jure
1506 2668 1667 2738 fugat.

491 2765 799 2820 Laudentur
820 2763 976 2816 tereti
1006 2775 1142 2830 quos
1170 2759 1344 2828 pingis
1381 2759 1617 2813 carmine
1647 2768 1812 2824 vates,

562 2853 793 2909 Mascula
822 2854 837 2883 ⁸
874 2850 1145 2905 rhetorico
1170 2849 1441 2920 schemate
1468 2847 1650 2918 lingua
1680 2857 1850 2903 tonet.

2086 1821 2134 1881 Β

2073 463 2117 519 Α
2148 457 2282 522 Quid
2310 456 2525 520 mirum,
2551 454 2763 508 viduata
2797 451 2887 506 tibi
2914 460 2998 505 sat
3020 452 3256 507 constitit
3285 463 3422 518 telas,

2223 548 2477 618 Conjugis
2507 547 2571 601 ad
2597 556 2777 601 natum
2802 559 2921 599 cum
2954 546 3090 599 bene
3117 545 3305 600 ductus
3322 562 3492 603 amor.

2894 636 2980 691 Vl.

2630 722 2943 761 EPITAPIIIUM
2973 721 3224 760 MELISS.£.

2148 800 2387 867 Corpore
2412 798 2621 852 devicto
2651 798 2877 852 moritur
2907 797 3229 865 quicunque,
3260 804 3513 865 superstat
3541 814 3553 851 :

2219 893 2250 925 "
2280 892 2451 945 Donat
2482 889 2610 945 lethi
2651 889 2821 959 legem
2854 888 3075 942 crimina
3107 888 3218 941 sola
3253 888 3464 940 homini.

2150 978 2233 1036 Nil
2260 980 2377 1045 tibi,
2409 980 2579 1049 virgo,
2610 979 2783 1048 perit:
2816 993 3030 1032 carnem
3054 990 3205 1031 meus
3228 991 3353 1045 pura
3380 975 3561 1030 refudit

2224 1070 2353 1137 Quae
2381 1085 2650 1139 nunquam
2683 1068 2868 1123 mundi
2900 1068 3030 1122 vixit
3068 1069 3119 1122 in
3142 1067 3427 1136 obsequiis.

2152 1160 2385 1223 Funera,
2418 1159 2595 1223 busta,
2628 1160 2762 1228 rogi,
2796 1158 3060 1213 scelerum
3101 1157 3364 1227 stipendia
3388 1164 3583 1210 cessent
3610 1172 3621 1205 :

2230 1250 2305 1305 De
2331 1250 2436 1304 vita
2467 1249 2533 1304 ad
2557 1250 2718 1303 vitam
2762 1248 3020 1303 transitus
3044 1247 3144 1302 iste
3176 1247 3362 1316 placet.

2896 1338 3006 1391 VII.

2553 1418 2815 1484 (susurrus
2846 1430 3030 1471 ὥδευε
3058 1431 3109 1469 IN
3141 1414 3365 1483 cauca.)

2156 1507 2375 1564 Occisor
2404 1507 2611 1572 mortis,
2636 1507 2742 1561 dux
2776 1507 2918 1572 vitas,
2951 1506 3131 1576 planta
3158 1504 3365 1570 salutis,

2230 1600 2443 1668 Aspice,
2478 1614 2619 1653 nunc
2643 1599 2663 1629 ³
2695 1613 2917 1668 serpens
2944 1612 3068 1652 ecce
3095 1610 3298 1650 venena
3326 1593 3481 1664 fugat.

2159 1691 2228 1745 Et
2247 1690 2388 1761 quod
2418 1690 2660 1758 supplicii
2685 1690 2892 1758 species
2911 1698 2972 1743 et
3007 1687 3199 1742 mortis
3232 1686 3403 1754 imago

2231 1783 2349 1838 lam
2374 1782 2545 1838 fuerat
2574 1781 2806 1847 miseris,
2837 1788 2920 1835 est
2943 1779 3070 1834 mihi
3093 1787 3237 1833 certa
3280 1777 3437 1832 salus.

2876 1870 3009 1925 VIII.

2159 1969 2354 2009 VERSUS
2393 1969 2442 2007 IN
2480 1966 2711 2007 ιιειιιω
2759 1966 2944 2005 5ΑΝοΤΙ
2987 1964 3135 2003 χϊδτι
3174 1963 3400 2002 EPISCOPI
3449 1960 3588 2000 FACTI
3634 1960 3685 1999 ετ

2299 2059 2519 2108 εωιιιιτι,
2543 2059 2681 2107 QUAM
2709 2042 2727 2071 ⁸
2758 2055 3084 2095 LAUBENTIUS
3115 2051 3390 2093 EPISCOPUS
3410 2051 3568 2090 FECIT.

2160 2136 2400 2190 Antistes
2428 2135 2587 2203 genio
2606 2133 2845 2204 pollens,
2877 2132 3164 2201 probitate,
3200 2130 3422 2199 pudore,

2159 2225 2382 2280 Ornavit
2409 2225 2604 2279 donum
2634 2223 2862 2290 meritis,
2892 2232 2945 2277 et
2983 2223 3183 2275 lumina
3214 2221 3338 2275 vitzc

2161 2318 2240 2371 Ad
2268 2316 2495 2386 pretium
2514 2316 2742 2385 jungens
2771 2314 2969 2385 operis,
2998 2315 3111 2368 ha'c
3149 2314 3344 2383 templa
3372 2311 3569 2367 locavit.

2163 2406 2332 2475 Lapsa
2362 2421 2457 2475 per
2479 2406 2710 2461 incertos
2741 2420 2845 2458 non
2882 2403 3083 2473 spargit
3111 2403 3249 2457 fama
3276 2417 3543 2466 recessus;

2163 2498 2268 2575 Sed
2294 2498 2489 2554 veteris
2513 2499 2631 2553 facti
2668 2498 2795 2551 vivit
2822 2497 2905 2551 lex
2934 2506 3084 2551 aucta
3119 2510 3212 2565 per
3242 2508 3447 2561 aevum,

2162 2590 2331 2659 Quam
2355 2590 2543 2645 dexter
2568 2590 2741 2658 capiat
2770 2588 3017 2644 Laurenti
3050 2603 3272 2642 munera
3302 2587 3513 2658 Xystus.

2166 2683 2257 2739 Sic
2301 2691 2483 2737 manet
2506 2681 2762 2749 ofticium,
2794 2681 2934 2751 quod
2965 2682 3165 2735 sanctis
3193 2681 3415 2749 contigit
3438 2679 3578 2733 olim.

2165 2773 2367 2828 Obtulit
2396 2772 2483 2828 hic
2513 2772 2790 2841 templum,
2817 2772 3036 2827 veniens
3058 2772 3199 2842 quod
3241 2779 3514 2827 consecrat
3542 2768 3640 2823 ille.

2917 2886 3005 2940 IX.

489 2944 600 3000 Ceu
626 2943 817 2998 Paulus
837 2941 1108 2997 Chrstnm
1139 2940 1319 2993 docuit
1359 2938 1734 3008 hominemque
1768 2940 2057 3008 Deumque,
2151 2974 2289 3013 πε,
2336 2972 2393 3012 ³η
2438 2968 2679 3013 μεωειλ
2720 2971 2795 3012 δε.
2842 2938 3287 3019 ρυίίήηςευκτ
3335 2969 3565 3009 “mm
3604 2966 3703 3015 om,

559 3037 675 3104 Quo
700 3042 915 3104 praestat
953 3030 1161 3086 cunctis
1188 3033 1416 3101 gaudeat
1441 3028 1676 3096 eloquio.

491 3129 665 3184 Attica
695 3140 789 3194 per
812 3122 1001 3178 Graios
1030 3121 1266 3175 ditentur
1291 3120 1539 3189 dogmata
1567 3132 1777 3183 sensus,

563 3218 629 3272 Et
658 3226 899 3270 nostrum
928 3222 1141 3284 stupeat
1161 3212 1369 3267 Graecia
1391 3211 1546 3266 docta
1570 3211 1755 3266 decos.

493 3307 707 3365 Moralis
729 3307 948 3374 strictis,
982 3314 1228 3369 narretur
1260 3302 1473 3372 physica
1503 3301 1684 3365 certis,

564 3398 849 3454 llistoriam
880 3406 1185 3450 monstrans
1212 3393 1408 3448 indicet
1433 3393 1677 3448 historia.

495 3500 706 3557 Comica
741 3514 833 3569 per
855 3499 1035 3552 limam
1066 3504 1433 3559 numerentur,
1466 3493 1619 3548 fortia
1651 3493 1861 3563 plausu,

540 3591 899 3647 .Conveniunt
927 3587 1074 3657 operi
1107 3587 1279 3640 lucida
1308 3585 1447 3639 dicta
1473 3595 1582 3637 tuo.

496 3682 607 3739 Non
639 3682 778 3736 valet
802 3680 914 3734 haec
936 3680 1071 3733 alter
1100 3696 1113 3729 :
1140 3677 1232 3731 sed
1258 3676 1511 3730 Faustum
1540 3675 1719 3731 dicere
1749 3686 1958 3729 summa

564 3776 746 3831 Ludus
773 3776 874 3830 erit
901 3788 1133 3843 semper,
1161 3773 1203 3825 si
1230 3771 1365 3826 bene
1398 3779 1521 3826 nota
1556 3770 1764 3841 loquor.

1236 3850 1322 3903 IV.

706 3942 771 3979 DE
804 3938 1069 3979 PLAUSTRO
1100 3937 1237 3986 QUOD
1268 3936 1546 3975 EPISCOI’US
1588 3934 1854 3973 DONARAT.

498 4015 733 4073 Antistes
766 4028 1004 4067 summus
1038 4011 1284 4065 Plaustro
1313 4020 1363 4063 te
1392 4009 1573 4063 nobile
1602 4008 1787 4061 donat.

565 4104 754 4160 Pandit
783 4104 884 4157 iter
916 4100 1139 4170 magnis,
1179 4099 1354 4153 omina
1384 4098 1568 4153 dextra
1599 4098 1741 4151 facit.

950 4248 971 4279 '
994 4262 1308 4301 EPITAPUIUM
1338 4261 1591 4300 aus'rtcst.

500 4344 735 4407 Rustica,
767 4351 1040 4412 perpetuae
1069 4354 1174 4394 non
1207 4349 1259 4394 te
1284 4354 1406 4393 sors
1438 4339 1632 4409 pallida
1664 4340 1788 4393 vita:

567 4434 816 4495 Sustulit,
844 4430 1116 4486 interitum
1149 4447 1248 4484 nec
1274 4431 1366 4485 tibi
1399 4440 1572 4485 morte
1598 4431 1767 4487 dedit.

502 4527 692 4584 Purior
720 4524 968 4579 aetherias
991 4524 1234 4593 graderis
1264 4525 1382 4578 sine
1411 4539 1572 4579 carne
1601 4539 1698 4593 per
1727 4537 1880 4580 arces
1912 4542 1925 4577 :

572 4621 663 4676 Sic
692 4621 852 4674 vitam
876 4628 1035 4672 casta:
1059 4618 1241 4672 funera
1270 4617 1573 4672 nobilitant.

576 4793 594 4824 ¹
631 4790 905 4861 Rhetorica
934 4788 1208 4861 schemate]
1241 4789 1491 4855 Schema,
1523 4797 1743 4861 σχήμα,
1769 4799 1849 4844 est
1885 4791 2073 4861 figura,

505 4865 703 4926 cultus,
746 4860 976 4915 habitus.
1022 4860 1308 4913 Schemata
1352 4861 1512 4928 igitur
1551 4860 1823 4914 rhetorico
1867 4861 2071 4928 dicere,

508 4942 592 4989 est
638 4945 831 4985 ornare
878 4942 933 4985 et
971 4944 1070 4997 qua
1104 4944 1302 4998 pompa
1350 4930 1595 4984 rhetores
1643 4930 1839 4998 solent,
1872 4931 2070 4987 dicere.

507 5004 736 5057 Schema
767 5002 1079 5063 oratorium,
1102 5009 1157 5054 et
1198 5001 1411 5053 schema
1443 5015 1504 5053 ac
1545 5014 1734 5067 pompa
1765 5016 2072 5056 sermonum

508 5074 605 5128 lib.
627 5087 667 5135 t,
698 5072 856 5139 epist.
890 5072 959 5124 l5
986 5080 1038 5123 et
1069 5069 1155 5123 16.
1180 5070 1268 5124 Sic
1300 5070 1477 5122 mundi
1516 5070 1785 5123 schemata
1832 5080 1955 5125 sunt
1987 5089 2074 5125 or-

510 5153 757 5197 namenta
786 5139 965 5194 saeculi
997 5140 1091 5193 lib.
1125 5155 1206 5201 tx,
1238 5141 1394 5208 epist.
1428 5141 1481 5206 9,
1510 5147 1566 5194 et
1596 5141 1841 5194 humana:
1873 5142 2076 5209 βεττερ-

511 5213 669 5268 tionis
697 5212 911 5265 schema
938 5210 1169 5264 dictione
1193 5211 1249 5264 4.
1275 5214 1340 5263 At
1367 5211 1753 5278 proschemate
1796 5227 2074 5280 perperam

512 5288 611 5337 hoc
642 5284 759 5337 loco
809 5280 1090 5351 antiquas-ii
1132 5290 1441 5351 stemmate
1467 5281 1812 5349 scripserant,
1844 5283 2077 5351 itemque

511 5356 562 5409 in
588 5354 786 5427 hymno
817 5351 873 5427 i_n_
899 5348 1250 5427 Cyprianum,
1282 5363 1333 5427 et
1358 5348 1743 5427 epigraut.__87.

580 5426 600 5455 ⁸
628 5420 964 5493 Epitaphium
990 5420 1252 5493 'Itustiew']
1279 5422 1538 5493 Superest?
1566 5421 1763 5493 adhuc
1790 5420 2073 5475 Mediolani

514 5493 615 5546 hoc
642 5489 967 5562 epitaphium
982 5489 1313 5560 insculptum
1355 5496 1406 5545 in
1440 5489 1639 5559 lapide,
1680 5492 1769 5560 qui
1800 5506 1955 5545 nunc
1997 5494 2078 5546 in-

513 5571 688 5615 sertus
711 5561 796 5616 est
817 5562 1059 5618 ecclesia:
1085 5561 1143 5615 S.
1173 5561 1472 5617 Francisei.

585 5631 606 5660 ⁸
636 5630 855 5698 Serpens
891 5648 1077 5687 venena
1105 5631 1283 5703 fugat]
1312 5629 1626 5685 Prudentius
1670 5629 1722 5683 in
1752 5629 2075 5687 Enchiridio.

1034 5724 1120 5771 sed
1146 5722 1357 5783 prudens
1375 5733 1475 5770 aere
1498 5720 1643 5781 politu
1653 5733 1705 5767 m,

640 5779 746 5829 Dux
768 5792 911 5829 cruce
930 5779 1179 5843 suspendit
1199 5785 1279 5843 qui
1296 5786 1432 5833 .virus
1446 5779 1699 5843 temperet
1718 5793 1943 5841 anguem.

2375 3064 2524 3104 PRIUS
2571 3064 2637 3103 IBI
2676 3062 2936 3113 FUEBANT,
2969 3058 3035 3101 ΕΤ
3081 3061 3158 3101 SIC
3195 3036 3364 3101 FACTA
3410 3059 3518 3099 EST.

2090 3172 2139 3235 ϐ
2174 3139 2304 3193 Vilia
2339 3147 2477 3194 tecta
2508 3139 2659 3208 prius
2687 3138 2889 3192 facibus
2919 3151 3134 3191 cessere
3164 3137 3360 3191 beatis.

2171 3229 2267 3285 Sic
2287 3229 2537 3299 splendor
2565 3244 2659 3298 per
2686 3228 2878 3283 damna
2910 3228 3078 3292 venit,
3114 3229 3192 3282 sic
3222 3227 3459 3283 culmina
3487 3220 3711 3283 flammis,

2169 3319 2507 3389 Consurgunt
2542 3319 2788 3374 habitura
2812 3319 2999 3373 Deum.
3034 3320 3089 3373 Si
3118 3317 3324 3386 perdita
3354 3325 3593 3372 crescunt

2171 3409 2388 3479 Ignibus
2412 3408 2678 3474 innocuis,
2712 3406 2757 3462 si
2785 3407 2913 3462 dant
2943 3406 3219 3475 dispendia
3249 3407 3491 3469 cultum:

2169 3500 2351 3567 Qualis
2379 3501 2480 3555 erit
2500 3514 2754 3568 reparans
2779 3498 3165 3567 crepitantibus
3195 3507 3352 3555 aucta
3386 3495 3590 3552 ruinis?

2171 3592 2423 3647 Laurenti
2452 3602 2536 3647 tua
2571 3592 2707 3647 bella
2743 3606 2935 3662 gerens
2965 3590 3211 3646 inc‘lsnulia
3242 3589 3423 3646 vince.

2170 3683 2396 3740 Sordida
2422 3683 2679 3738 marcenti
2711 3682 2947 3738 latuisset
2980 3692 3115 3737 terra
3144 3697 3389 3745 recessu,

2170 3774 2227 3830 Si
2264 3784 2434 3828 status
2468 3774 2653 3828 faciem
2687 3758 2979 3827 tenuissent
3006 3782 3154 3826 antra
3184 3780 3419 3827 vetusta.

2170 3866 2275 3923 Sed
2305 3876 2580 3936 postquam
2608 3866 2786 3933 superi
2818 3865 3056 3919 flammas
3081 3866 3283 3918 misere
3312 3862 3591 3927 secundas,

2172 3957 2251 4012 Ad
2281 3957 2458 4012 lumen
2488 3956 2698 4012 cineres
2722 3966 2994 4012 traxerunt
3026 3956 3122 4009 iata
3151 3956 3461 4011 colendum.

2173 4049 2287 4104 Huc
2317 4048 2503 4103 oculos
2527 4058 2783 4103 converte
2812 4046 2947 4117 pios,
2976 4048 3064 4118 qui
3093 4055 3283 4102 cuncta
3313 4061 3513 4116 vapore

2174 4138 2430 4195 Praedicis
2456 4138 2779 4204 mundanda,
2810 4148 2976 4207 pater,
3011 4138 3277 4208 rebusque
3296 4137 3568 4194 docendos

2174 4228 2402 4297 lnstrue,
2434 4243 2503 4285 ne
2528 4228 2706 4284 verbis
2735 4228 2925 4285 titubet
2945 4244 3097 4284 mens
3128 4229 3309 4286 nescia
3339 4229 3497 4286 recti.

2664 4434 2685 4464 ⁸
2712 4447 2762 4486 IN
2792 4447 2928 4486 nouo
2956 4446 3257 4486 NEMOLAKI.

2101 4536 2148 4595 ι)
2177 4524 2398 4581 Aidihus
2427 4525 2491 4581 ad
2521 4526 2737 4595 genium
2767 4524 2874 4579 duo
2906 4533 3031 4578 sunt
3060 4538 3317 4577 concessa
3360 4539 3457 4594 per
3485 4535 3671 4588 ravum,

2248 4620 2301 4674 Si
2329 4620 2532 4673 niteant
2556 4617 2777 4684 crustis,
2809 4625 2900 4671 aut
2927 4615 3126 4671 domini
3155 4615 3375 4670 merito.

2182 4792 2300 4849 Pari
2341 4794 2600 4863 elegantia
2644 4802 2698 4847 et
2735 4791 3001 4863 antithesi
3047 4790 3373 4863 Severianus
3433 4787 3739 4863 Gabalorum

2170 4856 2457 4933 episcopus
2494 4872 2747 4935 serpente
2780 4864 2888 4925 illo,
2917 4860 3036 4930 quia
3077 4860 3380 4935 symbolum
3436 4856 3741 4935 erat__crucis

2178 4929 2397 5000 Cltt'ittti,
2425 4929 2670 4999 salutem,
2710 4938 2809 5005 καὶ
2834 4929 2946 4986 ἀπὸ
2973 4938 3063 5005 rei}
3100 4933 3485 5005 ὶτςικατᾳρᾲτον
3513 4929 3743 5005 εὐλογὶαῇ

2182 5020 2211 5057 a
2244 4994 2523 5059 maledicto
2554 4994 2999 5065 benedictionem,
3029 5001 3247 5055 ﬂuxisse
3267 4994 3344 5053 ai't
3368 5002 3419 5053 in
3458 4994 3746 5065 Oratione}

2185 5090 2216 5128 e
2242 5075 2423 5129 decem
2471 5090 2602 5139 quas
2645 5064 3010 5143 Chrysostotni
3044 5070 3258 5143 nomine
3302 5071 3357 5123 in
3392 5069 3570 5123 lucem
3611 5064 3745 5120 dedit

2190 5146 2335 5198 card.
2368 5146 2609 5199 Sirietus.
2643 5140 3075 5198 Sed'Severiano
3106 5140 3242 5193 hanc
3284 5148 3560 5201 asserunt,
3603 5148 3747 5205 quam

2184 5215 2311 5337 illixi,
2339 5215 2704 5296 .D-mascenus
2748 5222 2802 5267 et
2846 5212 3142 5265 lladratms
3185 5224 3321 5279 papa
3383 5224 3509 5263 cum
3559 5203 3750 5278 synodo

2228 5301 2493 5337 art~teu5t.

2228 5301 2493 5337 arlrlelISI.

2264 5357 2281 5385 ’⁸
2312 5353 2612 5407 Laurentius
2640 5351 2937 5419 episwpus‘,
2972 5348 3385 5404 Mediolauensis
3417 5368 3431 5402 :
3468 5349 3535 5401 ab
3563 5361 3628 5400 eo
3657 5345 3753 5398 hle-

2184 5425 2382 5478 dinlani
2412 5433 2683 5477 exstructa
2718 5423 2927 5475 basilica
2962 5421 3021 5475 S.
3057 5421 3206 5488 Xysti
3237 5437 3249 5472 :
3280 5419 3566 5471 Ennodius
3591 5420 3753 5485 parie-

2185 5506 2265 5549 tes
2298 5494 2473 5561 prisco
2500 5493 2754 5561 Ecclesia:
2783 5507 2931 5561 more
2963 5490 3202 5544 versibus
3224 5489 3527 5561 inscripsit.

2254 5565 2275 5594 ⁸
2297 5554 2362 5615 1η
2392 5564 2543 5615 domo
2585 5559 2897 5628 Mediolani}
2930 5561 3097 5614 Domo
3122 5560 3369 5614 ecclesiae
3400 5554 3501 5628 sm
3535 5554 3757 5610 basilica:

2184 5631 2528 5702 episcopalis;
2555 5645 2714 5699 quam
2735 5627 3051 5684 Laurentius
3078 5629 3215 5691 idem
3236 5629 3405 5682 variis
3425 5627 3592 5681 rebus
3613 5638 3757 5679 exor-

2094 5758 2097 5763 ,
2187 5711 2358 5757 1131⁸21.

2253 5774 2284 5809 ε*
2307 5769 2450 5826 Dant
2484 5770 2764 5838 legendum
2795 5770 3003 5826 videtur
3025 5770 3174 5841 juxta
3217 5770 3365 5841 leges
3395 5768 3582 5826 metri.
3617 5765 3766 5821 Eutr.
