3974 6366
235 372 315 424 3H
1518 355 1870 418 (ZAIHIINUM
1914 355 2037 413 LIB.
2081 359 2143 411 II.

298 486 508 542 llill'usis
539 485 686 540 collo
712 485 956 539 manibus
980 484 1115 551 petis
1142 496 1188 533 0.
1204 481 1322 535 cula
1346 481 1589 547 Suppld,
1836 479 1880 536 Α

302 576 576 632 Pulchrior
605 584 658 630 et
687 575 846 628 certis
878 572 1051 628 ilfudis
1076 571 1192 626 ficta
1226 567 1413 640 puellis
1441 585 1451 619 :

297 666 566 720 Candidus
594 675 872 733 argentum
902 671 1120 731 superat
1149 661 1246 714 bos
1275 660 1391 713 luce
1419 657 1634 718 coloris,

307 756 447 807 Vivit
473 769 647 818 arnor,
689 763 891 815 taurus,
921 750 1131 812 mulier,
1159 748 1275 802 sine
1301 760 1526 816 colpore
1553 759 1696 796 \CIO.

927 856 1113 911 XXVI.

259 970 316 1006 DE
351 967 416 1004 £0
452 966 539 1013 QUI
577 965 822 1011 δυαρυμ
861 964 958 1001 NISI
997 963 1044 1000 ΙΝ
1085 958 1426 999 υεροδιτιοκε
1458 957 1578 996 FILII
1612 955 1790 994 υνυς

306 1043 574 1108 Praeparat
599 1039 652 1092 in
685 1039 808 1092 fletu
842 1039 932 1106 qui
967 1037 1161 1090 fercula
1191 1035 1330 1088 lauta
1362 1034 1596 1095 vocatis.

301 1138 490 1189 Annua
528 1146 622 1199 per
653 1131 914 1200 lacrymas
948 1128 1180 1182 celebret
1203 1123 1485 1180 sollemnia
1515 1134 1754 1190 magnas.

917 1236 1127 1292 XXVII.

920 1346 1131 1385 Αιιτειι.

308 1427 583 1497 Nunquam
607 1434 780 1479 stante
804 1423 964 1478 domo
985 1423 1178 1492 pascit,
1200 1421 1328 1476 mihi
1357 1421 1580 1488 credite,
1613 1427 1808 1486 tantos,

304 1517 401 1582 Qui
433 1516 666 1570 tumulos
695 1515 855 1578 natis,
887 1523 942 1569 et
971 1527 1185 1568 mensas
1214 1512 1446 1582 complet
1475 1513 1684 1568 amicis.

904 1627 1138 1682 XXVIII.

923 1731 1135 1770 ALITEB.

301 1810 551 1866 Conviva:
578 1809 756 1863 miseri
788 1810 960 1862 luctus
988 1807 1264 1878 deposcite
1297 1808 1526 1862 multos:

380 1900 606 1956 Prandia
638 1910 714 1953 tot
742 1901 976 1964 venient,
1008 1899 1191 1952 funera
1223 1907 1353 1968 quot
1382 1899 1596 1954 fuerint.

313 2119 436 2156 "EH
471 2118 537 2154 DE
567 2116 737 2154 CAUCO
766 2101 781 2130 ⁸
816 2115 1058 2153 IIABENTE
1094 2113 1378 2152 I'ASIPIIAEN
1412 2107 1477 2152 ET
1509 2112 1740 2151 τΑυιιυκ.

305 2195 582 2249 Blanditur
613 2195 821 2260 mulier,
852 2195 1014 2249 sentit
1045 2193 1162 2260 bos,
1196 2195 1433 2248 membra
1473 2202 1777 2249 moventur.

373 2284 566 2338 Attulit
601 2299 687 2338 ars
717 2283 912 2337 formas
947 2300 959 2335 :
992 2283 1110 2352 quis
1139 2282 1286 2337 dedit
1315 2283 1399 2337 hic
1424 2283 1672 2338 animas?

942 2394 1113 2450 XXX.

926 2502 1117 2540 ALITEII

309 2578 374 2632 Et
403 2578 555 2632 fictus
587 2576 810 2647 rigidam
841 2588 1038 2643 servat,
1072 2577 1252 2634 Venus
1282 2576 1544 2647 improba,
1577 2584 1813 2632 mentem

309 2667 534 2735 Taurus,
566 2677 620 2720 ut
650 2667 879 2720 admotis
908 2665 1203 2735 suspendat
1230 2677 1405 2722 rostra
1441 2665 1670 2722 labellis.

939 2778 1124 2834 XXXI.

916 2885 1128 2925 ALITER.

306 2964 364 3018 Si
397 2962 490 3016 tihi
520 2973 644 3016 sunt
669 2961 882 3027 animae,
915 2963 1109 3032 pictor,
1139 2962 1330 3030 quibus
1361 2962 1551 3016 inseris
1578 2971 1744 3016 artem
1763 3001 1778 3020 .

309 3053 516 3107 Mollior
547 3053 600 3107 in
632 3052 768 3106 tauri
797 3051 1074 3106 claudatur
1101 3052 1318 3121 spiritus
1344 3066 1461 3117 ore,

310 3141 484 3198 Fortia
517 3142 561 3196 si
592 3142 802 3197 miserae
831 3157 934 3195 non
963 3141 1156 3195 dantur
1183 3142 1344 3197 corda
1375 3141 1586 3210 puellae.

919 3247 1133 3302 XXXII.

244 3358 301 3396 DL
330 3346 348 3376 '
379 3357 447 3398 ιο
469 3357 604 3406 QUOD
643 3356 876 3396 IESSALA
911 3355 1113 3395 (τοκεοι
1147 3355 1402 3395 ENNODIUS
1440 3355 1490 3394 IN
1520 3353 1818 3395 CQONOMINE

852 3444 1041 3483 DICTUS
1080 3445 1197 3484 EST.

305 3524 557 3581 Consulis
586 3523 652 3578 ad
681 3522 895 3592 genium
927 3538 1120 3578 nomen
1153 3538 1249 3592 pro
1283 3533 1564 3579 stemmate
1588 3524 1736 3593 junxi
1768 3543 1780 3578 :

381 3616 522 3671 Dans
549 3616 615 3670 lu-
637 3631 723 3671 em
751 3615 922 3680 f-stis,
956 3630 1072 3669 sum
1104 3625 1124 3669 t
1155 3615 1300 3670 abeis
1328 3615 1520 3686 patior.

306 3705 444 3773 Quid
471 3706 698 3773 palmata
727 3714 820 3759 tuo
851 3713 1052 3758 tantum
1083 3703 1150 3758 de
1181 3704 1384 3758 murice
1411 3707 1642 3760 vernas?

379 3796 505 3849 Plus
534 3797 746 3850 fucante
769 3793 919 3848 dedit
947 3794 968 3824 ³
993 3809 1225 3862 purpura
1258 3803 1435 3849 nostra
1467 3797 1583 3851 tibi.

917 3904 1154 3960 XXXIII.

570 4009 637 4052 DE
673 4010 1019 4058 OBLOQUENTE
1058 4009 1153 4048 SIBI
1195 4010 1491 4051 ADVOCATO.

310 4106 580 4175 Improbe,
614 4104 737 4171 quid
767 4104 948 4159 fractis
974 4103 1261 4158 eonfundis
1292 4104 1498 4175 singula
1529 4107 1750 4160 verbis?

382 4194 625 4263 Depingit
657 4208 834 4247 mores
864 4194 1052 4246 obruta
1085 4191 1260 4262 lingua
1293 4202 1434 4248 tuos.

311 4286 543 4354 Accipis,
571 4286 838 4353 exposcis,
873 4284 1175 4352 przesumis,
1207 4284 1414 4349 renuis,
1446 4284 1626 4340 ardes.

382 4375 598 4439 Tristia,
631 4375 820 4431 blanda
850 4375 1031 4440 simul,
1065 4374 1244 4442 fortia,
1272 4377 1409 4430 ﬂuxa
1443 4377 1592 4431 facis.

315 4555 325 4582 ¹
359 4553 589 4608 "abruta
615 4552 928 4625 Pasiphaen]
954 4553 1210 4625 Caelatam
1234 4552 1685 4625 aut‘insculptam.
1714 4555 1823 4610 Hoc

246 4624 500 4694 nimirum,
531 4633 615 4679 est
654 4625 793 4693 quod
836 4623 1048 4694 s-ngillat
1089 4624 1289 4678 Plinius
1328 4623 1380 4678 in
1424 4628 1684 4693 prommio
1727 4627 1818 4681 lib.

245 4708 412 4766 xxxnt
441 4713 454 4747 :
481 4693 544 4748 In
568 4697 766 4765 poculis
789 4693 1019 4749 libidines
1051 4696 1231 4748 uelare
1249 4696 1418 4766 juvat,
1447 4711 1506 4748 ac
1535 4712 1625 4765 per
1649 4697 1822 4751 obsce-

245 4765 425 4816 nitate:
455 4765 636 4818 bibere.

312 4837 331 4864 ²
357 4833 434 4906 De
469 4852 528 4889 eo
566 4837 705 4904 quod
733 4835 952 4906 Messala
990 4833 1192 4906 consul}
1237 4831 1457 4890 Messala
1498 4837 1687 4891 consul
1728 4836 1827 4892 fuit

243 4919 382 4957 anno
402 4905 596 4960 Christi
626 4906 751 4959 505.
784 4905 837 4959 In
869 4922 934 4961 eo
963 4909 1244 4961 consulatu
1271 4921 1464 4960 novum
1497 4906 1598 4961 sibi
1625 4923 1825 4972 cogno-

243 4989 363 5046 men
394 4975 621 5029 Ennndii
673 4977 822 5030 fastis
868 4978 1136 5046 ascripsit,
1183 4989 1236 5031 ut
1286 4977 1558 5032 Ennodius
1599 4977 1822 5032 Messala

241 5044 530 5099 diceretur.
563 5046 870 5114 Cognomen
906 5044 1033 5116 ergo
1065 5047 1168 5102 illis
1208 5049 1418 5101 szrculis
1458 5047 1820 5116 appellabant,

241 5117 378 5188 good
421 5131 578 5188 vero
597 5118 824 5188 nomini,
867 5117 970 5172 hoc
1013 5127 1095 5172 est
1138 5117 1344 5180 ultimo,
1387 5117 1818 5188 praeponebatur.

243 5181 313 5258 [ta
360 5189 499 5258 enim
541 5187 744 5241 Czeeilii
788 5187 1038 5256 Cypriani
1084 5181 1457 5257 Hieronymus,
1503 5181 1561 5242 et
1599 5188 1823 5258 Sulpicii

241 5253 428 5310 Severi
458 5256 788 5322 Gennadius,
817 5253 1164 5327 cognomenta
1210 5253 1372 5312 fuisse
1410 5258 1669 5323 scribunt,
1702 5253 1824 5326 'qua:

241 5327 419 5391 priore
447 5328 564 5380 loco
593 5337 876 5396 ponuntur.
913 5329 1026 5384 Alia
1061 5345 1211 5382 ruens
1236 5329 1333 5382 fuit
1353 5328 1665 5383 doctissimo
1689 5329 1823 5384 Pan-

239 5396 408 5469 vinio,
439 5397 525 5466 qui
552 5399 783 5469 priscum
813 5399 1174 5452 Romanorum
1209 5413 1410 5469 morem
1439 5399 1548 5469 jam
1577 5400 1666 5452 diu
1697 5415 1824 5454 exo-

239 5464 404 5538 letum
436 5464 651 5538 Secutus
679 5468 732 5538 in
763 5467 910 5523 fastis
939 5470 1192 5537 scriptum
1219 5468 1384 5524 fuisse
1407 5464 1554 5538 putat
1576 5469 1820 5524 Massam

169 5537 178 5548 ‘
240 5533 535 5610 Essemus.
549 5535 654 5592 Sed
684 5537 785 5592 hoc
812 5539 970 5592 modo
994 5533 1264 5593 Ennodius
1289 5533 1527 5610 Messala
1549 5541 1820 5610 proprium

238 5619 439 5678 nomen
469 5607 677 5673 fuisset,
711 5623 816 5663 non
847 5624 1165 5678 cognomen.
1200 5610 1271 5663 De
1301 5609 1518 5664 Messala
1549 5607 1723 5664 Fausti
1757 5611 1820 5664 Il-

239 5675 330 5750 lio‘
367 5678 550 5750 Avieni
587 5680 771 5746 fratre,
803 5675 1003 5750 dictum
1030 5689 1112 5734 est
1141 5679 1191 5733 in
1223 5681 1480 5750 epistolis.

311 5746 337 5820 ’7
361 5745 600 5815 Purpura
631 5745 827 5820 nostra]
859 5749 1059 5802 Nomen
1095 5745 1332 5803 nostrum
1367 5751 1531 5802 minio
1563 5750 1709 5804 fastis
1741 5752 1820 5804 in-

239 5819 498 5885 scriptum
542 5837 552 5870 :
600 5820 666 5875 ab
711 5819 823 5876 hoc
855 5827 995 5875 enim
1044 5821 1320 5890 stripture
1350 5821 1529 5876 colore
1567 5824 1817 5890 purpurei

3391 357 3494 409 542

1984 488 2081 532 ira,
2117 484 2299 536 pavor,
2331 470 2527 534 rabies,
2559 472 2811 540 patientia
2846 478 3086 540 tempore
3119 469 3170 524 in
3203 485 3328 534 uno,

2057 561 2115 613 Ἰἰ
2139 569 2157 612 ι
2185 559 2346 614 facies
2375 570 2550 629 gestas
2583 561 2886 629 pectoribus
2915 559 3115 616 vacuis.

2585 669 2823 724 XXXIV.

1912 773 2106 813 Vnust's
2145 773 2342 813 SCRIPTI
2383 774 2605 822 AGELLO,
2649 775 2728 813 UBI
2771 760 2789 790 ’⁸
2830 773 3006 813 ςιιιυιι
3047 772 3262 812 ΑΙΙΕΝΙΙ
3302 769 3492 811 ANGELI

2062 845 2282 884 CIIIIISTO
2319 844 2615 893 OFFEIIUN'I',
2655 845 2740 892 Ql'l
2781 844 3156 883 PIESITENTIAI
3196 843 3336 882 EGIT.

1984 940 2217 1009 Suscipit
2249 940 2485 994 oblatum
2517 941 2727 996 veniam
2757 942 2842 996 cui
2873 942 3096 996 contulit
3123 941 3290 996 Iesus.

2059 1032 2183 1084 Post
2210 1031 2396 1100 culpas
2425 1033 2614 1085 anima:
2645 1041 2770 1086 sunt
2800 1031 3107 1087 holocausta
3137 1031 3255 1086 Dei.

1986 1121 2173 1191 Perge,
2212 1136 2366 1192 puer,
2404 1131 2618 1178 teneros
2658 1139 2917 1193 superans
2949 1124 3084 1179 bene
3117 1123 3366 1178 conscius
3396 1138 3490 1175 an-

3280 1215 3420 1286 [ιιυο.

2060 1302 2298 1359 Victores
2321 1303 2434 1374 juvi
2483 1305 2708 1360 candida
2741 1307 2844 1360 vita
2876 1305 3008 1376 pios.

2597 1414 2813 1469 XXXV.

1971 1515 2036 1553 ne
2063 1501 2081 1528 ⁸
2116 1514 2180 1553 eo
2209 1515 2295 1562 om
2329 1516 2515 1556 GALLIS
2547 1518 2658 1557 IPSO
2685 1519 2963 1557 PR£SENTE
2994 1517 3297 1557 oaLocuws
3326 1517 3438 1567 nsi,

2233 1608 2339 1648 ουκ
2381 1611 2541 1649 ESSET
2582 1610 2888 1652 DETRACTOR
2927 1611 3188 1650 VENETUS.

1992 1705 2172 1762 Illudis
2200 1705 2385 1771 Gallis,
2419 1705 2606 1761 Veneti
2645 1707 2784 1762 male
2823 1708 2983 1762 tincta
3013 1721 3268 1777 propago.

2062 1796 2144 1851 Nil
2172 1797 2419 1852 candoris
2457 1797 2642 1862 habes,
2679 1814 2828 1852 mens
2860 1799 2955 1854 tibi
2975 1801 3127 1870 quod
3157 1815 3326 1870 genus
3355 1809 3436 1854 est

1996 1887 2232 1956 flespieis
2263 1887 2502 1941 insontes
2534 1887 2812 1942 maculata:
2839 1889 3055 1943 vernula
3089 1897 3246 1945 terra:
3272 1906 3286 1943 :

2063 1977 2164 2032 Sed
2197 1987 2348 2032 natos
2381 1977 2623 2033 Rhodani
2653 1979 2738 2033 nix
2774 1978 3052 2047 probitatis
3082 1978 3261 2034 habet.

2583 2089 2821 2145 XXXVI.

2313 2195 2615 2236 ενιοιιλυιιλ
2649 2181 2668 2210 ⁸
2700 2196 2750 2233 IN
2789 2194 3120 2234 SI'BSCRIPTO.

1993 2289 2143 2358 Quod
2173 2290 2265 2345 tibi
2297 2299 2504 2345 natura:
2533 2289 2746 2345 dederit
2774 2290 2858 2345 lex
2885 2304 3105 2359 germen
3131 2287 3325 2350 amice,

2064 2380 2174 2435 lloe
2200 2378 2331 2435 mihi
2361 2378 2479 2434 fons
2507 2377 2680 2433 tradat
2709 2377 3028 2432 vivilicantis
3057 2391 3230 2447 aqum.

2580 2486 2844 2542 XXXVII.

2328 2595 2378 2634 ΙΝ
2421 2594 2560 2634 DOIIO
2599 2594 2736 2633 ANTE
2775 2593 3098 2632 οιιΑτοιιιυιί.

1993 2689 2286 2746 Commoda
2316 2689 2382 2744 tle
2409 2689 2617 2743 damnis
2647 2687 2925 2752 mercaris,
2956 2686 3142 2755 gaudia
3174 2686 3410 2756 planctu,

2064 2783 2122 2838 Si
2154 2782 2244 2838 tibi
2276 2781 2341 2837 de
2367 2781 2578 2836 Christo
2605 2790 2689 2836 est
2721 2780 3009 2835 indubitata
3046 2778 3198 2833 fides.

2571 2890 2856 2944 XXXVIII.

2486 2999 2620 3038 ANTE
2659 2998 2947 3036 0|.EARIUM.

1995 3105 2106 3158 lloc
2136 3109 2213 3154 est
2246 3098 2386 3166 quod
2423 3095 2593 3151 nitido
2625 3097 2920 3150 ruembrum
2951 3091 3248 3159 completur
3277 3090 3446 3147 olito:

2066 3193 2150 3250 Nil
2183 3190 2357 3263 potius
2385 3197 2598 3245 sanctas
2627 3186 2878 3242 convenit
2907 3193 3032 3240 ante
3070 3183 3234 3238 fores.

2591 3296 2833 3353 XXXIX.

2492 3425 2625 3465 ANTE
2662 3422 2931 3463 IIOIIREUI.

1997 3508 2198 3561 IInrrea
2227 3520 2384 3574 parva
2415 3503 2561 3569 licet,
2591 3497 2684 3554 sed
2714 3513 2866 3553 mens
2891 3505 2976 3552 est
3005 3495 3200 3565 largior
3226 3493 3348 3548 illis.

2067 3596 2178 3650 Non
2211 3609 2435 3664 parcens
2462 3589 2655 3659 opibus
2683 3587 2896 3642 divitias
2924 3585 3114 3641 merui.

2520 3826 2656 3864 ANTE
2696 3824 2888 3862 SCALAS

1996 3925 2293 3981 Adveuiant
2321 3923 2554 3977 animum
2589 3925 2864 3974 reserante
2891 3923 3027 3970 teste
3053 3915 3239 3982 Iigttra,

2066 4016 2183 4081 Quo
2214 4028 2426 4083 semper
2457 4019 2636 4065 votum
2667 4007 2913 4078 proditur
2940 4003 3155 4060 indicio.

2470 4227 2608 4265 ANTE
2646 4223 2966 4264 (ZELLABIL'M.

1998 4324 2150 4377 Nulla
2183 4339 2378 4394 penum
2411 4323 2553 4378 laxat
2582 4323 2777 4376 mentis
2809 4333 3058 4389 pressura
3091 4317 3321 4372 sinistrae
3354 4337 3363 4370 :

2072 4412 2250 4466 Efﬂuit
2281 4411 2530 4482 expensis
2557 4411 2698 4480 quod
2727 4410 2914 4480 spatiis
2945 4409 3138 4462 latitat.

1853 4594 1902 4654 υ
1929 4563 2354 4654 fastiuhla-rtiali,‘
2387 4573 2440 4619 et
2482 4563 2832 4654 purpurissati
2857 4560 3284 4654 Asidonio:_N‘on
3309 4563 3506 4654 minus,

1931 4635 2132 4716 inquit,_
2169 4635 2444 4716 Messalam
2517 4635 2790 4688 eousulent
2853 4641 3009 4685 ornat
3067 4646 3260 4686 nomen
3309 4648 3507 4696 tneum,

1930 4721 2088 4776 quam
2121 4707 2233 4771 ipsa
2266 4707 2520 4774 palmata.

2003 4774 2022 4806 ⁵
2047 4774 2239 4829 Filium
2267 4773 2513 4845 Armenii]
2543 4774 2658 4828 Lib.
2689 4789 2745 4835 tt,
2772 4773 2928 4845 epist.
2959 4773 3005 4826 I.

2003 4848 2023 4877 ⁸
2053 4846 2126 4900 De
2153 4863 2210 4901 eo
2233 4849 2316 4916 qui
2346 4842 2532 4916 Gallis]
2566 4844 2933 4916 Transalpinis
2970 4844 3172 4916 scilicet
3193 4885 3208 4908 ,
3241 4842 3387 4916 unde:
3409 4842 3508 4916 ipsi

1929 4917 2100 4987 origo.
2156 4911 2284 4970 Nam
2316 4927 2370 4971 et
2403 4911 2588 4987 Veneti
2629 4911 2842 4987 quoque
2881 4914 3318 4987 Cisalpinimsunt
3349 4911 3503 4967 Galli.

1934 4983 2170 5042 Venetus
2209 4997 2464 5055 praeterea
2508 4986 2705 5040 coloris
2748 4983 2915 5054 genus
2965 4995 3066 5039 est.
3116 4983 3249 5038 Iline
3278 4984 3510 5055 Venetos

1929 5058 2071 5112 male
2106 5054 2321 5120 tinctos,
2367 5067 2420 5111 et
2450 5056 2729 5111 maculata:
2759 5067 2913 5110 terra!
2941 5055 3188 5110 vernulas
3221 5063 3394 5120 vocat,
3427 5054 3508 5107 vel

1929 5129 2308 5198 quiafusezore
2329 5136 2454 5181 sunt
2475 5142 2588 5192 ore,
2617 5141 2774 5192 quam
2803 5126 2958 5180 Galli.

2001 5197 2107 5274 η
2134 5199 2435 5274 subscripta]
2466 5199 2537 5251 De
2557 5206 2915 5274 competente,
2941 5195 3184 5267 baptismi
3206 5192 3505 5274 candidato.

1928 5269 2029 5335 Qui
2054 5269 2374 5338 baptismum
2401 5265 2764 5338 postulabant,
2789 5267 2990 5335 scripto
3010 5265 3400 5338 nomen_edere
3426 5265 3509 5338 ju-

1928 5333 2211 5394 bebantur.
2265 5333 2470 5393 Concil.
2516 5353 2568 5393 tv
2600 5333 3038 5407 Carthag.,’can.
3067 5337 3161 5407 25.
3209 5333 3511 5407 Ferrandus

1930 5410 2068 5463 uiae.
2105 5411 2157 5462 in
2191 5409 2352 5475 epist.
2390 5409 2623 5462 nondum
2663 5401 2899 5462 edita'ad
2924 5401 3352 5475 Fulgentiumde
3376 5416 3505 5475 (νιος

1931 5481 2051 5534 dam
2088 5471 2343 5546 Ethiope
2384 5477 2734 5547 baptizando:
2765 5471 3148 5547 f’t-Opinquaute
3195 5471 3505 5547 solemnitate

1932 5551 2159 5616 paschali
2189 5541 2318 5602 inter
2347 5541 2680 5617 competentes
2711 5541 2938 5614 o/[ertun
2968 5543 3227 5617 scribitur,
3257 5541 3509 5617 eruditur.

1928 5612 2164 5692 Cyrillus
2206 5621 2254 5674 itt
2286 5612 2506 5688 prologo
2529 5612 2917 5692 Δ(ἐτιιςξι-Ι-ὴὲιδεξοη
2940 5656 2952 5677 ,
2987 5612 3233 5674 εἰσῆλθες,
3263 5613 3511 5692 κατηξιὼυ

1931 5686 2038 5756 Οῆς,
2065 5690 2218 5760 ὄνομά
2243 5686 2626 5763 cnvivi/pcipi).
2654 5686 2775 5737 Inde
2797 5700 2860 5738 eo
2884 5696 3121 5752 tempore
3143 5691 3510 5754 competentes

1930 5771 1981 5815 of.
2005 5759 2231 5829 ςιιΙιδίέιηι
2256 5762 2289 5812 II
2325 5759 2654 5812 d'reliantur.
