  <div class='ocr_page' id='page_1' title='image "/cluster/home/n/w/nwhite01/storage/ocr_20150623/63/hvd.32044015469307/175.png"; bbox 0 0 3974 6366; ppageno 0'>
   <div class='ocr_carea' id='block_1_1' title="bbox 448 346 554 402">
    <p class='ocr_par' dir='ltr' id='par_1_1' title="bbox 448 346 554 402">
     <span class='ocr_line' id='line_1_1' title="bbox 448 346 554 402; baseline -0.057 1"><span class='ocrx_word' id='word_1_1' title='bbox 448 346 554 402; x_wconf 63' lang='grc' dir='ltr'><strong>5ίῆ</strong></span> 
     </span>
    </p>
   </div>
   <div class='ocr_carea' id='block_1_2' title="bbox 1168 442 1323 504">
    <p class='ocr_par' dir='ltr' id='par_1_2' title="bbox 1168 442 1323 504">
     <span class='ocr_line' id='line_1_2' title="bbox 1168 442 1323 504; baseline -0.006 0"><span class='ocrx_word' id='word_1_2' title='bbox 1168 442 1323 504; x_wconf 76' lang='lat' dir='ltr'><strong>XL&#39;l.</strong></span> 
     </span>
    </p>
   </div>
   <div class='ocr_carea' id='block_1_3' title="bbox 1018 552 1525 615">
    <p class='ocr_par' dir='ltr' id='par_1_3' title="bbox 1018 552 1525 615">
     <span class='ocr_line' id='line_1_3' title="bbox 1018 552 1525 615; baseline -0.014 -20"><span class='ocrx_word' id='word_1_3' title='bbox 1018 556 1151 595; x_wconf 71' lang='lat' dir='ltr'><strong>ANTE.</strong></span> <span class='ocrx_word' id='word_1_4' title='bbox 1191 552 1477 602; x_wconf 68' lang='lat' dir='ltr'><strong>COQUINAM.</strong></span> <span class='ocrx_word' id='word_1_5' title='bbox 1512 607 1525 615; x_wconf 49' lang='lat'>.</span> 
     </span>
    </p>
   </div>
   <div class='ocr_carea' id='block_1_4' title="bbox 517 625 1923 699">
    <p class='ocr_par' dir='ltr' id='par_1_4' title="bbox 517 625 1923 699">
     <span class='ocr_line' id='line_1_4' title="bbox 517 625 1923 699; baseline -0.014 -6"><span class='ocrx_word' id='word_1_6' title='bbox 517 637 631 693; x_wconf 81' lang='lat' dir='ltr'><strong>Non</strong></span> <span class='ocrx_word' id='word_1_7' title='bbox 663 634 792 690; x_wconf 91' lang='lat' dir='ltr'><strong>mihi</strong></span> <span class='ocrx_word' id='word_1_8' title='bbox 823 631 1029 687; x_wconf 71' lang='lat' dir='ltr'><strong>dill&#39;usa:</strong></span> <span class='ocrx_word' id='word_1_9' title='bbox 1058 630 1188 684; x_wconf 88' lang='lat' dir='ltr'><strong>dant</strong></span> <span class='ocrx_word' id='word_1_10' title='bbox 1214 627 1433 699; x_wconf 84' lang='lat' dir='ltr'><strong>prandia</strong></span> <span class='ocrx_word' id='word_1_11' title='bbox 1465 625 1607 681; x_wconf 78' lang='lat' dir='ltr'><strong>ceisa</strong></span> <span class='ocrx_word' id='word_1_12' title='bbox 1639 625 1882 693; x_wconf 80' lang='lat' dir='ltr'><strong>coquinte</strong></span> <span class='ocrx_word' id='word_1_13' title='bbox 1910 638 1923 674; x_wconf 88' lang='lat'><strong>:</strong></span> 
     </span>
    </p>
   </div>
   <div class='ocr_carea' id='block_1_5' title="bbox 584 714 1659 795">
    <p class='ocr_par' dir='ltr' id='par_1_5' title="bbox 584 714 1659 795">
     <span class='ocr_line' id='line_1_5' title="bbox 584 714 1659 795; baseline -0.01 -12"><span class='ocrx_word' id='word_1_14' title='bbox 584 729 691 783; x_wconf 84' lang='lat' dir='ltr'><strong>Nec</strong></span> <span class='ocrx_word' id='word_1_15' title='bbox 723 714 1117 795; x_wconf 90' lang='lat' dir='ltr'><strong>pluresventer</strong></span> <span class='ocrx_word' id='word_1_16' title='bbox 1143 720 1381 777; x_wconf 74' lang='lat' dir='ltr'><strong>concutit</strong></span> <span class='ocrx_word' id='word_1_17' title='bbox 1405 719 1659 773; x_wconf 86' lang='lat' dir='ltr'><strong>artiﬁces.</strong></span> 
     </span>
    </p>
   </div>
   <div class='ocr_carea' id='block_1_6' title="bbox 515 807 1957 885">
    <p class='ocr_par' dir='ltr' id='par_1_6' title="bbox 515 807 1957 885">
     <span class='ocr_line' id='line_1_6' title="bbox 515 807 1957 885; baseline -0.009 -12"><span class='ocrx_word' id='word_1_18' title='bbox 515 818 736 875; x_wconf 82' lang='lat' dir='ltr'><strong>Fercula</strong></span> <span class='ocrx_word' id='word_1_19' title='bbox 769 830 932 885; x_wconf 88' lang='lat' dir='ltr'><strong>pauca</strong></span> <span class='ocrx_word' id='word_1_20' title='bbox 963 815 1152 869; x_wconf 90' lang='lat' dir='ltr'><strong>damus</strong></span> <span class='ocrx_word' id='word_1_21' title='bbox 1184 826 1463 867; x_wconf 87' lang='lat' dir='ltr'><strong>numerum</strong></span> <span class='ocrx_word' id='word_1_22' title='bbox 1495 808 1759 864; x_wconf 76' lang='lat' dir='ltr'><strong>vincentia</strong></span> <span class='ocrx_word' id='word_1_23' title='bbox 1790 807 1957 873; x_wconf 84' lang='lat' dir='ltr'><strong>cultu,</strong></span> 
     </span>
    </p>
   </div>
   <div class='ocr_carea' id='block_1_7' title="bbox 586 898 1777 962">
    <p class='ocr_par' dir='ltr' id='par_1_7' title="bbox 586 898 1777 962">
     <span class='ocr_line' id='line_1_7' title="bbox 586 898 1777 962; baseline -0.009 0"><span class='ocrx_word' id='word_1_24' title='bbox 586 908 765 962; x_wconf 83' lang='lat' dir='ltr'><strong>Gloria</strong></span> <span class='ocrx_word' id='word_1_25' title='bbox 796 920 894 962; x_wconf 88' lang='lat' dir='ltr'><strong>nec</strong></span> <span class='ocrx_word' id='word_1_26' title='bbox 921 918 1125 961; x_wconf 84' lang='lat' dir='ltr'><strong>mensae</strong></span> <span class='ocrx_word' id='word_1_27' title='bbox 1153 903 1346 957; x_wconf 90' lang='lat' dir='ltr'><strong>damna</strong></span> <span class='ocrx_word' id='word_1_28' title='bbox 1378 900 1569 956; x_wconf 85' lang='lat' dir='ltr'><strong>salutis</strong></span> <span class='ocrx_word' id='word_1_29' title='bbox 1600 898 1777 953; x_wconf 91' lang='lat' dir='ltr'><strong>habet.</strong></span> 
     </span>
    </p>
   </div>
   <div class='ocr_carea' id='block_1_8' title="bbox 1150 992 1332 1048">
    <p class='ocr_par' dir='ltr' id='par_1_8' title="bbox 1150 992 1332 1048">
     <span class='ocr_line' id='line_1_8' title="bbox 1150 992 1332 1048; baseline -0.011 0"><span class='ocrx_word' id='word_1_30' title='bbox 1150 992 1332 1048; x_wconf 84' lang='lat' dir='ltr'><strong>XLIII.</strong></span> 
     </span>
    </p>
   </div>
   <div class='ocr_carea' id='block_1_9' title="bbox 989 1091 1926 1153">
    <p class='ocr_par' dir='ltr' id='par_1_9' title="bbox 989 1091 1926 1153">
     <span class='ocr_line' id='line_1_9' title="bbox 989 1091 1926 1153; baseline -0.016 -11"><span class='ocrx_word' id='word_1_31' title='bbox 989 1091 1003 1119; x_wconf 86' lang='grc'>¹</span> <span class='ocrx_word' id='word_1_32' title='bbox 1038 1102 1175 1141; x_wconf 59' lang='lat' dir='ltr'><strong>[me</strong></span> <span class='ocrx_word' id='word_1_33' title='bbox 1216 1098 1491 1140; x_wconf 64' lang='lat' dir='ltr'><strong>manu.</strong></span> <span class='ocrx_word' id='word_1_34' title='bbox 1920 1146 1926 1153; x_wconf 34' lang='lat'><strong><em>.</em></strong></span> 
     </span>
    </p>
   </div>
   <div class='ocr_carea' id='block_1_10' title="bbox 516 1168 1887 1248">
    <p class='ocr_par' dir='ltr' id='par_1_10' title="bbox 516 1168 1887 1248">
     <span class='ocr_line' id='line_1_10' title="bbox 516 1168 1887 1248; baseline -0.019 0"><span class='ocrx_word' id='word_1_35' title='bbox 516 1188 700 1247; x_wconf 83' lang='lat' dir='ltr'><strong>Sobria</strong></span> <span class='ocrx_word' id='word_1_36' title='bbox 730 1186 864 1241; x_wconf 89' lang='lat' dir='ltr'><strong>cella</strong></span> <span class='ocrx_word' id='word_1_37' title='bbox 893 1184 1049 1239; x_wconf 87' lang='lat' dir='ltr'><strong>cadis</strong></span> <span class='ocrx_word' id='word_1_38' title='bbox 1069 1183 1248 1236; x_wconf 91' lang='lat' dir='ltr'><strong>viuum</strong></span> <span class='ocrx_word' id='word_1_39' title='bbox 1278 1178 1417 1248; x_wconf 89' lang='lat' dir='ltr'><strong>quod</strong></span> <span class='ocrx_word' id='word_1_40' title='bbox 1447 1182 1627 1231; x_wconf 80' lang='lat' dir='ltr'><strong>servat</strong></span> <span class='ocrx_word' id='word_1_41' title='bbox 1655 1168 1887 1235; x_wconf 76' lang='lat' dir='ltr'><strong>onustis,</strong></span> 
     </span>
    </p>
   </div>
   <div class='ocr_carea' id='block_1_11' title="bbox 582 1264 1747 1348">
    <p class='ocr_par' dir='ltr' id='par_1_11' title="bbox 582 1264 1747 1348">
     <span class='ocr_line' id='line_1_11' title="bbox 582 1264 1747 1348; baseline -0.015 -10"><span class='ocrx_word' id='word_1_42' title='bbox 582 1281 821 1348; x_wconf 80' lang='lat' dir='ltr'><strong>Corpora</strong></span> <span class='ocrx_word' id='word_1_43' title='bbox 851 1277 1137 1333; x_wconf 81' lang='lat' dir='ltr'><strong>conﬁrmat</strong></span> <span class='ocrx_word' id='word_1_44' title='bbox 1161 1272 1437 1343; x_wconf 85' lang='lat' dir='ltr'><strong>gressibus</strong></span> <span class='ocrx_word' id='word_1_45' title='bbox 1467 1278 1583 1322; x_wconf 90' lang='lat' dir='ltr'><strong>acta</strong></span> <span class='ocrx_word' id='word_1_46' title='bbox 1610 1264 1747 1320; x_wconf 81' lang='lat' dir='ltr'><strong>suis.</strong></span> 
     </span>
    </p>
   </div>
   <div class='ocr_carea' id='block_1_12' title="bbox 514 1357 1778 1431">
    <p class='ocr_par' dir='ltr' id='par_1_12' title="bbox 514 1357 1778 1431">
     <span class='ocr_line' id='line_1_12' title="bbox 514 1357 1778 1431; baseline -0.016 -4"><span class='ocrx_word' id='word_1_47' title='bbox 514 1370 803 1427; x_wconf 85' lang='lat' dir='ltr'><strong>lnfuudunt</strong></span> <span class='ocrx_word' id='word_1_48' title='bbox 830 1367 1014 1422; x_wconf 89' lang='lat' dir='ltr'><strong>multis</strong></span> <span class='ocrx_word' id='word_1_49' title='bbox 1044 1366 1245 1419; x_wconf 88' lang='lat' dir='ltr'><strong>irarum</strong></span> <span class='ocrx_word' id='word_1_50' title='bbox 1279 1360 1463 1431; x_wconf 86' lang='lat' dir='ltr'><strong>poeula</strong></span> <span class='ocrx_word' id='word_1_51' title='bbox 1497 1357 1778 1411; x_wconf 82' lang='lat' dir='ltr'><strong>ﬂammas:</strong></span> 
     </span>
    </p>
   </div>
   <div class='ocr_carea' id='block_1_13' title="bbox 584 1452 1692 1517">
    <p class='ocr_par' dir='ltr' id='par_1_13' title="bbox 584 1452 1692 1517">
     <span class='ocr_line' id='line_1_13' title="bbox 584 1452 1692 1517; baseline -0.015 0"><span class='ocrx_word' id='word_1_52' title='bbox 584 1458 869 1517; x_wconf 60' lang='lat' dir='ltr'><strong>nitescunt</strong></span> <span class='ocrx_word' id='word_1_53' title='bbox 897 1466 1084 1511; x_wconf 90' lang='lat' dir='ltr'><strong>nostro</strong></span> <span class='ocrx_word' id='word_1_54' title='bbox 1110 1452 1296 1507; x_wconf 77' lang='lat' dir='ltr'><strong>beIIIC‘l</strong></span> <span class='ocrx_word' id='word_1_55' title='bbox 1329 1453 1491 1508; x_wconf 88' lang='lat' dir='ltr'><strong>corda</strong></span> <span class='ocrx_word' id='word_1_56' title='bbox 1523 1462 1692 1504; x_wconf 90' lang='lat' dir='ltr'><strong>mero.</strong></span> 
     </span>
    </p>
   </div>
   <div class='ocr_carea' id='block_1_14' title="bbox 1142 1543 1330 1599">
    <p class='ocr_par' dir='ltr' id='par_1_14' title="bbox 1142 1543 1330 1599">
     <span class='ocr_line' id='line_1_14' title="bbox 1142 1543 1330 1599; baseline 0 0"><span class='ocrx_word' id='word_1_57' title='bbox 1142 1543 1330 1599; x_wconf 84' lang='lat' dir='ltr'><strong>XLIV.</strong></span> 
     </span>
    </p>
   </div>
   <div class='ocr_carea' id='block_1_15' title="bbox 959 1650 1521 1692">
    <p class='ocr_par' dir='ltr' id='par_1_15' title="bbox 959 1650 1521 1692">
     <span class='ocr_line' id='line_1_15' title="bbox 959 1650 1521 1692; baseline -0.005 0"><span class='ocrx_word' id='word_1_58' title='bbox 959 1654 1009 1692; x_wconf 73' lang='lat' dir='ltr'><strong>IN</strong></span> <span class='ocrx_word' id='word_1_59' title='bbox 1051 1652 1297 1692; x_wconf 73' lang='lat' dir='ltr'><strong>INGRESSU</strong></span> <span class='ocrx_word' id='word_1_60' title='bbox 1340 1650 1521 1690; x_wconf 73' lang='lat' dir='ltr'><strong>IIOIITI.</strong></span> 
     </span>
    </p>
   </div>
   <div class='ocr_carea' id='block_1_16' title="bbox 514 1719 1955 1803">
    <p class='ocr_par' dir='ltr' id='par_1_16' title="bbox 514 1719 1955 1803">
     <span class='ocr_line' id='line_1_16' title="bbox 514 1719 1955 1803; baseline -0.014 -13"><span class='ocrx_word' id='word_1_61' title='bbox 514 1735 759 1803; x_wconf 80' lang='lat' dir='ltr'><strong>Respice,</strong></span> <span class='ocrx_word' id='word_1_62' title='bbox 792 1732 878 1801; x_wconf 87' lang='lat' dir='ltr'><strong>qui</strong></span> <span class='ocrx_word' id='word_1_63' title='bbox 906 1747 1149 1802; x_wconf 89' lang='lat' dir='ltr'><strong>gressum</strong></span> <span class='ocrx_word' id='word_1_64' title='bbox 1190 1729 1371 1782; x_wconf 89' lang='lat' dir='ltr'><strong>sinuas</strong></span> <span class='ocrx_word' id='word_1_65' title='bbox 1398 1742 1496 1798; x_wconf 87' lang='lat' dir='ltr'><strong>per</strong></span> <span class='ocrx_word' id='word_1_66' title='bbox 1525 1738 1736 1780; x_wconf 68' lang='lat' dir='ltr'><strong>amoma</strong></span> <span class='ocrx_word' id='word_1_67' title='bbox 1765 1719 1955 1781; x_wconf 88' lang='lat' dir='ltr'><strong>vireta,</strong></span> 
     </span>
    </p>
   </div>
   <div class='ocr_carea' id='block_1_17' title="bbox 514 1810 1686 1888">
    <p class='ocr_par' dir='ltr' id='par_1_17' title="bbox 514 1810 1686 1888">
     <span class='ocr_line' id='line_1_17' title="bbox 514 1810 1686 1888; baseline -0.013 -6"><span class='ocrx_word' id='word_1_68' title='bbox 514 1825 584 1883; x_wconf 82' lang='lat' dir='ltr'><strong>Ut</strong></span> <span class='ocrx_word' id='word_1_69' title='bbox 607 1827 782 1881; x_wconf 90' lang='lat' dir='ltr'><strong>discas</strong></span> <span class='ocrx_word' id='word_1_70' title='bbox 808 1824 965 1879; x_wconf 88' lang='lat' dir='ltr'><strong>cultis</strong></span> <span class='ocrx_word' id='word_1_71' title='bbox 994 1824 1165 1876; x_wconf 86' lang='lat' dir='ltr'><strong>lucem</strong></span> <span class='ocrx_word' id='word_1_72' title='bbox 1195 1819 1447 1888; x_wconf 80' lang='lat' dir='ltr'><strong>praeferre</strong></span> <span class='ocrx_word' id='word_1_73' title='bbox 1476 1810 1686 1872; x_wconf 85' lang='lat' dir='ltr'><strong>diserti.</strong></span> 
     </span>
    </p>
   </div>
   <div class='ocr_carea' id='block_1_18' title="bbox 512 1908 1858 1988">
    <p class='ocr_par' dir='ltr' id='par_1_18' title="bbox 512 1908 1858 1988">
     <span class='ocr_line' id='line_1_18' title="bbox 512 1908 1858 1988; baseline -0.012 -13"><span class='ocrx_word' id='word_1_74' title='bbox 512 1918 723 1976; x_wconf 81' lang='lat' dir='ltr'><strong>Arridet</strong></span> <span class='ocrx_word' id='word_1_75' title='bbox 751 1932 1000 1988; x_wconf 83' lang='lat' dir='ltr'><strong>germen,</strong></span> <span class='ocrx_word' id='word_1_76' title='bbox 1031 1908 1174 1984; x_wconf 87' lang='lat' dir='ltr'><strong>quod</strong></span> <span class='ocrx_word' id='word_1_77' title='bbox 1205 1913 1395 1981; x_wconf 66' lang='lat' dir='ltr'><strong>lingua:</strong></span> <span class='ocrx_word' id='word_1_78' title='bbox 1427 1910 1659 1981; x_wconf 79' lang='lat' dir='ltr'><strong>pingitur</strong></span> <span class='ocrx_word' id='word_1_79' title='bbox 1687 1916 1858 1971; x_wconf 90' lang='lat' dir='ltr'><strong>ostro,</strong></span> 
     </span>
    </p>
   </div>
   <div class='ocr_carea' id='block_1_19' title="bbox 518 1992 1924 2075">
    <p class='ocr_par' dir='ltr' id='par_1_19' title="bbox 518 1992 1924 2075">
     <span class='ocr_line' id='line_1_19' title="bbox 518 1992 1924 2075; baseline -0.012 -9"><span class='ocrx_word' id='word_1_80' title='bbox 518 2012 621 2066; x_wconf 81' lang='lat' dir='ltr'><strong>Ver</strong></span> <span class='ocrx_word' id='word_1_81' title='bbox 652 2010 813 2065; x_wconf 85' lang='lat' dir='ltr'><strong>habet</strong></span> <span class='ocrx_word' id='word_1_82' title='bbox 842 2008 894 2062; x_wconf 91' lang='lat' dir='ltr'><strong>in</strong></span> <span class='ocrx_word' id='word_1_83' title='bbox 922 2008 1131 2071; x_wconf 85' lang='lat' dir='ltr'><strong>bruma,</strong></span> <span class='ocrx_word' id='word_1_84' title='bbox 1160 2006 1245 2075; x_wconf 88' lang='lat' dir='ltr'><strong>qui</strong></span> <span class='ocrx_word' id='word_1_85' title='bbox 1282 1996 1441 2058; x_wconf 80' lang='lat' dir='ltr'><strong>flores</strong></span> <span class='ocrx_word' id='word_1_86' title='bbox 1468 2001 1709 2056; x_wconf 86' lang='lat' dir='ltr'><strong>carmine</strong></span> <span class='ocrx_word' id='word_1_87' title='bbox 1736 1992 1924 2067; x_wconf 83' lang='lat' dir='ltr'><strong>gignit,</strong></span> 
     </span>
    </p>
   </div>
   <div class='ocr_carea' id='block_1_20' title="bbox 513 2091 1920 2169">
    <p class='ocr_par' dir='ltr' id='par_1_20' title="bbox 513 2091 1920 2169">
     <span class='ocr_line' id='line_1_20' title="bbox 513 2091 1920 2169; baseline -0.013 -13"><span class='ocrx_word' id='word_1_88' title='bbox 513 2102 617 2156; x_wconf 81' lang='lat' dir='ltr'><strong>Per</strong></span> <span class='ocrx_word' id='word_1_89' title='bbox 644 2099 862 2169; x_wconf 81' lang='lat' dir='ltr'><strong>glaciem</strong></span> <span class='ocrx_word' id='word_1_90' title='bbox 892 2096 1156 2167; x_wconf 79' lang='lat' dir='ltr'><strong>zephyros</strong></span> <span class='ocrx_word' id='word_1_91' title='bbox 1186 2093 1429 2148; x_wconf 84' lang='lat' dir='ltr'><strong>exhalant</strong></span> <span class='ocrx_word' id='word_1_92' title='bbox 1463 2091 1625 2146; x_wconf 89' lang='lat' dir='ltr'><strong>verba</strong></span> <span class='ocrx_word' id='word_1_93' title='bbox 1656 2095 1920 2157; x_wconf 89' lang='lat' dir='ltr'><strong>tepentes,</strong></span> 
     </span>
    </p>
   </div>
   <div class='ocr_carea' id='block_1_21' title="bbox 518 2179 1703 2259">
    <p class='ocr_par' dir='ltr' id='par_1_21' title="bbox 518 2179 1703 2259">
     <span class='ocr_line' id='line_1_21' title="bbox 518 2179 1703 2259; baseline -0.014 -11"><span class='ocrx_word' id='word_1_94' title='bbox 518 2192 679 2247; x_wconf 80' lang='lat' dir='ltr'><strong>Ebria</strong></span> <span class='ocrx_word' id='word_1_95' title='bbox 708 2191 921 2259; x_wconf 84' lang='lat' dir='ltr'><strong>fulgenti</strong></span> <span class='ocrx_word' id='word_1_96' title='bbox 957 2186 1277 2241; x_wconf 87' lang='lat' dir='ltr'><strong>maduerunt</strong></span> <span class='ocrx_word' id='word_1_97' title='bbox 1306 2184 1507 2237; x_wconf 90' lang='lat' dir='ltr'><strong>murice</strong></span> <span class='ocrx_word' id='word_1_98' title='bbox 1533 2179 1703 2244; x_wconf 71' lang='lat' dir='ltr'><strong>dicta,</strong></span> 
     </span>
    </p>
   </div>
   <div class='ocr_carea' id='block_1_22' title="bbox 515 2272 1955 2343">
    <p class='ocr_par' dir='ltr' id='par_1_22' title="bbox 515 2272 1955 2343">
     <span class='ocr_line' id='line_1_22' title="bbox 515 2272 1955 2343; baseline -0.014 -6"><span class='ocrx_word' id='word_1_99' title='bbox 515 2282 775 2337; x_wconf 77' lang='lat' dir='ltr'><strong>Omnibus</strong></span> <span class='ocrx_word' id='word_1_100' title='bbox 806 2280 857 2331; x_wconf 81' lang='lat' dir='ltr'><strong>in</strong></span> <span class='ocrx_word' id='word_1_101' title='bbox 889 2278 1054 2334; x_wconf 83' lang='lat' dir='ltr'><strong>rebus</strong></span> <span class='ocrx_word' id='word_1_102' title='bbox 1077 2289 1386 2330; x_wconf 88' lang='lat' dir='ltr'><strong>sermonum</strong></span> <span class='ocrx_word' id='word_1_103' title='bbox 1417 2284 1649 2343; x_wconf 88' lang='lat' dir='ltr'><strong>purpura</strong></span> <span class='ocrx_word' id='word_1_104' title='bbox 1678 2272 1885 2337; x_wconf 84' lang='lat' dir='ltr'><strong>regnat,</strong></span> <span class='ocrx_word' id='word_1_105' title='bbox 1952 2300 1955 2317; x_wconf 94' lang='lat'>.</span> 
     </span>
    </p>
   </div>
   <div class='ocr_carea' id='block_1_23' title="bbox 517 2360 1863 2440">
    <p class='ocr_par' dir='ltr' id='par_1_23' title="bbox 517 2360 1863 2440">
     <span class='ocr_line' id='line_1_23' title="bbox 517 2360 1863 2440; baseline -0.011 -13"><span class='ocrx_word' id='word_1_106' title='bbox 517 2373 639 2427; x_wconf 90' lang='lat' dir='ltr'><strong>Oris</strong></span> <span class='ocrx_word' id='word_1_107' title='bbox 670 2373 735 2425; x_wconf 90' lang='lat' dir='ltr'><strong>ad</strong></span> <span class='ocrx_word' id='word_1_108' title='bbox 768 2371 1052 2440; x_wconf 82' lang='lat' dir='ltr'><strong>imperium</strong></span> <span class='ocrx_word' id='word_1_109' title='bbox 1084 2367 1403 2423; x_wconf 85' lang='lat' dir='ltr'><strong>submittunt</strong></span> <span class='ocrx_word' id='word_1_110' title='bbox 1431 2366 1569 2420; x_wconf 87' lang='lat' dir='ltr'><strong>colla</strong></span> <span class='ocrx_word' id='word_1_111' title='bbox 1601 2360 1863 2429; x_wconf 74' lang='lat' dir='ltr'><strong>chelydri.</strong></span> 
     </span>
    </p>
   </div>
   <div class='ocr_carea' id='block_1_24' title="bbox 520 2447 1934 2532">
    <p class='ocr_par' dir='ltr' id='par_1_24' title="bbox 520 2447 1934 2532">
     <span class='ocr_line' id='line_1_24' title="bbox 520 2447 1934 2532; baseline -0.011 -15"><span class='ocrx_word' id='word_1_112' title='bbox 520 2462 706 2532; x_wconf 86' lang='lat' dir='ltr'><strong>Algida</strong></span> <span class='ocrx_word' id='word_1_113' title='bbox 738 2476 861 2516; x_wconf 87' lang='lat' dir='ltr'><strong>cum</strong></span> <span class='ocrx_word' id='word_1_114' title='bbox 894 2474 1050 2514; x_wconf 89' lang='lat' dir='ltr'><strong>roseo</strong></span> <span class='ocrx_word' id='word_1_115' title='bbox 1073 2459 1433 2529; x_wconf 69' lang='lat' dir='ltr'><strong>ju‘venescunt</strong></span> <span class='ocrx_word' id='word_1_116' title='bbox 1462 2452 1720 2522; x_wconf 89' lang='lat' dir='ltr'><strong>sanguine</strong></span> <span class='ocrx_word' id='word_1_117' title='bbox 1749 2447 1934 2511; x_wconf 89' lang='lat' dir='ltr'><strong>corda,</strong></span> 
     </span>
    </p>
   </div>
   <div class='ocr_carea' id='block_1_25' title="bbox 525 2539 1803 2620">
    <p class='ocr_par' dir='ltr' id='par_1_25' title="bbox 525 2539 1803 2620">
     <span class='ocr_line' id='line_1_25' title="bbox 525 2539 1803 2620; baseline -0.012 -13"><span class='ocrx_word' id='word_1_118' title='bbox 525 2550 812 2607; x_wconf 72' lang='lat' dir='ltr'><strong>I‘rimrevos</strong></span> <span class='ocrx_word' id='word_1_119' title='bbox 841 2550 1030 2620; x_wconf 84' lang='lat' dir='ltr'><strong>gelidis</strong></span> <span class='ocrx_word' id='word_1_120' title='bbox 1058 2546 1291 2604; x_wconf 86' lang='lat' dir='ltr'><strong>ostendit</strong></span> <span class='ocrx_word' id='word_1_121' title='bbox 1319 2546 1495 2600; x_wconf 80' lang='lat' dir='ltr'><strong>littera</strong></span> <span class='ocrx_word' id='word_1_122' title='bbox 1526 2539 1803 2596; x_wconf 84' lang='lat' dir='ltr'><strong>membris.</strong></span> 
     </span>
    </p>
   </div>
   <div class='ocr_carea' id='block_1_26' title="bbox 526 2632 1869 2709">
    <p class='ocr_par' dir='ltr' id='par_1_26' title="bbox 526 2632 1869 2709">
     <span class='ocr_line' id='line_1_26' title="bbox 526 2632 1869 2709; baseline -0.015 -9"><span class='ocrx_word' id='word_1_123' title='bbox 526 2643 696 2699; x_wconf 72' lang='lat' dir='ltr'><strong>Vertit</strong></span> <span class='ocrx_word' id='word_1_124' title='bbox 724 2642 789 2696; x_wconf 89' lang='lat' dir='ltr'><strong>ad</strong></span> <span class='ocrx_word' id='word_1_125' title='bbox 815 2640 1129 2709; x_wconf 83' lang='lat' dir='ltr'><strong>obsequium</strong></span> <span class='ocrx_word' id='word_1_126' title='bbox 1162 2646 1365 2692; x_wconf 72' lang='lat' dir='ltr'><strong>natura:</strong></span> <span class='ocrx_word' id='word_1_127' title='bbox 1400 2647 1623 2690; x_wconf 86' lang='lat' dir='ltr'><strong>munera</strong></span> <span class='ocrx_word' id='word_1_128' title='bbox 1659 2632 1869 2691; x_wconf 90' lang='lat' dir='ltr'><strong>doctus,</strong></span> 
     </span>
    </p>
   </div>
   <div class='ocr_carea' id='block_1_27' title="bbox 522 2723 1895 2801">
    <p class='ocr_par' dir='ltr' id='par_1_27' title="bbox 522 2723 1895 2801">
     <span class='ocr_line' id='line_1_27' title="bbox 522 2723 1895 2801; baseline -0.014 -14"><span class='ocrx_word' id='word_1_129' title='bbox 522 2733 751 2799; x_wconf 68' lang='lat' dir='ltr'><strong>.IEtates,</strong></span> <span class='ocrx_word' id='word_1_130' title='bbox 784 2730 1016 2801; x_wconf 80' lang='lat' dir='ltr'><strong>species,</strong></span> <span class='ocrx_word' id='word_1_131' title='bbox 1045 2741 1346 2791; x_wconf 88' lang='lat' dir='ltr'><strong>mensuras,</strong></span> <span class='ocrx_word' id='word_1_132' title='bbox 1380 2732 1643 2792; x_wconf 88' lang='lat' dir='ltr'><strong>tempora,</strong></span> <span class='ocrx_word' id='word_1_133' title='bbox 1675 2723 1895 2771; x_wconf 71' lang='lat' dir='ltr'><strong>tor-mas.</strong></span> 
     </span>
    </p>
   </div>
   <div class='ocr_carea' id='block_1_28' title="bbox 1167 2816 1329 2873">
    <p class='ocr_par' dir='ltr' id='par_1_28' title="bbox 1167 2816 1329 2873">
     <span class='ocr_line' id='line_1_28' title="bbox 1167 2816 1329 2873; baseline -0.019 0"><span class='ocrx_word' id='word_1_134' title='bbox 1167 2816 1329 2873; x_wconf 92' lang='lat' dir='ltr'><strong>XLV.</strong></span> 
     </span>
    </p>
   </div>
   <div class='ocr_carea' id='block_1_29' title="bbox 827 2922 1665 2969">
    <p class='ocr_par' dir='ltr' id='par_1_29' title="bbox 827 2922 1665 2969">
     <span class='ocr_line' id='line_1_29' title="bbox 827 2922 1665 2969; baseline -0.013 0"><span class='ocrx_word' id='word_1_135' title='bbox 827 2931 983 2969; x_wconf 68' lang='lat' dir='ltr'><strong>INTRA</strong></span> <span class='ocrx_word' id='word_1_136' title='bbox 1024 2929 1056 2967; x_wconf 73' lang='lat' dir='ltr'><strong>ll</strong></span> <span class='ocrx_word' id='word_1_137' title='bbox 1097 2928 1235 2966; x_wconf 64' lang='grc' dir='ltr'><strong>πιτυδι</strong></span> <span class='ocrx_word' id='word_1_138' title='bbox 1276 2926 1441 2964; x_wconf 73' lang='grc' dir='ltr'><strong>δυιήΑ</strong></span> <span class='ocrx_word' id='word_1_139' title='bbox 1484 2922 1665 2962; x_wconf 63' lang='grc' dir='ltr'><strong>ιιιιεκ.</strong></span> 
     </span>
    </p>
   </div>
   <div class='ocr_carea' id='block_1_30' title="bbox 524 2996 1863 3075">
    <p class='ocr_par' dir='ltr' id='par_1_30' title="bbox 524 2996 1863 3075">
     <span class='ocr_line' id='line_1_30' title="bbox 524 2996 1863 3075; baseline -0.007 -9"><span class='ocrx_word' id='word_1_140' title='bbox 524 3005 805 3066; x_wconf 84' lang='lat' dir='ltr'><strong>Collaudct</strong></span> <span class='ocrx_word' id='word_1_141' title='bbox 841 3006 1029 3075; x_wconf 86' lang='lat' dir='ltr'><strong>spatiis</strong></span> <span class='ocrx_word' id='word_1_142' title='bbox 1059 3004 1338 3057; x_wconf 83' lang='lat' dir='ltr'><strong>hortorum</strong></span> <span class='ocrx_word' id='word_1_143' title='bbox 1369 2998 1651 3055; x_wconf 82' lang='lat' dir='ltr'><strong>commoda</strong></span> <span class='ocrx_word' id='word_1_144' title='bbox 1684 2996 1863 3057; x_wconf 75' lang='lat' dir='ltr'><strong>lautis.</strong></span> 
     </span>
    </p>
   </div>
   <div class='ocr_carea' id='block_1_31' title="bbox 600 3086 1790 3161">
    <p class='ocr_par' dir='ltr' id='par_1_31' title="bbox 600 3086 1790 3161">
     <span class='ocr_line' id='line_1_31' title="bbox 600 3086 1790 3161; baseline -0.016 -6"><span class='ocrx_word' id='word_1_145' title='bbox 600 3100 835 3155; x_wconf 83' lang='lat' dir='ltr'><strong>Plurima</strong></span> <span class='ocrx_word' id='word_1_146' title='bbox 858 3098 944 3151; x_wconf 87' lang='lat' dir='ltr'><strong>eui</strong></span> <span class='ocrx_word' id='word_1_147' title='bbox 972 3096 1163 3151; x_wconf 75' lang='lat' dir='ltr'><strong>satiant</strong></span> <span class='ocrx_word' id='word_1_148' title='bbox 1192 3094 1375 3161; x_wconf 83' lang='lat' dir='ltr'><strong>jugera</strong></span> <span class='ocrx_word' id='word_1_149' title='bbox 1406 3092 1547 3144; x_wconf 91' lang='lat' dir='ltr'><strong>culta</strong></span> <span class='ocrx_word' id='word_1_150' title='bbox 1574 3086 1790 3140; x_wconf 81' lang='lat' dir='ltr'><strong>famem.</strong></span> 
     </span>
    </p>
   </div>
   <div class='ocr_carea' id='block_1_32' title="bbox 529 3178 1864 3252">
    <p class='ocr_par' dir='ltr' id='par_1_32' title="bbox 529 3178 1864 3252">
     <span class='ocr_line' id='line_1_32' title="bbox 529 3178 1864 3252; baseline -0.014 -7"><span class='ocrx_word' id='word_1_151' title='bbox 529 3190 696 3245; x_wconf 86' lang='lat' dir='ltr'><strong>Ditior</strong></span> <span class='ocrx_word' id='word_1_152' title='bbox 726 3198 971 3242; x_wconf 78' lang='lat' dir='ltr'><strong>extentos</strong></span> <span class='ocrx_word' id='word_1_153' title='bbox 1001 3193 1218 3252; x_wconf 81' lang='lat' dir='ltr'><strong>Superat</strong></span> <span class='ocrx_word' id='word_1_154' title='bbox 1250 3182 1347 3235; x_wconf 86' lang='lat' dir='ltr'><strong>dos</strong></span> <span class='ocrx_word' id='word_1_155' title='bbox 1379 3181 1521 3247; x_wconf 89' lang='lat' dir='ltr'><strong>larga</strong></span> <span class='ocrx_word' id='word_1_156' title='bbox 1554 3178 1819 3231; x_wconf 88' lang='lat' dir='ltr'><strong>minorum</strong></span> <span class='ocrx_word' id='word_1_157' title='bbox 1850 3190 1864 3226; x_wconf 88' lang='lat'><strong>:</strong></span> 
     </span>
    </p>
   </div>
   <div class='ocr_carea' id='block_1_33' title="bbox 597 3267 1815 3340">
    <p class='ocr_par' dir='ltr' id='par_1_33' title="bbox 597 3267 1815 3340">
     <span class='ocr_line' id='line_1_33' title="bbox 597 3267 1815 3340; baseline -0.011 -8"><span class='ocrx_word' id='word_1_158' title='bbox 597 3276 854 3332; x_wconf 85' lang='lat' dir='ltr'><strong>Nobilitas</strong></span> <span class='ocrx_word' id='word_1_159' title='bbox 883 3290 1005 3328; x_wconf 86' lang='lat' dir='ltr'><strong>vera</strong></span> <span class='ocrx_word' id='word_1_160' title='bbox 1038 3283 1141 3339; x_wconf 85' lang='lat' dir='ltr'><strong>est,</strong></span> <span class='ocrx_word' id='word_1_161' title='bbox 1172 3286 1291 3340; x_wconf 68' lang='lat' dir='ltr'><strong>qua:</strong></span> <span class='ocrx_word' id='word_1_162' title='bbox 1322 3270 1454 3323; x_wconf 88' lang='lat' dir='ltr'><strong>nitet</strong></span> <span class='ocrx_word' id='word_1_163' title='bbox 1485 3270 1537 3321; x_wconf 89' lang='lat' dir='ltr'><strong>in</strong></span> <span class='ocrx_word' id='word_1_164' title='bbox 1571 3267 1815 3320; x_wconf 87' lang='lat' dir='ltr'><strong>modicis.</strong></span> 
     </span>
    </p>
   </div>
   <div class='ocr_carea' id='block_1_34' title="bbox 531 3360 1896 3433">
    <p class='ocr_par' dir='ltr' id='par_1_34' title="bbox 531 3360 1896 3433">
     <span class='ocr_line' id='line_1_34' title="bbox 531 3360 1896 3433; baseline -0.01 -8"><span class='ocrx_word' id='word_1_165' title='bbox 531 3367 685 3425; x_wconf 82' lang='lat' dir='ltr'><strong>Venit</strong></span> <span class='ocrx_word' id='word_1_166' title='bbox 714 3368 778 3421; x_wconf 90' lang='lat' dir='ltr'><strong>ad</strong></span> <span class='ocrx_word' id='word_1_167' title='bbox 812 3367 1075 3421; x_wconf 63' lang='lat' dir='ltr'><strong>inclusitm</strong></span> <span class='ocrx_word' id='word_1_168' title='bbox 1104 3372 1433 3433; x_wconf 87' lang='lat' dir='ltr'><strong>postponens</strong></span> <span class='ocrx_word' id='word_1_169' title='bbox 1459 3360 1626 3431; x_wconf 84' lang='lat' dir='ltr'><strong>gratia</strong></span> <span class='ocrx_word' id='word_1_170' title='bbox 1654 3371 1896 3427; x_wconf 89' lang='lat' dir='ltr'><strong>campos,</strong></span> 
     </span>
    </p>
   </div>
   <div class='ocr_carea' id='block_1_35' title="bbox 603 3451 1736 3525">
    <p class='ocr_par' dir='ltr' id='par_1_35' title="bbox 603 3451 1736 3525">
     <span class='ocr_line' id='line_1_35' title="bbox 603 3451 1736 3525; baseline -0.011 -10"><span class='ocrx_word' id='word_1_171' title='bbox 603 3459 841 3515; x_wconf 81' lang='lat' dir='ltr'><strong>Prodidit</strong></span> <span class='ocrx_word' id='word_1_172' title='bbox 867 3457 1108 3525; x_wconf 84' lang='lat' dir='ltr'><strong>angustis</strong></span> <span class='ocrx_word' id='word_1_173' title='bbox 1137 3454 1259 3522; x_wconf 90' lang='lat' dir='ltr'><strong>quid</strong></span> <span class='ocrx_word' id='word_1_174' title='bbox 1293 3453 1449 3507; x_wconf 83' lang='lat' dir='ltr'><strong>faciat</strong></span> <span class='ocrx_word' id='word_1_175' title='bbox 1480 3451 1736 3507; x_wconf 86' lang='lat' dir='ltr'><strong>studium.</strong></span> 
     </span>
    </p>
   </div>
   <div class='ocr_carea' id='block_1_36' title="bbox 530 3540 1871 3614">
    <p class='ocr_par' dir='ltr' id='par_1_36' title="bbox 530 3540 1871 3614">
     <span class='ocr_line' id='line_1_36' title="bbox 530 3540 1871 3614; baseline -0.008 -10"><span class='ocrx_word' id='word_1_176' title='bbox 530 3551 729 3604; x_wconf 83' lang='lat' dir='ltr'><strong>Vernat</strong></span> <span class='ocrx_word' id='word_1_177' title='bbox 760 3549 812 3600; x_wconf 88' lang='lat' dir='ltr'><strong>in</strong></span> <span class='ocrx_word' id='word_1_178' title='bbox 843 3549 1087 3614; x_wconf 71' lang='lat' dir='ltr'><strong>ingressu</strong></span> <span class='ocrx_word' id='word_1_179' title='bbox 1113 3544 1360 3599; x_wconf 77' lang='lat' dir='ltr'><strong>viridanti</strong></span> <span class='ocrx_word' id='word_1_180' title='bbox 1391 3544 1628 3612; x_wconf 89' lang='lat' dir='ltr'><strong>porticus</strong></span> <span class='ocrx_word' id='word_1_181' title='bbox 1654 3540 1871 3607; x_wconf 86' lang='lat' dir='ltr'><strong>umbra,</strong></span> 
     </span>
    </p>
   </div>
   <div class='ocr_carea' id='block_1_37' title="bbox 598 3631 1653 3706">
    <p class='ocr_par' dir='ltr' id='par_1_37' title="bbox 598 3631 1653 3706">
     <span class='ocr_line' id='line_1_37' title="bbox 598 3631 1653 3706; baseline -0.01 -12"><span class='ocrx_word' id='word_1_182' title='bbox 598 3640 695 3694; x_wconf 86' lang='lat' dir='ltr'><strong>Cui</strong></span> <span class='ocrx_word' id='word_1_183' title='bbox 728 3637 860 3691; x_wconf 88' lang='lat' dir='ltr'><strong>fudit</strong></span> <span class='ocrx_word' id='word_1_184' title='bbox 889 3636 1099 3706; x_wconf 87' lang='lat' dir='ltr'><strong>genium</strong></span> <span class='ocrx_word' id='word_1_185' title='bbox 1135 3633 1313 3687; x_wconf 71' lang='lat' dir='ltr'><strong>vitifur</strong></span> <span class='ocrx_word' id='word_1_186' title='bbox 1343 3634 1459 3701; x_wconf 86' lang='lat' dir='ltr'><strong>ipse</strong></span> <span class='ocrx_word' id='word_1_187' title='bbox 1486 3631 1653 3685; x_wconf 87' lang='lat' dir='ltr'><strong>Deus.</strong></span> 
     </span>
    </p>
   </div>
   <div class='ocr_carea' id='block_1_38' title="bbox 530 3717 1760 3794">
    <p class='ocr_par' dir='ltr' id='par_1_38' title="bbox 530 3717 1760 3794">
     <span class='ocr_line' id='line_1_38' title="bbox 530 3717 1760 3794; baseline -0.01 -11"><span class='ocrx_word' id='word_1_188' title='bbox 530 3728 807 3783; x_wconf 79' lang='lat' dir='ltr'><strong>Exornans</strong></span> <span class='ocrx_word' id='word_1_189' title='bbox 838 3724 1043 3794; x_wconf 69' lang='lat' dir='ltr'><strong>magnis</strong></span> <span class='ocrx_word' id='word_1_190' title='bbox 1073 3723 1319 3777; x_wconf 78' lang='lat' dir='ltr'><strong>foliorum</strong></span> <span class='ocrx_word' id='word_1_191' title='bbox 1354 3730 1496 3774; x_wconf 68' lang='lat' dir='ltr'><strong>teXta</strong></span> <span class='ocrx_word' id='word_1_192' title='bbox 1531 3717 1760 3772; x_wconf 85' lang='lat' dir='ltr'><strong>racemis</strong></span> 
     </span>
    </p>
   </div>
   <div class='ocr_carea' id='block_1_39' title="bbox 602 3810 1674 3885">
    <p class='ocr_par' dir='ltr' id='par_1_39' title="bbox 602 3810 1674 3885">
     <span class='ocr_line' id='line_1_39' title="bbox 602 3810 1674 3885; baseline -0.009 -13"><span class='ocrx_word' id='word_1_193' title='bbox 602 3817 823 3872; x_wconf 64' lang='lat' dir='ltr'><strong>Aistivis</strong></span> <span class='ocrx_word' id='word_1_194' title='bbox 845 3817 1031 3885; x_wconf 86' lang='lat' dir='ltr'><strong>junget</strong></span> <span class='ocrx_word' id='word_1_195' title='bbox 1058 3813 1334 3868; x_wconf 86' lang='lat' dir='ltr'><strong>commoda</strong></span> <span class='ocrx_word' id='word_1_196' title='bbox 1371 3810 1674 3881; x_wconf 68' lang='lat' dir='ltr'><strong>frigoribus.</strong></span> 
     </span>
    </p>
   </div>
   <div class='ocr_carea' id='block_1_40' title="bbox 530 3896 1819 3970">
    <p class='ocr_par' dir='ltr' id='par_1_40' title="bbox 530 3896 1819 3970">
     <span class='ocr_line' id='line_1_40' title="bbox 530 3896 1819 3970; baseline -0.009 -7"><span class='ocrx_word' id='word_1_197' title='bbox 530 3908 664 3963; x_wconf 89' lang='lat' dir='ltr'><strong>Lilia</strong></span> <span class='ocrx_word' id='word_1_198' title='bbox 699 3922 840 3970; x_wconf 86' lang='lat' dir='ltr'><strong>nam,</strong></span> <span class='ocrx_word' id='word_1_199' title='bbox 874 3905 1075 3969; x_wconf 83' lang='lat' dir='ltr'><strong>laurus,</strong></span> <span class='ocrx_word' id='word_1_200' title='bbox 1109 3903 1278 3965; x_wconf 66' lang='lat' dir='ltr'><strong>oleis,</strong></span> <span class='ocrx_word' id='word_1_201' title='bbox 1311 3900 1592 3956; x_wconf 90' lang='lat' dir='ltr'><strong>commista</strong></span> <span class='ocrx_word' id='word_1_202' title='bbox 1623 3896 1819 3952; x_wconf 81' lang='lat' dir='ltr'><strong>rosetis</strong></span> 
     </span>
    </p>
   </div>
   <div class='ocr_carea' id='block_1_41' title="bbox 607 3988 1693 4064">
    <p class='ocr_par' dir='ltr' id='par_1_41' title="bbox 607 3988 1693 4064">
     <span class='ocr_line' id='line_1_41' title="bbox 607 3988 1693 4064; baseline -0.011 -13"><span class='ocrx_word' id='word_1_203' title='bbox 607 3998 681 4052; x_wconf 90' lang='lat' dir='ltr'><strong>De</strong></span> <span class='ocrx_word' id='word_1_204' title='bbox 707 3996 850 4050; x_wconf 86' lang='lat' dir='ltr'><strong>cultu</strong></span> <span class='ocrx_word' id='word_1_205' title='bbox 882 3994 1154 4064; x_wconf 88' lang='lat' dir='ltr'><strong>proprium</strong></span> <span class='ocrx_word' id='word_1_206' title='bbox 1185 3990 1303 4047; x_wconf 76' lang='lat' dir='ltr'><strong>fecit</strong></span> <span class='ocrx_word' id='word_1_207' title='bbox 1338 4003 1500 4043; x_wconf 85' lang='lat' dir='ltr'><strong>avere</strong></span> <span class='ocrx_word' id='word_1_208' title='bbox 1528 3988 1693 4042; x_wconf 87' lang='lat' dir='ltr'><strong>diem.</strong></span> 
     </span>
    </p>
   </div>
   <div class='ocr_carea' id='block_1_42' title="bbox 529 4079 1981 4154">
    <p class='ocr_par' dir='ltr' id='par_1_42' title="bbox 529 4079 1981 4154">
     <span class='ocr_line' id='line_1_42' title="bbox 529 4079 1981 4154; baseline -0.01 -12"><span class='ocrx_word' id='word_1_209' title='bbox 529 4088 680 4142; x_wconf 87' lang='lat' dir='ltr'><strong>Serta</strong></span> <span class='ocrx_word' id='word_1_210' title='bbox 714 4082 1093 4154; x_wconf 89' lang='lat' dir='ltr'><strong>triumphantis</strong></span> <span class='ocrx_word' id='word_1_211' title='bbox 1133 4080 1377 4136; x_wconf 89' lang='lat' dir='ltr'><strong>frondem</strong></span> <span class='ocrx_word' id='word_1_212' title='bbox 1407 4094 1525 4150; x_wconf 79' lang='lat' dir='ltr'><strong>qua:</strong></span> <span class='ocrx_word' id='word_1_213' title='bbox 1565 4086 1827 4133; x_wconf 89' lang='lat' dir='ltr'><strong>monstret</strong></span> <span class='ocrx_word' id='word_1_214' title='bbox 1856 4079 1981 4129; x_wconf 85' lang='lat' dir='ltr'><strong>ami-</strong></span> 
     </span>
    </p>
   </div>
   <div class='ocr_carea' id='block_1_43' title="bbox 1811 4172 1975 4242">
    <p class='ocr_par' dir='ltr' id='par_1_43' title="bbox 1811 4172 1975 4242">
     <span class='ocr_line' id='line_1_43' title="bbox 1811 4172 1975 4242; baseline 0.006 -16"><span class='ocrx_word' id='word_1_215' title='bbox 1811 4172 1975 4242; x_wconf 70' lang='lat' dir='ltr'><strong>(cum.</strong></span> 
     </span>
    </p>
   </div>
   <div class='ocr_carea' id='block_1_44' title="bbox 609 4270 1623 4326">
    <p class='ocr_par' dir='ltr' id='par_1_44' title="bbox 609 4270 1623 4326">
     <span class='ocr_line' id='line_1_44' title="bbox 609 4270 1623 4326; baseline -0.008 0"><span class='ocrx_word' id='word_1_216' title='bbox 609 4270 841 4326; x_wconf 88' lang='lat' dir='ltr'><strong>Contulit</strong></span> <span class='ocrx_word' id='word_1_217' title='bbox 866 4270 1084 4325; x_wconf 63' lang='lat' dir='ltr'><strong>aITeCtus</strong></span> <span class='ocrx_word' id='word_1_218' title='bbox 1113 4282 1272 4323; x_wconf 85' lang='lat' dir='ltr'><strong>aurea</strong></span> <span class='ocrx_word' id='word_1_219' title='bbox 1308 4277 1443 4321; x_wconf 86' lang='lat' dir='ltr'><strong>terra</strong></span> <span class='ocrx_word' id='word_1_220' title='bbox 1474 4280 1623 4320; x_wconf 88' lang='lat' dir='ltr'><strong>suos.</strong></span> 
     </span>
    </p>
   </div>
   <div class='ocr_carea' id='block_1_45' title="bbox 535 4352 1813 4431">
    <p class='ocr_par' dir='ltr' id='par_1_45' title="bbox 535 4352 1813 4431">
     <span class='ocr_line' id='line_1_45' title="bbox 535 4352 1813 4431; baseline -0.007 -15"><span class='ocrx_word' id='word_1_221' title='bbox 535 4361 733 4431; x_wconf 85' lang='lat' dir='ltr'><strong>Largus</strong></span> <span class='ocrx_word' id='word_1_222' title='bbox 761 4376 918 4427; x_wconf 80' lang='lat' dir='ltr'><strong>apum</strong></span> <span class='ocrx_word' id='word_1_223' title='bbox 950 4369 1132 4429; x_wconf 68' lang='grc' dir='ltr'><strong>[ωδε-ιι</strong></span> <span class='ocrx_word' id='word_1_224' title='bbox 1163 4356 1381 4424; x_wconf 85' lang='lat' dir='ltr'><strong>majoris</strong></span> <span class='ocrx_word' id='word_1_225' title='bbox 1412 4354 1627 4424; x_wconf 62' lang='lat' dir='ltr'><strong>praemia</strong></span> <span class='ocrx_word' id='word_1_226' title='bbox 1665 4352 1770 4407; x_wconf 89' lang='lat' dir='ltr'><strong>voti</strong></span> <span class='ocrx_word' id='word_1_227' title='bbox 1799 4370 1813 4407; x_wconf 89' lang='lat'><strong>:</strong></span> 
     </span>
    </p>
   </div>
   <div class='ocr_carea' id='block_1_46' title="bbox 607 4444 1971 4519">
    <p class='ocr_par' dir='ltr' id='par_1_46' title="bbox 607 4444 1971 4519">
     <span class='ocr_line' id='line_1_46' title="bbox 607 4444 1971 4519; baseline -0.008 -13"><span class='ocrx_word' id='word_1_228' title='bbox 607 4453 717 4506; x_wconf 42' lang='lat' dir='ltr'><strong>I&#39;Ioc</strong></span> <span class='ocrx_word' id='word_1_229' title='bbox 746 4453 879 4506; x_wconf 82' lang='lat' dir='ltr'><strong>satis</strong></span> <span class='ocrx_word' id='word_1_230' title='bbox 908 4462 989 4505; x_wconf 76' lang='lat' dir='ltr'><strong>est</strong></span> <span class='ocrx_word' id='word_1_231' title='bbox 1017 4451 1188 4515; x_wconf 60' lang='lat' dir='ltr'><strong>nobie,</strong></span> <span class='ocrx_word' id='word_1_232' title='bbox 1219 4449 1357 4519; x_wconf 86' lang='lat' dir='ltr'><strong>quod</strong></span> <span class='ocrx_word' id='word_1_233' title='bbox 1392 4448 1508 4502; x_wconf 91' lang='lat' dir='ltr'><strong>sine</strong></span> <span class='ocrx_word' id='word_1_234' title='bbox 1539 4445 1724 4500; x_wconf 83' lang='lat' dir='ltr'><strong>fraude</strong></span> <span class='ocrx_word' id='word_1_235' title='bbox 1754 4444 1901 4498; x_wconf 85' lang='lat' dir='ltr'><strong>libet.</strong></span> <span class='ocrx_word' id='word_1_236' title='bbox 1964 4480 1971 4481; x_wconf 45' lang='grc' dir='ltr'><em>κ</em></span> 
     </span>
    </p>
   </div>
   <div class='ocr_carea' id='block_1_47' title="bbox 1165 4556 1345 4611">
    <p class='ocr_par' dir='ltr' id='par_1_47' title="bbox 1165 4556 1345 4611">
     <span class='ocr_line' id='line_1_47' title="bbox 1165 4556 1345 4611; baseline -0.017 0"><span class='ocrx_word' id='word_1_237' title='bbox 1165 4556 1345 4611; x_wconf 80' lang='lat' dir='ltr'><strong>XLVI.</strong></span> 
     </span>
    </p>
   </div>
   <div class='ocr_carea' id='block_1_48' title="bbox 537 4648 1977 4712">
    <p class='ocr_par' dir='ltr' id='par_1_48' title="bbox 537 4648 1977 4712">
     <span class='ocr_line' id='line_1_48' title="bbox 537 4648 1977 4712; baseline -0.006 -5"><span class='ocrx_word' id='word_1_238' title='bbox 537 4657 556 4685; x_wconf 83' lang='grc'>¹</span> <span class='ocrx_word' id='word_1_239' title='bbox 583 4670 645 4707; x_wconf 78' lang='lat' dir='ltr'><strong>DE</strong></span> <span class='ocrx_word' id='word_1_240' title='bbox 675 4667 885 4706; x_wconf 61' lang='lat' dir='ltr'><strong>mortem</strong></span> <span class='ocrx_word' id='word_1_241' title='bbox 922 4664 1024 4703; x_wconf 61' lang='lat' dir='ltr'><strong>tam.</strong></span> <span class='ocrx_word' id='word_1_242' title='bbox 1060 4668 1106 4702; x_wconf 66' lang='grc' dir='ltr'><strong>γ.</strong></span> <span class='ocrx_word' id='word_1_243' title='bbox 1133 4666 1248 4712; x_wconf 65' lang='lat' dir='ltr'><strong>qua:</strong></span> <span class='ocrx_word' id='word_1_244' title='bbox 1274 4648 1292 4678; x_wconf 83' lang='grc'><strong>³</strong></span> <span class='ocrx_word' id='word_1_245' title='bbox 1319 4665 1363 4701; x_wconf 69' lang='lat' dir='ltr'><strong>ts</strong></span> <span class='ocrx_word' id='word_1_246' title='bbox 1395 4662 1630 4701; x_wconf 62' lang='grc' dir='ltr'><strong>διέρπει.»</strong></span> <span class='ocrx_word' id='word_1_247' title='bbox 1658 4661 1977 4711; x_wconf 74' lang='grc' dir='ltr'><strong>οι,Αιί)ι’[υιι,</strong></span> 
     </span>
    </p>
   </div>
   <div class='ocr_carea' id='block_1_49' title="bbox 1036 4735 1468 4774">
    <p class='ocr_par' dir='ltr' id='par_1_49' title="bbox 1036 4735 1468 4774">
     <span class='ocr_line' id='line_1_49' title="bbox 1036 4735 1468 4774; baseline -0.005 -1"><span class='ocrx_word' id='word_1_248' title='bbox 1036 4737 1119 4774; x_wconf 71' lang='grc' dir='ltr'><strong>ΙῘΛ</strong></span> <span class='ocrx_word' id='word_1_249' title='bbox 1142 4736 1328 4773; x_wconf 66' lang='grc' dir='ltr'>ΤΕΝΕιὸ</span> <span class='ocrx_word' id='word_1_250' title='bbox 1353 4735 1468 4772; x_wconf 78' lang='lat' dir='ltr'><strong>EST.</strong></span> 
     </span>
    </p>
   </div>
   <div class='ocr_carea' id='block_1_50' title="bbox 536 4809 1828 4884">
    <p class='ocr_par' dir='ltr' id='par_1_50' title="bbox 536 4809 1828 4884">
     <span class='ocr_line' id='line_1_50' title="bbox 536 4809 1828 4884; baseline -0.007 -16"><span class='ocrx_word' id='word_1_251' title='bbox 536 4812 761 4884; x_wconf 85' lang='lat' dir='ltr'><strong>Spiritus</strong></span> <span class='ocrx_word' id='word_1_252' title='bbox 790 4810 1050 4865; x_wconf 75' lang='lat' dir='ltr'><strong>exhausto</strong></span> <span class='ocrx_word' id='word_1_253' title='bbox 1078 4811 1182 4864; x_wconf 78' lang='grc' dir='ltr'><strong>νυιὶ</strong></span> <span class='ocrx_word' id='word_1_254' title='bbox 1211 4820 1265 4863; x_wconf 91' lang='lat' dir='ltr'><strong>at</strong></span> <span class='ocrx_word' id='word_1_255' title='bbox 1298 4809 1649 4877; x_wconf 71' lang='lat' dir='ltr'><strong>praetulit-iens</strong></span> <span class='ocrx_word' id='word_1_256' title='bbox 1676 4821 1828 4859; x_wconf 80' lang='lat' dir='ltr'><strong>auio.</strong></span> 
     </span>
    </p>
   </div>
   <div class='ocr_carea' id='block_1_51' title="bbox 543 4918 2056 4993">
    <p class='ocr_par' dir='ltr' id='par_1_51' title="bbox 543 4918 2056 4993">
     <span class='ocr_line' id='line_1_51' title="bbox 543 4918 2056 4993; baseline -0.006 -12"><span class='ocrx_word' id='word_1_257' title='bbox 543 4929 557 4958; x_wconf 86' lang='grc'>¹</span> <span class='ocrx_word' id='word_1_258' title='bbox 587 4927 714 4981; x_wconf 82' lang='lat' dir='ltr'><strong>Ante</strong></span> <span class='ocrx_word' id='word_1_259' title='bbox 755 4923 1017 4993; x_wconf 66' lang='lat' dir='ltr'><strong>enimvana]</strong></span> <span class='ocrx_word' id='word_1_260' title='bbox 1059 4923 1256 4977; x_wconf 89' lang='lat' dir='ltr'><strong>Cellam</strong></span> <span class='ocrx_word' id='word_1_261' title='bbox 1303 4921 1583 4976; x_wconf 75' lang='lat' dir='ltr'><strong>vinariam.</strong></span> <span class='ocrx_word' id='word_1_262' title='bbox 1636 4920 1691 4972; x_wconf 87' lang='lat' dir='ltr'><strong>S.</strong></span> <span class='ocrx_word' id='word_1_263' title='bbox 1728 4918 2056 4993; x_wconf 71' lang='lat' dir='ltr'><strong>Augustinus</strong></span> 
     </span>
    </p>
   </div>
   <div class='ocr_carea' id='block_1_52' title="bbox 470 4990 2052 5062">
    <p class='ocr_par' dir='ltr' id='par_1_52' title="bbox 470 4990 2052 5062">
     <span class='ocr_line' id='line_1_52' title="bbox 470 4990 2052 5062; baseline -0.008 -7"><span class='ocrx_word' id='word_1_264' title='bbox 470 5013 719 5055; x_wconf 82' lang='lat' dir='ltr'><strong>sermone</strong></span> <span class='ocrx_word' id='word_1_265' title='bbox 749 4996 808 5050; x_wconf 82' lang='lat' dir='ltr'><strong>(il</strong></span> <span class='ocrx_word' id='word_1_266' title='bbox 844 4997 910 5050; x_wconf 87' lang='lat' dir='ltr'><strong>de</strong></span> <span class='ocrx_word' id='word_1_267' title='bbox 940 4990 1204 5062; x_wconf 82' lang='lat' dir='ltr'><strong>Tempore</strong></span> <span class='ocrx_word' id='word_1_268' title='bbox 1232 5010 1246 5048; x_wconf 92' lang='lat'>:</span> <span class='ocrx_word' id='word_1_269' title='bbox 1281 4992 1443 5046; x_wconf 83' lang='lat' dir='ltr'><strong>Multa</strong></span> <span class='ocrx_word' id='word_1_270' title='bbox 1474 5001 1589 5042; x_wconf 75' lang='lat' dir='ltr'><strong>sunt</strong></span> <span class='ocrx_word' id='word_1_271' title='bbox 1623 5004 1737 5057; x_wconf 77' lang='lat' dir='ltr'><strong>qua:</strong></span> <span class='ocrx_word' id='word_1_272' title='bbox 1766 4992 1828 5042; x_wconf 80' lang='lat' dir='ltr'><strong>de</strong></span> <span class='ocrx_word' id='word_1_273' title='bbox 1851 4992 2052 5055; x_wconf 71' lang='lat' dir='ltr'><strong>horreo,</strong></span> 
     </span>
    </p>
   </div>
   <div class='ocr_carea' id='block_1_53' title="bbox 471 5065 2049 5132">
    <p class='ocr_par' dir='ltr' id='par_1_53' title="bbox 471 5065 2049 5132">
     <span class='ocr_line' id='line_1_53' title="bbox 471 5065 2049 5132; baseline -0.006 -9"><span class='ocrx_word' id='word_1_274' title='bbox 471 5086 680 5125; x_wconf 86' lang='lat' dir='ltr'><strong>canava.</strong></span> <span class='ocrx_word' id='word_1_275' title='bbox 713 5067 791 5118; x_wconf 79' lang='lat' dir='ltr'><strong>rel</strong></span> <span class='ocrx_word' id='word_1_276' title='bbox 827 5065 1035 5119; x_wconf 76' lang='lat' dir='ltr'><strong>re&#39;lario</strong></span> <span class='ocrx_word' id='word_1_277' title='bbox 1070 5065 1337 5132; x_wconf 72' lang='lat' dir='ltr'><strong>aliquoties</strong></span> <span class='ocrx_word' id='word_1_278' title='bbox 1372 5070 1597 5125; x_wconf 65' lang='lat' dir='ltr'><strong>pio&#39;erre</strong></span> <span class='ocrx_word' id='word_1_279' title='bbox 1626 5078 1726 5113; x_wconf 85' lang='lat' dir='ltr'><strong>non</strong></span> <span class='ocrx_word' id='word_1_280' title='bbox 1759 5077 2049 5130; x_wconf 76' lang='lat' dir='ltr'><strong>possumus.</strong></span> 
     </span>
    </p>
   </div>
   <div class='ocr_carea' id='block_1_54' title="bbox 471 5134 2051 5203">
    <p class='ocr_par' dir='ltr' id='par_1_54' title="bbox 471 5134 2051 5203">
     <span class='ocr_line' id='line_1_54' title="bbox 471 5134 2051 5203; baseline -0.008 -7"><span class='ocrx_word' id='word_1_281' title='bbox 471 5142 702 5196; x_wconf 88' lang='lat' dir='ltr'><strong>Isidorus</strong></span> <span class='ocrx_word' id='word_1_282' title='bbox 742 5137 793 5191; x_wconf 86' lang='lat' dir='ltr'><strong>in</strong></span> <span class='ocrx_word' id='word_1_283' title='bbox 827 5136 1049 5201; x_wconf 77' lang='lat' dir='ltr'><strong>Glossis,</strong></span> <span class='ocrx_word' id='word_1_284' title='bbox 1086 5134 1307 5199; x_wconf 80' lang='lat' dir='ltr'><strong>Cannvrt,</strong></span> <span class='ocrx_word' id='word_1_285' title='bbox 1342 5149 1540 5185; x_wconf 70' lang='lat' dir='ltr'><strong>camera</strong></span> <span class='ocrx_word' id='word_1_286' title='bbox 1576 5140 1685 5203; x_wconf 81' lang='lat' dir='ltr'><strong>post</strong></span> <span class='ocrx_word' id='word_1_287' title='bbox 1717 5134 2051 5185; x_wconf 77' lang='lat' dir='ltr'><strong>cwnaculum.</strong></span> 
     </span>
    </p>
   </div>
   <div class='ocr_carea' id='block_1_55' title="bbox 472 5203 2051 5276">
    <p class='ocr_par' dir='ltr' id='par_1_55' title="bbox 472 5203 2051 5276">
     <span class='ocr_line' id='line_1_55' title="bbox 472 5203 2051 5276; baseline -0.006 -10"><span class='ocrx_word' id='word_1_288' title='bbox 472 5215 775 5267; x_wconf 80' lang='lat' dir='ltr'><strong>Cauevaros</strong></span> <span class='ocrx_word' id='word_1_289' title='bbox 816 5207 1079 5276; x_wconf 84' lang='lat' dir='ltr'><strong>hodieque</strong></span> <span class='ocrx_word' id='word_1_290' title='bbox 1124 5206 1235 5259; x_wconf 87' lang='lat' dir='ltr'><strong>Itali</strong></span> <span class='ocrx_word' id='word_1_291' title='bbox 1280 5214 1471 5258; x_wconf 64' lang='lat' dir='ltr'><strong>vorant</strong></span> <span class='ocrx_word' id='word_1_292' title='bbox 1519 5203 1803 5273; x_wconf 76' lang='lat' dir='ltr'><strong>pincernas</strong></span> <span class='ocrx_word' id='word_1_293' title='bbox 1835 5204 1915 5257; x_wconf 87' lang='lat' dir='ltr'><strong>vel</strong></span> <span class='ocrx_word' id='word_1_294' title='bbox 1961 5218 2051 5256; x_wconf 82' lang='lat' dir='ltr'><strong>ca-</strong></span> 
     </span>
    </p>
   </div>
   <div class='ocr_carea' id='block_1_56' title="bbox 472 5281 984 5348">
    <p class='ocr_par' dir='ltr' id='par_1_56' title="bbox 472 5281 984 5348">
     <span class='ocr_line' id='line_1_56' title="bbox 472 5281 984 5348; baseline -0.016 -10"><span class='ocrx_word' id='word_1_295' title='bbox 472 5298 619 5339; x_wconf 69' lang='lat' dir='ltr'><strong>navae</strong></span> <span class='ocrx_word' id='word_1_296' title='bbox 653 5281 984 5348; x_wconf 66' lang='lat' dir='ltr'><strong>praepositos.</strong></span> 
     </span>
    </p>
   </div>
   <div class='ocr_carea' id='block_1_57' title="bbox 540 5344 2056 5418">
    <p class='ocr_par' dir='ltr' id='par_1_57' title="bbox 540 5344 2056 5418">
     <span class='ocr_line' id='line_1_57' title="bbox 540 5344 2056 5418; baseline -0.007 -13"><span class='ocrx_word' id='word_1_297' title='bbox 540 5356 559 5385; x_wconf 84' lang='grc'>¹</span> <span class='ocrx_word' id='word_1_298' title='bbox 589 5344 664 5404; x_wconf 74' lang='lat' dir='ltr'><strong>De</strong></span> <span class='ocrx_word' id='word_1_299' title='bbox 686 5347 900 5403; x_wconf 82' lang='lat' dir='ltr'><strong>Murena</strong></span> <span class='ocrx_word' id='word_1_300' title='bbox 931 5345 1023 5402; x_wconf 81' lang='lat' dir='ltr'><strong>iul.</strong></span> <span class='ocrx_word' id='word_1_301' title='bbox 1058 5346 1122 5418; x_wconf 60' lang='lat' dir='ltr'><strong>ﬂ]</strong></span> <span class='ocrx_word' id='word_1_302' title='bbox 1155 5348 1263 5401; x_wconf 88' lang='lat' dir='ltr'><strong>Iloe</strong></span> <span class='ocrx_word' id='word_1_303' title='bbox 1288 5356 1385 5418; x_wconf 85' lang='lat' dir='ltr'><strong>est</strong></span> <span class='ocrx_word' id='word_1_304' title='bbox 1416 5347 1640 5418; x_wconf 66' lang='lat' dir='ltr'><strong>inlustris</strong></span> <span class='ocrx_word' id='word_1_305' title='bbox 1666 5344 1870 5418; x_wconf 72' lang='lat' dir='ltr'><strong>femina:</strong></span> <span class='ocrx_word' id='word_1_306' title='bbox 1899 5359 1916 5396; x_wconf 88' lang='lat'><em>:</em></span> <span class='ocrx_word' id='word_1_307' title='bbox 1949 5345 2056 5418; x_wconf 68' lang='lat' dir='ltr'><strong>for-</strong></span> 
     </span>
    </p>
   </div>
   <div class='ocr_carea' id='block_1_58' title="bbox 475 5412 2047 5485">
    <p class='ocr_par' dir='ltr' id='par_1_58' title="bbox 475 5412 2047 5485">
     <span class='ocr_line' id='line_1_58' title="bbox 475 5412 2047 5485; baseline -0.006 -8"><span class='ocrx_word' id='word_1_308' title='bbox 475 5437 613 5478; x_wconf 83' lang='lat' dir='ltr'><strong>tasse</strong></span> <span class='ocrx_word' id='word_1_309' title='bbox 640 5423 889 5476; x_wconf 73' lang='lat' dir='ltr'><strong>Firmium</strong></span> <span class='ocrx_word' id='word_1_310' title='bbox 919 5434 931 5473; x_wconf 86' lang='lat'><strong>:</strong></span> <span class='ocrx_word' id='word_1_311' title='bbox 969 5420 1019 5472; x_wconf 88' lang='lat' dir='ltr'><strong>itt</strong></span> <span class='ocrx_word' id='word_1_312' title='bbox 1058 5412 1211 5485; x_wconf 67' lang='lat' dir='ltr'><strong>cuius</strong></span> <span class='ocrx_word' id='word_1_313' title='bbox 1246 5417 1461 5470; x_wconf 90' lang='lat' dir='ltr'><strong>anulum</strong></span> <span class='ocrx_word' id='word_1_314' title='bbox 1503 5416 1629 5468; x_wconf 90' lang='lat' dir='ltr'><strong>lusit</strong></span> <span class='ocrx_word' id='word_1_315' title='bbox 1664 5412 1921 5485; x_wconf 87' lang='lat' dir='ltr'><strong>epigram.</strong></span> <span class='ocrx_word' id='word_1_316' title='bbox 1958 5416 2047 5477; x_wconf 83' lang='lat'><strong>97,</strong></span> 
     </span>
    </p>
   </div>
   <div class='ocr_carea' id='block_1_59' title="bbox 475 5484 2049 5557">
    <p class='ocr_par' dir='ltr' id='par_1_59' title="bbox 475 5484 2049 5557">
     <span class='ocr_line' id='line_1_59' title="bbox 475 5484 2049 5557; baseline -0.008 -10"><span class='ocrx_word' id='word_1_317' title='bbox 475 5509 614 5547; x_wconf 87' lang='lat' dir='ltr'><strong>nunc</strong></span> <span class='ocrx_word' id='word_1_318' title='bbox 642 5494 690 5545; x_wconf 87' lang='lat' dir='ltr'><strong>iu</strong></span> <span class='ocrx_word' id='word_1_319' title='bbox 717 5493 831 5557; x_wconf 79' lang='lat' dir='ltr'><strong>ejus</strong></span> <span class='ocrx_word' id='word_1_320' title='bbox 859 5484 1213 5551; x_wconf 83' lang='lat' dir='ltr'><strong>mureunlain,</strong></span> <span class='ocrx_word' id='word_1_321' title='bbox 1246 5490 1345 5542; x_wconf 90' lang='lat' dir='ltr'><strong>hoc</strong></span> <span class='ocrx_word' id='word_1_322' title='bbox 1372 5500 1452 5542; x_wconf 89' lang='lat' dir='ltr'><strong>est</strong></span> <span class='ocrx_word' id='word_1_323' title='bbox 1480 5484 1779 5538; x_wconf 81' lang='lat' dir='ltr'><strong>catennlatn</strong></span> <span class='ocrx_word' id='word_1_324' title='bbox 1809 5498 2049 5557; x_wconf 73' lang='lat' dir='ltr'><strong>auream,</strong></span> 
     </span>
    </p>
   </div>
   <div class='ocr_carea' id='block_1_60' title="bbox 477 5552 2053 5626">
    <p class='ocr_par' dir='ltr' id='par_1_60' title="bbox 477 5552 2053 5626">
     <span class='ocr_line' id='line_1_60' title="bbox 477 5552 2053 5626; baseline -0.003 -14"><span class='ocrx_word' id='word_1_325' title='bbox 477 5564 558 5615; x_wconf 74' lang='lat' dir='ltr'><strong>nni</strong></span> <span class='ocrx_word' id='word_1_326' title='bbox 608 5552 895 5617; x_wconf 81' lang='lat' dir='ltr'><strong>similitudo</strong></span> <span class='ocrx_word' id='word_1_327' title='bbox 944 5561 1101 5626; x_wconf 78' lang='lat' dir='ltr'><strong>piscis</strong></span> <span class='ocrx_word' id='word_1_328' title='bbox 1149 5576 1342 5612; x_wconf 88' lang='lat' dir='ltr'><strong>nomen</strong></span> <span class='ocrx_word' id='word_1_329' title='bbox 1399 5558 1521 5611; x_wconf 86' lang='lat' dir='ltr'><strong>fecit</strong></span> <span class='ocrx_word' id='word_1_330' title='bbox 1570 5571 1584 5626; x_wconf 15' lang='grc' dir='ltr'><strong>εν</strong></span> <span class='ocrx_word' id='word_1_331' title='bbox 1637 5568 1754 5607; x_wconf 83' lang='lat' dir='ltr'><strong>eam</strong></span> <span class='ocrx_word' id='word_1_332' title='bbox 1800 5552 2053 5607; x_wconf 83' lang='lat' dir='ltr'><strong>describit</strong></span> 
     </span>
    </p>
   </div>
   <div class='ocr_carea' id='block_1_61' title="bbox 480 5625 2054 5701">
    <p class='ocr_par' dir='ltr' id='par_1_61' title="bbox 480 5625 2054 5701">
     <span class='ocr_line' id='line_1_61' title="bbox 480 5625 2054 5701; baseline -0.005 -17"><span class='ocrx_word' id='word_1_333' title='bbox 480 5632 825 5701; x_wconf 33' lang='lat' dir='ltr'><strong>Ilterouyntu-</strong></span> <span class='ocrx_word' id='word_1_334' title='bbox 854 5632 917 5683; x_wconf 87' lang='lat' dir='ltr'><strong>ad</strong></span> <span class='ocrx_word' id='word_1_335' title='bbox 943 5630 1242 5686; x_wconf 77' lang='lat' dir='ltr'><strong>Marcellam</strong></span> <span class='ocrx_word' id='word_1_336' title='bbox 1264 5630 1419 5695; x_wconf 77' lang='lat' dir='ltr'><strong>epist.</strong></span> <span class='ocrx_word' id='word_1_337' title='bbox 1550 5625 1793 5701; x_wconf 54' lang='lat' dir='ltr'><strong>lliurgnas</strong></span> <span class='ocrx_word' id='word_1_338' title='bbox 1822 5638 1915 5701; x_wconf 69' lang='lat' dir='ltr'><strong>pro</strong></span> <span class='ocrx_word' id='word_1_339' title='bbox 1939 5640 2054 5677; x_wconf 84' lang='lat' dir='ltr'><strong>mu-</strong></span> 
     </span>
    </p>
   </div>
   <div class='ocr_carea' id='block_1_62' title="bbox 482 5692 2048 5769">
    <p class='ocr_par' dir='ltr' id='par_1_62' title="bbox 482 5692 2048 5769">
     <span class='ocr_line' id='line_1_62' title="bbox 482 5692 2048 5769; baseline -0.004 -15"><span class='ocrx_word' id='word_1_340' title='bbox 482 5692 694 5754; x_wconf 39' lang='lat' dir='ltr'><strong>renulis‘</strong></span> <span class='ocrx_word' id='word_1_341' title='bbox 720 5704 1020 5769; x_wconf 83' lang='lat' dir='ltr'><strong>frequenter</strong></span> <span class='ocrx_word' id='word_1_342' title='bbox 1052 5702 1209 5754; x_wconf 69' lang='lat' dir='ltr'><strong>ito-rat</strong></span> <span class='ocrx_word' id='word_1_343' title='bbox 1241 5692 1550 5769; x_wconf 80' lang='lat' dir='ltr'><strong>Anastasius</strong></span> <span class='ocrx_word' id='word_1_344' title='bbox 1584 5698 1633 5769; x_wconf 85' lang='lat' dir='ltr'><strong>in</strong></span> <span class='ocrx_word' id='word_1_345' title='bbox 1665 5692 1922 5769; x_wconf 54' lang='lat' dir='ltr'><strong>Gregorio</strong></span> <span class='ocrx_word' id='word_1_346' title='bbox 1958 5709 2003 5745; x_wconf 86' lang='lat' dir='ltr'><strong>tv</strong></span> <span class='ocrx_word' id='word_1_347' title='bbox 2036 5712 2048 5747; x_wconf 88' lang='lat'><strong>:</strong></span> 
     </span>
    </p>
   </div>
   <div class='ocr_carea' id='block_1_63' title="bbox 483 5762 2053 5839">
    <p class='ocr_par' dir='ltr' id='par_1_63' title="bbox 483 5762 2053 5839">
     <span class='ocr_line' id='line_1_63' title="bbox 483 5762 2053 5839; baseline -0.004 -14"><span class='ocrx_word' id='word_1_348' title='bbox 483 5771 747 5825; x_wconf 69' lang='lat' dir='ltr'><strong>Murenam</strong></span> <span class='ocrx_word' id='word_1_349' title='bbox 781 5762 829 5822; x_wconf 74' lang='lat' dir='ltr'><strong>iii</strong></span> <span class='ocrx_word' id='word_1_350' title='bbox 859 5788 957 5839; x_wconf 77' lang='lat' dir='ltr'><strong>qua</strong></span> <span class='ocrx_word' id='word_1_351' title='bbox 982 5772 1199 5839; x_wconf 85' lang='lat' dir='ltr'><strong>pendent</strong></span> <span class='ocrx_word' id='word_1_352' title='bbox 1225 5786 1429 5837; x_wconf 69' lang='lat' dir='ltr'><strong>gt‘tltlllll.’</strong></span> <span class='ocrx_word' id='word_1_353' title='bbox 1451 5762 1785 5839; x_wconf 70' lang='lat' dir='ltr'><strong>hyacinthij</strong></span> <span class='ocrx_word' id='word_1_354' title='bbox 1815 5764 1902 5828; x_wconf 75' lang='lat' dir='ltr'><strong>I5;</strong></span> <span class='ocrx_word' id='word_1_355' title='bbox 1931 5766 2053 5819; x_wconf 85' lang='lat' dir='ltr'><strong>item</strong></span> 
     </span>
    </p>
   </div>
   <div class='ocr_carea' id='block_1_64' title="bbox 484 5835 2053 5906">
    <p class='ocr_par' dir='ltr' id='par_1_64' title="bbox 484 5835 2053 5906">
     <span class='ocr_line' id='line_1_64' title="bbox 484 5835 2053 5906; baseline -0.003 -11"><span class='ocrx_word' id='word_1_356' title='bbox 484 5858 716 5897; x_wconf 78' lang='lat' dir='ltr'><strong>mnt&#39;entts</strong></span> <span class='ocrx_word' id='word_1_357' title='bbox 762 5835 1062 5906; x_wconf 50' lang='lat' dir='ltr'><strong>pras&#39;inttle&#39;,</strong></span> <span class='ocrx_word' id='word_1_358' title='bbox 1104 5850 1156 5895; x_wconf 86' lang='lat' dir='ltr'><strong>et</strong></span> <span class='ocrx_word' id='word_1_359' title='bbox 1200 5835 1465 5895; x_wconf 78' lang='lat' dir='ltr'><strong>murenam</strong></span> <span class='ocrx_word' id='word_1_360' title='bbox 1492 5835 1750 5905; x_wconf 81' lang='lat' dir='ltr'><strong>triﬁlem,</strong></span> <span class='ocrx_word' id='word_1_361' title='bbox 1791 5850 2053 5891; x_wconf 82' lang='lat' dir='ltr'><strong>murenam</strong></span> 
     </span>
    </p>
   </div>
   <div class='ocr_carea' id='block_1_65' title="bbox 2008 4546 2127 4628">
    <p class='ocr_par' dir='ltr' id='par_1_65' title="bbox 2008 4546 2127 4628">
     <span class='ocr_line' id='line_1_65' title="bbox 2008 4546 2127 4628; baseline -0.008 1"><span class='ocrx_word' id='word_1_362' title='bbox 2008 4546 2009 4549; x_wconf 6' lang='grc' dir='ltr'>γ</span> <span class='ocrx_word' id='word_1_363' title='bbox 2080 4570 2127 4628; x_wconf 88' lang='lat' dir='ltr'><strong>o</strong></span> 
     </span>
    </p>
   </div>
   <div class='ocr_carea' id='block_1_66' title="bbox 1571 312 3716 386">
    <p class='ocr_par' dir='ltr' id='par_1_66' title="bbox 1571 312 3716 386">
     <span class='ocr_line' id='line_1_66' title="bbox 1571 312 3716 386; baseline -0.009 0"><span class='ocrx_word' id='word_1_364' title='bbox 1571 327 1843 386; x_wconf 72' lang='lat' dir='ltr'><strong>ENNODII</strong></span> <span class='ocrx_word' id='word_1_365' title='bbox 1886 322 2184 383; x_wconf 81' lang='lat' dir='ltr'><strong>EPISCOPI</strong></span> <span class='ocrx_word' id='word_1_366' title='bbox 2226 318 2403 376; x_wconf 77' lang='lat' dir='ltr'><strong>TICIN</strong></span> <span class='ocrx_word' id='word_1_367' title='bbox 2417 319 2602 376; x_wconf 62' lang='lat' dir='ltr'><strong>.gNSIS</strong></span> <span class='ocrx_word' id='word_1_368' title='bbox 3623 312 3716 368; x_wconf 66' lang='lat' dir='ltr'><strong>3M</strong></span> 
     </span>
    </p>
   </div>
   <div class='ocr_carea' id='block_1_67' title="bbox 2064 426 3653 500">
    <p class='ocr_par' dir='ltr' id='par_1_67' title="bbox 2064 426 3653 500">
     <span class='ocr_line' id='line_1_67' title="bbox 2064 426 3653 500; baseline -0.008 -12"><span class='ocrx_word' id='word_1_369' title='bbox 2064 440 2113 500; x_wconf 76' lang='grc' dir='ltr'><strong>Α</strong></span> <span class='ocrx_word' id='word_1_370' title='bbox 2213 432 2451 487; x_wconf 72' lang='lat' dir='ltr'><strong>Cantlnla</strong></span> <span class='ocrx_word' id='word_1_371' title='bbox 2487 432 2741 485; x_wconf 87' lang='lat' dir='ltr'><strong>lassatum</strong></span> <span class='ocrx_word' id='word_1_372' title='bbox 2774 430 2859 483; x_wconf 83' lang='lat' dir='ltr'><strong>vix</strong></span> <span class='ocrx_word' id='word_1_373' title='bbox 2894 430 3060 500; x_wconf 89' lang='lat' dir='ltr'><strong>tangit</strong></span> <span class='ocrx_word' id='word_1_374' title='bbox 3089 428 3326 485; x_wconf 87' lang='lat' dir='ltr'><strong>membra</strong></span> <span class='ocrx_word' id='word_1_375' title='bbox 3356 426 3653 483; x_wconf 88' lang='lat' dir='ltr'><strong>metallum.</strong></span> 
     </span>
    </p>
   </div>
   <div class='ocr_carea' id='block_1_68' title="bbox 2213 516 3438 589">
    <p class='ocr_par' dir='ltr' id='par_1_68' title="bbox 2213 516 3438 589">
     <span class='ocr_line' id='line_1_68' title="bbox 2213 516 3438 589; baseline -0.001 -16"><span class='ocrx_word' id='word_1_376' title='bbox 2213 521 2417 574; x_wconf 80' lang='lat' dir='ltr'><strong>Aftlixit</strong></span> <span class='ocrx_word' id='word_1_377' title='bbox 2446 519 2652 589; x_wconf 86' lang='lat' dir='ltr'><strong>pondus</strong></span> <span class='ocrx_word' id='word_1_378' title='bbox 2684 516 2911 589; x_wconf 88' lang='lat' dir='ltr'><strong>pretium</strong></span> <span class='ocrx_word' id='word_1_379' title='bbox 2950 518 3183 573; x_wconf 82' lang='lat' dir='ltr'><strong>fornacis</strong></span> <span class='ocrx_word' id='word_1_380' title='bbox 3213 518 3438 572; x_wconf 67' lang='lat' dir='ltr'><strong>anhelae.</strong></span> 
     </span>
    </p>
   </div>
   <div class='ocr_carea' id='block_1_69' title="bbox 2824 605 3033 661">
    <p class='ocr_par' dir='ltr' id='par_1_69' title="bbox 2824 605 3033 661">
     <span class='ocr_line' id='line_1_69' title="bbox 2824 605 3033 661; baseline -0.01 1"><span class='ocrx_word' id='word_1_381' title='bbox 2824 605 3033 661; x_wconf 82' lang='lat' dir='ltr'><strong>XLVII.</strong></span> 
     </span>
    </p>
   </div>
   <div class='ocr_carea' id='block_1_70' title="bbox 2827 713 3041 752">
    <p class='ocr_par' dir='ltr' id='par_1_70' title="bbox 2827 713 3041 752">
     <span class='ocr_line' id='line_1_70' title="bbox 2827 713 3041 752; baseline 0.005 -1"><span class='ocrx_word' id='word_1_382' title='bbox 2827 713 3041 752; x_wconf 72' lang='lat' dir='ltr'><strong>ALITER.</strong></span> 
     </span>
    </p>
   </div>
   <div class='ocr_carea' id='block_1_71' title="bbox 2206 785 3473 856">
    <p class='ocr_par' dir='ltr' id='par_1_71' title="bbox 2206 785 3473 856">
     <span class='ocr_line' id='line_1_71' title="bbox 2206 785 3473 856; baseline -0.004 -14"><span class='ocrx_word' id='word_1_383' title='bbox 2206 788 2380 843; x_wconf 75' lang='lat' dir='ltr'><strong>Aurea</strong></span> <span class='ocrx_word' id='word_1_384' title='bbox 2411 801 2505 856; x_wconf 91' lang='lat' dir='ltr'><strong>per</strong></span> <span class='ocrx_word' id='word_1_385' title='bbox 2533 786 2755 841; x_wconf 89' lang='lat' dir='ltr'><strong>nebulas</strong></span> <span class='ocrx_word' id='word_1_386' title='bbox 2786 786 3035 840; x_wconf 87' lang='lat' dir='ltr'><strong>dissolvit</strong></span> <span class='ocrx_word' id='word_1_387' title='bbox 3069 786 3151 838; x_wconf 89' lang='lat' dir='ltr'><strong>ﬁla</strong></span> <span class='ocrx_word' id='word_1_388' title='bbox 3182 785 3434 854; x_wconf 83' lang='lat' dir='ltr'><strong>magister</strong></span> <span class='ocrx_word' id='word_1_389' title='bbox 3460 802 3473 837; x_wconf 79' lang='lat'><strong>.-</strong></span> 
     </span>
    </p>
   </div>
   <div class='ocr_carea' id='block_1_72' title="bbox 2279 873 3430 931">
    <p class='ocr_par' dir='ltr' id='par_1_72' title="bbox 2279 873 3430 931">
     <span class='ocr_line' id='line_1_72' title="bbox 2279 873 3430 931; baseline -0.002 0"><span class='ocrx_word' id='word_1_390' title='bbox 2279 876 2547 931; x_wconf 89' lang='lat' dir='ltr'><strong>Luserunt</strong></span> <span class='ocrx_word' id='word_1_391' title='bbox 2572 876 2774 930; x_wconf 90' lang='lat' dir='ltr'><strong>dociles</strong></span> <span class='ocrx_word' id='word_1_392' title='bbox 2805 874 3018 929; x_wconf 83' lang='lat' dir='ltr'><strong>ﬂamina</strong></span> <span class='ocrx_word' id='word_1_393' title='bbox 3052 873 3192 928; x_wconf 84' lang='lat' dir='ltr'><strong>fulva</strong></span> <span class='ocrx_word' id='word_1_394' title='bbox 3224 888 3430 929; x_wconf 89' lang='lat' dir='ltr'><strong>manus.</strong></span> 
     </span>
    </p>
   </div>
   <div class='ocr_carea' id='block_1_73' title="bbox 2812 962 3042 1017">
    <p class='ocr_par' dir='ltr' id='par_1_73' title="bbox 2812 962 3042 1017">
     <span class='ocr_line' id='line_1_73' title="bbox 2812 962 3042 1017; baseline 0 0"><span class='ocrx_word' id='word_1_395' title='bbox 2812 962 3042 1017; x_wconf 81' lang='lat' dir='ltr'><strong>XLVIII.</strong></span> 
     </span>
    </p>
   </div>
   <div class='ocr_carea' id='block_1_74' title="bbox 2823 1072 3040 1110">
    <p class='ocr_par' dir='ltr' id='par_1_74' title="bbox 2823 1072 3040 1110">
     <span class='ocr_line' id='line_1_74' title="bbox 2823 1072 3040 1110; baseline -0.005 0"><span class='ocrx_word' id='word_1_396' title='bbox 2823 1072 3040 1110; x_wconf 75' lang='lat' dir='ltr'><strong>ALITER.</strong></span> 
     </span>
    </p>
   </div>
   <div class='ocr_carea' id='block_1_75' title="bbox 2204 1136 3560 1215">
    <p class='ocr_par' dir='ltr' id='par_1_75' title="bbox 2204 1136 3560 1215">
     <span class='ocr_line' id='line_1_75' title="bbox 2204 1136 3560 1215; baseline -0.008 -10"><span class='ocrx_word' id='word_1_397' title='bbox 2204 1146 2446 1205; x_wconf 88' lang='lat' dir='ltr'><strong>Contulit</strong></span> <span class='ocrx_word' id='word_1_398' title='bbox 2475 1148 2561 1203; x_wconf 91' lang='lat' dir='ltr'><strong>hic</strong></span> <span class='ocrx_word' id='word_1_399' title='bbox 2595 1144 2785 1202; x_wconf 87' lang='lat' dir='ltr'><strong>ventus</strong></span> <span class='ocrx_word' id='word_1_400' title='bbox 2818 1146 3038 1215; x_wconf 87' lang='lat' dir='ltr'><strong>pretiosi</strong></span> <span class='ocrx_word' id='word_1_401' title='bbox 3071 1136 3307 1200; x_wconf 86' lang='lat' dir='ltr'><strong>membra</strong></span> <span class='ocrx_word' id='word_1_402' title='bbox 3338 1142 3560 1198; x_wconf 89' lang='lat' dir='ltr'><strong>metalli.</strong></span> 
     </span>
    </p>
   </div>
   <div class='ocr_carea' id='block_1_76' title="bbox 2277 1232 3466 1307">
    <p class='ocr_par' dir='ltr' id='par_1_76' title="bbox 2277 1232 3466 1307">
     <span class='ocr_line' id='line_1_76' title="bbox 2277 1232 3466 1307; baseline -0.005 -15"><span class='ocrx_word' id='word_1_403' title='bbox 2277 1238 2428 1307; x_wconf 87' lang='lat' dir='ltr'><strong>Quod</strong></span> <span class='ocrx_word' id='word_1_404' title='bbox 2459 1241 2661 1292; x_wconf 80' lang='lat' dir='ltr'><strong>ﬁnxere</strong></span> <span class='ocrx_word' id='word_1_405' title='bbox 2692 1237 2900 1300; x_wconf 89' lang='lat' dir='ltr'><strong>timent,</strong></span> <span class='ocrx_word' id='word_1_406' title='bbox 2936 1249 3035 1289; x_wconf 88' lang='lat' dir='ltr'><strong>nec</strong></span> <span class='ocrx_word' id='word_1_407' title='bbox 3059 1237 3273 1305; x_wconf 89' lang='lat' dir='ltr'><strong>capiunt</strong></span> <span class='ocrx_word' id='word_1_408' title='bbox 3303 1232 3466 1288; x_wconf 85' lang='lat' dir='ltr'><strong>oculi.</strong></span> 
     </span>
    </p>
   </div>
   <div class='ocr_carea' id='block_1_77' title="bbox 2831 1323 3016 1378">
    <p class='ocr_par' dir='ltr' id='par_1_77' title="bbox 2831 1323 3016 1378">
     <span class='ocr_line' id='line_1_77' title="bbox 2831 1323 3016 1378; baseline -0.005 0"><span class='ocrx_word' id='word_1_409' title='bbox 2831 1323 3016 1378; x_wconf 87' lang='lat' dir='ltr'><strong>XLIX.</strong></span> 
     </span>
    </p>
   </div>
   <div class='ocr_carea' id='block_1_78' title="bbox 2817 1427 3031 1466">
    <p class='ocr_par' dir='ltr' id='par_1_78' title="bbox 2817 1427 3031 1466">
     <span class='ocr_line' id='line_1_78' title="bbox 2817 1427 3031 1466; baseline -0.005 0"><span class='ocrx_word' id='word_1_410' title='bbox 2817 1427 3031 1466; x_wconf 75' lang='lat' dir='ltr'><strong>ALITER.</strong></span> 
     </span>
    </p>
   </div>
   <div class='ocr_carea' id='block_1_79' title="bbox 2206 1498 3553 1568">
    <p class='ocr_par' dir='ltr' id='par_1_79' title="bbox 2206 1498 3553 1568">
     <span class='ocr_line' id='line_1_79' title="bbox 2206 1498 3553 1568; baseline -0.005 -8"><span class='ocrx_word' id='word_1_411' title='bbox 2206 1506 2301 1560; x_wconf 85' lang='lat' dir='ltr'><strong>Est</strong></span> <span class='ocrx_word' id='word_1_412' title='bbox 2329 1503 2481 1568; x_wconf 88' lang='lat' dir='ltr'><strong>nihil,</strong></span> <span class='ocrx_word' id='word_1_413' title='bbox 2515 1512 2569 1557; x_wconf 91' lang='lat' dir='ltr'><strong>et</strong></span> <span class='ocrx_word' id='word_1_414' title='bbox 2599 1511 2780 1566; x_wconf 84' lang='lat' dir='ltr'><strong>teneo,</strong></span> <span class='ocrx_word' id='word_1_415' title='bbox 2809 1501 3080 1556; x_wconf 81' lang='lat' dir='ltr'><strong>eonviucit</strong></span> <span class='ocrx_word' id='word_1_416' title='bbox 3107 1499 3327 1554; x_wconf 82' lang='lat' dir='ltr'><strong>dextera</strong></span> <span class='ocrx_word' id='word_1_417' title='bbox 3356 1498 3553 1553; x_wconf 76' lang='lat' dir='ltr'><strong>visum.</strong></span> 
     </span>
    </p>
   </div>
   <div class='ocr_carea' id='block_1_80' title="bbox 2205 1589 3508 1665">
    <p class='ocr_par' dir='ltr' id='par_1_80' title="bbox 2205 1589 3508 1665">
     <span class='ocr_line' id='line_1_80' title="bbox 2205 1589 3508 1665; baseline -0.006 -15"><span class='ocrx_word' id='word_1_418' title='bbox 2205 1595 2499 1665; x_wconf 83' lang='lat' dir='ltr'><strong>Stringitur</strong></span> <span class='ocrx_word' id='word_1_419' title='bbox 2528 1594 2750 1647; x_wconf 88' lang='lat' dir='ltr'><strong>arctatis</strong></span> <span class='ocrx_word' id='word_1_420' title='bbox 2780 1590 3065 1661; x_wconf 85' lang='lat' dir='ltr'><strong>digitorum</strong></span> <span class='ocrx_word' id='word_1_421' title='bbox 3094 1589 3327 1643; x_wconf 81' lang='lat' dir='ltr'><strong>nexibus</strong></span> <span class='ocrx_word' id='word_1_422' title='bbox 3355 1601 3508 1642; x_wconf 85' lang='lat' dir='ltr'><strong>aura.</strong></span> 
     </span>
    </p>
   </div>
   <div class='ocr_carea' id='block_1_81' title="bbox 2901 1679 2963 1733">
    <p class='ocr_par' dir='ltr' id='par_1_81' title="bbox 2901 1679 2963 1733">
     <span class='ocr_line' id='line_1_81' title="bbox 2901 1679 2963 1733; baseline -0.016 0"><span class='ocrx_word' id='word_1_423' title='bbox 2901 1679 2963 1733; x_wconf 88' lang='lat' dir='ltr'><strong>L.</strong></span> 
     </span>
    </p>
   </div>
   <div class='ocr_carea' id='block_1_82' title="bbox 2060 1778 3675 1864">
    <p class='ocr_par' dir='ltr' id='par_1_82' title="bbox 2060 1778 3675 1864">
     <span class='ocr_line' id='line_1_82' title="bbox 2060 1778 3675 1864; baseline -0.007 -37"><span class='ocrx_word' id='word_1_424' title='bbox 2060 1807 2107 1864; x_wconf 68' lang='grc' dir='ltr'>Β</span> <span class='ocrx_word' id='word_1_425' title='bbox 2187 1789 2252 1827; x_wconf 77' lang='lat' dir='ltr'><strong>DF.</strong></span> <span class='ocrx_word' id='word_1_426' title='bbox 2285 1786 2351 1825; x_wconf 80' lang='lat' dir='ltr'><strong>E0</strong></span> <span class='ocrx_word' id='word_1_427' title='bbox 2381 1786 2472 1835; x_wconf 76' lang='grc' dir='ltr'><strong>ρω</strong></span> <span class='ocrx_word' id='word_1_428' title='bbox 2504 1784 2653 1825; x_wconf 76' lang='lat' dir='ltr'><strong>FICUS</strong></span> <span class='ocrx_word' id='word_1_429' title='bbox 2684 1784 2897 1823; x_wconf 73' lang='lat' dir='ltr'><strong>INJNEBE</strong></span> <span class='ocrx_word' id='word_1_430' title='bbox 2931 1784 2996 1822; x_wconf 79' lang='grc' dir='ltr'><strong>ΕΤ</strong></span> <span class='ocrx_word' id='word_1_431' title='bbox 3024 1782 3295 1821; x_wconf 63' lang='grc' dir='ltr'><strong>τεεεειιλιι</strong></span> <span class='ocrx_word' id='word_1_432' title='bbox 3325 1780 3482 1819; x_wconf 69' lang='lat' dir='ltr'><strong>SIMUL</strong></span> <span class='ocrx_word' id='word_1_433' title='bbox 3512 1778 3675 1817; x_wconf 67' lang='lat' dir='ltr'><strong>IISI‘I.</strong></span> 
     </span>
    </p>
   </div>
   <div class='ocr_carea' id='block_1_83' title="bbox 2209 1854 3470 1925">
    <p class='ocr_par' dir='ltr' id='par_1_83' title="bbox 2209 1854 3470 1925">
     <span class='ocr_line' id='line_1_83' title="bbox 2209 1854 3470 1925; baseline -0.006 -11"><span class='ocrx_word' id='word_1_434' title='bbox 2209 1860 2450 1914; x_wconf 74' lang='lat' dir='ltr'><strong>Dnnnati</strong></span> <span class='ocrx_word' id='word_1_435' title='bbox 2481 1860 2502 1889; x_wconf 64' lang='grc'><strong>⁸</strong></span> <span class='ocrx_word' id='word_1_436' title='bbox 2535 1858 2737 1913; x_wconf 82' lang='lat' dir='ltr'><strong>fruetus</strong></span> <span class='ocrx_word' id='word_1_437' title='bbox 2770 1857 2932 1912; x_wconf 85' lang='lat' dir='ltr'><strong>mittit</strong></span> <span class='ocrx_word' id='word_1_438' title='bbox 2960 1866 3045 1910; x_wconf 91' lang='lat' dir='ltr'><strong>tua</strong></span> <span class='ocrx_word' id='word_1_439' title='bbox 3076 1857 3293 1910; x_wconf 83' lang='lat' dir='ltr'><strong>dextera</strong></span> <span class='ocrx_word' id='word_1_440' title='bbox 3322 1854 3470 1925; x_wconf 90' lang='lat' dir='ltr'><strong>ligni.</strong></span> 
     </span>
    </p>
   </div>
   <div class='ocr_carea' id='block_1_84' title="bbox 2201 1941 3670 2014">
    <p class='ocr_par' dir='ltr' id='par_1_84' title="bbox 2201 1941 3670 2014">
     <span class='ocr_line' id='line_1_84' title="bbox 2201 1941 3670 2014; baseline -0.008 -10"><span class='ocrx_word' id='word_1_441' title='bbox 2201 1950 2323 2005; x_wconf 75' lang='lat' dir='ltr'><strong>Ilzec</strong></span> <span class='ocrx_word' id='word_1_442' title='bbox 2357 1948 2627 2003; x_wconf 89' lang='lat' dir='ltr'><strong>hominem</strong></span> <span class='ocrx_word' id='word_1_443' title='bbox 2657 1949 2677 1978; x_wconf 81' lang='grc'>⁸</span> <span class='ocrx_word' id='word_1_444' title='bbox 2705 1946 2820 2001; x_wconf 90' lang='lat' dir='ltr'><strong>dira</strong></span> <span class='ocrx_word' id='word_1_445' title='bbox 2857 1945 3150 2014; x_wconf 88' lang='lat' dir='ltr'><strong>spoliarunt</strong></span> <span class='ocrx_word' id='word_1_446' title='bbox 3185 1943 3372 2013; x_wconf 90' lang='lat' dir='ltr'><strong>pabula</strong></span> <span class='ocrx_word' id='word_1_447' title='bbox 3408 1941 3670 2012; x_wconf 90' lang='lat' dir='ltr'><strong>primum,</strong></span> 
     </span>
    </p>
   </div>
   <div class='ocr_carea' id='block_1_85' title="bbox 2208 2029 3630 2106">
    <p class='ocr_par' dir='ltr' id='par_1_85' title="bbox 2208 2029 3630 2106">
     <span class='ocr_line' id='line_1_85' title="bbox 2208 2029 3630 2106; baseline -0.009 -12"><span class='ocrx_word' id='word_1_448' title='bbox 2208 2040 2282 2094; x_wconf 81' lang='lat' dir='ltr'><strong>Et</strong></span> <span class='ocrx_word' id='word_1_449' title='bbox 2307 2038 2485 2103; x_wconf 80' lang='lat' dir='ltr'><strong>nudis,</strong></span> <span class='ocrx_word' id='word_1_450' title='bbox 2520 2052 2768 2106; x_wconf 87' lang='lat' dir='ltr'><strong>serpens,</strong></span> <span class='ocrx_word' id='word_1_451' title='bbox 2802 2043 2919 2105; x_wconf 91' lang='lat' dir='ltr'><strong>post</strong></span> <span class='ocrx_word' id='word_1_452' title='bbox 2951 2033 3189 2088; x_wconf 88' lang='lat' dir='ltr'><strong>fraudem</strong></span> <span class='ocrx_word' id='word_1_453' title='bbox 3210 2042 3355 2086; x_wconf 88' lang='lat' dir='ltr'><strong>sorte</strong></span> <span class='ocrx_word' id='word_1_454' title='bbox 3383 2029 3630 2084; x_wconf 89' lang='lat' dir='ltr'><strong>minaris.</strong></span> 
     </span>
    </p>
   </div>
   <div class='ocr_carea' id='block_1_86' title="bbox 2210 2122 3627 2195">
    <p class='ocr_par' dir='ltr' id='par_1_86' title="bbox 2210 2122 3627 2195">
     <span class='ocr_line' id='line_1_86' title="bbox 2210 2122 3627 2195; baseline -0.008 -13"><span class='ocrx_word' id='word_1_455' title='bbox 2210 2128 2396 2191; x_wconf 80' lang='lat' dir='ltr'><strong>Parce,</strong></span> <span class='ocrx_word' id='word_1_456' title='bbox 2426 2141 2639 2195; x_wconf 90' lang='lat' dir='ltr'><strong>precor,</strong></span> <span class='ocrx_word' id='word_1_457' title='bbox 2668 2124 2825 2178; x_wconf 89' lang='lat' dir='ltr'><strong>donis</strong></span> <span class='ocrx_word' id='word_1_458' title='bbox 2858 2142 2869 2176; x_wconf 87' lang='lat'><strong>:</strong></span> <span class='ocrx_word' id='word_1_459' title='bbox 2903 2138 3057 2177; x_wconf 88' lang='lat' dir='ltr'><strong>casus</strong></span> <span class='ocrx_word' id='word_1_460' title='bbox 3086 2131 3137 2176; x_wconf 90' lang='lat' dir='ltr'><strong>et</strong></span> <span class='ocrx_word' id='word_1_461' title='bbox 3163 2122 3352 2175; x_wconf 87' lang='lat' dir='ltr'><strong>damna</strong></span> <span class='ocrx_word' id='word_1_462' title='bbox 3384 2136 3422 2174; x_wconf 65' lang='lat' dir='ltr'><strong>r.</strong></span> <span class='ocrx_word' id='word_1_463' title='bbox 3446 2133 3627 2173; x_wconf 87' lang='lat' dir='ltr'><strong>serva.</strong></span> 
     </span>
    </p>
   </div>
   <div class='ocr_carea' id='block_1_87' title="bbox 2207 2207 3480 2282">
    <p class='ocr_par' dir='ltr' id='par_1_87' title="bbox 2207 2207 3480 2282">
     <span class='ocr_line' id='line_1_87' title="bbox 2207 2207 3480 2282; baseline -0.008 -13"><span class='ocrx_word' id='word_1_464' title='bbox 2207 2215 2351 2282; x_wconf 87' lang='lat' dir='ltr'><strong>Quid</strong></span> <span class='ocrx_word' id='word_1_465' title='bbox 2377 2215 2616 2269; x_wconf 86' lang='lat' dir='ltr'><strong>nocitura</strong></span> <span class='ocrx_word' id='word_1_466' title='bbox 2651 2221 2804 2281; x_wconf 90' lang='lat' dir='ltr'><strong>putas</strong></span> <span class='ocrx_word' id='word_1_467' title='bbox 2834 2211 3066 2265; x_wconf 89' lang='lat' dir='ltr'><strong>insontis</strong></span> <span class='ocrx_word' id='word_1_468' title='bbox 3094 2225 3251 2280; x_wconf 85' lang='lat' dir='ltr'><strong>poma</strong></span> <span class='ocrx_word' id='word_1_469' title='bbox 3281 2207 3480 2262; x_wconf 83' lang='lat' dir='ltr'><strong>saluti?</strong></span> 
     </span>
    </p>
   </div>
   <div class='ocr_carea' id='block_1_88' title="bbox 2211 2296 3544 2366">
    <p class='ocr_par' dir='ltr' id='par_1_88' title="bbox 2211 2296 3544 2366">
     <span class='ocr_line' id='line_1_88' title="bbox 2211 2296 3544 2366; baseline -0.007 -9"><span class='ocrx_word' id='word_1_470' title='bbox 2211 2305 2351 2358; x_wconf 84' lang='lat' dir='ltr'><strong>Ante</strong></span> <span class='ocrx_word' id='word_1_471' title='bbox 2380 2304 2525 2357; x_wconf 81' lang='lat' dir='ltr'><strong>ferax</strong></span> <span class='ocrx_word' id='word_1_472' title='bbox 2554 2302 2683 2355; x_wconf 84' lang='lat' dir='ltr'><strong>letlii</strong></span> <span class='ocrx_word' id='word_1_473' title='bbox 2716 2311 2841 2353; x_wconf 91' lang='lat' dir='ltr'><strong>tunc</strong></span> <span class='ocrx_word' id='word_1_474' title='bbox 2870 2309 3093 2353; x_wconf 87' lang='lat' dir='ltr'><strong>mortem</strong></span> <span class='ocrx_word' id='word_1_475' title='bbox 3125 2298 3330 2366; x_wconf 90' lang='lat' dir='ltr'><strong>depulit</strong></span> <span class='ocrx_word' id='word_1_476' title='bbox 3359 2296 3544 2359; x_wconf 89' lang='lat' dir='ltr'><strong>arbor,</strong></span> 
     </span>
    </p>
   </div>
   <div class='ocr_carea' id='block_1_89' title="bbox 2217 2386 3558 2459">
    <p class='ocr_par' dir='ltr' id='par_1_89' title="bbox 2217 2386 3558 2459">
     <span class='ocr_line' id='line_1_89' title="bbox 2217 2386 3558 2459; baseline -0.005 -14"><span class='ocrx_word' id='word_1_477' title='bbox 2217 2391 2345 2445; x_wconf 80' lang='lat' dir='ltr'><strong>Fixa</strong></span> <span class='ocrx_word' id='word_1_478' title='bbox 2378 2389 2777 2459; x_wconf 69' lang='lat' dir='ltr'><strong>triumphigeris</strong></span> <span class='ocrx_word' id='word_1_479' title='bbox 2807 2403 2927 2442; x_wconf 92' lang='lat' dir='ltr'><strong>cum</strong></span> <span class='ocrx_word' id='word_1_480' title='bbox 2955 2386 3117 2441; x_wconf 80' lang='lat' dir='ltr'><strong>ramis</strong></span> <span class='ocrx_word' id='word_1_481' title='bbox 3148 2391 3249 2439; x_wconf 82' lang='lat' dir='ltr'><strong>v&#39;ta</strong></span> <span class='ocrx_word' id='word_1_482' title='bbox 3278 2386 3558 2456; x_wconf 81' lang='lat' dir='ltr'><strong>pependit.</strong></span> 
     </span>
    </p>
   </div>
   <div class='ocr_carea' id='block_1_90' title="bbox 2902 2476 2995 2530">
    <p class='ocr_par' dir='ltr' id='par_1_90' title="bbox 2902 2476 2995 2530">
     <span class='ocr_line' id='line_1_90' title="bbox 2902 2476 2995 2530; baseline -0.022 0"><span class='ocrx_word' id='word_1_483' title='bbox 2902 2476 2995 2530; x_wconf 57' lang='lat' dir='ltr'><strong>LI.</strong></span> 
     </span>
    </p>
   </div>
   <div class='ocr_carea' id='block_1_91' title="bbox 2572 2575 3307 2623">
    <p class='ocr_par' dir='ltr' id='par_1_91' title="bbox 2572 2575 3307 2623">
     <span class='ocr_line' id='line_1_91' title="bbox 2572 2575 3307 2623; baseline -0.007 0"><span class='ocrx_word' id='word_1_484' title='bbox 2572 2586 2637 2623; x_wconf 71' lang='grc' dir='ltr'><strong>Ι)ῑῖ</strong></span> <span class='ocrx_word' id='word_1_485' title='bbox 2678 2578 2956 2622; x_wconf 67' lang='grc' dir='ltr'><strong>Αυιτιτεηο</strong></span> <span class='ocrx_word' id='word_1_486' title='bbox 2998 2582 3060 2618; x_wconf 78' lang='grc' dir='ltr'><strong>ΕΤ</strong></span> <span class='ocrx_word' id='word_1_487' title='bbox 3100 2575 3307 2618; x_wconf 69' lang='grc' dir='ltr'><strong>1101.Ιέ1·“.»</strong></span> 
     </span>
    </p>
   </div>
   <div class='ocr_carea' id='block_1_92' title="bbox 2213 2652 3505 2728">
    <p class='ocr_par' dir='ltr' id='par_1_92' title="bbox 2213 2652 3505 2728">
     <span class='ocr_line' id='line_1_92' title="bbox 2213 2652 3505 2728; baseline -0.009 -11"><span class='ocrx_word' id='word_1_488' title='bbox 2213 2661 2403 2717; x_wconf 84' lang='lat' dir='ltr'><strong>Omnia</strong></span> <span class='ocrx_word' id='word_1_489' title='bbox 2432 2659 2741 2728; x_wconf 83' lang='lat' dir='ltr'><strong>mempliitis</strong></span> <span class='ocrx_word' id='word_1_490' title='bbox 2773 2657 3072 2711; x_wconf 89' lang='lat' dir='ltr'><strong>retinentur</strong></span> <span class='ocrx_word' id='word_1_491' title='bbox 3100 2653 3291 2707; x_wconf 64' lang='lat' dir='ltr'><strong>saecula</strong></span> <span class='ocrx_word' id='word_1_492' title='bbox 3323 2652 3505 2706; x_wconf 79' lang='lat' dir='ltr'><strong>textis.</strong></span> 
     </span>
    </p>
   </div>
   <div class='ocr_carea' id='block_1_93' title="bbox 2217 2739 3487 2817">
    <p class='ocr_par' dir='ltr' id='par_1_93' title="bbox 2217 2739 3487 2817">
     <span class='ocr_line' id='line_1_93' title="bbox 2217 2739 3487 2817; baseline -0.009 -12"><span class='ocrx_word' id='word_1_493' title='bbox 2217 2747 2448 2805; x_wconf 88' lang='lat' dir='ltr'><strong>Servivit</strong></span> <span class='ocrx_word' id='word_1_494' title='bbox 2476 2763 2743 2817; x_wconf 86' lang='lat' dir='ltr'><strong>nunquam</strong></span> <span class='ocrx_word' id='word_1_495' title='bbox 2771 2742 3087 2799; x_wconf 80' lang='lat' dir='ltr'><strong>Laurentius</strong></span> <span class='ocrx_word' id='word_1_496' title='bbox 3115 2752 3241 2796; x_wconf 86' lang='lat' dir='ltr'><strong>ante</strong></span> <span class='ocrx_word' id='word_1_497' title='bbox 3264 2739 3487 2805; x_wconf 62' lang='lat' dir='ltr'><strong>Ditroui,</strong></span> 
     </span>
    </p>
   </div>
   <div class='ocr_carea' id='block_1_94' title="bbox 2216 2828 3594 2901">
    <p class='ocr_par' dir='ltr' id='par_1_94' title="bbox 2216 2828 3594 2901">
     <span class='ocr_line' id='line_1_94' title="bbox 2216 2828 3594 2901; baseline -0.007 -9"><span class='ocrx_word' id='word_1_498' title='bbox 2216 2836 2324 2892; x_wconf 86' lang='lat' dir='ltr'><strong>Nec</strong></span> <span class='ocrx_word' id='word_1_499' title='bbox 2356 2837 2530 2891; x_wconf 87' lang='lat' dir='ltr'><strong>timuit</strong></span> <span class='ocrx_word' id='word_1_500' title='bbox 2561 2835 2764 2889; x_wconf 89' lang='lat' dir='ltr'><strong>validas</strong></span> <span class='ocrx_word' id='word_1_501' title='bbox 2794 2834 2917 2887; x_wconf 84' lang='lat' dir='ltr'><strong>vicit</strong></span> <span class='ocrx_word' id='word_1_502' title='bbox 2946 2831 3035 2901; x_wconf 85' lang='lat' dir='ltr'><strong>qui</strong></span> <span class='ocrx_word' id='word_1_503' title='bbox 3068 2845 3294 2899; x_wconf 86' lang='lat' dir='ltr'><strong>corpore</strong></span> <span class='ocrx_word' id='word_1_504' title='bbox 3322 2828 3594 2883; x_wconf 83' lang='lat' dir='ltr'><strong>ﬂammas.</strong></span> 
     </span>
    </p>
   </div>
   <div class='ocr_carea' id='block_1_95' title="bbox 2887 2919 2997 2974">
    <p class='ocr_par' dir='ltr' id='par_1_95' title="bbox 2887 2919 2997 2974">
     <span class='ocr_line' id='line_1_95' title="bbox 2887 2919 2997 2974; baseline 0 0"><span class='ocrx_word' id='word_1_505' title='bbox 2887 2919 2997 2974; x_wconf 86' lang='lat' dir='ltr'><strong>LII.</strong></span> 
     </span>
    </p>
   </div>
   <div class='ocr_carea' id='block_1_96' title="bbox 2831 3024 3042 3063">
    <p class='ocr_par' dir='ltr' id='par_1_96' title="bbox 2831 3024 3042 3063">
     <span class='ocr_line' id='line_1_96' title="bbox 2831 3024 3042 3063; baseline -0.024 0"><span class='ocrx_word' id='word_1_506' title='bbox 2831 3024 3042 3063; x_wconf 66' lang='lat' dir='ltr'><strong>ALITER.</strong></span> 
     </span>
    </p>
   </div>
   <div class='ocr_carea' id='block_1_97' title="bbox 2223 3096 3649 3169">
    <p class='ocr_par' dir='ltr' id='par_1_97' title="bbox 2223 3096 3649 3169">
     <span class='ocr_line' id='line_1_97' title="bbox 2223 3096 3649 3169; baseline -0.007 -12"><span class='ocrx_word' id='word_1_507' title='bbox 2223 3104 2314 3159; x_wconf 87' lang='lat' dir='ltr'><strong>Vir</strong></span> <span class='ocrx_word' id='word_1_508' title='bbox 2344 3103 2499 3169; x_wconf 90' lang='lat' dir='ltr'><strong>faeie,</strong></span> <span class='ocrx_word' id='word_1_509' title='bbox 2529 3101 2721 3156; x_wconf 89' lang='lat' dir='ltr'><strong>mulier</strong></span> <span class='ocrx_word' id='word_1_510' title='bbox 2750 3108 2926 3169; x_wconf 88' lang='lat' dir='ltr'><strong>gestu,</strong></span> <span class='ocrx_word' id='word_1_511' title='bbox 2955 3096 3049 3151; x_wconf 87' lang='lat' dir='ltr'><strong>sed</strong></span> <span class='ocrx_word' id='word_1_512' title='bbox 3090 3111 3247 3152; x_wconf 89' lang='lat' dir='ltr'><strong>crure</strong></span> <span class='ocrx_word' id='word_1_513' title='bbox 3277 3098 3415 3166; x_wconf 87' lang='lat' dir='ltr'><strong>quod</strong></span> <span class='ocrx_word' id='word_1_514' title='bbox 3446 3098 3649 3165; x_wconf 76' lang='lat' dir='ltr'><strong>ambo,</strong></span> 
     </span>
    </p>
   </div>
   <div class='ocr_carea' id='block_1_98' title="bbox 2221 3186 3426 3263">
    <p class='ocr_par' dir='ltr' id='par_1_98' title="bbox 2221 3186 3426 3263">
     <span class='ocr_line' id='line_1_98' title="bbox 2221 3186 3426 3263; baseline -0.006 -15"><span class='ocrx_word' id='word_1_515' title='bbox 2221 3192 2401 3263; x_wconf 85' lang='lat' dir='ltr'><strong>Jurgia</strong></span> <span class='ocrx_word' id='word_1_516' title='bbox 2439 3200 2643 3244; x_wconf 71' lang='lat' dir='ltr'><strong>natura:</strong></span> <span class='ocrx_word' id='word_1_517' title='bbox 2673 3189 2821 3243; x_wconf 89' lang='lat' dir='ltr'><strong>nullo</strong></span> <span class='ocrx_word' id='word_1_518' title='bbox 2847 3186 3157 3241; x_wconf 86' lang='lat' dir='ltr'><strong>discrimine</strong></span> <span class='ocrx_word' id='word_1_519' title='bbox 3187 3186 3426 3253; x_wconf 87' lang='lat' dir='ltr'><strong>solvens,</strong></span> 
     </span>
    </p>
   </div>
   <div class='ocr_carea' id='block_1_99' title="bbox 2219 3277 3448 3353">
    <p class='ocr_par' dir='ltr' id='par_1_99' title="bbox 2219 3277 3448 3353">
     <span class='ocr_line' id='line_1_99' title="bbox 2219 3277 3448 3353; baseline -0.007 -15"><span class='ocrx_word' id='word_1_520' title='bbox 2219 3283 2291 3338; x_wconf 86' lang='lat' dir='ltr'><strong>Es</strong></span> <span class='ocrx_word' id='word_1_521' title='bbox 2321 3283 2493 3353; x_wconf 87' lang='lat' dir='ltr'><strong>lepus,</strong></span> <span class='ocrx_word' id='word_1_522' title='bbox 2523 3289 2576 3335; x_wconf 87' lang='lat' dir='ltr'><strong>et</strong></span> <span class='ocrx_word' id='word_1_523' title='bbox 2608 3279 2739 3335; x_wconf 89' lang='lat' dir='ltr'><strong>tanti</strong></span> <span class='ocrx_word' id='word_1_524' title='bbox 2771 3279 3055 3334; x_wconf 87' lang='lat' dir='ltr'><strong>conculcas</strong></span> <span class='ocrx_word' id='word_1_525' title='bbox 3086 3277 3217 3333; x_wconf 89' lang='lat' dir='ltr'><strong>colla</strong></span> <span class='ocrx_word' id='word_1_526' title='bbox 3254 3278 3448 3333; x_wconf 89' lang='lat' dir='ltr'><strong>leonis.</strong></span> 
     </span>
    </p>
   </div>
   <div class='ocr_carea' id='block_1_100' title="bbox 2878 3365 3009 3423">
    <p class='ocr_par' dir='ltr' id='par_1_100' title="bbox 2878 3365 3009 3423">
     <span class='ocr_line' id='line_1_100' title="bbox 2878 3365 3009 3423; baseline 0.015 -2"><span class='ocrx_word' id='word_1_527' title='bbox 2878 3365 3009 3423; x_wconf 91' lang='lat' dir='ltr'><strong>LIII.</strong></span> 
     </span>
    </p>
   </div>
   <div class='ocr_carea' id='block_1_101' title="bbox 2835 3477 3029 3515">
    <p class='ocr_par' dir='ltr' id='par_1_101' title="bbox 2835 3477 3029 3515">
     <span class='ocr_line' id='line_1_101' title="bbox 2835 3477 3029 3515; baseline -0.005 0"><span class='ocrx_word' id='word_1_528' title='bbox 2835 3477 3029 3515; x_wconf 75' lang='lat' dir='ltr'><strong>ALITER</strong></span> 
     </span>
    </p>
   </div>
   <div class='ocr_carea' id='block_1_102' title="bbox 2225 3545 3600 3625">
    <p class='ocr_par' dir='ltr' id='par_1_102' title="bbox 2225 3545 3600 3625">
     <span class='ocr_line' id='line_1_102' title="bbox 2225 3545 3600 3625; baseline -0.005 -14"><span class='ocrx_word' id='word_1_529' title='bbox 2225 3556 2390 3625; x_wconf 78' lang='lat' dir='ltr'><strong>Exige</strong></span> <span class='ocrx_word' id='word_1_530' title='bbox 2421 3554 2707 3610; x_wconf 88' lang='lat' dir='ltr'><strong>mendaces</strong></span> <span class='ocrx_word' id='word_1_531' title='bbox 2739 3553 3055 3623; x_wconf 82' lang='lat' dir='ltr'><strong>populorum</strong></span> <span class='ocrx_word' id='word_1_532' title='bbox 3090 3552 3344 3607; x_wconf 76' lang='lat' dir='ltr'><strong>uxorcula</strong></span> <span class='ocrx_word' id='word_1_533' title='bbox 3371 3545 3600 3619; x_wconf 81' lang='lat' dir='ltr'><strong>barbas,</strong></span> 
     </span>
    </p>
   </div>
   <div class='ocr_carea' id='block_1_103' title="bbox 2292 3642 3572 3712">
    <p class='ocr_par' dir='ltr' id='par_1_103' title="bbox 2292 3642 3572 3712">
     <span class='ocr_line' id='line_1_103' title="bbox 2292 3642 3572 3712; baseline -0.004 -12"><span class='ocrx_word' id='word_1_534' title='bbox 2292 3644 2367 3700; x_wconf 83' lang='lat' dir='ltr'><strong>Ne</strong></span> <span class='ocrx_word' id='word_1_535' title='bbox 2395 3645 2638 3698; x_wconf 89' lang='lat' dir='ltr'><strong>minuant</strong></span> <span class='ocrx_word' id='word_1_536' title='bbox 2666 3650 2926 3712; x_wconf 65' lang='lat' dir='ltr'><strong>quaestum</strong></span> <span class='ocrx_word' id='word_1_537' title='bbox 2957 3642 3191 3697; x_wconf 90' lang='lat' dir='ltr'><strong>mascula</strong></span> <span class='ocrx_word' id='word_1_538' title='bbox 3226 3642 3369 3697; x_wconf 76' lang='lat' dir='ltr'><strong>labra</strong></span> <span class='ocrx_word' id='word_1_539' title='bbox 3397 3650 3572 3695; x_wconf 89' lang='lat' dir='ltr'><strong>tuum.</strong></span> 
     </span>
    </p>
   </div>
   <div class='ocr_carea' id='block_1_104' title="bbox 2877 3730 3009 3783">
    <p class='ocr_par' dir='ltr' id='par_1_104' title="bbox 2877 3730 3009 3783">
     <span class='ocr_line' id='line_1_104' title="bbox 2877 3730 3009 3783; baseline 0 0"><span class='ocrx_word' id='word_1_540' title='bbox 2877 3730 3009 3783; x_wconf 84' lang='lat' dir='ltr'><strong>LIV.</strong></span> 
     </span>
    </p>
   </div>
   <div class='ocr_carea' id='block_1_105' title="bbox 2834 3837 3049 3875">
    <p class='ocr_par' dir='ltr' id='par_1_105' title="bbox 2834 3837 3049 3875">
     <span class='ocr_line' id='line_1_105' title="bbox 2834 3837 3049 3875; baseline -0.014 0"><span class='ocrx_word' id='word_1_541' title='bbox 2834 3837 3049 3875; x_wconf 77' lang='lat' dir='ltr'><strong>ALITER.</strong></span> 
     </span>
    </p>
   </div>
   <div class='ocr_carea' id='block_1_106' title="bbox 2221 3914 3522 3984">
    <p class='ocr_par' dir='ltr' id='par_1_106' title="bbox 2221 3914 3522 3984">
     <span class='ocr_line' id='line_1_106' title="bbox 2221 3914 3522 3984; baseline 0 -17"><span class='ocrx_word' id='word_1_542' title='bbox 2221 3914 2445 3984; x_wconf 85' lang='lat' dir='ltr'><strong>Respice</strong></span> <span class='ocrx_word' id='word_1_543' title='bbox 2474 3923 2778 3982; x_wconf 87' lang='lat' dir='ltr'><strong>portentum</strong></span> <span class='ocrx_word' id='word_1_544' title='bbox 2812 3916 3082 3982; x_wconf 73' lang='lat' dir='ltr'><strong>lermixto</strong></span> <span class='ocrx_word' id='word_1_545' title='bbox 3112 3916 3229 3983; x_wconf 85' lang='lat' dir='ltr'><strong>jure</strong></span> <span class='ocrx_word' id='word_1_546' title='bbox 3256 3924 3522 3980; x_wconf 89' lang='lat' dir='ltr'><strong>creatum,</strong></span> 
     </span>
    </p>
   </div>
   <div class='ocr_carea' id='block_1_107' title="bbox 2220 4002 3562 4072">
    <p class='ocr_par' dir='ltr' id='par_1_107' title="bbox 2220 4002 3562 4072">
     <span class='ocr_line' id='line_1_107' title="bbox 2220 4002 3562 4072; baseline 0.003 -17"><span class='ocrx_word' id='word_1_547' title='bbox 2220 4004 2535 4057; x_wconf 78' lang='lat' dir='ltr'><strong>Communis</strong></span> <span class='ocrx_word' id='word_1_548' title='bbox 2559 4003 2788 4072; x_wconf 81' lang='lat' dir='ltr'><strong>generis,</strong></span> <span class='ocrx_word' id='word_1_549' title='bbox 2819 4004 2986 4056; x_wconf 73' lang='lat' dir='ltr'><strong>satius</strong></span> <span class='ocrx_word' id='word_1_550' title='bbox 3014 4002 3108 4057; x_wconf 82' lang='lat' dir='ltr'><strong>sed</strong></span> <span class='ocrx_word' id='word_1_551' title='bbox 3136 4002 3332 4057; x_wconf 85' lang='lat' dir='ltr'><strong>dicitur</strong></span> <span class='ocrx_word' id='word_1_552' title='bbox 3359 4005 3562 4059; x_wconf 90' lang='lat' dir='ltr'><strong>omnis.</strong></span> 
     </span>
    </p>
   </div>
   <div class='ocr_carea' id='block_1_108' title="bbox 2896 4092 3002 4147">
    <p class='ocr_par' dir='ltr' id='par_1_108' title="bbox 2896 4092 3002 4147">
     <span class='ocr_line' id='line_1_108' title="bbox 2896 4092 3002 4147; baseline -0.009 0"><span class='ocrx_word' id='word_1_553' title='bbox 2896 4092 3002 4147; x_wconf 88' lang='lat' dir='ltr'><strong>LV.</strong></span> 
     </span>
    </p>
   </div>
   <div class='ocr_carea' id='block_1_109' title="bbox 2839 4196 3050 4240">
    <p class='ocr_par' dir='ltr' id='par_1_109' title="bbox 2839 4196 3050 4240">
     <span class='ocr_line' id='line_1_109' title="bbox 2839 4196 3050 4240; baseline -0.009 0"><span class='ocrx_word' id='word_1_554' title='bbox 2839 4196 3050 4240; x_wconf 71' lang='lat' dir='ltr'><strong>ALITER.</strong></span> 
     </span>
    </p>
   </div>
   <div class='ocr_carea' id='block_1_110' title="bbox 2225 4273 3430 4343">
    <p class='ocr_par' dir='ltr' id='par_1_110' title="bbox 2225 4273 3430 4343">
     <span class='ocr_line' id='line_1_110' title="bbox 2225 4273 3430 4343; baseline 0.002 -17"><span class='ocrx_word' id='word_1_555' title='bbox 2225 4273 2383 4327; x_wconf 89' lang='lat' dir='ltr'><strong>Ludit</strong></span> <span class='ocrx_word' id='word_1_556' title='bbox 2413 4274 2463 4328; x_wconf 92' lang='lat' dir='ltr'><strong>in</strong></span> <span class='ocrx_word' id='word_1_557' title='bbox 2497 4275 2719 4343; x_wconf 70' lang='lat' dir='ltr'><strong>ancipiti</strong></span> <span class='ocrx_word' id='word_1_558' title='bbox 2746 4286 2996 4329; x_wconf 80' lang='lat' dir='ltr'><strong>constans</strong></span> <span class='ocrx_word' id='word_1_559' title='bbox 3027 4276 3227 4329; x_wconf 79' lang='lat' dir='ltr'><strong>fallacia</strong></span> <span class='ocrx_word' id='word_1_560' title='bbox 3254 4290 3384 4331; x_wconf 79' lang='lat' dir='ltr'><strong>sexu</strong></span> <span class='ocrx_word' id='word_1_561' title='bbox 3416 4293 3430 4329; x_wconf 92' lang='lat'>:</span> 
     </span>
    </p>
   </div>
   <div class='ocr_carea' id='block_1_111' title="bbox 2230 4363 3738 4435">
    <p class='ocr_par' dir='ltr' id='par_1_111' title="bbox 2230 4363 3738 4435">
     <span class='ocr_line' id='line_1_111' title="bbox 2230 4363 3738 4435; baseline 0.002 -19"><span class='ocrx_word' id='word_1_562' title='bbox 2230 4363 2446 4418; x_wconf 83' lang='lat' dir='ltr'><strong>Femina</strong></span> <span class='ocrx_word' id='word_1_563' title='bbox 2474 4378 2594 4418; x_wconf 92' lang='lat' dir='ltr'><strong>cum</strong></span> <span class='ocrx_word' id='word_1_564' title='bbox 2625 4365 2846 4434; x_wconf 88' lang='lat' dir='ltr'><strong>patitur,</strong></span> <span class='ocrx_word' id='word_1_565' title='bbox 2877 4365 3080 4433; x_wconf 86' lang='lat' dir='ltr'><strong>peragit</strong></span> <span class='ocrx_word' id='word_1_566' title='bbox 3112 4380 3231 4419; x_wconf 90' lang='lat' dir='ltr'><strong>cum</strong></span> <span class='ocrx_word' id='word_1_567' title='bbox 3263 4364 3458 4435; x_wconf 91' lang='lat' dir='ltr'><strong>turpia,</strong></span> <span class='ocrx_word' id='word_1_568' title='bbox 3491 4380 3612 4419; x_wconf 89' lang='lat' dir='ltr'><strong>mas</strong></span> <span class='ocrx_word' id='word_1_569' title='bbox 3643 4371 3738 4419; x_wconf 86' lang='lat' dir='ltr'><strong>est.</strong></span> 
     </span>
    </p>
   </div>
   <div class='ocr_carea' id='block_1_112' title="bbox 2878 4451 3009 4506">
    <p class='ocr_par' dir='ltr' id='par_1_112' title="bbox 2878 4451 3009 4506">
     <span class='ocr_line' id='line_1_112' title="bbox 2878 4451 3009 4506; baseline -0.008 0"><span class='ocrx_word' id='word_1_570' title='bbox 2878 4451 3009 4506; x_wconf 87' lang='lat' dir='ltr'><strong>LVI.</strong></span> 
     </span>
    </p>
   </div>
   <div class='ocr_carea' id='block_1_113' title="bbox 2511 4556 3385 4599">
    <p class='ocr_par' dir='ltr' id='par_1_113' title="bbox 2511 4556 3385 4599">
     <span class='ocr_line' id='line_1_113' title="bbox 2511 4556 3385 4599; baseline 0.005 -4"><span class='ocrx_word' id='word_1_571' title='bbox 2511 4558 2560 4595; x_wconf 69' lang='lat' dir='ltr'><strong>IN</strong></span> <span class='ocrx_word' id='word_1_572' title='bbox 2599 4556 2940 4596; x_wconf 77' lang='lat' dir='ltr'><strong>BAPTISTEBIO</strong></span> <span class='ocrx_word' id='word_1_573' title='bbox 2979 4556 3385 4599; x_wconf 68' lang='lat' dir='ltr'><strong>III-IDIOLANENSI.</strong></span> 
     </span>
    </p>
   </div>
   <div class='ocr_carea' id='block_1_114' title="bbox 2230 4634 3394 4705">
    <p class='ocr_par' dir='ltr' id='par_1_114' title="bbox 2230 4634 3394 4705">
     <span class='ocr_line' id='line_1_114' title="bbox 2230 4634 3394 4705; baseline -0.002 -16"><span class='ocrx_word' id='word_1_574' title='bbox 2230 4635 2475 4690; x_wconf 82' lang='lat' dir='ltr'><strong>.‘llundior</strong></span> <span class='ocrx_word' id='word_1_575' title='bbox 2500 4635 2706 4691; x_wconf 73' lang='lat' dir='ltr'><strong>excocti</strong></span> <span class='ocrx_word' id='word_1_576' title='bbox 2737 4635 2995 4705; x_wconf 66' lang='lat' dir='ltr'><strong>fulgoscat</strong></span> <span class='ocrx_word' id='word_1_577' title='bbox 3022 4634 3141 4689; x_wconf 86' lang='lat' dir='ltr'><strong>luce</strong></span> <span class='ocrx_word' id='word_1_578' title='bbox 3170 4635 3394 4699; x_wconf 77' lang='lat' dir='ltr'><strong>metalli,</strong></span> 
     </span>
    </p>
   </div>
   <div class='ocr_carea' id='block_1_115' title="bbox 2302 4725 3401 4794">
    <p class='ocr_par' dir='ltr' id='par_1_115' title="bbox 2302 4725 3401 4794">
     <span class='ocr_line' id='line_1_115' title="bbox 2302 4725 3401 4794; baseline 0 -16"><span class='ocrx_word' id='word_1_579' title='bbox 2302 4726 2518 4779; x_wconf 86' lang='lat' dir='ltr'><strong>Munera</strong></span> <span class='ocrx_word' id='word_1_580' title='bbox 2548 4725 2783 4794; x_wconf 91' lang='lat' dir='ltr'><strong>disponit</strong></span> <span class='ocrx_word' id='word_1_581' title='bbox 2812 4726 2899 4794; x_wconf 92' lang='lat' dir='ltr'><strong>qui</strong></span> <span class='ocrx_word' id='word_1_582' title='bbox 2927 4726 3054 4778; x_wconf 91' lang='lat' dir='ltr'><strong>dare</strong></span> <span class='ocrx_word' id='word_1_583' title='bbox 3082 4725 3237 4793; x_wconf 83' lang='lat' dir='ltr'><strong>digna</strong></span> <span class='ocrx_word' id='word_1_584' title='bbox 3271 4725 3401 4778; x_wconf 88' lang='lat' dir='ltr'><strong>Deo.</strong></span> 
     </span>
    </p>
   </div>
   <div class='ocr_carea' id='block_1_116' title="bbox 2231 4813 3341 4886">
    <p class='ocr_par' dir='ltr' id='par_1_116' title="bbox 2231 4813 3341 4886">
     <span class='ocr_line' id='line_1_116' title="bbox 2231 4813 3341 4886; baseline 0.001 -20"><span class='ocrx_word' id='word_1_585' title='bbox 2231 4818 2369 4869; x_wconf 89' lang='lat' dir='ltr'><strong>Ante</strong></span> <span class='ocrx_word' id='word_1_586' title='bbox 2400 4816 2671 4886; x_wconf 87' lang='lat' dir='ltr'><strong>vaporatis</strong></span> <span class='ocrx_word' id='word_1_587' title='bbox 2697 4814 2947 4869; x_wconf 87' lang='lat' dir='ltr'><strong>Laurenti</strong></span> <span class='ocrx_word' id='word_1_588' title='bbox 2979 4814 3082 4867; x_wconf 87' lang='lat' dir='ltr'><strong>vita</strong></span> <span class='ocrx_word' id='word_1_589' title='bbox 3115 4813 3341 4868; x_wconf 86' lang='lat' dir='ltr'><strong>caminis</strong></span> 
     </span>
    </p>
   </div>
   <div class='ocr_carea' id='block_1_117' title="bbox 2157 4924 2376 4995">
    <p class='ocr_par' dir='ltr' id='par_1_117' title="bbox 2157 4924 2376 4995">
     <span class='ocr_line' id='line_1_117' title="bbox 2157 4924 2376 4995; baseline 0.005 -17"><span class='ocrx_word' id='word_1_590' title='bbox 2157 4924 2376 4995; x_wconf 68' lang='lat' dir='ltr'><strong>ﬁlatem.</strong></span> 
     </span>
    </p>
   </div>
   <div class='ocr_carea' id='block_1_118' title="bbox 2233 4993 3237 5066">
    <p class='ocr_par' dir='ltr' id='par_1_118' title="bbox 2233 4993 3237 5066">
     <span class='ocr_line' id='line_1_118' title="bbox 2233 4993 3237 5066; baseline -0.002 -18"><span class='ocrx_word' id='word_1_591' title='bbox 2233 4995 2252 5066; x_wconf 52' lang='grc' dir='ltr'><strong><em>ἕ</em></strong></span> <span class='ocrx_word' id='word_1_592' title='bbox 2277 4994 2307 5066; x_wconf 67' lang='grc' dir='ltr'>ζ</span> <span class='ocrx_word' id='word_1_593' title='bbox 2312 5013 2342 5047; x_wconf 88' lang='grc' dir='ltr'><strong>η</strong></span> <span class='ocrx_word' id='word_1_594' title='bbox 2364 4993 2593 5066; x_wconf 73' lang='lat' dir='ltr'><strong>scpticio]</strong></span> <span class='ocrx_word' id='word_1_595' title='bbox 2626 4994 2964 5066; x_wconf 74' lang='lat' dir='ltr'><strong>Basilienses,</strong></span> <span class='ocrx_word' id='word_1_596' title='bbox 2993 4993 3237 5060; x_wconf 78' lang='lat' dir='ltr'><strong>seplacia.</strong></span> 
     </span>
    </p>
   </div>
   <div class='ocr_carea' id='block_1_119' title="bbox 2228 5058 3752 5188">
    <p class='ocr_par' dir='ltr' id='par_1_119' title="bbox 2228 5058 3752 5188">
     <span class='ocr_line' id='line_1_119' title="bbox 2228 5058 3752 5188; baseline -0.005 -70"><span class='ocrx_word' id='word_1_597' title='bbox 2228 5058 2513 5118; x_wconf 68' lang='lat' dir='ltr'><strong>‘Damnati</strong></span> <span class='ocrx_word' id='word_1_598' title='bbox 2557 5058 2751 5133; x_wconf 65' lang='lat' dir='ltr'><strong>[ructus</strong></span> <span class='ocrx_word' id='word_1_599' title='bbox 2788 5058 2961 5188; x_wconf 29' lang='lat' dir='ltr'><strong>ligniil’</strong></span> <span class='ocrx_word' id='word_1_600' title='bbox 3004 5058 3075 5117; x_wconf 64' lang='lat' dir='ltr'><strong>Ei:</strong></span> <span class='ocrx_word' id='word_1_601' title='bbox 3125 5076 3311 5117; x_wconf 83' lang='lat' dir='ltr'><strong>eorum</strong></span> <span class='ocrx_word' id='word_1_602' title='bbox 3358 5058 3632 5115; x_wconf 87' lang='lat' dir='ltr'><strong>sententia</strong></span> <span class='ocrx_word' id='word_1_603' title='bbox 3666 5060 3752 5129; x_wconf 86' lang='lat' dir='ltr'><strong>qui</strong></span> 
     </span>
     <span class='ocr_line' id='line_1_120' title="bbox 2228 5131 3751 5188; baseline -0.003 0"><span class='ocrx_word' id='word_1_604' title='bbox 2228 5136 2404 5188; x_wconf 90' lang='lat' dir='ltr'><strong>borem</strong></span> <span class='ocrx_word' id='word_1_605' title='bbox 2431 5136 2632 5188; x_wconf 85' lang='lat' dir='ltr'><strong>Adamo</strong></span> <span class='ocrx_word' id='word_1_606' title='bbox 2664 5136 2877 5188; x_wconf 90' lang='lat' dir='ltr'><strong>vetitam</strong></span> <span class='ocrx_word' id='word_1_607' title='bbox 2935 5150 3074 5187; x_wconf 86' lang='lat' dir='ltr'><strong>tcum</strong></span> <span class='ocrx_word' id='word_1_608' title='bbox 3108 5133 3271 5188; x_wconf 88' lang='lat' dir='ltr'><strong>fuisse</strong></span> <span class='ocrx_word' id='word_1_609' title='bbox 3301 5131 3618 5187; x_wconf 80' lang='lat' dir='ltr'><strong>existimant</strong></span> <span class='ocrx_word' id='word_1_610' title='bbox 3648 5150 3661 5183; x_wconf 91' lang='lat'>:</span> <span class='ocrx_word' id='word_1_611' title='bbox 3696 5131 3751 5183; x_wconf 88' lang='lat' dir='ltr'><strong>in</strong></span> 
     </span>
    </p>
   </div>
   <div class='ocr_carea' id='block_1_120' title="bbox 2156 5131 3751 5191">
    <p class='ocr_par' dir='ltr' id='par_1_120' title="bbox 2156 5131 3751 5191">
     <span class='ocr_line' id='line_1_121' title="bbox 2156 5131 3751 5191; baseline -0.003 -3"><span class='ocrx_word' id='word_1_612' title='bbox 2156 5136 2404 5191; x_wconf 90' lang='lat' dir='ltr'><strong>arborem</strong></span> <span class='ocrx_word' id='word_1_613' title='bbox 2431 5131 2632 5190; x_wconf 84' lang='lat' dir='ltr'><strong>Adamo</strong></span> <span class='ocrx_word' id='word_1_614' title='bbox 2664 5131 2877 5190; x_wconf 81' lang='lat' dir='ltr'><strong>vetitam</strong></span> <span class='ocrx_word' id='word_1_615' title='bbox 2916 5131 3074 5188; x_wconf 75' lang='lat' dir='ltr'><strong>ficum</strong></span> <span class='ocrx_word' id='word_1_616' title='bbox 3108 5133 3271 5188; x_wconf 88' lang='lat' dir='ltr'><strong>fuisse</strong></span> <span class='ocrx_word' id='word_1_617' title='bbox 3301 5131 3618 5187; x_wconf 80' lang='lat' dir='ltr'><strong>existimant</strong></span> <span class='ocrx_word' id='word_1_618' title='bbox 3648 5150 3661 5183; x_wconf 90' lang='lat'>:</span> <span class='ocrx_word' id='word_1_619' title='bbox 3696 5131 3751 5183; x_wconf 88' lang='lat' dir='ltr'><strong>in</strong></span> 
     </span>
    </p>
   </div>
   <div class='ocr_carea' id='block_1_121' title="bbox 2157 5202 3752 5273">
    <p class='ocr_par' dir='ltr' id='par_1_121' title="bbox 2157 5202 3752 5273">
     <span class='ocr_line' id='line_1_122' title="bbox 2157 5202 3752 5273; baseline -0.003 -14"><span class='ocrx_word' id='word_1_620' title='bbox 2157 5207 2350 5273; x_wconf 86' lang='lat' dir='ltr'><strong>quibus</strong></span> <span class='ocrx_word' id='word_1_621' title='bbox 2375 5205 2744 5260; x_wconf 86' lang='lat' dir='ltr'><strong>Theodoretus</strong></span> <span class='ocrx_word' id='word_1_622' title='bbox 2772 5214 2960 5273; x_wconf 69' lang='lat' dir='ltr'><strong>quzest.</strong></span> <span class='ocrx_word' id='word_1_623' title='bbox 2985 5206 3055 5257; x_wconf 71' lang='lat'><strong>28</strong></span> <span class='ocrx_word' id='word_1_624' title='bbox 3088 5206 3137 5257; x_wconf 89' lang='lat' dir='ltr'><strong>in</strong></span> <span class='ocrx_word' id='word_1_625' title='bbox 3168 5205 3422 5258; x_wconf 88' lang='lat' dir='ltr'><strong>Genesin.</strong></span> <span class='ocrx_word' id='word_1_626' title='bbox 3454 5202 3752 5257; x_wconf 83' lang='lat' dir='ltr'><strong>&#39;l‘csseram</strong></span> 
     </span>
    </p>
   </div>
   <div class='ocr_carea' id='block_1_122' title="bbox 2160 5274 3529 5342">
    <p class='ocr_par' dir='ltr' id='par_1_122' title="bbox 2160 5274 3529 5342">
     <span class='ocr_line' id='line_1_123' title="bbox 2160 5274 3529 5342; baseline -0.004 -12"><span class='ocrx_word' id='word_1_627' title='bbox 2160 5285 2334 5330; x_wconf 90' lang='lat' dir='ltr'><strong>autem</strong></span> <span class='ocrx_word' id='word_1_628' title='bbox 2370 5292 2489 5331; x_wconf 90' lang='lat' dir='ltr'><strong>cum</strong></span> <span class='ocrx_word' id='word_1_629' title='bbox 2523 5276 2732 5330; x_wconf 88' lang='lat' dir='ltr'><strong>ﬁeubus</strong></span> <span class='ocrx_word' id='word_1_630' title='bbox 2765 5277 3002 5334; x_wconf 86' lang='lat' dir='ltr'><strong>missam.</strong></span> <span class='ocrx_word' id='word_1_631' title='bbox 3032 5274 3349 5342; x_wconf 88' lang='lat' dir='ltr'><strong>hospitalem</strong></span> <span class='ocrx_word' id='word_1_632' title='bbox 3377 5274 3529 5326; x_wconf 91' lang='lat' dir='ltr'><strong>dicit.</strong></span> 
     </span>
    </p>
   </div>
   <div class='ocr_carea' id='block_1_123' title="bbox 2232 5342 3753 5416">
    <p class='ocr_par' dir='ltr' id='par_1_123' title="bbox 2232 5342 3753 5416">
     <span class='ocr_line' id='line_1_124' title="bbox 2232 5342 3753 5416; baseline -0.005 -17"><span class='ocrx_word' id='word_1_633' title='bbox 2232 5348 2251 5377; x_wconf 82' lang='grc'><strong><em>⁵</em></strong></span> <span class='ocrx_word' id='word_1_634' title='bbox 2284 5344 2410 5400; x_wconf 86' lang='lat' dir='ltr'><strong>Dira</strong></span> <span class='ocrx_word' id='word_1_635' title='bbox 2443 5344 2749 5416; x_wconf 72' lang='lat' dir='ltr'><strong>spoliarunt]</strong></span> <span class='ocrx_word' id='word_1_636' title='bbox 2782 5347 2874 5400; x_wconf 90' lang='lat' dir='ltr'><strong>llic</strong></span> <span class='ocrx_word' id='word_1_637' title='bbox 2912 5344 3054 5416; x_wconf 82' lang='lat' dir='ltr'><strong>nulla</strong></span> <span class='ocrx_word' id='word_1_638' title='bbox 3088 5356 3169 5399; x_wconf 76' lang='lat' dir='ltr'><strong>est</strong></span> <span class='ocrx_word' id='word_1_639' title='bbox 3199 5345 3252 5398; x_wconf 91' lang='lat' dir='ltr'><strong>in</strong></span> <span class='ocrx_word' id='word_1_640' title='bbox 3291 5352 3462 5399; x_wconf 88' lang='lat' dir='ltr'><strong>metro</strong></span> <span class='ocrx_word' id='word_1_641' title='bbox 3496 5342 3753 5416; x_wconf 84' lang='lat' dir='ltr'><strong>licentia:</strong></span> 
     </span>
    </p>
   </div>
   <div class='ocr_carea' id='block_1_124' title="bbox 2165 5414 3757 5486">
    <p class='ocr_par' dir='ltr' id='par_1_124' title="bbox 2165 5414 3757 5486">
     <span class='ocr_line' id='line_1_125' title="bbox 2165 5414 3757 5486; baseline -0.006 -15"><span class='ocrx_word' id='word_1_642' title='bbox 2165 5418 2286 5486; x_wconf 89' lang='lat' dir='ltr'><strong>quia</strong></span> <span class='ocrx_word' id='word_1_643' title='bbox 2312 5414 2523 5472; x_wconf 80' lang='lat' dir='ltr'><strong>veteres</strong></span> <span class='ocrx_word' id='word_1_644' title='bbox 2547 5414 2879 5486; x_wconf 81' lang='lat' dir='ltr'><strong>grammatici</strong></span> <span class='ocrx_word' id='word_1_645' title='bbox 2907 5415 3097 5470; x_wconf 87' lang='lat' dir='ltr'><strong>docent</strong></span> <span class='ocrx_word' id='word_1_646' title='bbox 3128 5415 3340 5469; x_wconf 89' lang='lat' dir='ltr'><strong>brevem</strong></span> <span class='ocrx_word' id='word_1_647' title='bbox 3368 5421 3558 5486; x_wconf 76' lang='lat' dir='ltr'><strong>natura</strong></span> <span class='ocrx_word' id='word_1_648' title='bbox 3592 5414 3757 5486; x_wconf 54' lang='lat' dir='ltr'><strong>sylla-</strong></span> 
     </span>
    </p>
   </div>
   <div class='ocr_carea' id='block_1_125' title="bbox 2160 5483 3750 5555">
    <p class='ocr_par' dir='ltr' id='par_1_125' title="bbox 2160 5483 3750 5555">
     <span class='ocr_line' id='line_1_126' title="bbox 2160 5483 3750 5555; baseline -0.004 -15"><span class='ocrx_word' id='word_1_649' title='bbox 2160 5483 2282 5540; x_wconf 79' lang='lat' dir='ltr'><strong>bam</strong></span> <span class='ocrx_word' id='word_1_650' title='bbox 2313 5483 2596 5555; x_wconf 76' lang='lat' dir='ltr'><strong>ancipitem</strong></span> <span class='ocrx_word' id='word_1_651' title='bbox 2626 5486 2762 5551; x_wconf 83' lang='lat' dir='ltr'><strong>ficti,</strong></span> <span class='ocrx_word' id='word_1_652' title='bbox 2790 5502 2947 5555; x_wconf 91' lang='lat' dir='ltr'><strong>quam</strong></span> <span class='ocrx_word' id='word_1_653' title='bbox 2989 5488 3038 5539; x_wconf 89' lang='lat' dir='ltr'><strong>in</strong></span> <span class='ocrx_word' id='word_1_654' title='bbox 3070 5487 3311 5553; x_wconf 85' lang='lat' dir='ltr'><strong>sequenti</strong></span> <span class='ocrx_word' id='word_1_655' title='bbox 3351 5484 3594 5538; x_wconf 87' lang='lat' dir='ltr'><strong>dictione</strong></span> <span class='ocrx_word' id='word_1_656' title='bbox 3627 5483 3750 5555; x_wconf 75' lang='lat' dir='ltr'><strong>dua:</strong></span> 
     </span>
    </p>
   </div>
   <div class='ocr_carea' id='block_1_126' title="bbox 2160 5552 3746 5625">
    <p class='ocr_par' dir='ltr' id='par_1_126' title="bbox 2160 5552 3746 5625">
     <span class='ocr_line' id='line_1_127' title="bbox 2160 5552 3746 5625; baseline -0.004 -14"><span class='ocrx_word' id='word_1_657' title='bbox 2160 5552 2514 5611; x_wconf 80' lang='lat' dir='ltr'><strong>consonantes</strong></span> <span class='ocrx_word' id='word_1_658' title='bbox 2545 5552 2838 5625; x_wconf 80' lang='lat' dir='ltr'><strong>excipiant.</strong></span> <span class='ocrx_word' id='word_1_659' title='bbox 2883 5572 3105 5625; x_wconf 87' lang='lat' dir='ltr'><strong>quarum</strong></span> <span class='ocrx_word' id='word_1_660' title='bbox 3152 5557 3294 5623; x_wconf 81' lang='lat' dir='ltr'><strong>prior</strong></span> <span class='ocrx_word' id='word_1_661' title='bbox 3324 5554 3393 5608; x_wconf 89' lang='lat' dir='ltr'><strong>sit</strong></span> <span class='ocrx_word' id='word_1_662' title='bbox 3423 5556 3481 5608; x_wconf 89' lang='lat' dir='ltr'><strong>S.</strong></span> <span class='ocrx_word' id='word_1_663' title='bbox 3512 5555 3595 5625; x_wconf 79' lang='lat' dir='ltr'><strong>Ita</strong></span> <span class='ocrx_word' id='word_1_664' title='bbox 3628 5552 3746 5620; x_wconf 88' lang='lat' dir='ltr'><strong>cpi-</strong></span> 
     </span>
    </p>
   </div>
   <div class='ocr_carea' id='block_1_127' title="bbox 2160 5624 3757 5696">
    <p class='ocr_par' dir='ltr' id='par_1_127' title="bbox 2160 5624 3757 5696">
     <span class='ocr_line' id='line_1_128' title="bbox 2160 5624 3757 5696; baseline -0.004 -18"><span class='ocrx_word' id='word_1_665' title='bbox 2160 5642 2329 5696; x_wconf 82' lang='lat' dir='ltr'><strong>gram.</strong></span> <span class='ocrx_word' id='word_1_666' title='bbox 2357 5627 2441 5690; x_wconf 84' lang='lat' dir='ltr'><strong>I7,</strong></span> <span class='ocrx_word' id='word_1_667' title='bbox 2472 5626 2649 5679; x_wconf 87' lang='lat' dir='ltr'><strong>Pande</strong></span> <span class='ocrx_word' id='word_1_668' title='bbox 2672 5624 2928 5689; x_wconf 68' lang='lat' dir='ltr'><strong>Studium;</strong></span> <span class='ocrx_word' id='word_1_669' title='bbox 2951 5636 3003 5681; x_wconf 92' lang='lat' dir='ltr'><strong>et</strong></span> <span class='ocrx_word' id='word_1_670' title='bbox 3024 5626 3294 5695; x_wconf 78' lang='lat' dir='ltr'><strong>Virgilius,</strong></span> <span class='ocrx_word' id='word_1_671' title='bbox 3317 5625 3431 5677; x_wconf 82' lang='lat' dir='ltr'><strong>date</strong></span> <span class='ocrx_word' id='word_1_672' title='bbox 3454 5624 3578 5696; x_wconf 66' lang='lat' dir='ltr'><strong>telo,</strong></span> <span class='ocrx_word' id='word_1_673' title='bbox 3605 5639 3757 5675; x_wconf 64' lang='lat' dir='ltr'><strong>scatt-</strong></span> 
     </span>
    </p>
   </div>
   <div class='ocr_carea' id='block_1_128' title="bbox 2162 5694 3756 5764">
    <p class='ocr_par' dir='ltr' id='par_1_128' title="bbox 2162 5694 3756 5764">
     <span class='ocr_line' id='line_1_129' title="bbox 2162 5694 3756 5764; baseline -0.003 -16"><span class='ocrx_word' id='word_1_674' title='bbox 2162 5694 2265 5750; x_wconf 70' lang='lat' dir='ltr'><strong>itite</strong></span> <span class='ocrx_word' id='word_1_675' title='bbox 2301 5713 2491 5750; x_wconf 82' lang='lat' dir='ltr'><strong>muros.</strong></span> <span class='ocrx_word' id='word_1_676' title='bbox 2541 5695 2795 5751; x_wconf 83' lang='lat' dir='ltr'><strong>Martialis</strong></span> <span class='ocrx_word' id='word_1_677' title='bbox 2839 5698 2930 5751; x_wconf 88' lang='lat' dir='ltr'><strong>lib.</strong></span> <span class='ocrx_word' id='word_1_678' title='bbox 2969 5712 3077 5762; x_wconf 90' lang='lat' dir='ltr'><strong>vtu,</strong></span> <span class='ocrx_word' id='word_1_679' title='bbox 3108 5697 3275 5764; x_wconf 88' lang='lat' dir='ltr'><strong>epigr.</strong></span> <span class='ocrx_word' id='word_1_680' title='bbox 3328 5696 3495 5748; x_wconf 80' lang='lat' dir='ltr'><strong>Pauca</strong></span> <span class='ocrx_word' id='word_1_681' title='bbox 3526 5694 3756 5754; x_wconf 59' lang='lat' dir='ltr'><strong>Jovem,</strong></span> 
     </span>
    </p>
   </div>
   <div class='ocr_carea' id='block_1_129' title="bbox 2164 5766 3755 5835">
    <p class='ocr_par' dir='ltr' id='par_1_129' title="bbox 2164 5766 3755 5835">
     <span class='ocr_line' id='line_1_130' title="bbox 2164 5766 3755 5835; baseline -0.003 -14"><span class='ocrx_word' id='word_1_682' title='bbox 2164 5766 2410 5821; x_wconf 72' lang='lat' dir='ltr'><strong>Nondum</strong></span> <span class='ocrx_word' id='word_1_683' title='bbox 2438 5778 2630 5831; x_wconf 77' lang='lat' dir='ltr'><strong>taxata,</strong></span> <span class='ocrx_word' id='word_1_684' title='bbox 2660 5768 2830 5830; x_wconf 71' lang='lat' dir='ltr'><strong>stulte,</strong></span> <span class='ocrx_word' id='word_1_685' title='bbox 2859 5777 3037 5835; x_wconf 81' lang='lat' dir='ltr'><strong>negata</strong></span> <span class='ocrx_word' id='word_1_686' title='bbox 3079 5778 3227 5835; x_wconf 81' lang='lat' dir='ltr'><strong>putas</strong></span> <span class='ocrx_word' id='word_1_687' title='bbox 3253 5767 3279 5819; x_wconf 77' lang='lat'><strong>.’</strong></span> <span class='ocrx_word' id='word_1_688' title='bbox 3330 5766 3418 5820; x_wconf 89' lang='lat' dir='ltr'><strong>Sic</strong></span> <span class='ocrx_word' id='word_1_689' title='bbox 3446 5766 3595 5818; x_wconf 83' lang='lat' dir='ltr'><strong>enim</strong></span> <span class='ocrx_word' id='word_1_690' title='bbox 3629 5778 3755 5819; x_wconf 85' lang='lat' dir='ltr'><strong>eum</strong></span> 
     </span>
    </p>
   </div>
   <div class='ocr_carea' id='block_1_130' title="bbox 2162 5834 3523 5905">
    <p class='ocr_par' dir='ltr' id='par_1_130' title="bbox 2162 5834 3523 5905">
     <span class='ocr_line' id='line_1_131' title="bbox 2162 5834 3523 5905; baseline -0.004 -10"><span class='ocrx_word' id='word_1_691' title='bbox 2162 5852 2375 5895; x_wconf 82' lang='lat' dir='ltr'><strong>versum</strong></span> <span class='ocrx_word' id='word_1_692' title='bbox 2410 5838 2583 5904; x_wconf 82' lang='lat' dir='ltr'><strong>legunt</strong></span> <span class='ocrx_word' id='word_1_693' title='bbox 2613 5834 2997 5905; x_wconf 81' lang='lat' dir='ltr'><strong>probatissima:</strong></span> <span class='ocrx_word' id='word_1_694' title='bbox 3029 5836 3150 5893; x_wconf 87' lang='lat' dir='ltr'><strong>ﬁdei</strong></span> <span class='ocrx_word' id='word_1_695' title='bbox 3180 5834 3523 5902; x_wconf 79' lang='lat' dir='ltr'><strong>exemplaria.</strong></span> 
     </span>
    </p>
   </div>
  </div>
