3974 6366
213 366 307 423 515

343 479 616 547 Constitit,
650 489 709 535 ut
736 479 987 535 blandum
1020 478 1330 534 nobilitaret
1355 491 1510 544 opus.

277 577 560 642 Marmora,
593 574 853 643 picturas,
888 573 1112 636 tabulas,
1145 572 1373 625 sublime
1397 572 1609 623 lacunar

346 671 460 736 Ipse
491 666 642 721 dedit
670 666 892 734 templo,
921 664 1011 733 qui
1046 663 1312 731 probitate
1344 662 1499 715 nitet.

278 760 503 817 Edibus
530 758 599 813 ad
631 759 860 828 pretium
890 758 967 812 sic
995 771 1173 810 mores
1202 754 1447 809 conditor
1471 752 1641 815 addit,

348 852 557 906 Vellera
586 866 689 907 ceu
717 851 907 905 Serum
938 851 1143 903 murice
1173 850 1333 903 tincta
1366 847 1529 902 feras.

277 944 513 1009 Qualiter
543 942 776 995 inclusas
806 942 965 995 ccinit
996 940 1081 993 lux
1112 940 1320 1007 hospita
1348 952 1607 1008 gemmas.

346 1035 441 1088 Nix
472 1032 664 1103 lapidis
692 1035 937 1102 quotiens
966 1031 1236 1099 pulchrior
1263 1040 1378 1083 arte
1409 1030 1583 1083 rubet.

924 1121 1074 1175 LVII.

278 1234 338 1272 DE
367 1230 663 1280 .IOVINIANO,
694 1228 779 1277 QUI
814 1229 917 1268 CUM
949 1228 1188 1266 HABERET
1218 1226 1421 1265 BARBAII
1452 1223 1715 1263 GO'I'HIOASI

355 1322 595 1361 LACERNA
634 1320 889 1360 \‘ESTITUS
928 1318 1226 1357 PROCESSIT.
1271 1318 1335 1354 ES
1376 1316 1635 1354 TEMPORE.

278 1398 613 1452 Barbaricam
651 1396 836 1450 faciem
866 1395 1134 1449 Romanos
1165 1408 1376 1448 sumere
1407 1392 1579 1446 cultus

276 1491 456 1557 Miror,
491 1499 545 1546 et
573 1490 625 1543 in
654 1489 864 1544 modico
894 1488 1177 1541 distinctas
1202 1500 1428 1555 corpore
1453 1494 1658 1556 gentes.

917 1577 1091 1633 LVIII.

889 1686 1102 1725 Διιτειι.

280 1761 594 1816 Romuleam
626 1769 851 1830 tegetem
886 1775 989 1813 nox
1023 1754 1132 1813 oris
1160 1757 1338 1812 nubila
1366 1756 1571 1811 fuswt:

276 1851 555 1922 Oppressit
584 1860 761 1905 vestes
793 1851 1075 1906 tenebroso
1108 1849 1341 1919 tegmine
1371 1850 1571 1901 vultus.

934 1940 1067 1995 LIX.

896 2047 1110 2089 Αιιτεη.

278 2125 551 2183 Νοὺίιηῢιιε
582 2126 725 2179 tollis
749 2126 982 2195 genium,
1008 2124 1149 2179 male
1174 2130 1410 2193 compte,
1438 2122 1686 2188 lacernis,

279 2218 564 2275 Discordes
595 2220 827 2312 miscens
860 2218 1077 2272 inimico
1106 2217 1308 2273 findere
1338 2218 1533 2287 proles.

951 2309 1059 2364 LX.

294 2420 342 2458 IN
372 2418 612 2458 BASIL‘CA
644 2406 660 2435 ¹
690 2420 733 2457 s.
769 2418 1031 2458 CALEMTRI
1062 2418 1267 2464 cunno
1296 2419 1569 2457 neruum
1606 2420 1721 2459 esr.

286 2497 471 2551 Libera
502 2497 773 2563 captivum
806 2502 1117 2549 meruerunt
1145 2495 1375 2548 culmina
1409 2494 1615 2559 lumen;

351 2590 567 2645 Arridet
598 2590 762 2643 facies
792 2588 969 2642 nubila
1000 2587 1140 2641 nul‘a
1172 2602 1386 2656 gerens.

282 2682 376 2737 IIic
404 2697 576 2751 nuper
605 2681 849 2750 astrigeri
880 2681 976 2735 dos
1008 2680 1247 2750 proxima
1280 2680 1425 2735 venit
1454 2680 1707 2750 Olympi,

359 2774 612 2829 Laurenti
645 2788 704 2827 ra
734 2774 777 2828 is
804 2773 960 2828 ducta
994 2773 1307 2828 ministerio.

282 2864 509 2920 Edibus
539 2874 591 2919 et
621 2867 741 2919 vit-.e
771 2866 925 2933 cujus
957 2881 1095 2921 nunc
1126 2881 1229 2919 una
1259 2866 1421 2934 figura
1450 2875 1562 2929 est;

354 2958 464 3011 Ceu
494 2957 627 3010 solis
657 2956 818 3010 radiis
850 2955 1040 3024 forma,
1073 2956 1220 3010 color
1250 2956 1461 3011 similis.

286 3049 430 3117 Euge
456 3060 786 3103 vetustorum
814 3061 1110 3119 reparator,
1144 3064 1303 3118 perge
1332 3064 1592 3103 novorum

349 3141 630 3204 Conditor,
660 3152 711 3195 et
740 3141 885 3194 vultu
917 3141 1093 3195 clarus
1121 3150 1173 3195 et
1202 3142 1433 3211 ingenio.

282 3234 544 3299 AbLuraut
574 3234 826 3303 priscam,
861 3242 910 3287 te
940 3234 1190 3302 pratsule,
1226 3242 1363 3288 tecta
1393 3234 1639 3305 ﬁguram,

351 3324 573 3379 Advena
599 3323 806 3380 casulis
834 3325 1119 3393 porrigitur
1146 3325 1356 3395 genius.

940 3415 1076 3471 LXI.

227 3524 282 3566 ιε
309 3526 517 3574 ΟυουΔὶΙ
550 3527 740 3565 νειτεω
774 3524 972 3565 INHIICO
1003 3524 1205 3564 STULTO
1238 3525 1303 3563 ΕΤ
1341 3525 1474 3563 BENE
1509 3525 1799 3563 PASCLN‘I’E.

288 3602 513 3656 I‘randia
542 3602 684 3655 lauta
715 3618 891 3671 paras,
920 3601 1012 3656 sed
1041 3602 1219 3670 lingua
1247 3601 1495 3656 sordibus
1519 3602 1728 3656 horres.

353 3695 411 3749 Si
439 3696 580 3750 desis
609 3705 810 3764 pastor,
845 3694 1042 3749 fercula
1069 3694 1349 3749 concilias.

288 3789 581 3844 Ambitiosa
609 3789 793 3853 fames,
829 3790 1025 3843 Iassato
1058 3788 1273 3857 prodiga
1302 3803 1491 3849 censu.

355 3880 618 3936 Cornibus
649 3880 887 3945 lnsultat,
920 3879 965 3933 si
999 3889 1171 3934 taceat
1201 3879 1476 3933 dominus.

928 3991 1088 4047 LXII.

454 4100 519 4139 DE
560 4099 626 4139 ΕΟ
665 4100 787 4146 ρυιλ
824 4099 1103 4139 ΡᾹΟΡΕΙΠΗΙ
1140 4099 1270 4138 OPES
1306 4099 1565 4138 VORABAT.

288 4176 597 4232 Visceribus
626 4177 944 4230 miserorum
974 4184 1027 4231 et
1056 4175 1319 4244 sanguine
1349 4174 1599 4243 pauperis
1623 4184 1797 4239 aucte,

355 4268 654 4324 Tantorum
686 4278 890 4322 mortes
917 4282 1012 4322 cur
1044 4267 1135 4321 tibi
1165 4276 1292 4321 sunt
1318 4266 1532 4335 epulw?

300 4362 537 4425 Tubera,
569 4361 833 4430 perdices,
865 4376 1010 4430 grus,
1042 4358 1252 4425 turdus,
1287 4368 1482 4425 turtur,
1515 4359 1755 4421 echinus,

358 4456 476 4511 Non
509 4458 726 4523 explent
755 4466 965 4510 uterum
998 4470 1222 4524 corpora
1257 4454 1399 4508 mille
1432 4463 1603 4509 tuum.

291 4550 559 4605 Infaustus
588 4549 789 4614 multis,
825 4548 915 4602 tibi
945 4548 1065 4602 felix
1096 4546 1289 4602 diceris
1321 4547 1431 4611 uni,

358 4644 545 4701 llzeres
572 4641 713 4714 quod
747 4643 945 4696 misero
975 4649 1161 4695 venter
1189 4641 1293 4696 erit
1320 4638 1584 4709 proprius.

920 4734 1103 4789 LXIII.

863 4844 929 4882 DE
968 4843 1158 4881 EI'DEI.

292 4920 527 4975 Artubus
559 4918 807 4974 humanis
834 4918 1195 4989 Polyphemus
1226 4916 1377 4984 vixit,
1412 4924 1465 4972 et
1492 4924 1610 4970 atro

295 5032 309 5061 ⁸
337 5029 401 5087 S.
429 5028 699 5099 Calenteri]
731 5028 975 5099 Episcopi
999 5036 1057 5099 et
1087 5025 1337 5093 martyris
1369 5025 1800 5099 mediolanensis,

225 5101 374 5172 cujus
413 5099 653 5155 Natalem
685 5095 861 5172 agunt
898 5095 1035 5166 prid.
1069 5099 1170 5172 cal.
1204 5096 1443 5172 Augusti.
1490 5095 1801 5172 Czilemerns

224 5158 605 5241 tit-Evomerus
650 5158 851 5224 recium
892 5158 992 5241 est,
1042 5158 1322 5241 Καλήμεροξ
1351 5170 1618 5241 Εὐήμερος.
1669 5158 1805 5220 Usus

225 5242 435 5295 inﬂexit
478 5251 535 5296 ut
577 5240 873 5294 Calimerus
922 5240 1148 5302 dicatur,
1196 5240 1336 5291 seut
1373 5240 1662 5292 Calocerus
1710 5253 1804 5305 pro

222 5310 513 5383 Calain-ro,
540 5313 679 5381 quod
709 5310 1021 5383 Gr;ecis_est
1047 5310 1356 5383 Καλὸκαιρος.

288 5385 307 5413 ²
337 5382 413 5434 De
433 5376 694 5450 defensore
720 5379 928 5451 rallido]
956 5376 1345 5451 Epigrainniate
1368 5377 1457 5443 76,
1484 5376 1564 5451 De
1584 5377 1798 5442 callido,

222 5454 305 5519 qui
324 5449 574 5519 Defensor
603 5453 884 5505 dicebatur.
913 5449 1185 5505 'Defensor
1216 5449 1397 5517 itaque
1422 5451 1521 5501 hoc
1554 5449 1670 5502 loco
1698 5465 1801 5501 non

221 5533 299 5574 est
330 5522 546 5589 ἔκδικος,
580 5531 639 5576 ut
666 5538 785 5577 cum
810 5522 1001 5575 dicitur
1028 5520 1280 5574 defensor
1302 5521 1557 5583 civitatis,
1582 5520 1673 5572 sed
1704 5536 1802 5571 tm-

224 5608 340 5646 nten
374 5595 646 5661 proprium
680 5593 804 5659 viri,
836 5602 893 5645 ut
924 5592 1063 5659 apud
1091 5591 1380 5658 Sulpicium
1412 5591 1668 5661 Severum
1704 5589 1805 5661 De-

223 5659 424 5735 b'nsor.
457 5659 543 5735 qui
574 5663 781 5718 obstitit
814 5661 868 5735 S.
896 5662 1216 5735 Martino,‘et
1252 5660 1302 5713 iu
1330 5660 1560 5735 antiquis
1588 5659 1802 5715 Notitiis

224 5731 279 5785 D.
300 5731 485 5787 [επιςυὲ
513 5736 712 5803 primus
742 5732 1024 5801 episcppus
1047 5731 1529 5800 Andegavmisinm.

290 5805 309 5834 ³
336 5800 557 5860 Νξιὶαιίε
586 5804 752 5874 biblis]
780 5804 990 5859 Chartis
1021 5817 1051 5858 e
1078 5803 1218 5859 biblo
1245 5818 1337 5858 seu
1365 5816 1585 5872 papyro.
1617 5800 1797 5856 Aldel-

1808 477 1860 536 Α

1838 4546 1886 4604 D

1516 360 1876 419 CARMINUM
1916 360 2043 418 LIB.
2083 360 2148 416 II.

3370 360 3472 415 546

2031 473 2304 543 Sanguine
2330 473 2596 530 distentos
2617 474 2838 531 delicias
2871 476 3072 531 habuit.

1962 565 2038 618 Tn
2068 566 2247 620 reddis
2275 566 2527 633 similem,
2558 583 2717 624 scena
2750 568 3035 633 redeunte,
3066 568 3329 629 furorem;

2031 658 2125 713 Cui
2158 668 2364 727 pastum
2405 660 2642 714 tribuunt
2670 662 2880 730 agmina
2915 661 3191 717 debilium.

2600 790 2784 847 LXIV.

1893 913 1959 951 υε
1991 911 2056 951 ΕΟ
2084 913 2171 959 θυι
2207 913 2274 951 UT
2308 912 2494 951 8111608
2526 914 2645 951 ειυς
2677 915 2741 951 AD
2777 914 2837 951 SE
2866 912 3159 963 τοιπιιειιετ,
3192 912 3481 953 ινλςοῑιιδτ.

1966 1011 2229 1078 Mergeret
2259 1015 2315 1062 ut
2342 1009 2494 1062 divos
2528 1010 2577 1063 in
2609 1017 2867 1074 mortem,
2899 1010 3087 1077 pabula
3116 1024 3339 1080 serpens

2036 1098 2292 1162 Contulit,
2324 1109 2377 1151 et
2402 1100 2565 1152 vitam
2599 1114 2819 1152 munere
2848 1098 2964 1152 dira
2998 1099 3134 1152 tulit.

1965 1187 2053 1243 Sic
2082 1188 2384 1256 quicunque
2419 1202 2569 1240 meos
2600 1186 2830 1256 paradisi
2864 1202 2987 1241 vere
3019 1186 3231 1240 labores

2043 1278 2338 1343 Dcmulcet,
2369 1293 2549 1332 casses
2574 1277 2803 1332 eont'ivii
2832 1278 3046 1346 patitur,

1969 1369 2078 1423 Illic
2102 1368 2328 1422 discedit
2355 1384 2509 1437 quem
2541 1377 2760 1437 pectore
2788 1369 2953 1439 gessit
2982 1366 3187 1421 amicus
3211 1382 3225 1421 τ

2040 1461 2125 1515 Fit
2146 1460 2419 1514 dominum
2452 1461 2564 1514 cari
2590 1462 2818 1530 gutturis
2842 1459 3151 1528 hospitium.

2381 1704 2445 1741 DE
2482 1702 2786 1741 DEFENSOBE
2820 1702 3063 1741 (ΞΛΜ-1110.

1970 1800 2203 1856 Νεεοῑτῗδ
2232 1799 2390 1867 votis,
2422 1809 2476 1856 et
2505 1800 2683 1855 cordis
2712 1800 2854 1856 nube
2884 1800 3167 1863 recedens.

2040 1890 2119 1944 Ex
2147 1890 2319 1944 oculis
2348 1904 2590 1958 praesens
2617 1892 2877 1960 qumreris
2905 1891 2955 1944 in
2987 1890 3143 1944 facie.

1969 1981 2157 2050 Tuque
2181 1996 2272 2050 per
2297 1983 2547 2049 ambages
2576 1982 2702 2035 nulli
2735 1982 3039 2050 spectabilis
3067 1994 3189 2035 esse

2039 2072 2237 2138 Calles,
2268 2072 2543 2127 mellilluis
2575 2073 2747 2126 toxica
2775 2073 2909 2127 dans
2939 2072 3115 2125 labiis.

1973 2165 2085 2220 Iloc
2113 2168 2233 2220 volo
2254 2166 2395 2234 quod
2423 2181 2528 2220 non
2558 2164 2639 2219 vis
2662 2166 2874 2234 jurans,
2906 2176 2957 2219 te
2980 2166 3122 2219 nolle
3144 2164 3285 2232 quod
3313 2171 3483 2233 optas,

2040 2258 2296 2313 Concutis
2323 2268 2379 2314 et
2404 2259 2565 2313 variis
2596 2268 2811 2326 pectora
2838 2274 2976 2312 smva
3008 2258 3200 2313 modis.

1970 2352 2541 2423 llydramvertieibus,
2579 2352 2763 2406 formis
2793 2367 3047 2420 superare
3078 2350 3451 2407 Prometheum

2042 2447 2262 2510 Domus,
2296 2456 2353 2500 ut
2380 2445 2451 2500 ad
2481 2447 2684 2514 priscos
2714 2446 2888 2501 fabula
2934 2460 3037 2499 non
3069 2445 3290 2499 redeat:

1972 2540 2277 2603 Bellacies,
2305 2539 2490 2606 spoli's
2517 2538 2735 2601 crescis,
2766 2538 3039 2598 defensor,
3066 2535 3349 2605 ademptis.

2045 2631 2123 2685 Ad
2158 2645 2351 2684 nomen
2379 2631 2543 2684 currit
2574 2632 2753 2697 prmdu
2782 2628 3009 2698 superba
3046 2637 3216 2683 tuttm.

2606 2744 2786 2798 lXVI.

2047 2869 2317 2909 PILEFATIO
2344 2870 2536 2909 TOTIDS
2567 2872 2748 2911 OPFIIIS
2775 2873 2981 2911 POETICI
3012 2873 3147 2919 QUOD
3175 2872 3347 2911 FECIT.

1978 2966 2105 3019 Du:n
2136 2981 2251 3019 mea
2292 2966 2613 3034 multiplices
2647 2982 2797 3019 mens
2832 2966 2989 3019 anxia
3017 2964 3244 3019 sustinet
3269 2978 3430 3019 a~stns

2052 3061 2112 3113 Et
2141 3059 2337 3115 reddor
2366 3060 2519 3113 vitrei
2554 3059 2872 3128 mancipium
2906 3059 3098 3128 pelagi.

1976 3152 2216 3221 Cumque
2255 3152 2581 3221 procellosus
2611 3148 2886 3206 refluentis
2919 3150 3144 3220 portitor
3174 3149 3327 3203 unda:

2052 3243 2259 3297 Africus
2289 3254 2344 3297 ut
2373 3252 2554 3311 captas
2586 3258 2669 3296 nte
2699 3252 2836 3295 rotat.
2866 3242 3106 3295 exuvias.

1976 3336 2181 3390 Pierius
2210 3335 2373 3390 menti
2401 3334 2548 3389 calor
2574 3334 2755 3387 incidit
2786 3351 2797 3385 :
2831 3332 3000 3401 indiga
3032 3333 3160 3385 serti

2054 3429 2318 3495 Tempora
2355 3440 2474 3479 mox
2508 3425 2667 3478 cinxit
2704 3425 2884 3477 laurus
2914 3424 3208 3493 Apollinea.

1952 3523 2123 3576 'Tunc
2154 3518 2366 3573 hedera:
2399 3517 2583 3573 viridis
2616 3518 2909 3571 rubuerunt
2941 3519 3113 3571 fronte
3138 3532 3201 3568 co
3235 3514 3401 3585 ymbi,

2045 3611 2260 3667 Castalii
2291 3612 2463 3664 mellis
2497 3624 2768 3661 murmura
2804 3607 2993 3661 blanda
3026 3606 3159 3661 bibi.

1976 3704 2243 3758 Continuo
2276 3717 2483 3771 ponens
2514 3709 2812 3753 marcentes
2846 3709 3060 3767 pectore
3089 3713 3243 3752 curas

2049 3795 2386 3863 Complector
2417 3794 2646 3854 laudem,
2680 3792 2937 3855 carmina,
2973 3791 3232 3844 laetitiam.

2599 3906 2805 3960 LXVII.

2037 4016 2102 4054 DE
2143 4014 2209 4053 ΕΟ
2247 4014 2328 4062 Ουο
2354 4015 2385 4052 D
2426 4013 2783 4052 VISDEMIARUM
2824 4010 3067 4050 TEIIPOIIE
3106 4008 3359 4049 SCRIPSIT.

1977 4111 2146 4166 Musta
2182 4110 2329 4164 cadis
2359 4109 2539 4163 famuli
2571 4110 2696 4161 dum
2730 4106 2967 4162 condunt
2998 4114 3177 4160 noStra
3213 4104 3418 4164 Iidclcs,

2054 4203 2120 4256 Et
2147 4201 2331 4256 ludunt
2365 4201 2511 4270 preio
2543 4200 2776 4255 calcibus
2808 4197 3088 4267 intrepidis
3119 4212 3134 4261 ;

1980 4295 2113 4350 Dum
2147 4296 2358 4363 tingunt
2388 4295 2527 4348 rosei
2562 4294 2769 4361 plantas
2799 4292 2867 4346 de
2892 4292 3151 4360 san‘gn'nc
3182 4287 3396 4349 Bacchi,

2052 4388 2323 4443 Scinditur
2353 4397 2405 4441 et
2435 4396 2647 4442 teneras
2679 4401 2777 4439 uva
2804 4400 2993 4453 gerens
3026 4382 3231 4437 tunicas
3263 4397 3280 4447 ;

1981 4478 2098 4533 Otia
2130 4477 2150 4509 ³
2178 4478 2392 4531 Nliacis
2423 4492 2527 4530 non
2558 4491 2743 4545 passus
2771 4477 3004 4529 carmina
3038 4474 3193 4528 biblis

2054 4570 2284 4629 Sulcavi.
2320 4570 2521 4623 tumulo
2555 4584 2620 4623 ne
2652 4578 2835 4622 tenear
2865 4567 3120 4622 moriens.

1984 4662 2143 4717 Ebria
2178 4663 2434 4731 lapsantis
2464 4663 2741 4716 confeSSus
2772 4661 2933 4715 verba
2960 4661 3185 4725 Thalizn,

2055 4754 2180 4808 Sum
2214 4770 2408 4807 vacuus
2436 4754 2612 4820 culpa,
2641 4754 2683 4807 si
2712 4752 2934 4822 pedibus
2964 4753 3170 4806 titubet.

1982 4846 2202 4914 Jejnnos
2233 4846 2418 4901 deceat
2449 4846 2529 4899 lex
2561 4847 2711 4909 anis,
2746 4844 2765 4874 "
2794 4844 2997 4915 syllaba
3054 4844 3388 4914 ibytlnnus:'

2050 4936 2200 4989 Nul'a
2225 4936 2595 4989 Cammnarum
2622 4936 2860 5003 jungitur
2890 4936 2954 4988 ad
2982 4935 3272 4989 Bromium.

1912 5044 2029 5082 mus
2060 5030 2127 5082 de
2149 5029 2494 5090 Nycticorace
2520 5069 2535 5088 ,
2566 5027 2822 5081 Romuleis
2850 5027 3043 5090 scribor
3072 5027 3243 5089 biblis,
3268 5028 3356 5080 sed
3381 5042 3494 5078 vare

1919 5098 2157 5169 Pelasga.
2201 5096 2442 5169 Undenet
2473 5098 2692 5151 Biblinxe
2734 5098 2971 5167 epismlu:
3009 5097 3156 5169 Isaim
3200 5113 3320 5150 xvnt
3354 5096 3493 5169 apud

1913 5166 2227 5237 interpretes
2256 5168 2391 5222 LXX
2417 5170 2557 5237 quod
2600 5178 2783 5222 noster
2825 5170 2897 5220 ait
2942 5185 2955 5219 :
2998 5166 3062 5219 In
3109 5169 3239 5221 rosis
3287 5167 3490 5237 prpyri.

1912 5235 2127 5293 Niliaca:
2154 5250 2353 5299 autem,
2386 5235 2504 5304 quia
2536 5254 2791 5309 papyrum
2827 5240 2877 5291 in
2906 5237 3140 5308 Egypto
3172 5235 3404 5309 nascitur
3440 5235 3489 5286 in

1911 5310 2012 5364 Nili
2047 5310 2384 5377 palustribus.
2423 5305 2618 5362 Plininé
2643 5305 2739 5364 lib.
2793 5326 2906 5369 xm.
2938 5324 2985 5362 ιι.
3016 5305 3104 5362 II.
3138 5305 3493 5377 Cassiodorus

1913 5380 2003 5435 lib.
2048 5374 2118 5441 in,
2160 5396 2206 5437 e.
2230 5381 2315 5433 ist.
2360 5379 2448 5435 58.
2495 5380 2622 5435 Inde
2659 5391 2713 5434 et
2748 5379 2960 5446 Capella
3005 5380 3218 5431 chartas
3266 5374 3491 5429 Nilotica

1910 5451 2120 5505 fruticis
2149 5451 2426 5504 collemata
2460 5461 2614 5504 vocat
2649 5452 2738 5502 lih.
2775 5466 2849 5505 nt.

1982 5522 2003 5551 "
2033 5522 2269 5590 Syllaba,
2312 5522 2601 5591 rhylhmus]
2644 5522 2780 5575 Male
2828 5522 2880 5572 in
2911 5516 3134 5591 vulgatis
3172 5525 3232 5591 et.
3259 5516 3492 5582 antiquis

1908 5587 2149 5646 remotus.
2194 5587 2527 5661 Sitnili'joco
2565 5587 2847 5660 aenigmata
2894 5602 2986 5639 sua
3030 5587 3228 5640 claudit
3266 5590 3493 5656 Sitnpo-

1907 5663 2018 5717 sius
2050 5681 2061 5716 :

2035 5751 2234 5800 Insanos
2258 5752 2387 5798 inter
2403 5762 2570 5798 sanum
2590 5759 2681 5793 non
2710 5758 2818 5793 esse
2840 5758 3043 5792 necrsse
3069 5753 3158 5793 est.

2033 5812 2103 5861 Da
2133 5817 2340 5872 veniam,
2365 5812 2535 5867 lector,
2564 5810 2689 5870 quod
2716 5822 2808 5856 non
2834 5808 2949 5869 sapit
2979 5814 3115 5857 ebria
3136 5808 3283 5861 Mus;
