3974 6366
534 345 630 400 547
1646 339 1915 397 ENNUDII
1959 333 2257 396 EPISCUPI
2301 340 2672 396 TICINENSIS
3649 355 3732 412 343

1209 456 1440 515 LXVIII.

648 578 713 614 DE
741 575 944 622 QIIODA!
975 573 1248 614 GLUTONE.
1290 572 1374 619 OUI
1405 571 1534 609 (IPUS
1562 570 1682 608 EJI’S
1715 566 1991 606 ISIPlLBITIJS

1168 643 1458 682 (ΖΑΒΡΕΒΛΤ.

596 741 787 796 Nescio
816 757 912 796 cur
941 750 1128 795 sancto
1153 755 1258 794 non
1289 754 1498 808 parcas,
1528 738 1713 801 stulte,
1745 735 1934 795 labori.

669 834 800 886 Dum
834 848 1034 886 morem
1067 847 1251 886 servas
1278 831 1526 884 dentibus
1557 829 1814 883 insiliens.

591 926 840 980 Mandere
865 940 960 979 nos
988 926 1163 994 pergis
1191 943 1203 977 :
1231 925 1323 977 sed
1356 934 1538 977 venter
1566 921 1843 977 commoda
1875 919 2062 974 nescit.

665 1016 899 1070 Flumina
933 1030 1054 1069 nam
1086 1016 1265 1068 vacuis
1300 1015 1513 1082 stringis
1546 1012 1882 1081 imaginibus.

592 1109 842 1163 Escarum
871 1125 1060 1180 gurges
1092 1111 1162 1163 nil
1195 1109 1362 1176 ruptis
1391 1123 1661 1162 murmure
1686 1105 1867 1160 buccis

660 1199 912 1267 Suscipit,
945 1210 1034 1253 aut
1061 1201 1223 1255 castis
1254 1199 1482 1252 motibus
1510 1198 1784 1253 exuberat.

590 1289 895 1345 Phasiacam
925 1292 1215 1357 volucrem,
1245 1294 1416 1359 pisces
1449 1293 1527 1344 vel
1554 1290 1763 1345 sumina
1793 1301 2034 1360 captans,

663 1381 770 1435 Uda
804 1383 1070 1452 vaporatis
1099 1393 1309 1452 guttura
1342 1397 1500 1451 pasce
1527 1383 1680 1446 cibis,

591 1473 672 1525 Me
699 1471 877 1540 jejuna
907 1473 1056 1541 juvat
1082 1475 1198 1527 sine
1227 1481 1376 1527 ructu
1408 1488 1639 1541 pangere
1668 1471 1807 1527 dicta
1836 1490 1846 1523 :

660 1563 892 1633 Hegilico
925 1564 1047 1617 luxu
1078 1563 1276 1617 fercula
1312 1575 1361 1618 te
1390 1564 1604 1619 satient.

1204 1676 1388 1731 LXIX.

600 1783 665 1821 DE
698 1783 941 1823 EUNUCIIO
972 1784 1214 1833 TItIBUNO,
1251 1784 1466 1835 NOIINE,
1497 1784 1809 1836 Ρῑηωιιικο,
1841 1784 1999 1825 οἋΧΙΔ

1091 1856 1522 1895 PERAHMJLANTI'Z.

579 1954 824 2010 Testibus
858 1956 1118 2010 asseritur
1142 1971 1296 2025 gens,
1329 1972 1540 2019 census,
1569 1955 1693 2021 vita,
1723 1955 1978 2017 Tribune.

650 2046 937 2114 Antiquam
966 2047 1211 2115 quotiens
1246 2047 1534 2117 linquimus
1563 2047 1870 2116 hospitium.

580 2134 678 2200 ’I’u,
711 2153 869 2206 quem
900 2138 1139 2192 lustratis
1172 2141 1463 2193 transmisit
1493 2141 1738 2209 gentibus
1764 2156 1958 2225 error,‘

652 2226 800 2281 Nulla
833 2228 1021 2282 domus
1053 2230 1208 2298 pleno
1234 2246 1331 2285 nec
1361 2239 1506 2286 tenet
1531 2233 1702 2298 ampla
1733 2232 1859 2286 die:
1951 2231 1954 2234 ’

576 2319 669 2374 Vis
698 2320 800 2374 dici
833 2321 1091 2390 locuples,
1123 2322 1384 2384 sublimis,
1422 2322 1662 2390 pulcher,
1694 2325 1920 2389 amicus,

643 2411 886 2467 Estibus
916 2413 1080 2482 ignoti
1111 2414 1304 2470 missus
1341 2416 1406 2470 ab
1436 2415 1654 2470 Oceani.

577 2501 726 2554 Irrita
754 2502 892 2556 dicta
921 2504 1122 2570 volant,
1149 2513 1385 2560 assertor
1412 2523 1517 2560 non
1549 2508 1692 2562 venit
1724 2509 1885 2574 ullus,

644 2592 792 2646 Nulla
827 2594 957 2649 tidcs
983 2609 1166 2649 sexum
1197 2596 1413 2667 detegit,
1446 2607 1536 2653 aut
1565 2599 1809 2668 patriam.

575 2685 868 2753 Mendicus,
899 2688 1127 2756 vetulus,
1161 2689 1396 2755 timidus,
1423 2691 1700 2759 confusus,
1731 2693 1974 2758 anhelus,

645 2777 755 2845 llis,
785 2793 967 2834 verum
996 2781 1246 2850 perdens,
1279 2791 1425 2839 utere
1454 2785 1779 2840 nominibus.

1219 2876 1379 2932 LXX.

1142 2988 1206 3024 DE
1231 2988 1429 3026 EODEM.

568 3056 734 3110 Tutus
766 3058 895 3111 falsa
926 3059 1066 3128 loqui
1102 3062 1299 3128 poteris
1327 3067 1442 3117 sine
1474 3073 1627 3129 tcsu',
1647 3064 1881 3118 Tribnue
1907 3085 1918 3119 :

643 3149 840 3202 Ventus
874 3150 1027 3204 habet
1059 3152 1288 3220 linguam
1318 3155 1640 3222 ponderibus
1672 3157 1841 3210 vacui.

1193 3246 1377 3301 LXXI.

728 3349 924 3388 Aturi-zu
964 3351 1028 3390 ne
1069 3349 1201 3401 IPSO,
1243 3354 1362 3400 QUIA
1405 3355 1643 3403 NUSQUAII
1685 3357 1837 3394 srn.

565 3423 869 3478 Instabilem
904 3427 1101 3480 faciunt
1129 3438 1331 3484 natura:
1359 3430 1550 3486 damna
1581 3431 1872 3487 Tribunum
1902 3451 1916 3487 :

635 3517 830 3570 Avolat
863 3518 985 3573 hinc
1015 3537 1218 3586 rursus,
1249 3521 1456 3577 vincula
1490 3524 1539 3578 ni
1572 3534 1806 3580 teneant.

564 3605 714 3660 Tolle
741 3610 900 3662 miser
929 3612 1187 3665 modicam
1220 3613 1455 3683 zephyro
1484 3616 1724 3672 veniente
1755 3618 2066 3674 saburram:

635 3697 798 3751 Radix
829 3701 970 3753 nulla
1006 3713 1093 3755 tuo
1123 3713 1205 3758 est
1235 3705 1377 3758 utilis
1407 3707 1624 3761 auxilio.

1176 3796 1386 3852 LXXII.

1051 3908 1237 3946 ALITL~II
1281 3912 1344 3949 Ι)ιί
1385 3913 1518 3951 ιρειι.

560 3979 843 4036 Ιίιιιιυςιιυς
877 3993 1082 4051 turpem
1115 3988 1285 4052 poscit
1313 4003 1405 4055 per
1428 3991 1656 4058 compita
1686 3991 1883 4045 victum
1910 4008 1922 4043 :

632 4075 845 4126 Semina
879 4075 1049 4128 telluri
1085 4093 1188 4129 non
1222 4078 1378 4132 habet
1407 4080 1544 4135 unde
1571 4081 1729 4135 ferat.

561 4164 787 4218 Grandia
820 4166 1100 4234 proscissis
1131 4184 1219 4221 rus
1245 4179 1428 4223 servat
1452 4173 1687 4240 germina
1718 4174 1995 4254 membris,

632 4258 846 4313 Fetibus
878 4268 929 4313 et
962 4261 1152 4314 messis
1180 4262 1525 4326 multiplicata
1560 4265 1715 4319 redit.

559 4350 612 4405 In
643 4366 851 4406 cassum
881 4364 1060 4406 sectus
1085 4355 1375 4423 proscindit
1407 4372 1622 4413 vomere
1647 4369 1814 4429 terga,

630 4441 688 4496 Ni
722 4443 928 4498 Iindens
956 4457 1169 4514 Spargat
1201 4448 1463 4501 triticeam
1496 4451 1753 4505 sobolem.

1158 4558 1384 4614 LXXIII.

557 4657 621 4698 1ης
654 4661 719 4698 ΕΟ
747 4661 883 4709 QUOD
915 4665 1015 4702 CUM
1049 4665 1158 4703 IPSE
1196 4666 1394 4705 GALLOS
1426 4670 1695 4707 I‘AIIl-..\TbS
1727 4670 1988 4720 IIABERI~.T,

862 4735 1092 4774 ANSI-ZRES
1133 4739 1340 4776 AMABAT
1380 4739 1679 4777 οοκκυεηιε.

555 4815 652 4870 llic
683 4816 954 4871 volucrum
989 4835 1157 4888 pugna
1187 4830 1288 4886 est,
1321 4823 1405 4875 ubi
1439 4823 1592 4876 Galio
1621 4823 1842 4877 ea-ditur
1868 4839 2057 4882 anser:

631 4908 726 4960 Dat
756 4923 938 4976 pmnas
971 4911 983 4939 ¹
1016 4913 1207 4966 veteris
1239 4906 1553 4980 proditionis
1580 4917 1716 4969 avis.

554 4997 808 5051 Mactatus
833 5001 1094 5066 quondam
1122 5002 1264 5056 vocis
1287 5005 1452 5071 capis,
1485 5005 1742 5074 improbe,
1775 5018 2056 5076 quzrstum.

627 5091 878 5144 Romanis
912 5093 1070 5146 vitam
1101 5094 1187 5163 qui
1220 5095 1446 5163 dederit,
1479 5100 1719 5152 moritur.

1156 5188 1385 5242 LXXIV.

873 5275 938 5311 DE
979 5275 1038 5310 VA
1051 5276 1280 5313 IIII'LTATB
1319 5278 1341 5309 (ἶ
1354 5277 1666 5316 ιιιῑιιιεοηωι.

552 5352 648 5417 Qui
682 5352 826 5420 ponti
861 5352 1044 5416 facies,
1077 5370 1357 5409 numerum
1388 5357 1476 5426 qui
1511 5360 1655 5413 novit
1683 5375 1881 5427 arena),

556 5488 564 5511 ‘
605 5485 791 5566 Veteris
815 5489 962 5555 prodi
984 5488 1134 5566 iouis]
1189 5489 1320 5544 (lum
1367 5508 1586 5548 anseres
1627 5495 1806 5550 Gallos
1837 5498 2052 5566 Capito-

485 5552 610 5672 I'inm
641 5552 966 5626 obsidentes,
1013 5552 1266 5615 Romanis
1295 5579 1424 5618 voce
1453 5581 1544 5620 sua
1577 5567 1838 5635 excitatis,
1874 5552 2053 5638 prodi-

485 5636 694 5672 trt‘ttttt.

485 5636 694 5674 (lu-runt.

515 5765 520 5771 ‘
555 5698 569 5722 τ
607 5692 793 5783 (futura
826 5699 1100 5770 Iruessit-is]
1143 5707 1341 5758 Seneca
1384 5706 1474 5759 Iih.
1513 5724 1563 5761 III
1593 5712 1659 5762 de
1693 5711 1791 5774 Ira,
1836 5733 1951 5783 cap.
1988 5722 2049 5771 ὅς

483 5761 678 5816 {ituros
705 5769 840 5820 color
881 5761 1187 5827 rubhruuitus
1218 5780 1418 5844 ca't‘ttal,
1449 5783 1515 5833 ml
1545 5761 1938 5852 umbrum‘aviis
1971 5810 2052 5845 (κι-

2094 4568 2144 4627 ι)

2359 453 2577 508 Femina
2605 469 2762 521 quem
2791 453 2978 522 iurans
3006 454 3197 511 cillere
3225 455 3365 511 nulla
3395 467 3548 527 potest
3573 481 3586 529 ;

2277 546 2557 598 Astrorum
2587 545 2816 612 plebem,
2842 545 2929 613 qui
2961 546 3129 602 calles
3154 556 3359 616 spectat
3385 561 3645 622 amantum,

2344 632 2568 702 Cynthia
2599 635 2681 687 cui
2710 635 2874 688 certis
2897 633 3152 690 cornibus
3179 637 3423 703 innotuit;

2274 725 2386 779 Non
2413 726 2554 779 valet
2584 726 2668 781 hic
2696 727 2871 781 vultus
2903 728 3152 794 retinere,
3184 739 3238 784 et
3267 733 3490 796 nomina,
3521 751 3692 804 mores,

2341 816 2484 882 Quos
2515 826 2684 872 mutat
2711 816 2890 871 clerus
2919 826 3133 888 tempus
3162 821 3213 874 in
3242 823 3503 889 exiguum.

2892 931 3103 988 LXXV.

2433 1032 2495 1070 DE
2537 1035 2677 1072 suco
2716 1035 2946 1087 HOMINE,
2987 1039 3074 1086 QUI
3115 1039 3277 1088 nouos
3319 1042 3535 1082 uitur.

2272 1109 2476 1163 Gaudet
2504 1112 2654 1179 equis
2683 1114 2813 1166 recti
2841 1114 3136 1180 dissuasor,
3164 1126 3216 1171 et
3241 1117 3446 1189 indigus
3469 1123 3613 1192 :equi,

2273 1200 2493 1255 Nomina
2525 1204 2614 1272 qui
2645 1203 2817 1274 dignis
2850 1207 3028 1262 studio
3056 1219 3340 1278 superante
3367 1211 3570 1268 caballis

2270 1292 2572 1359 Subtrahit,
2604 1310 2882 1363 opponens
2909 1299 2973 1352 ad
3006 1310 3189 1355 sancta
3224 1302 3472 1358 vocabula
3499 1304 3702 1360 clunem.

2268 1383 2372 1437 Sed
2404 1386 2584 1452 procul
2614 1398 2697 1441 est
2718 1388 2938 1456 pecudis
2962 1390 3104 1459 quod
3131 1401 3320 1448 censet
3345 1394 3528 1449 mentis
3549 1395 3729 1464 iniquae,

2271 1475 2604 1542 Pronositum
2647 1487 2848 1547 perstat
2883 1481 3116 1550 generis,
3157 1483 3298 1553 quod
3339 1492 3600 1539 stemmata
3631 1484 3730 1540 {una

3523 1574 3675 1646 [dunt.

2869 1681 3103 1738 LXXVI.

2419 1787 2482 1824 οε
2522 1786 2766 1838 CALLIDO,
2810 1787 2896 1836 QUI
2938 1788 3205 1829 θεῖ-εκείνη
3249 1791 3551 1832 υΙεΕΒΔΤυΒ.

2266 1881 2491 1951 Aspidas
2521 1895 2568 1935 ut
2604 1883 2780 1951 capiat
2807 1884 2958 1938 testis
2986 1883 3128 1938 fraus
3163 1885 3371 1953 hospita
3403 1887 3620 1954 technis,

2334 1973 2447 2030 Sub
2474 1973 2581 2027 ludi
2613 1976 2791 2043 specie
2819 1976 3008 2030 mortis
3039 1976 3214 2046 Imagn
3247 1978 3394 2033 latet.

2263 2060 2458 2119 Umbra
2493 2064 2513 2094 ¹
2543 2064 2816 2119 lacessita's
2846 2067 3087 2134 producit
3114 2068 3303 2122 callida
3337 2078 3532 2137 pestes,

2333 2153 2398 2207 Et
2434 2153 2629 2208 lii-Ilum
2661 2155 2866 2210 blandis
2896 2157 3170 2226 principiis
3193 2159 3417 2228 geritur.

2259 2243 2492 2310 Credite,
2523 2261 2625 2300 non
2657 2247 2813 2301 aliter
2837 2247 3088 2303 defensor
3117 2249 3293 2314 praelia
3322 2247 3534 2314 tractat,

2331 2339 2429 2405 Qui
2457 2349 2673 2393 accusat
2701 2340 2904 2404 ridens,
2933 2341 3022 2409 qui
3056 2341 3270 2410 perimit
3301 2343 3554 2412 placidus.

2345 2561 2408 2596 ui;
2442 2545 2458 2574 ³
2492 2562 2608 2599 vru
2655 2563 2718 2599 er
2759 2562 2973 2601 ACTIBUS
3012 2564 3057 2602 s.
3091 2565 3330 2603 satanas"
3371 2566 3635 2605 sciscat-rh

2261 2657 2375 2725 Egit
2400 2657 2540 2726 quod
2569 2659 2747 2712 docuit
2778 2661 2983 2715 meritis
3013 2671 3066 2715 ιιι
3092 2661 3301 2717 honore
3322 2673 3592 2734 superstes

2330 2747 2642 2800 Ambrosius
2671 2758 2817 2804 vates
2850 2752 3108 2816 moribus,
3140 2753 3376 2823 ingenio.

2261 2839 2484 2893 Itoscida
2518 2841 2735 2910 regiﬁco
2765 2842 2848 2897 cui
2885 2842 3034 2897 fulsit
3063 2847 3266 2900 murice
3290 2846 3492 2916 lingua,

2331 2931 2468 2987 Vere
2496 2948 2593 2987 suo
2622 2935 2846 3004 pingens
2871 2935 3108 3004 germina
3137 2952 3255 3006 qua:
3285 2938 3474 2992 Voluit.

2258 3027 2406 3079 Serta
2439 3026 2716 3080 redimitus
2743 3028 2988 3096 gestabat
3014 3028 3184 3083 lucida
3215 3029 3414 3097 fronte,

2333 3116 2646 3170 Distinctum
2678 3117 2903 3186 gemmis
2927 3134 3023 3172 ore
3053 3120 3271 3186 parabat
3297 3136 3454 3191 opus.

2259 3208 2486 3262 Instituit
2517 3208 2739 3278 populus
2771 3219 2944 3278 gestu,
2979 3211 3263 3278 probitate,
3295 3213 3529 3282 pudore,

2327 3297 2477 3352 Fovit
2509 3300 2824 3368 respiciens,
2856 3301 3101 3369 perculit,
3133 3302 3433 3359 admonuit.

2258 3389 2413 3444 Vocis
2445 3400 2499 3445 ut
2530 3390 2764 3446 ofﬁcium
2795 3403 3059 3460 postrema
3094 3394 3324 3462 pericula
3356 3404 3602 3466 poscunt,

2325 3480 2415 3536 Sic
2443 3491 2656 3536 teneras
2683 3483 2866 3550 culpas
2893 3484 2982 3550 qui
3014 3493 3151 3538 tacet
3181 3485 3496 3555 insequitur.

2255 3571 2572 3626 Succinctus
2600 3571 2808 3640 gladiis,
2839 3573 3013 3643 clypei
3045 3574 3111 3629 de
3141 3576 3378 3643 pondere
3406 3586 3568 3644 tutus,

2322 3662 2542 3717 Pectora
2574 3663 2853 3717 claudebat
2884 3665 3152 3720 textilibus
3179 3667 3444 3739 chalybis.

2253 3753 2405 3807 Ειιείς
2448 3755 2606 3808 habet
2636 3757 2776 3810 vires
2806 3758 3052 3811 vitiorum
3085 3771 3262 3814 s:etor
3290 3771 3342 3816 et
3376 3762 3545 3816 hostis
3573 3781 3582 3814 :

2325 3845 2511 3912 Vipera
2544 3862 2647 3899 null
2679 3847 2844 3915 t-ingit
2870 3863 3122 3916 squamea
3154 3861 3298 3922 terga
3330 3854 3452 3907 viri.

2830 3959 3113 4015 LXXVIII.

2300 4065 2363 4102 DI-Z
2404 4064 2448 4102 S.
2482 4065 2811 4102 SIIIPLIIZIANO
2851 4066 2993 4106 ῌιιεο
3034 4068 3097 4107 [’0
3135 4070 3464 4111 SUCCESSOIIE
3507 4073 3639 4112 Ellis.

2247 4166 2560 4219 Ambrosius
2593 4166 2838 4233 linquens
2869 4168 3095 4224 viduata:
3126 4174 3303 4226 munia
3333 4173 3508 4242 plebis

2317 4260 2604 4313 Tran~tnlit
2637 4260 2700 4314 ad
2731 4276 2936 4327 curam,
2971 4263 3339 4333 Simpliciane,
3377 4278 3543 4321 tuam.

2246 4353 2583 4405 Successoi-is
2611 4367 2739 4420 oprs
2765 4354 2973 4420 Spoliati
3016 4356 3216 4410 viscera
3251 4359 3399 4427 regni

2317 4444 2610 4497 (Ireverunt
2641 4445 2834 4498 merito
2865 4448 3122 4515 temporis
3152 4446 3394 4502 alterius.

2246 4539 2318 4588 Ac
2351 4536 2493 4589 velut
2519 4552 2774 4590 annosam
2808 4538 3054 4608 zephyris
3081 4541 3387 4608 parentibus
3415 4557 3630 4606 ornum,

2313 4626 2387 4680 Ne
2419 4635 2617 4680 metuat
2647 4627 2862 4697 bellum,
2898 4629 3048 4698 longa
3076 4634 3227 4698 qu'es
3251 4631 3472 4686 solidat.

2242 4719 2370 4773 Tiro
2399 4728 2573 4774 tamen
2606 4720 2726 4776 felix
2757 4736 2884 4776 cana
2915 4721 2980 4776 ad
3013 4722 3312 4777 rudimenta
3343 4733 3568 4780 vocatus

2311 4810 2424 4863 Non
2457 4812 2603 4866 ﬂexit
2641 4813 2872 4881 priscum
2904 4813 3237 4880 degenerans
3268 4816 3500 4883 apicem.

2242 4904 2317 4957 Nil
2352 4905 2527 4960 timuit
2555 4906 2744 4973 gelidis
2772 4906 2949 4959 anima
2978 4907 3215 4962 fervente
3246 4907 3522 4963 medullis.

2317 4995 2586 5050 Pontiﬁcis
2616 4995 2780 5050 virtus
2807 4998 2950 5050 {Iuris
2985 4997 3143 5052 habet
3173 5001 3400 5052 senium.

2241 5091 2475 5160 .‘eqtura
2509 5092 2595 5160 qui
2630 5101 2765 5147 tecto
2793 5094 2986 5160 pressit
3013 5103 3219 5148 terrena
3249 5095 3480 5164 patenti,

2311 5184 2542 5238 Moribus
2570 5194 2621 5238 et
2649 5184 2790 5238 cultu
2819 5184 2993 5240 sidera
3023 5201 3143 5240 cum
3177 5187 3368 5255 tetigit.

2166 5360 2372 5427 s‘urg't:
2409 5376 2552 5412 ursos
2592 5358 2857 5426 leonesque
2897 5375 3085 5430 mappa
3121 5360 3385 5430 proritat:
3429 5361 3603 5413 omnia
3644 5372 3746 5424 qua

2165 5440 2351 5481 natura
2389 5435 2498 5497 fera
2528 5447 2588 5482 ac
2620 5431 2800 5483 rabida
2829 5439 2979 5494 sunt,
3010 5441 3396 5485 consternantur
3427 5435 3498 5484 ad
3530 5447 3678 5485 vana.

2238 5521 2255 5550 ’
2282 5520 2354 5573 De
2383 5523 2486 5573 vita
2536 5522 2596 5574 S.
2624 5521 2898 5592 Ambrosii]
2952 5524 3080 5589 Qua:
3124 5533 3420 5592 sequuntur
3469 5521 3747 5576 duodecim

2123 5602 2130 5608 "
2164 5600 2543 5656 epigrammata
2593 5594 2776 5645 laudes
2817 5593 3094 5647 continent
3127 5594 3407 5648 duodecim
3453 5593 3751 5647 antistitum

2170 5662 2662 5720 .‘Iediolancusium,
2699 5679 2805 5729 quo
2835 5663 3020 5717 ordine
3050 5663 3234 5718 sedem
3266 5665 3637 5733 epISCnpa'Cm
3671 5670 3745 5714 te-

2167 5742 2392 5785 nue-runt
2425 5733 2488 5784 ab
2524 5733 2805 5786 Ambrosio
2834 5735 2896 5786 ad
2926 5733 3287 5789 Laurentium.
