3974 6366
193 356 285 412 sas
1476 341 1846 400 maxumin
1885 340 2015 397 ue.
2059 341 2119 397 η.
2180 411 2184 415 1
3355 344 3456 397 ssi

879 460 1078 514 XCVII.
1478 476 1481 479 '
1806 456 1858 510 Α
2609 454 2736 509 CIV.

750 569 816 606 os
857 567 954 604 xsu
994 564 1227 612 QUADASI.
2262 550 2354 618 (os
2394 563 2658 601 namnam
2696 549 3084 614 cnxuunico.)

260 650 479 718 Algidus
506 646 562 700 in
590 647 716 700 vivo
744 643 969 699 moritur
995 641 1118 692 dum
1150 652 1377 707 corpore
1408 638 1647 706 sanguis,
1956 636 2171 704 Forma,
2205 647 2385 707 caput,
2419 638 2603 703 facies,
2640 640 2853 693 Deutcri
2881 647 3070 692 cuncta
3104 637 3308 706 magist-
3330 651 3375 699 r,

262 747 537 797 Annorum
568 736 768 806 glacies
799 748 921 785 cum
946 732 1112 785 siccat
1140 729 1328 796 pabula
1357 729 1547 792 vulvae,
2025 728 2325 785 Innumeris
2348 730 2534 784 doctor
2560 730 2775 783 dotibus
2801 730 2892 784 ille
2920 730 3068 784 eluit.

262 830 495 887 Seminis
521 836 577 881 et
600 834 780 879 custos
806 822 999 890 refugit
1024 834 1181 874 cruor
1209 819 1354 893 utilis
1386 819 1601 887 inguen,
1956 821 2203 876 Excussit
2233 823 2469 892 linguam
2498 823 2687 892 genius
2718 824 2984 890 perlectus
3009 821 3227 889 ubique.

266 918 498 975 Marcida
529 932 626 971 cur
646 912 833 982 juveni
863 911 1109 978 sociaris,
1133 908 1305 973 Galla,
1340 906 1571 962 marito?
2024 912 2177 979 Quod
2206 912 2307 967 {ari
2340 913 2529 976 nescii,
2562 912 2807 980 displicet
2834 912 2957 967 inde
2986 912 3159 966 malis.

256 1010 512 1081 'Pignoris
544 1009 596 1060 in
626 1003 873 1059 thalamis
904 1002 1074 1070 pariet
1099 1000 1287 1053 fiducia
1314 1000 1521 1068 juueto.
1956 999 2370 1057 Grammatieam
2400 1002 2605 1070 jactant
2634 1012 2801 1055 artem
2834 1004 3041 1056 nescire
3075 1004 3381 1073 magistrum
3410 1023 3421 1053 :

269 1102 396 1157 Nam
429 1098 674 1153 sobolem
704 1094 835 1149 laxis
868 1092 1179 1147 mendacem
1207 1092 1391 1143 vivere
1421 1088 1565 1156 rugis
2029 1091 2139 1145 lloc
2165 1093 2352 1147 melius
2380 1093 2610 1162 simplex
2644 1092 2881 1145 moribus
2910 1092 3155 1147 instituit.

274 1192 614 1255 lnsimulans,
646 1187 819 1257 epulis
851 1186 946 1239 das
975 1183 1178 1253 prolem
1214 1181 1315 1235 feta
1354 1182 1569 1234 cloaca}.
1954 1180 2195 1236 Oratoris
2221 1197 2380 1255 popus,
2412 1182 2757 1251 lapidosaque
2783 1181 3017 1234 culmina
3049 1181 3185 1235 Tulli

268 1285 458 1341 Attulit
490 1285 593 1338 hoc
618 1290 825 1344 venter,
857 1277 996 1348 quod
1025 1275 1255 1344 conjunx
1282 1273 1470 1341 jungat
1495 1272 1561 1325 ad
1592 1285 1707 1325 ora.
2028 1272 2144 1329 Non
2176 1274 2385 1344 tetigit:
2418 1274 2619 1329 celsum
2654 1274 2868 1328 rhetora
2901 1273 3077 1327 nullus
3104 1282 3266 1327 amat.

880 1364 1123 1422 XCVIII.
1961 1365 2241 1436 Discipulis
2270 1368 2399 1421 satis
2428 1376 2511 1422 est
2541 1369 2737 1432 vultus,
2775 1366 3027 1435 tacitique
3058 1367 3291 1421 verenda

519 1476 586 1515 DE
626 1472 798 1513 ΑΜ]ιο
837 1470 1064 1509 1⁵11111Νέ
1096 1468 1211 1507 ‘INL.
1244 1466 1475 1505 ΡΕὶΙῐΝᾹ-Σ.

2028 1457 2307 1525 Calvities,
2342 1458 2541 1513 Phoebe
2572 1460 2768 1512 lumina
2798 1458 2952 1526 plena
2983 1456 3181 1510 vident.

274 1552 355 1608 Nil
380 1551 515 1606 fallit
540 1550 821 1611 simulans,
846 1544 987 1615 quod
1010 1544 1163 1596 finxit
1185 1541 1404 1595 dextera
1435 1555 1616 1594 verum
1644 1546 1745 1594 est.
2624 1570 2731 1625 CV.
3174 1538 3183 1546 ο

268 1643 570 1700 immobilis
596 1650 823 1696 stantem
853 1636 1041 1706 fugitat
1070 1635 1222 1703 lepus
1251 1642 1368 1687 arte
1396 1632 1707 1696 molossum,

270 1738 514 1791 'Insertos
538 1730 739 1788 rabidis
764 1729 901 1784 ridet
929 1727 1075 1781 furor
1103 1738 1296 1778 aureus
1325 1723 1488 1786 ursis,

280 1823 580 1881 Gestandus
608 1819 853 1877 manibus
882 1817 1033 1872 sevit
1062 1816 1145 1870 leo
1166 1813 1411 1869 blandior
1435 1812 1532 1868 ira.
1814 1810 1859 1869 Β

282 1916 565 1987 Cognoscit
585 1912 857 1969 dominam
883 1909 1070 1980 genius
1096 1906 1392 1960 famulante
1419 1902 1661 1959 metallo.

280 2007 483 2077 litigat
516 2004 604 2058 illa
633 2001 795 2064 feras,
825 2000 948 2053 dum
978 1997 1185 2066 plebem
1217 1995 1382 2066 pascit
1410 2002 1679 2064 egentum.

914 2091 1096 2147 XCIX.

814 2182 833 2250 (
847 2198 912 2236 ns
952 2180 1188 2249 nemo.)

286 2276 495 2345 Aspicis
526 2271 773 2328 Albinum
805 2269 986 2324 titulos
1016 2276 1137 2337 post
1164 2270 1315 2321 liusta
1342 2265 1576 2333 dedisse,

354 2368 562 2422 Funera
590 2364 682 2434 qui
710 2362 916 2416 meritis
943 2360 1214 2415 vivacibus
1238 2358 1460 2428 jugulat.

2172 1676 2253 1717 ι1Ν
2296 1679 2540 1717 NATALIZN
2583 1677 2822 1716 INFAN'I'IS
2862 1676 3137 1716 ARA‘IORIS.

2489 1755 2565 1809 Ex
2609 1765 2868 1824 tempore.

1961 1847 2091 1902 .Iure
2106 1847 2247 1902 colis
2276 1847 2549 1916 proprium
2578 1847 2808 1901 natalem
2840 1844 3065 1914 pulcher
3097 1850 3313 1900 Arator.

2032 1938 2130 2004 Qui
2158 1939 2203 1993 si
2232 1952 2343 1993 non
2366 1938 2593 2004 celeres,
2629 1940 2648 1969 ²
2682 1953 2949 2005 nunquam
2985 1941 3176 1991 Arator
3201 1951 3360 1993 eras.~

2540 2110 2543 2115 ,
2610 2046 2744 2102 CVI.

1974 2155 2042 2194 [*8
2081 2154 2293 2201 QUODAI
2335 2154 2546 2193 INCERTI
2590 2154 2857 2193 PROPOSI’I‘I
2897 2154 2963 2191 ET
3003 2154 3143 2192 \‘ITE.
3183 2154 3385 2192 TUBI’IS.

1966 2231 2068 2285 ‘I‘ot
2098 2230 2258 2284 rebus
2288 2230 2441 2283 fallax
2472 2228 2597 2298 quid
2629 2229 2801 2296 garris
2832 2230 2945 2298 pica
2980 2228 3254 2293 biformis,

1966 2321 2198 2376 Semivir
2222 2331 2276 2375 et
2305 2318 2533 2375 tremulo
2563 2320 2652 2389 qtti
2686 2333 2848 2373 vexas
2872 2321 3042 2389 turpia
3075 2319 3288 2374 lumbo?

287 2409 1666 2529 ιηέιξεῖδέ’μίξιεξιλξωςέιῑε-έίωξεσςῖεέπέφηνε,
1960 2411 2117 2529 gas?
2149 2411 2242 2466 ιίδί
2273 2409 2624 2512 promum.
2647 2410 2734 2529 ηιεε
3205 2410 3464 2529 uagum?!

1958 2500 2102 2567 Quid
2134 2517 2238 2555 nun
2269 2500 2657 2567 mentiris,vir,
2695 2500 2911 2566 femina,
2939 2510 3142 2564 sancte,
3173 2500 3427 2569 profane?

977 2632 1038 2687 C.
1204 2676 1205 2679 η
2604 2611 2761 2668 CVII.

562 2725 652 2791 (os
690 2738 824 2777 cui:
861 2734 1124 2775 VENATICO
1163 2736 1227 2774 ετ
1266 2720 1449 2786 assa.)

2147 2720 2344 2757 VERSUS
2384 2720 2514 2757 NISSI
2556 2720 2798 2759 ACNIZLLO
2838 2720 2958 2757 VIBI)
2997 2719 3221 2757 SLIIIJSII.

282 2813 495 2870 Cretius
527 2814 614 2868 hic
641 2813 833 2867 sollers
858 2810 1071 2881 quidam
1102 2810 1363 2864 vocitatur
1399 2809 1683 2872 lomnllus,
2496 2796 2569 2848 Et
2614 2806 2873 2863 lempore.

285 2904 517 2959 Naribus
545 2912 782 2973 angulus,
809 2915 997 2971 gressu
1022 2900 1186 2962 celer,
1207 2912 1314 2954 ore
1340 2900 1629 2965 timendus,
1962 2970 1967 2973 _
2031 2886 2295 2941 Lucidum
2331 2886 2484 2939 linin
2515 2886 2810 2939 maculantc
2840 2884 2956 2939 fuco

289 2994 592 3064 lmpavidus
613 2970 803 3063 presso
828 2993 1045 3062 signans
1073 2991 1293 3060 vestigia
1306 3001 1510 3056 rostro,
1962 2970 1967 2975 ’
2038 2976 2288 3045 Ουῖεφῑῖε
2315 2975 2585 3040 malum.
2619 2974 2751 3028 τυτθῑ
2778 2974 2903 3029 inde
2941 2976 3174 3038 linquam

284 3093 397 3153 Quo
426 3100 643 3152 cervus,
674 3099 896 3153 capreze.
932 3083 1160 3152 lepores,
1192 3083 1366 3152 lupus,
1393 3098 1514 3136 ursa
1546 3090 1786 3151 vagatur,

286 3177 520 3241 Invenit,
552 3184 609 3231 et
634 3174 812 3243 tepido
837 3174 1044 3243 capitur
1071 3173 1181 3227 fera
1206 3173 1424 3242 provida
1456 3172 1612 3227 lecto.

284 3268 511 3323 [luditur
543 3267 767 3338 agneila:
801 3276 921 3335 post
953 3266 1133 3335 praelia
1164 3273 1306 3320 tanta
1338 3266 1536 3329 volatu,

284 3362 439 3417 IIolIe
467 3376 632 3431 pecus
656 3361 928 3415 volucrem
961 3358 1232 3428 praevertit
1261 3358 1445 3413 fraude
1478 3359 1786 3412 mnlossum.

961 3449 1043 3503 Cl.

786 3555 851 3592 os
882 3540 896 3570 ¹
930 3555 1074 3593 scus.
1097 3554 1228 3593 LLIS.

281 3628 383 3685 Tot
414 3628 563 3683 Jovis
592 3628 889 3695 illecebras,
920 3637 997 3682 tot
1025 3628 1246 3681 crimina
1277 3626 1387 3679 viva
1416 3628 1597 3695 figuris

282 3722 420 3776 Dum
450 3722 585 3777 bene
612 3722 867 3790 depingit,
904 3720 1088 3774 vitiosa
1118 3729 1201 3774 est
1229 3720 1444 3775 dextera
1476 3721 1631 3775 fului.

2038 3068 2238 3123 Iudicis
2267 3066 2462 3123 Christi
2493 3067 2693 3122 faclbus
2722 3078 2989 3138 perustam

2459 3158 2564 3212 Ore
2589 3159 2847 3228 sepultus.

1967 3249 2172 3305 Scindit
2203 3264 2396 3318 urgens
2422 3250 2597 3305 ftedus
2620 3265 2779 3306 oume
2811 3251 2998 3306 fraude
3028 3252 3180 3306 vivax
3213 3255 3438 3325 perpeti,

1968 3341 2133 3412 Egre
2162 3354 2383 3412 portans
2413 3342 2667 3412 quidquid
2698 3344 2832 3399 ordo
2860 3344 3061 3414 flagitat
3087 3347 3349 3401 serenior.

1966 3432 2193 3501 Linque,
2226 3449 2429 3502 quaeso,
2462 3435 2651 3496 amice,
2683 3448 2860 3489 mores
2884 3435 3041 3504 plebe
3064 3435 3247 3505 dignus
3272 3438 3471 3502 ultima,

1966 3523 2254 3593 Sanguinis
2281 3524 2473 3578 callem
2514 3531 2727 3577 secutus
2755 3538 2908 3580 serva
2936 3525 3078 3594 quod
3115 3525 3367 3594 depectus
3394 3542 3471 3584 es.

2408 3627 2663 3667 ENNODIUS
2702 3628 2959 3667 AGNELLO.

1967 3706 2105 3760 Ante
2122 3704 2403 3774 imperium
2422 3703 2708 3775 diligentia:
2729 3715 2920 3760 vestra:
2941 3707 3297 3761 valetudinem
3322 3723 3471 3763 suam

1898 3796 2130 3864 injuncta
2166 3802 2468 3849 tenuerunt.
2500 3794 2630 3847 Nam
2659 3809 2723 3847 ne
2747 3796 2831 3848 c'ui
2861 3795 2973 3849 hinc
3000 3798 3254 3850 darentur
3284 3799 3364 3851 vel
3399 3800 3472 3852 le-

1893 3887 2062 3959 genda
2091 3888 2174 3941 vel
2202 3885 2605 3941 transcribenda
2636 3886 3001 3954 prmmonitus,
3034 3887 3219 3941 obvias
3250 3904 3472 3957 poscen-

285 3994 367 4049 Nil
393 3994 519 4050 licet
552 3994 713 4057 aetati,
744 3994 1009 4048 scelerum
1038 3994 1362 4050 monimenta
1394 4008 1699 4066 resurgunt,

1938 3979 2035 4033 bus
2067 3993 2253 4032 manus
2286 3976 2527 4046 opposui.
2564 3975 2713 4030 Nunc
2743 3975 2913 4030 victus
2944 3979 3018 4030 tui
3050 3977 3273 4031 caritate
3304 3988 3472 4031 trans-

285 4083 555 4138 Admonct
583 4083 863 4153 exemplis,
889 4084 977 4153 qui
1010 4084 1195 4153 culpas
1234 4084 1425 4140 formal
1456 4064 1643 4141 ωοίίειε,
1896 4070 2037 4126 misi.
2074 4064 2257 4125 Facies
2283 4085 2459 4125 meum
2487 4069 2743 4139 pudorem
2778 4070 2828 4125 in
2861 4070 3090 4126 statione
3120 4085 3240 4125 esse
3271 4070 3311 4124 si
3341 4074 3472 4126 refe.

912 4232 915 4233 ν
957 4172 1066 4227 CII.
1893 4178 2007 4233 gas,
2042 4164 2093 4217 in
2125 4161 2491 4233 proﬂigatione
2523 4162 2773 4226 maxima,
2804 4162 2847 4215 si
2878 4161 3221 4216 transcribas.

920 4282 1096 4322 ALIUD.

287 4355 343 4411 Si
376 4364 550 4409 tantas
576 4356 735 4409 facies
762 4365 883 4409 tunc
910 4354 1136 4423 sumpsit
1164 4353 1315 4407 divus
1346 4353 1576 4417 adulter,

1968 4366 2185 4421 Vincula
2214 4366 2373 4421 solvit
2393 4381 2566 4430 amor,
2595 4380 2713 4434 qua:
2743 4350 3011 4433 quondam
3045 4364 3220 4418 nexuit
3253 4364 3389 4419 alter
3414 4382 3427 4420 :

357 4446 429 4500 se
469 4446 695 4513 Ιπῖιιιιιω
732 4444 876 4498 1³181⁵
920 4444 1035 4497 Ιυείί
1078 4445 1413 4514 ίηίαϐίοίίιυε·
1968 4458 2206 4513 Nonnisi
2234 4474 2328 4527 per
2358 4458 2524 4528 legem
2552 4457 2694 4511 cedit
2724 4456 2806 4510 lex
2842 4455 3015 4524 prisca
3039 4465 3375 4525 sequentem.

286 4537 421 4603 Quid
449 4552 554 4591 non
588 4536 806 4589 mentito
835 4536 1084 4590 violasset
1108 4551 1332 4605 corpore
1361 4550 1575 4595 numen.
1819 4538 1870 4598 D
2126 4610 2127 4613 η
2614 4566 2751 4621 ριχ,

356 4628 521 4697 Cujus
559 4626 726 4680 forma
766 4640 864 4679 suo
894 4626 1090 4695 gaudet
1122 4626 1422 4679 adulterin?

946 4739 1073 4791 CIII.

564 4831 658 4903 (ne
700 4846 949 4885 “smus
988 4844 1057 4884 ετ
1098 4830 1442 4898 υικοτιιυιιο.)

284 3812 508 3883 Argenti
536 3813 763 3881 pretium
793 3820 873 3866 est
899 3810 1104 3865 facinus
1134 3813 1364 3866 retinere
1390 3822 1680 3879 vetustum,

284 3902 359 3958 Ne
392 3918 586 3972 purum
617 3912 832 3971 superet
855 3903 992 3969 quod
1022 3902 1174 3957 furtis
1196 3902 1439 3972 Juppiter
1467 3908 1591 3975 eg't.

2406 4664 2495 4735 (ne
2534 4676 2782 4716 vsssuaus
2820 4658 2975 4731 svis.)

1966 4779 2246 4849 Nunquam
2275 4774 2548 4847 frugiferis
2572 4788 2664 4843 per
2688 4772 2881 4827 saecula
2906 4771 3061 4841 longa
3097 4772 3351 4843 tyrambis

2042 4871 2099 4927 In
2130 4887 2214 4926 me
2245 4870 2517 4924 ﬂuxerunt
2547 4865 2826 4921 commoda
2856 4862 3098 4920 Castalii.

1970 4964 2164 5020 Tristia
2189 4962 2386 5032 jejunis
2411 4968 2748 5031 spargentem
2781 4954 3013 5012 carmina
3051 4945 3214 5010 labris

2038 5056 2172 5126 Spes
2200 5069 2334 5109 nova
2360 5052 2487 5123 quid
2519 5050 2761 5106 stimulas
2789 5048 3012 5119 gurgitis
3037 5046 3231 5101 Aonii?

1967 5149 2073 5207 Sed
2103 5148 2150 5203 si
2179 5155 2381 5200 mutato
2411 5144 2697 5198 Parcarum
2727 5141 2954 5196 Stamine
2984 5139 3205 5207 gaudes,

2038 5239 2245 5294 Exhibe
2277 5234 2621 5302 cornipedem
2653 5247 2793 5287 nunc
2820 5231 3064 5301 Pegasaza
3097 5228 3246 5281 mihi.

1964 5331 2062 5398 Qui
2096 5330 2226 5383 ferat
2257 5327 2513 5397 aligerum
2541 5339 2633 5393 per
2663 5322 2899 5393 gramina
2928 5318 3133 5374 roscida
3155 5331 3370 5385 corpus,

2041 5419 2148 5475 Nec
2179 5427 2389 5474 teneras
2414 5417 2595 5471 ﬂectat
2618 5414 2855 5483 vestigiis
2882 5418 3109 5479 segetes.

1970 5510 2287 5572 Sublimem,
2315 5505 2564 5571 validum,
2600 5504 2911 5564 formosum,
2941 5497 3184 5567 passibus
3214 5502 3414 5563 aptum,

2039 5600 2140 5667 Qui
2168 5599 2211 5653 si
2238 5596 2527 5665 contingat,
2557 5607 2686 5648 mox
2716 5590 2869 5651 milii,
2897 5587 3062 5650 Musa,
3094 5584 3293 5652 places.
3454 5582 3455 5587 “
3492 5590 3498 5596 ·

285 4945 434 5001 Lasa
462 4945 643 5000 Venus
672 4960 776 4999 non
807 4952 892 4999 est
919 4961 930 4996 :
968 4951 1172 4997 natura;
1200 4942 1407 4996 vincula
1435 4950 1680 4996 constant
1705 4958 1718 4993 :

285 5037 481 5091 Bucula
511 5035 738 5089 Dmdalei
761 5044 938 5088 cessat
965 5034 1181 5087 mentita
1215 5032 1430 5085 laboris.

282 5129 503 5199 Ingenio
536 5130 721 5182 vivens
750 5128 820 5181 nil
852 5128 1031 5196 mugit
1052 5141 1207 5179 vacca
1242 5125 1504 5179 biformis.

288 5217 328 5270 Ρ
332 5216 539 5286 ictaque
568 5232 668 5272 nec
696 5233 880 5271 verum
909 5217 1104 5285 coitum
1135 5216 1262 5269 dant
1291 5216 1429 5284 ligna
1452 5216 1713 5283 juvenem.

290 5310 425 5364 Ecce
455 5311 644 5364 iterum
675 5319 826 5363 tauro
853 5308 1045 5362 mulier
1078 5308 1410 5362 submittitur
1441 5323 1594 5375 uxor,

283 5400 557 5454 Humanas
586 5400 843 5468 pecudum
878 5398 1149 5467 suspirant
1177 5407 1389 5465 pectora
1424 5399 1685 5455 ﬂammas.

286 5489 443 5543 Vasta
466 5490 649 5559 jugum
679 5489 881 5554 cervix,
914 5503 1103 5543 cursus
1130 5489 1273 5555 capit
1296 5504 1418 5543 area
1450 5491 1597 5557 colli,

281 5580 523 5647 Qualiter
544 5580 764 5637 astricto
790 5580 1000 5635 sudavit
1027 5578 1259 5634 marcida
1290 5579 1427 5634 loro.

286 5715 301 5744 ¹
336 5711 415 5771 De.
437 5712 686 5840 summa]
710 5712 781 5768 Ut
814 5728 1035 5795 caucum
1067 5727 1224 5795 supra
1265 5712 1438 5767 fabula
1477 5692 1821 5797 Pasiphaes.)

322 5799 461 5840 nunc
496 5786 666 5840 scutel
691 5798 749 5839 as
778 5782 925 5840 lovis
967 5783 1244 5838 adulteriis
1275 5784 1479 5839 celatas
1515 5785 1790 5840 describit-

1898 5723 1953 5770 et
1980 5725 2180 5765 morem
2212 5706 2398 5777 pttdori
2424 5704 2639 5777 noxium
2673 5700 2862 5754 merito
2887 5693 3130 5763 castigat.

217 5782 284 5838 Ita
322 5799 461 5840 nunc
496 5782 749 5841 scutellas
778 5782 925 5840 lovis
967 5783 1244 5838 adulteriis
1275 5784 1479 5839 celatas
1515 5782 1791 5852 describit;
1971 5786 1989 5837 Ρ
2026 5782 2207 5836 Schol.
2237 5782 2360 5845 legit
2388 5782 2649 5840 numquid.
2750 5806 2759 5813 -
3124 5806 3133 5811 ν

1971 5786 1989 5837 Ρ
2026 5771 2360 5845 5υ1ωιί18811
2388 5771 2649 5840 numquid.
