3974 6366
500 364 501 367 η
532 329 635 383 5ῐῦ

1690 294 1693 297 ’
1764 314 1915 369 vm
1960 314 2111 369 llJllf

2218 256 2328 369 ius:
2372 313 2589 369 eam.
2658 296 2665 301 ’
2704 299 2708 302 ’
3667 310 3749 368 ποι

531 442 651 496 bam
691 437 802 491 salo
832 436 1009 489 laxare
1045 439 1099 486 et
1144 428 1433 484 anchoram
1468 428 1518 481 in
1553 441 1764 482 morsus
1796 428 2095 482 absolvere.
2129 435 2173 492 Α
2206 428 2284 481 Tu
2330 429 2594 496 praedonis
2648 425 2866 480 nescisti
2919 424 3105 480 timere
3152 426 3434 489 saevitiam,
3496 434 3547 478 tu
3580 426 3753 482 blandl-

534 535 663 588 Dum
693 530 917 584 fractura
948 526 1299 595 procellarum
1328 538 1445 593 qua:
1471 522 1676 575 navitas
1706 521 1967 575 hactenus
2000 529 2106 575 ter-

470 622 475 625 ‘
528 625 699 685 rebat,
722 622 924 683 invitat,
950 628 1003 671 et
1034 632 1128 685 per
1155 616 1252 669 uda
1276 614 1508 684 zeqtiuris
1535 611 1706 681 spatia
1738 626 1983 665 somnum
2008 625 2105 679 gu-

529 714 797 771 bernantis
845 710 1094 764 admittit.
1140 709 1269 762 Cum
1320 708 1502 759 colore
1550 704 1803 759 distincta
1836 710 2108 770 gemmato

528 807 702 860 vernis
730 802 918 872 opibus
948 809 1095 869 prata
1127 798 1418 853 ditescant.

596 895 671 947 Tc
700 893 765 946 ad
808 891 1162 961 pontiﬁcalem
1206 888 1407 957 apicem
1435 887 1690 956 gravitas,
1738 884 1927 954 pudor,
1961 882 2112 952 pulli-

527 990 672 1054 citia,
696 998 950 1041 venustas
998 984 1239 1047 adduxit,
1271 990 1472 1036 statuat
1503 981 1600 1034 ista
1644 981 1760 1034 loco
1786 979 1989 1043 laudes,
2019 971 2109 1033 cui

529 1096 671 1135 nunc
695 1078 948 1148 suppetit,
980 1070 1121 1146 quod
1171 1074 1340 1144 possit
1381 1072 1671 1141 praedicare
1718 1071 1785 1124 de
1848 1071 2106 1124 moribus.

530 1173 811 1227 Momentis
841 1170 984 1224 enim
1015 1181 1143 1221 aura
1175 1165 1447 1234 popularis
1482 1162 1795 1230 impellitur,
1826 1173 1880 1215 et
1929 1162 2109 1214 nescia

530 1264 788 1322 examinis
819 1262 971 1315 turba
996 1259 1120 1313 dum
1153 1257 1343 1311 studiis
1395 1254 1594 1322 rapitur
1620 1263 1762 1304 amat
1792 1250 2107 1319 incognitos.

531 1357 699 1415 Alteri
723 1354 863 1426 quod
892 1353 1009 1422 pius
1038 1366 1096 1407 es
1121 1350 1376 1413 ostendit,
1423 1348 1575 1401 alteri
1600 1347 1738 1414 quod
1765 1359 2006 1407 severus,
2035 1343 2113 1396 al-

532 1451 629 1507 teri
657 1449 796 1518 quod
838 1448 974 1503 bene
1024 1442 1270 1512 acquisiti
1321 1440 1636 1494 distributor
1668 1437 1995 1505 patrimonii,
2027 1434 2110 1488 al-

500 1545 633 1600 -teri
659 1544 798 1614 quod
847 1545 951 1598 scis
992 1552 1137 1596 recte
1192 1547 1338 1608 parta
1363 1552 1599 1595 scrvare.
1656 1533 1710 1587 ld
1741 1532 1899 1586 studii
1945 1532 2110 1585 sumit

534 1639 873 1701 universitas,
914 1646 972 1691 ut
1000 1650 1119 1689 cum
1151 1633 1216 1688 de
1250 1631 1522 1701 proposita
1568 1628 1723 1682 laude
1746 1625 2112 1695 unusquisque

533 1734 789 1798 vinceret,
824 1728 907 1783 vel
952 1726 1260 1789 collatione,
1310 1723 1391 1777 vel
1438 1720 1814 1784 collocatione,
1847 1728 2022 1772 tamen
2057 1717 2109 1770 in

534 1824 813 1893 przeconiis
840 1821 943 1875 tuis
975 1818 1209 1874 melioris
1260 1816 1396 1870 tituli
1444 1813 1511 1869 ab
1560 1813 1731 1868 altero
1783 1812 2103 1865 vinceretur.
2140 1798 2186 1857 Β

606 1957 621 1986 ί
674 1949 941 2019 Venanlio‘,
976 1949 1117 2004 Idem
1151 1948 1376 2019 fortasse
1397 1962 1519 2019 eum
1544 1946 1799 2019 Venantio
1827 1945 1907 2000 cui
1935 1946 2109 2019 Enno-

535 2015 943 2078 tlius.inscribit
984 2020 1264 2087 epistolam
1309 2018 1378 2071 ‘22
1408 2017 1500 2069 lib.
1542 2032 1594 2083 v,
1638 2016 1701 2068 ad
1731 2032 1887 2083 quem
1934 2015 2107 2087 locum

535 2096 654 2148 vitle
721 2105 896 2145 nutant
953 2086 1240 2144 Sirmontli.
1297 2088 1540 2140 Venantii
1600 2100 1811 2150 quoque
1871 2086 2111 2137 meminit

2211 529 2512 574 mentorum
2543 502 2767 589 quodin
2813 518 3095 571 malitiosis
3143 520 3421 572 nocentius
3470 519 3619 572 telum
3666 531 3751 583 est,

2209 618 2359 665 scuto
2383 611 2695 664 constantiae
2725 625 2926 663 venena
2954 610 3225 676 respuisti.

2586 724 2603 753 ι
2649 723 2989 777 VENANTlO
3030 724 3383 779 ENNODiUS.

2291 835 2534 902 Domine,
2563 835 2801 889 admiror
2831 836 3093 890 sermonis
3140 835 3517 889 abstinentiam
3551 837 3656 905 quia
3684 841 3756 907 qui

2212 926 2396 995 exigua
2450 925 2772 993 condiderit,
2837 927 2968 979 nihil
3023 927 3288 995 producit.
3323 927 3511 980 tiredis
3560 928 3650 982 sub
3681 934 3761 986 hac

2212 1018 2495 1072 occasione
2521 1018 2789 1087 profectus
2836 1018 2912 1071 tui
2953 1019 3120 1072 latere
3154 1018 3456 1084 scientiam,
3495 1030 3547 1071 et
3576 1021 3760 1075 tacitur-

2215 1109 2349 1161 nita<
2380 1108 2702 1177 imperitiam
2745 1109 2942 1176 prodit,
2966 1118 3020 1163 et
3078 1109 3389 1163 infabricata
3438 1109 3763 1168 confabulatio

2215 1196 2521 1250 manifestat
2570 1197 2872 1254 infantiam.
2906 1197 3112 1252 Interea
3144 1208 3269 1253 ante
3301 1201 3451 1267 inops
3479 1202 3639 1269 gratia
3674 1219 3761 1255 non

2215 1288 2380 1353 fuisti,
2411 1289 2584 1343 sciens
2606 1287 2730 1357 quid
2756 1289 3052 1357 diligentia,
3081 1291 3205 1358 quid
3236 1292 3463 1344 amantis
3488 1292 3763 1345 sollicitudo

2214 1378 2489 1447 flagitaret.
2519 1378 2709 1432 Factus
2737 1392 2795 1432 es
2841 1378 3096 1433 bonarum
3126 1395 3305 1433 rcrttm
3328 1380 3594 1441 conscius.
3625 1392 3757 1449 pust-

2212 1484 2369 1539 quam
2406 1477 2457 1523 te
2484 1468 2551 1523 ad
2581 1469 2867 1523 obtinenda
2907 1485 3025 1538 quin
3066 1478 3320 1538 putantur
3349 1471 3576 1523 maxima
3618 1481 3765 1523 trans-

2216 1560 2477 1615 misimus.
2552 1561 2705 1627 Quod
2768 1570 2932 1616 restat
2991 1564 3145 1627 vale,
3196 1564 3461 1631 accipiens
3517 1564 3768 1615 monitoris

2214 1653 2406 1719 verba,
2436 1661 2489 1707 et
2518 1654 2824 1707 melioratus
2856 1655 2906 1709 in
2955 1664 3006 1709 te
3045 1656 3351 1724 scriptionis
3378 1655 3628 1708 assiduita
3652 1670 3679 1708 e
3704 1656 3768 1707 di-

2216 1746 2390 1817 vulga.

2219 1950 2361 2005 idem
2394 1949 2668 2072 fnnodius
2708 1952 2866 2019 epist.
2898 1951 2930 2005 9
2964 1951 3054 2005 lib.
3086 1967 3157 2014 tv,
3185 1966 3411 2020 eumque
3457 1952 3682 2021 appellat
3709 1954 3770 2003 vi-

2219 2037 2329 2072 runt
2366 2036 2391 2071 ε
2415 2037 2494 2072 ην.

2216 2037 2329 2073 rum
2366 2036 2494 2073 Clﬂl‘.

1731 2276 1890 2318 ANNO
1925 2276 2151 2318 DUMINI
2184 2277 2606 2318 DXlV-DXXIII.

709 2396 2452 2698 .‘HORMISDA
2566 2396 3432 2631 PAPA.

1933 2707 2385 2787 NOTITIA.

1866 2841 1957 2900 (.ix
1985 2841 2128 2890 Libro
2156 2842 2454 2904 pontiﬁcali.)

1923 2950 2117 2965 .-

610 3022 635 3052 ·
666 3012 943 3068 Ilormisda
971 3009 1187 3065 natione
1213 3010 1548 3077 Campanus,
1588 3022 1654 3063 ex
1684 3015 1834 3078 patre
1862 3008 2015 3064 Iusto
2044 3007 2115 3063 de

2218 3009 2432 3063 civitate
2480 3008 2775 3062 Frusinona
2824 3008 3150 3079 (Frusione),
3194 3007 3222 3047 δ
3256 3008 3392 3064 sedit
3416 3024 3593 3065 annos
3635 3011 3710 3082 (a)
3744 3013 3774 3065 8

610 3125 641 3160 lt
675 3123 952 3177 Variantes
974 3122 1103 3193 sive
1143 3128 1454 3193 notasque
1494 3120 1559 3175 ad
1591 3130 1869 3191 utramque
1913 3122 2117 3191 paginte
2146 3113 2193 3177 C
2223 3136 2326 3191 que
2373 3122 2508 3175 intra
2542 3121 2888 3189 parentheses
2938 3122 2987 3174 iu
3022 3132 3164 3176 textu
3198 3123 3494 3191 posuimus,
3525 3124 3796 3193 aliquoties

537 3211 685 3249 oram
720 3201 839 3262 post
860 3192 1126 3245 Labbcum
1167 3191 1329 3244 Mansi
1362 3193 1737 3260 exscripserat,
1766 3206 1865 3247 nos
1890 3193 2123 3261 plerum-

607 3315 632 3343 ⁸
674 3304 994 3376 Symmacho
1024 3320 1087 3357 ex
1120 3302 1218 3376 hac
1248 3303 1444 3376 vita_ad
1473 3304 1856 3375 sempiternam
1884 3306 2107 3375 gloriam

537 3373 814 3445 perducto,
872 3388 1077 3445 summa
1129 3375 1296 3445 totius
1341 3373 1563 3427 Romani
1595 3373 1748 3429 'cleri
1800 3373 2108 3442 concordia,

440 3468 447 3475 ι
537 3443 827 3500 schismate
853 3443 1080 3507 sublato,
1108 3454 1227 3510 post
1250 3444 1365 3496 dies
1389 3455 1592 3514 septem
1628 3446 1694 3499 ab
1719 3445 1833 3514 ejus
1858 3448 2006 3501 obitu
2041 3464 2110 3503 vu

538 3516 786 3586 calendas
810 3514 1059 3586 Augusti,
1093 3528 1242 3586 anno,
1264 3514 1457 3586 Christi
1489 3513 1614 3579 5M,
1648 3513 1911 3586 Anastasii
1938 3518 2108 3586 impe-

537 3590 729 3639 ratoris
758 3585 850 3649 24,
891 3593 945 3637 et
983 3583 1296 3637 'l'heotlorici
1332 3585 1472 3653 regis
1511 3586 1673 3639 Italiae
1699 3585 1789 3639 22.
1833 3583 2110 3642 Hormisda

536 3658 594 3709 S.
626 3656 686 3709 lt.
727 3655 787 3708 E.
828 3654 1105 3717 diaconus,
1146 3654 1380 3723 pontifex
1423 3663 1505 3708 est
1547 3666 1779 3709 creatus.
1812 3656 1961 3722 Quod
1989 3672 2110 3712 cum

537 3728 632 3780 toti
678 3724 795 3778 orbi
834 3725 1173 3788 innotui~set,
1213 3724 1511 3778 Clodovcus
1542 3729 1558 3747 ‘
1588 3741 1680 3779 rex
1718 3725 2114 3783 Christianissi-

536 3811 654 3849 mus
683 3804 992 3848 cunetorum
1020 3794 1333 3863 obsequium
1362 3798 1642 3862 praevenit,
1667 3805 1723 3850 et
1751 3798 1927 3852 ofﬁcia
1956 3812 2114 3864 supe-

534 3867 692 3920 ravit.
742 3864 871 3919 Nam
917 3875 1234 3932 suggerente
1276 3864 1542 3933 Remigio,
1587 3880 1841 3920 coronam
1892 3881 2111 3923 auream

533 3952 655 3989 cum
684 3935 942 4003 gemmis,
976 3949 1094 4001 qua:
1125 3950 1345 4001 regnum
1378 3936 1631 4002 appellari
1662 3938 1826 4000 solet,
1859 3936 1919 3991 Β.
1955 3938 2113 3993 Petro

534 4006 750 4058 donavit
778 4021 792 4054 :
815 4019 917 4071 qua
948 4019 1005 4056 re
1026 4019 1052 4053 a
1071 4003 1181 4056 Deo
1204 4014 1525 4057 consecutus
1546 4013 1629 4058 est
1645 4006 1945 4060 mercedem
1970 4022 2111 4073 eam,

537 4085 594 4125 ut
643 4073 967 4127 Francorum
1018 4074 1166 4141 regni
1219 4088 1418 4126 corona
1471 4073 1729 4129 hactenus
1778 4087 2111 4142 perseveret.

538 4143 707 4216 llujus
732 4142 1058 4216 temporibus
1091 4143 1401 4216 Anastasius
1432 4145 1721 4216 imperator
1749 4145 2113 4216 Eutycltianus

538 4213 702 4265 multa
753 4212 818 4265 ad
874 4211 1283 4281 Opprimendum
1336 4212 1775 4270 Chalcedonense
1824 4211 2111 4271 concilium

536 4284 751 4336 molitus
778 4281 894 4336 fuit.
922 4283 1048 4335 Bina
1076 4282 1337 4350 legatione
1357 4297 1384 4335 a
1411 4284 1661 4351 pontiﬁce
1688 4286 1942 4350 monitus,
1970 4296 2026 4340 ut
2046 4287 2114 4342 ad

538 4352 821 4406 uniendam
848 4351 1171 4406 Orientalem
1197 4366 1317 4405 cum
1340 4353 1667 4408 Uccidentali
1695 4355 1989 4410 Ecclesiam
2021 4372 2115 4411 no-

539 4438 655 4495 men
676 4422 849 4495 Aeacii
875 4431 1088 4495 curaret
1113 4422 1371 4495 expungi;
1407 4438 1509 4495 non
1527 4426 1683 4477 modo
1706 4440 1809 4495 non
1839 4424 2116 4495 obtempe-

539 4493 675 4545 ravit
698 4532 712 4557 ,
742 4491 834 4547 sed
867 4493 1038 4560 potius
1066 4494 1267 4560 majore
1296 4508 1416 4545 cum
1450 4493 1627 4547 furore
1653 4494 1896 4556 eamdem
1927 4491 2110 4561 pche-

535 4564 627 4631 qui
657 4563 848 4628 coepit;
879 4562 1109 4616 maxime
1138 4564 1514 4628 tunc,quando
1538 4579 1633 4631 per
1657 4564 1777 4619 ﬁdei
1801 4565 2112 4622 orthodoxa:

536 4633 926 4687 simulationem
945 4632 1175 4702 favorem
1194 4633 1369 4700 populi
1387 4633 1966 4702 Constantinopolitani
1985 4652 2114 4692 con-

537 4713 753 4756 secutus
774 4707 937 4765 esset,
966 4701 1313 4771 Vitalianique
1342 4703 1638 4771 praesertim
1666 4701 1969 4759 rebellantis
1998 4723 2113 4763 me-

541 4783 647 4825 tum
677 4774 1022 4825 excussisset.
1053 4770 1179 4825 Post
1201 4770 1363 4825 multa
1385 4773 1591 4827 scelera
1619 4775 1671 4827 in
1704 4774 1992 4829 Ecclesiam
2021 4781 2109 4834 Dei

539 4851 765 4905 patrata,
796 4841 1037 4908 apparuit
1067 4842 1115 4893 ei
1149 4856 1240 4907 per
1268 4844 1436 4895 visum
1462 4845 1558 4897 viri
1587 4844 1798 4898 candidi
1829 4847 2034 4910 species
2058 4850 2109 4903 in

537 4912 651 4986 hinc
692 4912 852 4965 verba
892 4911 1063 4986 ipsum
1105 4912 1474 4986 compellantis
1505 4932 1516 4965 :
1553 4913 1685 4969 Ecce
1715 4925 1920 4981 propter
1952 4919 2111 4986 perﬁ-

535 4984 674 5054 diam
718 4993 856 5034 tuam
902 4982 1042 5054 deleo
1093 4982 1187 5054 tibi,
1224 4986 1605 5054 quatuordecim
1638 5001 1654 5037 :
1686 4986 1876 5054 quibus
1927 4987 1976 5039 in
2021 4982 2111 5045 illo

535 5053 718 5105 codicc
742 5052 1041 5123 expunctis,
1066 5053 1226 5123 tertio
1261 5061 1378 5120 post
1396 5052 1480 5107 die
1505 5052 1721 5108 tonitrui
1753 5056 1962 5123 fragore
1986 5074 2110 5111 exa-

537 5124 768 5175 nimatus
798 5131 900 5175 est.
944 5120 1183 5174 Justinus
1211 5124 1273 5175 ex
1310 5127 1640 5179 armentario
1673 5135 1727 5180 et
1761 5120 1985 5179 subulco
2017 5130 2111 5181 im-

538 5204 751 5262 perator
800 5192 1134 5264 catholicus.
1188 5193 1415 5264 ﬁdeique
1462 5196 1775 5249 orthodoxae
1822 5197 2109 5264 singularis

535 5272 813 5329 patronus,
841 5262 1122 5316 Anastasio
1151 5262 1536 5330 Acephalorum
1563 5266 1830 5319 defensori
1859 5281 1888 5319 a
1916 5262 2107 5323 senatu

535 5334 693 5388 simul
736 5342 790 5387 et
825 5332 1062 5387 exercisu
1108 5332 1360 5385 universo
1398 5336 1710 5403 subrogatus
1743 5345 1823 5390 est
1852 5352 1864 5388 :
1899 5345 2021 5391 tunc
2055 5341 2106 5393 in

535 5421 722 5459 omnes
760 5405 1040 5457 haereticos
1082 5404 1363 5455 anathema
1407 5414 1489 5457 est
1529 5406 1943 5471 proclamatum;
1983 5417 2107 5462 tunc

536 5487 759 5541 quatuor
785 5472 1111 5529 mcumenica
1145 5472 1295 5525 conci
1322 5473 1368 5526 ia
1398 5475 1710 5542 approbata,
1739 5491 1906 5543 eaque
1927 5481 2107 5533 omnia

536 5555 680 5610 gesta
720 5548 931 5600 fuerunt
970 5559 1088 5612 qua:
1130 5545 1179 5596 in
1211 5543 1345 5595 actis
1369 5544 1576 5598 concilii
1617 5545 2110 5617 Constantinopoli-
2158 5616 2162 5621 _

608 5659 685 5726 (a)
713 5660 845 5713 Cod.
878 5661 1005 5715 Luc.
1040 5660 1162 5723 490,
1194 5660 1247 5715 9.

2228 3194 2292 3245 ad
2319 3194 2515 3246 calcem
2548 3194 2879 3261 paginarum,
2912 3193 3164 3246 aStcrisco
3196 3193 3435 3261 prteﬁxo.
3480 3195 3639 3248 Eutr.

2212 3308 2322 3361 tani
2354 3307 2452 3361 sub
2484 3306 2694 3361 Ilormis
2716 3306 2761 3358 la
2792 3306 3042 3359 celebrati
3080 3305 3215 3359 infra
3246 3306 3667 3360 describuntur.
3700 3305 3803 3359 Ro-

2212 3390 2364 3445 ga'us
2383 3379 2658 3431 Ilormisda
2680 3384 2737 3429 ut
2752 3375 3025 3429 decretum
3048 3376 3258 3429 concilii
3280 3380 3596 3436 confirmet,
3616 3380 3801 3441 praevia

2214 3448 2457 3518 synodali
2502 3446 2889 3501 consultatione
2920 3447 3216 3518 respondit,
3252 3448 3477 3518 petitam
3524 3447 3597 3499 ab
3626 3446 3806 3500 Orien-

2215 3516 2302 3570 tali
2339 3518 2572 3571 Ecclesia
2604 3531 2807 3582 pacem,
2841 3517 3296 3570 etcommunione
3320 3529 3347 3565 n
3389 3516 3464 3569 ita
3508 3532 3637 3570 esse
3685 3532 3807 3569 cun-

2214 3587 2529 3650 cedendam,
2569 3588 2614 3640 si
2642 3588 2858 3639 nomina
2877 3585 3076 3649 Aracii,
3100 3585 3377 3653 Euphemii
3402 3595 3459 3640 et
3484 3586 3806 3647 Macedonii,

2215 3672 2350 3727 quos
2379 3658 2547 3711 sacris
2577 3657 2767 3727 tabulis
2810 3658 3170 3727 restituerant,
3217 3658 3426 3727 penitus
3460 3657 3722 3709 delerent
3762 3666 3810 3707 et

2213 3724 2599 3795 expungercnt.
2632 3726 2801 3792 Quam
2832 3736 2887 3778 ut
2917 3726 3156 3795 ctcitins
3184 3736 3233 3777 et
3266 3724 3486 3795 facilius
3517 3728 3808 3785 obtineret,

2216 3794 2535 3866 legationem
2563 3796 2846 3866 quamdam
2876 3796 2938 3846 ad
2968 3794 3234 3866 Justinum
3267 3806 3320 3847 et
3347 3794 3812 3862 Constantinopo-

2214 3865 2435 3921 litanum
2466 3868 2776 3934 episcopum
2805 3865 3088 3931 ablegavit.
3118 3880 3235 3931 quae
3259 3880 3450 3931 magna
3484 3882 3623 3919 cura
3660 3875 3713 3918 et
3743 3868 3814 3916 in-

2215 3937 2415 3990 dustria
2466 3936 2722 4003 singulari
2769 3934 3025 3997 efﬁceret,
3071 3945 3126 3987 ut
3166 3934 3397 3987 Zenonis
3435 3944 3498 3989 et
3543 3936 3812 3987 Anasta-ii

2217 4008 2589 4060 haereticorum
2616 4008 2995 4069 imperatorum
3016 4004 3270 4058 memoria
3286 4006 3562 4058 damnare
3592 4021 3680 4068 nr,
3697 4004 3818 4058 ﬁdei

2221 4076 2447 4129 formula
2496 4075 2891 4142 subscriptione
2936 4075 3312 4142 episeoporum
3358 4075 3715 4137 firmaretur,
3763 4090 3819 4125 ac

2216 4148 2446 4213 denique
2470 4154 2528 4200 ιιι
2556 4160 2747 4199 nomen
2777 4146 2951 4197 Acacii
2979 4145 3317 4212 aliorumque
3347 4158 3494 4212 quos
3530 4146 3710 4197 sztcris
3741 4143 3819 4196 di-

2218 4216 2427 4285 ptyehis
2452 4216 2793 4269 restituerant
2820 4213 2974 4281 plane
2999 4214 3240 4267 delerent
3266 4223 3320 4285 et
3347 4214 3591 4285 omnino
3620 4215 3823 4268 essun-

2215 4284 2463 4353 gu’erent.
2481 4285 2749 4338 Successit
2773 4299 2858 4337 res
2885 4298 2979 4349 pro
3003 4294 3127 4335 voto
3154 4284 3486 4353 sanctissimi
3521 4285 3819 4352 pontiﬁcis.

2218 4352 2296 4409 Ad
2329 4356 2757 4410 communionem
2786 4353 3144 4407 Occidentalis
3166 4352 3432 4407 Ecclesia:
3466 4353 3691 4423 recepti
3718 4353 3825 4406 fuc-

2217 4436 2342 4480 rnnt
2372 4428 2473 4478 hoc
2504 4434 2745 4492 tempore
2774 4425 3095 4485 Orientales,
3141 4423 3231 4492 qui
3261 4424 3419 4481 annis
3470 4427 3604 4490 plus
3651 4426 3827 4477 minus

2218 4495 2483 4563 octoginta
2514 4496 2579 4547 ab
2607 4494 2857 4547 Ecclesia:
2887 4494 3087 4546 unitate
3118 4494 3485 4563 perschisma
3522 4508 3661 4550 sese
3690 4495 3823 4546 divi-

2141 4553 2189 4613 D
2217 4553 2416 4626 serant,
2449 4564 2607 4631 idque
2632 4564 2825 4617 accidit
2843 4553 3177 4615 sanctissimo
3202 4561 3338 4615 festo
3362 4562 3830 4618 lirsurrectionis

2217 4634 2498 4689 dominica:
2524 4635 2724 4702 absque
2751 4636 2852 4685 ulla
2886 4632 3144 4686 ~editione
3169 4640 3222 4685 et
3244 4635 3484 4686 tumultu
3519 4651 3532 4687 :
3570 4645 3831 4700 tantaque

2222 4719 2339 4758 cum
2365 4704 2735 4773 admiratione,
2774 4705 3063 4769 gratiarum
3088 4702 3298 4755 actione
3319 4714 3373 4756 et
3398 4704 3640 4766 laetitia,
3666 4719 3831 4773 quarto

2217 4783 2323 4827 tant
2355 4776 2439 4826 vix
2473 4772 2648 4841 lingua
2682 4774 2782 4825 tilla
2813 4773 3080 4837 explicare
3109 4773 3271 4826 valet.
3303 4773 3435 4826 Haec
3472 4789 3549 4828 ex
3584 4772 3835 4840 episolis

2218 4842 2514 4897 Ilormisda:
2546 4843 2800 4895 Batonius
2828 4856 2927 4896 :ex
2970 4843 3110 4895 notis
3150 4842 3517 4907 epistolarum
3560 4855 3621 4897 et
3653 4848 3834 4897 cene?-

2217 4914 2407 4967 liorum
2451 4912 2585 4965 infra
2625 4912 3061 4979 subsequentium
3106 4912 3254 4980 plura
3299 4927 3497 4973 rerum
3548 4914 3663 4968 sub
3704 4916 3835 4967 lior-

2217 4984 2381 5036 misda
2404 4993 2671 5051 gestarum
2696 4996 3004 5049 cognosces.

2289 5053 2554 5106 Restituta
2606 5051 2736 5105 ﬁdes
2782 5052 3067 5112 catholica,
3111 5051 3457 5119 nexibusque
3506 5053 3837 5107 schismatis

2214 5122 2406 5176 liberat
2426 5142 2461 5185 ι,
2480 5125 2577 5175 hoc
2600 5122 2793 5174 bonum
2818 5136 3001 5175 secum
3024 5123 3216 5183 attulit,
3244 5129 3300 5175 ut
3322 5121 3620 5192 Lazarum
3654 5137 3836 5192 regem

2213 5201 2264 5244 et
2297 5194 2568 5261 populum,
2594 5192 2849 5261 hactenus
2876 5207 3015 5243 vera:
3038 5191 3308 5257 religionis
3336 5190 3685 5261 d_ivin:vque
3714 5190 3843 5259 legis

2214 5259 2521 5329 expertem,
2565 5261 2630 5314 ad
2660 5260 3013 5313 Christianam
3049 5262 3204 5314 ﬁdem
3243 5259 3718 5327 amplectendam
3759 5267 3841 5315 in-

2214 5331 2447 5385 dmerit.
2480 5333 2681 5385 Auctor
2712 5329 2933 5383 Miscell.
2960 5331 3051 5383 lib.
3087 5332 3312 5383 μηδεν.
3341 5332 3577 5387 Ulmus.

2284 5400 2311 5438 ιι
2352 5403 2520 5454 Annis
2543 5416 2752 5459 novem.
2778 5400 2968 5454 diebus
2990 5402 3198 5463 decem,
3228 5414 3255 5452 a
3278 5404 3599 5455 con-ulatu
3624 5402 3843 5456 Cassio-

2215 5469 2329 5525 dori
2357 5471 2423 5523 ad
2458 5472 2746 5525 Maximum
2778 5472 3000 5532 sedisse.
3035 5471 3369 5523 Marcellinus
3418 5471 3483 5523 in
3537 5471 3765 5526 Chron.
3794 5480 3846 5523 et

2219 5540 2451 5595 Vaticani
2500 5540 2703 5596 indices
2750 5548 3069 5595 atlestantur
3110 5556 3124 5593 :
3167 5540 3274 5594 imo
3314 5539 3442 5608 ipse
3503 5545 3847 5598 Anastasius

601 5755 616 5772 '
645 5752 970 5805 Childebertns
995 5758 1231 5809 (If-morm
1275 5771 1364 5809 rex
1386 5760 1527 5808 donat
1556 5762 1610 5809 Ii.
1643 5763 1785 5809 Petro
1812 5771 2029 5810 coronam
2053 5771 2250 5809 aureum
