3974 6366
246 377 348 433 385

1474 374 1627 429 VITA
1670 370 1977 426 IlOltlflSD.
1991 370 2029 422 li
2069 368 2148 423 ΡΛ
2162 367 2289 422 ΡᾸΞ.

3378 360 3480 412 3‘36

241 488 350 542 dies
386 485 472 541 i7.
510 484 633 538 Fuit
658 493 834 538 autem
875 483 1199 553 temporibus
1238 484 1551 538 Theudorici
1586 485 1723 551 regis
1754 492 1805 535 et
1835 488 1884 544 Α
1914 482 2112 549 Quide
2146 478 2245 533 hoc
2278 477 2421 532 dedit
2451 476 2500 528 in
2533 475 2793 529 mandatis
2826 475 3110 544 imperator
3146 474 3480 538 Anastasius,

242 575 502 630 Anastasii
540 574 782 641 Augusti,
814 583 837 610 ι
870 589 899 626 a
927 574 1205 627 consulatu
1242 574 1517 629 Senatoris
1550 589 1714 642 usque
1744 572 1810 625 ad

242 668 572 721 consulatum
606 666 908 736 Symmachi
939 676 995 719 et
1021 667 1212 720 Boetii.
1258 666 1349 723 llic
1380 666 1674 734 composuit
1704 666 1817 719 cle-

245 773 378 817 rum.
412 767 465 810 et
495 758 713 824 psalmis
743 754 992 810 erudivit.
1023 755 1114 808 llic
1141 754 1264 809 fecit
1291 755 1562 808 basilicam
1589 755 1639 807 in
1664 754 1818 807 terri-

247 847 383 898 torio
416 845 705 899 Albanensi
731 885 746 908 ,
779 845 829 897 in
858 844 1192 911 possessione
1221 845 1296 915 (α)
1326 844 1598 898 Mesoutis.
1641 842 1667 880 ι»
1715 844 1819 896 Eo-

246 936 364 989 dem
394 946 638 1004 tempore
664 951 727 989 ex
751 936 1039 989 constituto
1064 936 1251 1004 synodi
1283 935 1428 987 misit
1460 936 1509 987 in
1538 933 1819 996 Graeciam,

252 1024 631 1078 humanitatem
662 1024 948 1078 ostendens
979 1024 1120 1077 sedis
1147 1024 1451 1091 apostolicae
1484 1022 1559 1093 (et
1582 1020 1822 1075 reconci-

252 1117 397 1171 liavit
422 1114 688 1181 Graecos),
722 1116 839 1183 quia
873 1112 1044 1167 Graeci
1077 1114 1292 1182 obligati
1316 1122 1469 1167 erant
1491 1115 1588 1166 sub
1614 1100 1831 1165 γῑιυυιό

250 1203 604 1260 anathematis
637 1214 852 1271 propter
884 1202 1098 1256 Petrum
1150 1202 1562 1255 Alexandrinum
1601 1210 1655 1255 et
1687 1200 1827 1254 Aca-

252 1297 389 1350 cium
420 1290 1071 1359 Consmntinopolitanum
1102 1289 1432 1358 episcOpum.
1472 1290 1581 1343 Sub
1621 1289 1825 1343 Joanne

252 1387 507 1455 episc0po
534 1380 1144 1448 Constantinopolitano,
1177 1394 1297 1434 cum
1324 1380 1546 1433 consilio
1576 1379 1824 1433 Theodo-

256 1476 352 1529 rici
382 1473 526 1542 regis
552 1473 676 1543 (llic
706 1487 838 1540 papa
868 1472 1103 1539 perrexit
1130 1471 1196 1524 ad
1228 1485 1406 1539 regem
1437 1470 1825 1525 Theodoricum

258 1567 590 1630 Ravennam,
629 1573 683 1616 rt
717 1578 781 1616 ex
821 1562 1048 1616 consilio
1078 1562 1262 1631 regis),
1294 1561 1495 1615 direxit
1526 1560 1826 1615 Ennodinm

258 1660 563 1727 episcopum
586 1656 943 1716 'l'icinensem,
969 1661 1023 1707 et
1044 1652 1390 1707 Fortunatam
1420 1652 1725 1720 episcopum
1750 1649 1828 1720 (b)

259 1748 629 1808 Catanensent,
644 1753 699 1799 et
714 1743 1035 1797 'Veuantium
1062 1742 1425 1811 presbyterum
1452 1741 1597 1794 urbis
1620 1740 1824 1805 Romtc,

1923 585 1975 627 ιιι
2002 573 2197 626 nullam
2226 571 2492 623 civitatem
2522 567 2943 637 ingrederentur.
2978 568 3156 637 Legati
3187 584 3315 621 vero
3344 569 3487 621 sedis

1922 664 2230 733 apostolica:
2258 660 2516 715 secretius
2551 660 2935 728 suprascriptas
2966 660 3218 729 epistolas
3258 659 3380 713 fidei
3427 662 3488 713 19

1923 770 2021 824 per
2066 767 2252 807 manus
2284 750 2667 805 monachorum
2698 758 2752 802 et
2780 749 3196 803 orthodoxorum
3225 764 3489 817 exposue-

1926 852 2046 897 runt
2073 858 2167 911 per
2194 856 2380 895 omnes
2410 840 2674 892 civitates.
2718 838 2859 903 Quas
2890 846 3062 891 tamen
3103 839 3333 907 episcopi
3366 839 3493 892 civi-

1927 943 2114 998 tatum,
2143 933 2228 999 qui
2260 942 2411 987 erant
2435 930 2723 997 complices
2748 930 3010 983 Anastasii
3036 930 3283 997 Augusti,
3306 944 3493 983 omnes

1926 1040 2016 1078 eas
2061 1024 2315 1093 epistolas
2355 1023 2542 1074 timere
2588 1034 2684 1088 pro
2719 1018 2939 1071 crimine
2979 1018 3494 1086 Constantinopolim

1925 1115 2129 1170 direer
2144 1124 2257 1168 unt.
2272 1113 2420 1166 Tunc
2446 1111 2625 1164 furore
2649 1109 2885 1179 repletus
2902 1110 3212 1162 Anastasius
3232 1113 3495 1178 Augustus

1925 1213 2109 1259 contra
2153 1219 2340 1273 papam
2375 1202 2705 1256 llormisdam
2746 1201 2885 1253 inter
2926 1200 3024 1252 alia
3072 1215 3220 1253 sacra
3264 1215 3356 1253 sua
3397 1200 3497 1252 hoc

1928 1299 2159 1367 scripsit.
2188 1298 2371 1353 dicens
2399 1315 2411 1349 :
2446 1296 2553 1350 Nos
2581 1296 2767 1363 jubere
2797 1293 3061 1359 volumus,
3098 1310 3199 1346 nuu
3236 1294 3385 1346 nobis
3410 1292 3497 1359 ju-

1929 1389 2061 1442 beri.
2094 1399 2116 1426 ε
2148 1388 2344 1442 Eodem
2369 1397 2607 1455 tempore
2640 1394 2769 1439 nntn
2798 1385 3091 1438 divinitatis
3117 1398 3398 1453 percussus
3421 1392 3499 1437 est

1930 1479 2149 1534 fulmine
2180 1479 2329 1549 (ir-tn)
2363 1480 2544 1532 divino
2578 1480 2866 1546 imperator
2896 1477 3229 1541 Anastasius,
3264 1486 3317 1529 et
3344 1475 3499 1529 obiit.

1931 1572 2167 1640 Suznpsit
2202 1574 2377 1640 itaque
2420 1572 2698 1639 imperium
2734 1568 2752 1607 τ
2783 1569 3023 1623 Justinus
3067 1568 3419 1634 orthodoxus,
3452 1578 3504 1622 et

1932 1665 2129 1719 direxit
2154 1665 2515 1717 auctoritatem
2534 1678 2681 1717 suam
2704 1663 2766 1716 ad
2791 1678 2975 1731 papam
3003 1662 3336 1717 llormisdam
3362 1662 3504 1716 sedis

1933 1755 2236 1824 apostolica:
2262 1770 2353 1821 per
2377 1753 2618 1820 Gratum,
2644 1753 2905 1806 lliustrem
2932 1754 3143 1806 nomine
3171 1772 3181 1804 :
3230 1754 3297 1823 (f)
3325 1765 3506 1819 le'ens

261 1853 313 1898 et
337 1842 561 1895 V’italem
581 1840 863 1893 diaconum
881 1836 1025 1891 sedis
1046 1837 1373 1904 apostolicae,
1403 1844 1455 1889 et
1473 1836 1543 1903 (ρ)
1573 1833 1827 1887 Hilarium

1951 1845 2109 1899 tsede
2127 1845 2418 1912 apostolica
2461 1855 2515 1898 ut
2542 1842 2995 1912 redintegraretur
3017 1859 3113 1910 pax
3137 1844 3505 1897 ecclesiarum.

263 1932 525 1991 notarium
567 1928 634 1982 ad
679 1930 1020 1983 Auastasium
1063 1928 1354 1993 Augustum
1384 1940 1398 1978 :
1428 1924 1518 1977 sed
1551 1922 1680 1976 ninil
1711 1935 1831 1990 egeo

262 2034 403 2079 runt.
434 2032 457 2060 ε
492 2019 623 2075 Item
646 2016 881 2072 secundo
904 2015 1049 2070 misit
1074 2015 1370 2069 Eiuioditun
1397 2013 1474 2083 (ά)
1502 2012 1830 2079 episcopum,

261 2124 316 2170 et
357 2112 705 2180 Peregrinum
742 2108 1052 2163 Misenatem
1082 2107 1388 2174 episcopum
1425 2102 1514 2173 (et
1540 2101 1832 2156 Pollionem

263 2204 648 2261 subdiaconum
677 2196 878 2267 urbis),
925 2205 1195 2265 portantes
1224 2194 1480 2264 epistolas
1512 2191 1838 2246 confortato-

263 2297 371 2349 rias
396 2293 541 2358 fidei,
566 2300 621 2345 et
644 2289 1060 2345 contestationes
1081 2296 1314 2342 secretas
1335 2299 1559 2339 numero
1582 2279 1700 2349 i9,d
1728 2290 1841 2337 tex-

267 2398 377 2443 tum
410 2385 573 2441 libelli
611 2385 698 2455 (et
728 2383 963 2437 libellum
999 2396 1092 2451 per
1132 2397 1290 2449 quem
1318 2380 1595 2443 redirent;
1626 2378 1768 2447 quod
1796 2379 1840 2432 si

267 2479 563 2534 noluissent
588 2475 841 2543 epistolas
869 2474 1161 2542 suscipere,
1202 2472 1620 2526 contestationes
1649 2485 1741 2539 per
1768 2469 1844 2523 ci-

267 2570 456 2623 vitates
496 2564 851 2634 spargerent).
904 2563 957 2616 In
994 2578 1099 2631 quo
1140 2562 1318 2617 libello
1364 2560 1532 2614 noluit
1581 2558 1845 2613 assentire

268 2657 587 2714 Anastasius
615 2656 903 2723 Augustus,
935 2652 1058 2721 quia
1098 2661 1151 2705 et
1194 2651 1307 2720 ipse
1350 2651 1401 2703 in
1443 2651 1635 2704 hzcresi
1678 2650 1839 2719 Euty-

268 2751 462 2806 cbiana
518 2747 1007 2801 communicaverat
1055 2744 1192 2816 (erat
1236 2742 1622 2811 consentiens).
1675 2741 1848 2795 Voluit

271 2843 447 2911 itaque
458 2853 556 2895 eos
566 2838 768 2908 legatos
785 2852 877 2906 per
900 2833 1384 2890 remunerationem
1404 2831 1845 2899 corrumpere(e).

271 2931 453 3002 Legati
502 2944 630 2985 vero
660 2928 807 2984 sedis
853 2926 1180 2995 apOslolic.t-,
1225 2932 1528 2993 contempto
1572 2922 1851 2976 Anastasio

274 3027 539 3094 Augusto,
570 3022 871 3076 nullatenus
895 3026 1285 3075 consenserunt
1306 3018 1549 3086 accipere
1577 3014 1850 3084 pecunias,

275 3116 376 3172 nisi
403 3114 823 3169 satisfactionem
845 3111 989 3167 sedis
1011 3110 1321 3180 apostolica:
1343 3118 1677 3177 operaretur.
1701 3105 1851 3161 'l‘unc

1938 1944 1963 1981 κ
1991 1935 2139 1989 Tunc
2164 1934 2440 1988 Hormisda
2464 1935 2747 2002 cpiscopus
2775 1949 2894 1987 cum
2926 1933 3149 1987 consilio
3174 1936 3314 2003 regis
3335 1934 3507 1987 Theo-

1937 2027 2103 2080 dorici
2136 2026 2329 2079 direxit
2366 2041 2393 2078 a
2435 2025 2561 2079 sede
2603 2024 2892 2092 apostolica
2934 2025 3255 2079 Germanum
3298 2024 3372 2093 (g)
3406 2024 3509 2078 Ca-

1939 2133 2167 2186 puanum
2196 2116 2526 2185 episcopum,
2554 2123 2605 2167 ct
2625 2114 2881 2167 Joannem
2906 2113 3258 2183 (episcopum)
3282 2123 3335 2166 ct
3359 2114 3511 2167 Blau-

1938 2208 2062 2260 dum
2096 2205 2457 2275 presbyteros,
2491 2213 2543 2258 et
2574 2203 2803 2258 Felicem
2836 2214 2883 2257 et
2919 2202 3228 2258 DiosCorutn
3261 2204 3512 2257 diaconos

1941 2298 2082 2352 sedis
2123 2297 2453 2366 apostolicm,
2498 2306 2551 2351 et
2595 2296 2808 2349 Petrum
2848 2296 3136 2360 notarium,
3180 2298 3409 2351 munitos
3451 2312 3512 2349 ex

1941 2392 2084 2444 omni
2119 2399 2267 2457 parte
2298 2388 2398 2441 fide
2426 2397 2479 2443 et
2508 2397 2655 2442 textu
2690 2388 2852 2442 libelli
2882 2388 3205 2454 pmnitentim
3235 2392 3361 2455 (una
3393 2406 3512 2443 cum

1944 2484 2124 2538 libello
2164 2482 2430 2551 quomodo
2470 2481 2706 2535 redirent
2750 2480 2919 2535 Graeci
2971 2481 3035 2535 ad
3087 2484 3515 2537 communionem

1944 2575 2085 2628 sedis
2115 2572 2463 2642 apostolit-ze).
2507 2572 2605 2639 Qui
2646 2573 2919 2627 venientes
2957 2573 3105 2641 juxta
3137 2573 3517 2627 Constantino-

1949 2666 2132 2735 polim,
2159 2674 2299 2718 tanta
2330 2665 2497 2733 gratia
2521 2663 2640 2717 fidei
2668 2662 2747 2731 (It)
2774 2663 2876 2718 illis
2906 2664 3137 2729 refulsit;
3164 2676 3217 2718 ut
3241 2664 3520 2720 multitudo

1952 2758 2333 2813 monachorum
2386 2754 2807 2808 orthodoxorutn
2845 2764 2898 2808 et
2951 2755 3233 2809 illustrium
3286 2757 3520 2809 virorum

1951 2863 1989 2901 n'
2008 2847 2179 2900 axima
2210 2844 2492 2899 multitudo
2520 2852 2861 2897 occurreret:
2897 2844 2946 2897 in
2991 2845 3182 2912 quibus
3205 2854 3256 2898 et
3283 2844 3520 2899 Justinus'

1955 2941 2244 3006 imperator
2280 2944 2336 2991 et
2374 2934 2672 2989 Vitalianus
2716 2934 2905 2988 consul
2959 2934 3233 3003 (magis'er
3278 2934 3521 3003 militum)

1954 3030 2112 3085 simul
2140 3035 2493 3082 occurrerunt
2513 3024 2580 3079 ad
2610 3022 2895 3079 castellum
2924 3024 3229 3088 rotundum,
3262 3026 3400 3092 quod
3428 3025 3523 3078 du!

1954 3122 2029 3177 cit
2072 3118 2310 3190 (dicitur)
2360 3131 2525 3186 usque
2572 3116 2624 3170 in
2672 3115 2941 3171 civitatem
2986 3114 3523 3183 Constantinopolim,

274 3208 569 3276 imperator
598 3206 833 3274 repletus
863 3204 1065 3269 furore,
1100 3200 1257 3271 ejecit
1281 3214 1375 3255 eos
1402 3215 1495 3269 per
1526 3198 1845 3268 posterulam

1956 3213 2044 3281 qni
2079 3211 2303 3280 ingressi
2334 3224 2437 3262 una
2469 3222 2588 3261 cum
2632 3205 2795 3261 Grato
2833 3206 3050 3272 illustri,
3084 3206 3314 3276 suscepti
3345 3216 3469 3259 sunt
3498 3222 3525 3261 a

277 3297 477 3367 (locum
508 3293 910 3362 periculosum),
941 3304 993 3348 et
1023 3293 1274 3361 imposuit
1297 3305 1391 3345 eos
1418 3290 1469 3344 iu
1493 3290 1611 3344 navi
1641 3288 1847 3357 pericu-

277 3384 390 3441 losa
430 3385 568 3454 (sub
596 3384 829 3454 periculo
868 3383 1091 3454 mortis)
1129 3399 1249 3438 cum
1286 3382 1559 3449 militibus,
1591 3389 1646 3436 et
1684 3381 1850 3451 magi-

279 3476 515 3543 strianis,
540 3484 595 3530 et
623 3474 888 3546 prmfectis
919 3475 1133 3528 nomine
1162 3472 1445 3528 lleliodoro
1473 3478 1528 3526 et
1558 3472 1847 3527 Demetrio.

282 3586 377 3641 sibi
408 3587 510 3653 ipsi
542 3584 841 3640 contrarius
878 3584 964 3638 hic
992 3584 1043 3636 itt
1073 3582 1177 3636 fine
1205 3583 1409 3635 obitum
1437 3589 1492 3635 et
1523 3581 1851 3653 sepulturam

286 3651 604 3719 llormisdaz,
647 3656 1046 3723 ingressumque
1088 3653 1317 3723 Joannis
1348 3654 1675 3723 successoris
1720 3651 1855 3703 llor-

278 3727 471 3779 misdm
512 3726 609 3777 sub
647 3721 857 3779 ﬂaximi
900 3724 1178 3776 consulatu
1221 3722 1467 3775 collocat.
1499 3721 1672 3786 Quare
1702 3736 1853 3773 erro-

281 3810 442 3849 neum
461 3802 542 3848 est
563 3795 702 3863 quod
732 3796 830 3846 hoc
858 3793 975 3845 loco
1004 3794 1070 3846 de
1098 3804 1337 3863 tempore
1362 3791 1697 3857 pontificatus
1722 3789 1857 3844 lior-

283 3864 473 3917 misdz
500 3860 685 3916 scribit
714 3863 1043 3925 Anastasius,
1072 3865 1199 3916 Snv.
1232 3860 1431 3913 Bmtus.

362 3942 388 3968 ι
433 3937 588 3986 hrrat
649 3934 957 3986 Anastasius
1009 3941 1065 3984 ut
1113 3946 1177 3984 ex
1230 3930 1659 4001 praecedentibus
1715 3940 1855 3998 patet

362 4017 469 4054 ora.
492 4004 621 4054 Ssv.
653 4002 852 4054 Btstus.

457 4042 469 4054 .
492 4016 621 4054 δίεν.
654 4016 852 4054 ιιιδιυε.

276 4016 469 4069 supra.
492 4004 621 4056 Ssv.
653 4004 852 4055 Btsttts.

357 4072 384 4110 δ
427 4073 598 4125 Prima
628 4071 819 4139 legatio
848 4068 1109 4138 pontificis
1136 4068 1201 4122 ad
1232 4069 1634 4139 imperatorem,
1664 4068 1731 4122 de
1754 4084 1857 4137 qua

283 4142 438 4207 plura
471 4142 594 4194 vide
617 4138 755 4206 apud
785 4141 973 4192 Barou.
1005 4156 1142 4190 anno
1166 4138 1288 4191 5f5.
1327 4140 1455 4192 Item
1485 4146 1636 4192 notas
1659 4139 1858 4206 epistu-

285 4212 458 4265 larum
489 4210 785 4265 llormisdte
813 4209 969 4262 infra.
998 4208 1121 4263 δεῖν.
1160 4209 1356 4261 Βιδιιςε.

363 4290 385 4318 ε
425 4280 669 4335 Secunda
702 4279 914 4347 legatio,
945 4293 1100 4345 quam
1125 4293 1265 4331 anno
1295 4278 1491 4331 Christi
1524 4278 1649 4341 517,
1683 4278 1862 4344 ponti-

288 4350 476 4403 ficatus
500 4352 583 4401 sui
610 4348 666 4415 4,
699 4349 840 4404 misit
864 4348 929 4401 ad
960 4351 1362 4415 imperatorem.
1392 4348 1466 4402 De
1494 4362 1594 4418 qua
1625 4347 1773 4416 plura
1809 4349 1863 4401 in

290 4421 431 4486 notis
460 4420 831 4486 epistularum.
859 4420 988 4470 διν.
1024 4420 1219 4470 Iustus.

362 4485 390 4524 ⁸
425 4484 611 4543 Είειει
641 4487 776 4541 infra
808 4488 945 4543 inter
974 4486 1224 4552 epistolas
1248 4484 1563 4552 ilortnisdte,
1586 4485 1737 4555 cujus
1762 4487 1865 4540 ini-

289 4560 421 4612 tium
454 4558 561 4611 tale
584 4565 707 4613 est:
736 4555 914 4609 Primo
939 4557 1077 4609 salus
1103 4565 1196 4617 est,
1228 4566 1330 4609 etc.

368 4626 506 4681 luter
530 4627 632 4679 alia
671 4641 820 4680 sacra
851 4641 945 4678 sua
972 4626 1070 4677 hoc
1098 4628 1311 4693 scripsit
1344 4642 1356 4676 :
1395 4623 1504 4676 Nos
1519 4626 1696 4689 jubere
1718 4625 1859 4679 volu-

289 4713 427 4757 mus,
458 4712 563 4767 non
583 4697 725 4767 nobis
747 4696 938 4767 juberi.
971 4696 1405 4767 ExstatAepistola
1437 4696 1551 4767 haec
1580 4697 1590 4746 i
1637 4704 1721 4767 ter
1749 4698 1856 4767 epi-

289 4767 459 4819 stolas
484 4764 780 4834 Ilormisdas
819 4775 941 4834 post
969 4764 1125 4831 epiSI.
1153 4764 1244 4825 ξιξ.
1278 4766 1434 4828 infra,
1469 4765 1622 4830 cujus
1650 4766 1860 4819 initium

290 4836 402 4887 tale
431 4847 553 4905 est:
602 4833 716 4905 Etsi
744 4833 1003 4905 ⁸ιηιιριιιιηι
1042 4834 1257 4902 aliquid.
1309 4834 1460 4885 Circa
1508 4836 1663 4887 finem
1709 4835 1864 4901 hujus

291 4904 537 4971 epistolas
577 4904 652 4958 ait
688 4921 702 4956 :
735 4902 983 4973 Injiiriart'
1020 4912 1069 4957 et
1110 4904 1368 4973 enuntiari
1406 4905 1654 4955 sustinere
1687 4920 1866 4971 possu-

292 4990 429 5037 mus,
448 4976 622 5043 juberi
653 4990 754 5025 non
791 4972 1074 5042 possumus.
1109 4972 1229 5026 Hmc
1259 4974 1546 5039 imperator
1582 4974 1765 5027 haereti
1804 4991 1865 5027 us

292 5043 561 5097 Pharaoni
588 5044 911 5102 simillimus,
939 5045 1025 5110 qui
1059 5051 1114 5094 ut
1144 5052 1391 5095 exertttm
1421 5053 1601 5094 contra
1630 5056 1688 5095 se
1722 5044 1863 5096 Vta-

292 5113 427 5166 liaui
467 5114 699 5180 gladium
746 5113 954 5175 vitaret,
1005 5120 1059 5163 et
1103 5112 1349 5163 instantia
1383 5110 1475 5163 Dei
1506 5114 1709 5180 flagella
1739 5114 1864 5166 sub—

291 5182 610 5250 terfugeret,
643 5191 820 5235 astute
851 5181 1193 5235 simulaverat
1219 5194 1277 5233 se
1311 5183 1442 5233 velle
1474 5181 1714 5235 liumano
1740 5199 1867 5250 pun-

292 5253 424 5304 tifici
450 5266 656 5318 parere,
673 5261 831 5319 atque
851 5254 984 5303 adeo
1005 5266 1107 5304 IIDtI
1132 5251 1231 5303 nisi
1257 5266 1349 5315 per
1368 5256 1620 5317 speciem.
1639 5251 1864 5305 ferream

291 5322 559 5373 cervicem
585 5323 882 5373 inclinavit:
903 5323 1114 5388 quando
1142 5336 1270 5373 vero
1298 5320 1410 5374 hec
1437 5321 1665 5385 pericula
1692 5336 1865 5374 ameta

292 5389 453 5453 vidit,
482 5389 694 5458 Moysen
720 5406 837 5443 cum
867 5390 1311 5457 Deo,pontilicem
1336 5405 1453 5443 cum
1476 5390 1688 5442 Christo
1709 5391 1872 5443 obfir-

289 5468 441 5513 mata
486 5460 838 5517 obstinatione
870 5460 1210 5527 contempsit.
1256 5460 1299 5525 Q
1323 5460 1391 5513 nit
1433 5468 1554 5528 post
1591 5460 1703 5513 haec
1730 5461 1870 5515 acci-

374 5567 453 5637 (a)
486 5569 627 5642 Idem
656 5569 801 5642 cod.,
839 5569 1101 5642 dfefontis.

374 5642 449 5707 (b)
485 5640 623 5692 Idem
654 5641 773 5692 cod.
794 5682 807 5703 ,
840 5639 1187 5691 (.‘uiiuensem.

373 5714 443 5776 (ε)
476 5710 615 5762 idem
643 5710 787 5773 cod.,
819 5709 1080 5762 Hilarum.

398 5780 452 5844 ά)
487 5779 626 5833 Idem
655 5779 797 5842 cod.,
830 5780 1016 5846 ipsum.

399 5852 455 5913 ε)
491 5850 555 5901 Ιιι
576 5862 675 5900 ms.
702 5846 905 5900 additur
933 5849 1021 5900 sed
1045 5863 1143 5900 non
1174 5848 1356 5913 potuit.

1952 3304 2163 3358 Justino
2192 3300 2489 3355 orthodoxo
2519 3298 2753 3367 Augusto
2772 3312 2892 3351 cum
2925 3298 3111 3367 gloria.
3134 3297 3322 3352 Omnis
3345 3299 3523 3367 itaque

1953 3396 2129 3461 clerus
2177 3405 2280 3443 una
2332 3403 2452 3444 cum
2504 3389 2757 3457 episcopo
2801 3388 3005 3442 Joanne
3042 3386 3527 3456 Constantinopoli-

1956 3492 2112 3549 tano,
2159 3480 2221 3552 (ἱ)
2252 3480 2443 3545 sensit,
2477 3477 2616 3548 quod
2646 3486 2919 3547 gratanter
2948 3481 3178 3547 suscepti
3208 3490 3352 3533 sunt.
3396 3477 3528 3534 Sen.

1956 3594 2094 3649 derit
2125 3594 2177 3647 in
2219 3591 2462 3655 Oriente,
2502 3589 2683 3644 videre
2713 3598 2795 3643 est
2834 3605 2898 3644 ex
2930 3590 3191 3645 relatione
3221 3591 3527 3644 archiman-

1956 3664 2218 3719 dritarum
2248 3670 2302 3715 et
2324 3662 2705 3714 monachorum
2735 3659 2985 3712 secundae
3012 3660 3331 3729 Syrim,qum
3355 3670 3529 3715 exstat

1960 3734 2092 3788 infra
2115 3735 2253 3785 inter
2276 3729 2532 3799 epistolas
2554 3728 2849 3783 llormisdte
2873 3738 2989 3797 post
3012 3728 3320 3798 vige-imam
3344 3744 3527 3785 secun-

1959 3804 2103 3858 dam.
2130 3802 2256 3856 Ssv.
2294 3802 2489 3853 BINIUS.

2034 3884 2057 3909 ο
2097 3873 2253 3926 Anno
2278 3869 2526 3924 nimirum
2554 3868 2749 3921 Christi
2782 3868 2908 3931 5|8,
2940 3877 3219 3937 postquam
3254 3869 3408 3921 annis
3438 3870 3527 3935 27,

1962 3944 2232 3998 mensibus
2266 3939 2433 3993 tribus
2457 3948 2509 3991 et
2540 3940 2604 3992 29
2632 3938 2817 3992 diebus
2844 3938 3121 4003 imperium
3150 3938 3417 3991 Orientale
3450 3948 3532 3991 te-

1963 4015 2185 4068 nuisset.
2217 4011 2345 4076 Quaa
2368 4008 2627 4062 insomnia
2661 4016 2784 4061 ante
2810 4008 3013 4060 obitum
3044 4023 3328 4076 perpessus
3352 4010 3533 4073 fuerit,

1964 4099 2029 4138 ex
2054 4082 2259 4136 Zonara
2287 4079 2441 4133 retuli
2465 4092 2645 4145 supra,
2664 4078 2793 4130 Vide
2818 4078 3034 4142 Baron.,
3060 4093 3198 4132 anno
3226 4077 3353 4142 518,
3380 4095 3530 4132 nmn.

1969 4154 2033 4207 16
2058 4160 2111 4204 et
2134 4149 2497 4216 sequentibus.
2523 4150 2649 4202 δεῖν.
2678 4148 2873 4201 Βιιιιυε.

2042 4220 2060 4258 ί
2102 4220 2327 4279 Decreto
2361 4227 2414 4272 et
2442 4220 2670 4272 conc:lio
2693 4218 2879 4288 synodi
2910 4216 3530 4286 Constantinopolitanm,

1967 4302 2016 4343 ιιι
2053 4299 2195 4357 patet
2225 4306 2289 4343 ex
2312 4288 2450 4342 natis
2477 4287 2957 4356 ejusdem’synodi,
2988 4301 3034 4340 et
3068 4302 3131 4342 ex
3165 4290 3404 4356 epistulis
3435 4288 3531 4342 Ju-

1966 4362 2111 4423 stini,
2156 4358 2375 4412 Joannis
2419 4357 2987 4422 Constantinopolitani
3031 4367 3084 4411 et
3129 4357 3416 4411 Justiniani
3467 4358 3531 4410 ad

1969 4431 2010 4484 ll
2038 4428 2305 4482 .rmisdam
2333 4427 2566 4494 scriptis.
2596 4428 2721 4479 Ssv.
2755 4428 2950 4481 BINIUS.

2041 4509 2065 4545 κ
2108 4499 2215 4550 Huc
2239 4496 2498 4565 legatiooe
2527 4496 2825 4550 Orientales
2856 4497 2921 4550 ad
2954 4498 3200 4551 unionem
3228 4506 3280 4551 et
3303 4512 3542 4551 commu-

1894 4577 1944 4635 D
1962 4564 2182 4622 'uionem
2210 4564 2459 4620 EeClesize
2487 4566 2739 4636 Romanae
2766 4568 2963 4631 recepti
2996 4565 3232 4629 fuerunt,
3263 4578 3541 4636 postquam

1964 4640 2117 4708 jussu
2150 4636 2370 4708 Romani
2397 4635 2660 4708 pontificis
2686 4636 3138 4708 obtemperantes,
3165 4641 3381 4692 nomina
3405 4635 3543 4692 Aca-

1969 4704 2059 4770 cii,
2095 4707 2370 4774 Euphemii
2396 4715 2450 4760 et
2478 4704 2768 4776 Macedonii
2791 4722 2820 4776 e
2849 4707 3116 4776 diptyeltis
3146 4710 3314 4762 sacris
3340 4722 3543 4775 expun-

1972 4778 2194 4841 xissent,
2237 4777 2391 4829 ﬁdem
2431 4774 2745 4829 catholicam
2793 4774 2995 4843 integre
3040 4778 3263 4844 professi
3298 4778 3544 4843 fuissent,

1971 4857 2025 4902 et
2054 4846 2363 4901 memoriam
2386 4844 2617 4901 Zenonis
2643 4854 2803 4911 atque
2834 4849 3094 4899 Anastasii
3119 4848 3492 4902 haereticorum
3518 4870 3546 4899 ω

1975 4930 2198 4972 numero
2240 4916 2618 4983 imperatorum
2664 4916 3036 4969 abstulissent.
3085 4917 3283 4970 Horum
3331 4922 3544 4971 nomina

1975 4989 2025 5040 in
2063 4985 2246 5039 codice
2283 4984 2614 5055 Justinianeo
2652 4984 2879 5038 diversis
2921 4988 3122 5055 legibus
3163 4987 3287 5040 alibi
3332 4993 3547 5054 przelixa

1970 5057 2142 5108 adhuc
2174 5055 2533 5116 inveniuntur,
2559 5054 2680 5107 ideo
2704 5055 2842 5122 quod
2861 5054 3216 5110 Trtbonianus
3241 5058 3399 5111 homo
3422 5073 3538 5121 gen-

1970 5127 2076 5181 tilis
2108 5135 2159 5177 et
2190 5126 2383 5193 impius
2409 5125 2667 5193 eumdem
2688 5127 2925 5179 Codicem
2954 5127 3273 5192 eompilarit,
3314 5135 3370 5178 ut
3400 5126 3548 5177 dice-

1971 5212 2089 5250 mus
2118 5195 2251 5264 infra
2278 5202 2331 5248 in
2363 5195 2504 5247 notis
2528 5195 2597 5264 ad
2625 5192 2805 5264 )’itam
2840 5194 3034 5249 Felicis
3068 5196 3401 5264 lV.Contigit
3436 5195 3548 5245 hare

1970 5263 2275 5319 conciliatio
2304 5263 2589 5317 Orientalis
2618 5263 2870 5318 Ecclesiae
2892 5281 3010 5318 cum
3040 5264 3275 5317 Romana
3300 5263 3396 5316 sub
3421 5277 3548 5315 cou-

1974 5335 2146 5389 sulatu
2172 5332 2365 5387 Justini
2400 5348 2540 5387 anno
2570 5334 2779 5388 Domini
2812 5334 2948 5402 Pili),
2994 5335 3287 5388 Hormisdte
3328 5333 3546 5400 pontifi-

1972 5414 2122 5459 catus
2151 5417 2291 5456 antto
2311 5411 2428 5457 sext
2454 5427 2485 5455 ι.

2079 5582 2119 5651 f)
2147 5581 2275 5635 Cod.
2306 5581 2433 5635 Luc.
2458 5582 2837 5651 l90,_spcrans.

2080 5649 2130 5719 g)
2166 5652 2320 5705 Deest
2352 5652 2411 5719 in,
2436 5666 2537 5703 ms.
2565 5649 2884 5719 Capuanum.

2080 5717 2134 5789 ft)
2164 5720 2218 5789 In
2247 5720 2365 5771 cod.
2399 5718 2527 5772 Luc.
2556 5720 2660 5789 490
2686 5718 2832 5789 deest
2863 5717 2984 5775 illis,

2093 5787 2141 5855 ἱ)
2172 5788 2302 5842 C'IIJ.
2338 5789 2462 5841 an.
2494 5788 2618 5850 490,
2639 5787 2878 5839 scnsicm.

2054 5580 2071 5647 (

2056 5653 2073 5721 (

2058 5726 2075 5790 (

2058 5795 2075 5855 (
