3974 6366
495 348 588 408 7:7!

1815 353 2185 411 HORMISDIE
2226 353 2421 410 PAP/E

3646 362 3749 419 572

494 466 789 539 discipulis,
817 465 1079 521 dicentem
1116 478 1134 518 :
1176 463 1357 517 Pacem
1387 481 1548 518 meam
1578 466 1643 518 do
1676 465 1811 519 vobis
1832 510 1849 531 ,
1883 481 2058 531 pacem
2090 468 2139 526 Α
2172 476 2224 520 et
2256 466 2496 535 alloquor
2524 467 2734 521 beatum
2774 477 2965 522 vestra:
2993 470 3291 524 sanctitatis
3320 481 3499 539 caput,
3540 474 3747 543 signiﬁ-

494 563 718 628 rclinquo
750 558 883 610 vobis
913 554 1092 625 (Joau.
1134 554 1263 621 XIV).
1305 554 1472 621 Quam
1515 570 1611 607 vos
1656 554 1886 623 religiosi
1934 570 2060 610 cura

494 650 766 718 pmpositi,
800 646 1023 700 Domino
1050 646 1340 711 aspirante,
1387 643 1745 711 providentes,
1779 645 1845 697 de
1876 646 2060 699 ortho-

491 744 640 795 doxa:
681 740 965 795 concordia
1003 738 1247 807 cogitatis
1279 738 1530 791 Ecclesia:
1572 738 1622 789 in
1656 737 1796 791 beati
1834 737 2058 804 apostoli

492 834 629 887 Petri
663 830 976 895 reverentia,
1006 829 1183 883 divina
1218 830 1457 897 specialit
1496 845 1520 881 r
1553 838 1813 897 prmcepta
1844 844 2061 883 servan-

491 939 587 978 tes.
627 928 754 987 (inte
786 937 873 975 res
904 920 1159 986 majorem
1192 919 1408 978 δυναταὶ
1454 918 1651 972 favoris
1694 917 2057 973 defensionem

488 1026 665 1070 vestro
697 1021 943 1082 procurat
974 1011 1216 1079 imperio.
1254 1011 1415 1063 llecte
1452 1012 1592 1063 enim
1626 1011 1799 1064 oblata
1834 1010 1941 1063 Deo
1970 1024 2059 1063 ve-

489 1106 694 1161 neratio
718 1102 1179 1172 inexpugnabilem
1214 1099 1416 1154 devotis
1448 1101 1710 1153 mentibus
1734 1114 1941 1153 murum
1965 1098 2057 1153 de-

488 1194 741 1249 fensionis
765 1191 1019 1259 indulget.
1041 1189 1267 1244 Proinde
1296 1188 1713 1255 omnipotentem
1736 1186 1900 1240 Dcnm
1926 1185 2057 1241 fusis

489 1285 732 1353 precibus
763 1296 1066 1347 exoramus,
1102 1288 1157 1333 ut
1186 1280 1270 1346 qui
1305 1278 1453 1331 vobis
1490 1277 1723 1331 studium
1755 1275 2055 1345 qumrenda:

488 1375 847 1431 Ecclesiarum
882 1372 1026 1442 pacis
1055 1368 1294 1433 indulsit,
1331 1370 1440 1437 ip-e
1471 1382 1681 1437 quoque
1710 1367 1809 1419 sub
1837 1380 2057 1421 conser-

487 1466 694 1519 vatione
736 1464 1012 1517 cntholicm
1054 1464 1199 1522 ﬁdei.
1228 1462 1496 1518 desiderio
1542 1473 1721 1516 vestro
1764 1473 1925 1528 super
1959 1457 2055 1512 hac

486 1566 635 1625 parte
684 1564 900 1624 praestet
944 1554 1212 1611 eﬂ'ecium.
1272 1554 1532 1607 Prmterca
1583 1550 1799 1605 directis
1843 1548 1908 1602 ad
1958 1561 2055 1601 nos

486 1648 651 1701 sacris
700 1646 948 1700 allatibus
1003 1645 1570 1699 commen'orationem
1624 1640 1793 1693 sancti
1841 1637 2051 1693 co:.cilii

484 1735 659 1789 facere
691 1736 856 1803 pietas
888 1744 1056 1787 vestra
1086 1733 1293 1800 dignata
1322 1740 1422 1786 est.
1455 1731 1527 1783 De
1550 1744 1653 1798 qua
1693 1743 1751 1782 re
1783 1738 1905 1781 tunc
1938 1725 2050 1795 ple-

483 1827 755 1880 nissimum
796 1826 1087 1893 poterimus
1121 1823 1356 1891 pra-bere
1386 1835 1697 1889 responsum
1727 1860 1740 1881 ,
1770 1833 1889 1871 cum
1920 1832 2049 1872 cau-

482 1932 591 1969 sam
614 1915 1037 1985 congregationis
1061 1929 1157 1968 nos
1186 1913 1411 1967 vnlnerit
1436 1912 1711 1966 evidenter
1734 1926 2045 1981 agnoscere.

481 2006 631 2062 Nunc
666 2022 795 2061 vero
823 2006 967 2075 quia,
1001 2014 1284 2075 praestante
1318 2004 1543 2058 Domino
1573 2011 1791 2069 uestro,
1820 2002 1940 2055 data
1970 2011 2051 2057 est

481 2099 702 2152 facultas
728 2098 981 2165 alloquio,
1013 2111 1246 2165 congrua
1278 2094 1622 2149 veneratione
1652 2092 1813 2146 debiti
1846 2092 2048 2161 prgche-

482 2188 653 2241 bimus
701 2187 963 2241 sermonis
1014 2186 1209 2239 officia.
1265 2185 1392 2237 Data
1440 2184 1607 2253 pridie
1636 2198 1805 2237 nonas
1855 2182 2051 2250 Aprilis

484 2280 642 2351 (anno
658 2279 864 2334 Domini
886 2279 1037 2347 515),
1063 2279 1334 2334 Florentio
1361 2280 1473 2333 viro
1496 2279 1790 2333 clarissimo
1810 2277 2048 2333 consule.

1096 2390 1421 2446 EPISTULA

483 2494 742 2535 DOROTIIEI
794 2496 1295 2535 TllllSSALONlCEXSIS
1352 2493 1578 2533 liPlSCOPI

1096 2585 1431 2627 PUNTIFICEH.

1637 2494 1701 2532 AD
1750 2492 2049 2531 liOliIllSl‘vAH

484 2678 779 2750 Pauli/irem
807 2683 1003 2749 findat,
1030 2684 1163 2752 quod
1187 2682 1429 2735 Ecclesia:
1456 2692 1593 2734 curet
1618 2682 1880 2744 unita'em,
1905 2695 2052 2742 seque

548 2793 727 2847 rupere
750 2778 842 2840 ait,
874 2787 925 2829 ut
955 2778 1201 2829 Itwreticis
1229 2776 1504 2839 dmnuatis,
1545 2776 1782 2827 liommrw
1815 2773 2052 2827 Ecclesia:

546 2871 741 2921 debitus
768 2870 928 2920 Ianuar
958 2878 1244 2939 pra’ttetur.

547 2961 731 3021 Sat-ru,
766 2957 1072 3011 beatissimo
1100 2968 1153 3009 et
1175 2956 1545 3010 comministro
1576 2970 1724 3023 papa:
1759 2955 2051 3008 llormisdaa

480 3051 774 3103 Darmheus
833 3050 1113 3117 cpiscopus
1166 3047 1665 3101 Thessalonicensis
1721 3047 1771 3100 in
1830 3046 2052 3101 Domino

479 3143 723 3193 salutent.

552 3232 635 3283 Ait
686 3229 914 3299 quodam
965 3231 1081 3285 loco
1130 3240 1316 3285 cuncta
1366 3231 1707 3285 beatissimus
1747 3231 2048 3284 divinorum

480 3333 861 3390 prmceptorum
888 3336 1135 3390 promens
1158 3323 1409 3376 miracula
1436 3323 1725 3378 Salomon:
1752 3323 1897 3378 Sicut
1919 3340 2051 3393 aqua

482 3414 670 3485 frigida
702 3416 888 3469 auium:
916 3416 1104 3468 sitienti
1131 3418 1300 3469 suavis
1322 3418 1505 3481 esl,sic
1531 3417 1796 3485 benignum
1819 3419 2051 3470 nuntium

482 3506 771 3575 longinquis
800 3521 861 3557 ex
890 3507 1034 3558 terris
1067 3504 1245 3571 (Prov.
1282 3508 1429 3577 xxv).
1486 3507 1549 3560 Et
1573 3522 1725 3561 sacer
1752 3508 1910 3561 David
1939 3510 2049 3577 spi-

504 3594 725 3648 itualem
757 3595 971 3661 pulsans
1014 3596 1178 3665 lyram
1220 3598 1395 3664 ps:il;it
1425 3616 1437 3651 :
1473 3597 1638 3662 Quam
1661 3600 1871 3668 speciosi
1901 3601 2051 3669 pedes

481 3701 655 3740 eorum
691 3688 777 3756 qui
817 3690 1158 3757 evangelicum
1200 3690 1326 3741 Iona
1370 3688 1541 3757 (Rom.
1582 3690 1654 3759 Χ),
1700 3692 1775 3743 sic
1803 3690 2049 3759 equi-leni

479 3788 531 3831 et
563 3794 657 3831 nos
681 3788 901 3834 cunctos
926 3780 1145 3833 docens.
1167 3780 1430 3850 Quidquid
1461 3792 1637 3835 autem
1663 3790 1744 3835 cst
1766 3782 1837 3835 ita
1859 3783 2049 3836 anima:

479 3869 709 3923 hominis
730 3885 912 3937 suave,
932 3882 1019 3924 aut
1044 3872 1114 3924 ita
1144 3871 1436 3941 impingunt
1463 3887 1605 3939 ossa,
1627 3888 1782 3943 quam
1806 3872 2050 3942 specioso

479 3962 664 4015 nuntio
696 3977 1016 4031 cognoscere
1046 3978 1185 4017 verae
1218 3964 1360 4032 pacis
1384 3965 1739 4019 nuntiatorem
1762 3980 1780 4030 ;
1807 3975 1860 4017 et
1890 3974 2049 4018 recte

480 4066 745 4119 nunquam
791 4060 1034 4106 errantes
1073 4062 1490 4121 propugnatores
1522 4053 1638 4107 fidei
1684 4055 1749 4105 ad
1778 4054 2047 4107 Ecclcsia-

477 4160 595 4195 rum
627 4152 929 4196 sanctarum
958 4142 1186 4197 transire
1209 4145 1563 4212 gubernacula
1587 4161 1600 4208 ;
1624 4153 1677 4198 et
1706 4152 1953 4211 tanquam
1983 4160 2047 4198 ex

479 4251 600 4289 arce
627 4234 852 4303 quadam
877 4235 943 4288 ad
972 4249 1288 4289 censensum
1316 4236 1410 4289 Dei
1432 4251 1758 4306 congregare
1784 4239 2044 4306 dispersa,

477 4339 529 4381 et
560 4332 813 4381 continuo
856 4328 1067 4395 quidem
1110 4327 1174 4381 ad
1216 4327 1566 4397 principatum
1601 4338 1701 4383 tua:
1732 4330 1875 4384 sedis
1903 4331 2048 4384 festi-

480 4430 687 4483 Italtlcs,
707 4418 989 4474 venerandi
1020 4419 1196 4472 fratris
1223 4419 1699 4488 supplicationibus
1727 4431 2041 4487 annucnles,

478 4520 531 4564 et
559 4512 793 4566 membra
825 4512 1095 4575 Ecclesizr,
1120 4528 1238 4581 qua:
1261 4513 1410 4566 vobis
1440 4514 1683 4568 Christus
1705 4525 1758 4567 et
1788 4516 1922 4568 Deus
1952 4530 2045 4567 no-

476 4614 586 4656 ster
608 4602 1259 4667 credidit,contemnenlia
1290 4604 1432 4670 prius
1451 4604 1812 4659 concordiam.
1840 4606 1903 4657 ad
1930 4606 2045 4658 uni-

480 4704 638 4747 tatem
671 4693 883 4759 venire;
928 4704 980 4748 et
1023 4695 1409 4763 priecedentem
1452 4695 1883 4764 (prmcidentem)
1914 4696 2045 4749 divi-

476 4786 716 4851 sionem,
749 4794 904 4854 atque
945 4786 1193 4839 invidiam
1241 4795 1430 4839 vestra:
1462 4795 1662 4837 tantum
1697 4787 2045 4840 ordinationis

476 4877 740 4945 perimere
766 4878 969 4930 calculo
1001 4879 1313 4947 (clanculo),
1348 4888 1401 4932 et
1432 4892 1572 4930 nunc
1603 4879 1653 4930 in
1707 4878 2044 4931 concordiam

474 4979 632 5039 atque
669 4970 977 5024 societatem
1028 4970 1295 5022 cnntluere
1337 4969 1611 5039 (conﬂare,
1655 4968 1730 5021 υει
1776 4967 2044 5039 constare)

474 5078 686 5117 omnem
722 5062 1002 5115 terminum
1034 5070 1231 5115 sancte
1263 5061 1401 5115 illius
1434 5061 1731 5116 Ecclesiae?

544 5156 667 5210 llazc
703 5155 1004 5219 didicimus,
1038 5168 1141 5207 non
1170 5162 1293 5207 ante
1324 5155 1486 5207 multa
1525 5156 1694 5223 Spatia
1743 5156 1996 5223 temporis
2027 5172 2039 5205 :

470 5248 816 5318 sperabamus
836 5255 1009 5299 autem
1025 5254 1078 5299 et
1100 5244 1368 5314 antiquam
1392 5246 1833 5298 consuetudinem
1859 5259 2047 5314 cogno-

471 5350 680 5396 scentes
720 5338 1003 5403 Ecclesiae,
1034 5347 1089 5391 et
1127 5345 1363 5391 vestrum
1394 5336 1673 5389 audientes
1706 5336 1958 5390 socialem
1993 5344 2046 5387 et

470 5429 991 5502 irreprehensibilem
1019 5442 1245 5489 morem,
1278 5442 1339 5479 es
1364 5427 1556 5478 vestris
1588 5425 1778 5479 litteris
1809 5426 2037 5478 firmiora

474 5533 629 5591 atque
659 5521 1018 5575 manifestiora
1043 5532 1384 5587 cognoscere.
1405 5516 1507 5570 Sed
1538 5517 1659 5584 quia
1692 5526 1898 5581 tempus
1932 5514 2041 5568 hie-

474 5610 573 5664 mis
600 5612 663 5663 ad
694 5613 807 5666 hzec
838 5626 930 5664 vos
959 5609 1223 5679 implenda
1256 5607 1540 5662 retinuisse
1569 5605 1956 5668 consideratur,
1989 5615 2041 5659 et

472 5711 673 5768 aptum,
720 5712 774 5757 et
818 5704 1051 5759 debitum
1100 5703 1216 5768 fuit,
1269 5703 1481 5771 plenam
1522 5710 1576 5754 et
1611 5699 1699 5753 Dei
1732 5699 2038 5752 amatricem

468 5796 740 5848 caritatem
772 5796 928 5849 etiam
961 5797 1144 5851 scabra
1170 5794 1526 5866 (scrupulosa)
1558 5791 1786 5847 transire
1818 5808 1827 5842 :
1863 5790 2039 5845 scribo

2165 571 2293 610 cans
2322 556 2575 611 collmtari
2603 572 2699 611 nos
2722 558 2891 613 beatae
2922 560 3036 613 sedi
3062 561 3406 615 sacratissimi
3441 562 3586 617 Petri
3615 580 3744 633 apo-

2163 646 2282 700 stoli
2308 684 2323 711 ,
2353 648 2492 715 qund
2524 648 2613 700 tali
2658 650 2858 717 regitur
2890 665 3049 703 manu
3083 666 3203 718 qua:
3229 651 3467 718 suscepit
3504 666 3609 706 non
3652 654 3742 721 qui

2164 740 2417 793 honorem
2462 749 2692 807 raperet,
2738 741 2831 794 scd
2862 741 2950 810 qui
2982 752 3263 808 raperetur
3286 743 3353 795 ab
3379 758 3464 811 eo,
3498 753 3551 797 et
3579 742 3743 813 (sicut

2160 844 2340 883 sermo
2383 831 2656 897 multiplex
2691 830 2873 896 tradit,
2904 841 2958 885 et
2988 846 3085 885 nos
3124 832 3193 885 ita
3228 847 3287 887 se
3325 831 3524 886 habere
3561 833 3739 887 credi-

2162 922 2305 986 mus)
2334 922 2645 975 nutritorem
2690 922 2853 989 pacis,
2885 932 2941 977 et
2971 934 3129 977 recta:
3161 923 3279 977 fidei
3310 933 3655 988 certatorem,
3685 934 3740 978 et

2162 1010 2458 1066 humilitate
2492 1013 2869 1083 (humanitate)
2900 1017 3093 1067 mentis
3123 1025 3175 1068 et
3203 1015 3424 1069 caritate
3449 1032 3565 1085 qum
3593 1016 3738 1071 circa

2159 1113 2378 1154 run-tos
2404 1112 2484 1156 est
2512 1112 2759 1171 tanquam
2790 1104 3046 1170 pretiosis
3074 1104 3336 1172 lapidibus
3364 1115 3699 1160 coronatum.

2232 1192 2439 1245 Etenim
2464 1202 2653 1246 cuncta
2671 1204 2721 1247 te
2740 1194 2880 1258 volo,
2900 1194 3201 1248 venerande
3224 1204 3396 1262 pater,
3416 1210 3736 1264 agnoscere,

2157 1281 2296 1348 quod
2328 1297 2390 1335 ex
2434 1282 2665 1351 an'iquis
2695 1284 2897 1337 sanctis
2926 1293 2980 1338 et
3007 1284 3326 1338 venerandis
3370 1284 3617 1340 Patribus
3645 1300 3736 1339 su-

2157 1371 2387 1437 scipiens
2426 1372 2568 1426 illius
2597 1371 2763 1426 beatae
2791 1373 2934 1427 sedis
2962 1373 3208 1427 allectum
3237 1390 3250 1426 :
3282 1374 3375 1441 (al.
3405 1376 3527 1428 add.
3558 1375 3635 1444 et)
3665 1376 3736 1428 ad

2158 1461 2294 1514 hanc
2326 1470 2573 1531 linquam
2618 1474 2887 1531 paternam
2920 1474 3117 1517 sortem
3157 1464 3499 1530 custodiens,
3532 1464 3735 1521 addere

2158 1550 2256 1605 huc
2279 1563 2403 1619 opto
2430 1560 2587 1621 atque
2612 1553 2823 1616 festino,
2854 1562 2909 1607 ut
2934 1554 3185 1607 veniatin
3216 1555 3317 1607 hoc
3337 1555 3517 1607 studio
3546 1556 3733 1609 termi-

2156 1655 2253 1692 nus
2297 1642 2440 1695 utilis
2484 1641 2808 1695 humanitate
2844 1642 3055 1711 quidem
3089 1642 3299 1697 Domini
3343 1655 3397 1697 et
3427 1642 3517 1695 Dei
3556 1644 3731 1697 nostri

2154 1729 2280 1784 Jesu
2314 1730 2535 1799 Christi,
2569 1731 3043 1787 intercessionibus
3076 1740 3253 1784 autem
3286 1733 3338 1785 in
3367 1733 3571 1785 cunctis
3603 1732 3733 1786 bea-

2086 1830 2132 1889 Β
2160 1823 2350 1875 tiSsimi
2396 1824 2621 1892 apostoli
2668 1824 2847 1887 Petri,
2890 1831 2945 1877 et
2986 1824 3037 1875 in
3070 1822 3316 1876 omnibus
3346 1821 3729 1891 sapientissimi

2157 1913 2338 1978 Pauli;
2381 1924 2434 1967 ut
2465 1914 2779 1969 venerandae
2822 1928 3006 1969 eorum
3037 1914 3148 1969 sedi
3189 1924 3239 1967 et
3269 1925 3371 1968 luce
3414 1914 3729 1969 beatitudini

2150 2004 2291 2073 jnste
2317 2004 2527 2059 debitus
2559 2004 2726 2059 honos
2757 2005 3085 2058 custodiatur
3138 2014 3297 2074 atque
3326 2004 3575 2057 reddatur
3604 2003 3728 2076 (ad-

2153 2096 2349 2166 datur),
2381 2108 2431 2150 ut
2473 2098 2669 2151 nostris
2706 2097 3056 2165 temporibus,
3089 2097 3235 2150 velut
3264 2095 3556 2151 secundum
3585 2097 3730 2164 prin-

2152 2188 2382 2255 eipatum
2415 2188 2556 2242 sedis
2586 2189 2893 2257 apostolica:
2925 2188 3179 2241 honorem
3219 2194 3603 2255 congruentem
3634 2200 3727 2239 su-

2152 2282 2558 2349 acipiat,omnis
2580 2281 2839 2335 discordia
2871 2281 3106 2344 recedat,
3135 2289 3190 2335 et
3216 2279 3466 2333 Ecclesia:
3487 2279 3731 2331 omnium

2157 2384 2268 2427 vest
2302 2390 2387 2427 nm
2435 2375 2693 2428 CalhOIlC‘d
2737 2374 3029 2436 voluntate,
3081 2372 3293 2426 Domini
3330 2372 3487 2425 etiam
3531 2381 3585 2423 et
3634 2371 3727 2425 Dei

2155 2465 2319 2518 nostri
2350 2466 2473 2519 Jesu
2502 2466 2729 2530 Christi,
2759 2474 2811 2518 et
2837 2463 3135 2518 Nestorium
3167 2472 3219 2517 et
3249 2461 3594 2531 Eutychetem
3627 2461 3728 2514 im-

2154 2557 2290 2626 pios,
2334 2569 2387 2612 et
2420 2561 2607 2612 horum
2649 2571 2928 2612 servan'es
2972 2557 3217 2625 dogmata
3246 2594 3261 2619 ,
3306 2564 3359 2609 et
3388 2555 3475 2623 qui
3505 2555 3726 2607 istorum

2154 2646 2300 2703 fuere
2322 2665 2381 2704 se
2416 2658 2615 2703 latores
2637 2659 2728 2702 aut
2753 2656 2987 2711 exstant,
3017 2658 3070 2701 et
3096 2660 3305 2700 onmem
3331 2644 3581 2698 hzeresim
3609 2657 3730 2698 ana-

2153 2740 2504 2794 thematizcnt
2543 2752 2774 2808 semper,
2807 2749 2861 2792 et
2904 2746 3102 2792 rectam
3146 2746 3302 2805 atque
3343 2735 3729 2789 incontamina-

2154 2829 2316 2884 bilem
2343 2831 2499 2883 fidem
2526 2829 2916 2893 inconcussam,
2936 2836 3182 2897 tanquam
3209 2827 3496 2882 anehoram
3526 2835 3729 2879 certam

2152 2930 2309 2990 atque
2359 2921 2562 2974 lirmam
2612 2927 2844 2983 teneant,
2887 2928 2940 2973 et
2977 2927 3165 2988 parent
3191 2917 3298 2987 jam
3342 2930 3549 2985 pacem,
3584 2914 3732 2969 nullo

2155 3012 2317 3085 (quod
2339 3012 2503 3079 absit)
2527 3010 2844 3079 impediente
2867 3026 2880 3072 ;
2908 3009 3201 3077 praesertim
3227 3006 3528 3060 venerando
3555 3005 3733 3071 capite

2154 3113 2333 3158 vestro
2377 3104 2538 3173 (sicut
2578 3100 2879 3169 didicimus)
2930 3100 3174 3153 homines
3214 3097 3577 3152 contentiosos
3608 3096 3733 3148 hor-

2080 3197 2124 3260 C
2158 3193 2535 3262 rente,quihus
2558 3193 2731 3246 etvita
2764 3200 2816 3244 ct
2838 3205 2959 3244 esca
2983 3200 3063 3245 est
3092 3188 3429 3243 sacerdotum
3464 3186 3556 3242 Dei
3588 3188 3732 3241 inter

2155 3301 2213 3340 se
2238 3284 2602 3340 altercantium
2621 3283 2887 3353 separatio
2919 3300 2931 3335 :
2963 3281 3052 3349 qui
3085 3296 3190 3335 non
3222 3280 3288 3334 ab
3312 3278 3555 3333 omnibus
3586 3278 3735 3333 velo~

2156 3378 2287 3431 citer
2329 3375 2545 3445 cogniti,
2592 3385 2838 3442 tauquam
2889 3372 2993 3441 lupi
3044 3372 3095 3425 in
3142 3370 3473 3426 vestimentis
3520 3370 3732 3436 ovium,

2155 3467 2312 3521 facile
2340 3467 2407 3521 ab
2437 3467 2725 3535 apostolica
2757 3464 2996 3519 Ecclesia
3024 3463 3370 3531 repellantur.

2228 3556 2328 3611 Ista
2360 3570 2498 3609 nunc
2529 3556 2716 3623 scripsi
2748 3556 2901 3608 beato
2931 3554 3089 3622 capiti
3125 3562 3299 3606 chIro
3327 3566 3421 3620 per
3444 3550 3733 3605 Patricium

2155 3650 2321 3704 virum
2353 3649 2716 3717 spectabilem,
2761 3660 3097 3700 communem
3130 3644 3181 3698 lil
3207 3660 3317 3709 um,
3363 3653 3417 3697 et
3443 3652 3735 3698 consuetu-

2154 3742 2292 3795 dinis
2314 3740 2505 3794 allectu
2530 3752 2791 3808 superans
2814 3738 3158 3801 rationem,el
3186 3736 3325 3789 circa
3349 3734 3493 3788 illam
3517 3733 3733 3787 beatam

2154 3832 2334 3887 sedem
2366 3833 2584 3885 caritate
2608 3830 2905 3892 devinctus,
2931 3836 2985 3882 et
3014 3828 3157 3881 omni
3190 3826 3275 3879 die
3307 3824 3490 3878 videre
3516 3822 3737 3877 deside-

2154 3939 2279 3978 rans
2326 3930 2710 3991 congruentem
2757 3928 2915 3988 atque
2960 3918 3190 3972 debitam
3241 3913 3641 3970 venerationem
3684 3913 3736 3968 ei

2152 4014 2377 4070 servari.
2408 4013 2593 4068 Scribe
2618 4012 2793 4081 igitur,
2822 4011 2871 4064 in
2897 4013 3102 4064 cunctis
3125 4008 3187 4061 be
3210 4016 3296 4073 te,
3324 4015 3575 4074 tanquam
3600 4021 3737 4059 una-

2154 4108 2280 4161 nimi
2304 4116 2358 4161 et
2378 4104 2581 4173 optanti
2606 4104 2837 4156 animam
2856 4114 3063 4170 quoque
3086 4100 3278 4153 olTerre
3303 4113 3395 4167 pro
3421 4097 3522 4150 lide
3547 4097 3737 4149 ortho-

2150 4200 2286 4253 doxa
2317 4208 2369 4253 et
2393 4197 2749 4251 Ecclesiarum
2780 4208 2907 4262 pace
2934 4201 3326 4257 sanctarum,ct
3352 4199 3406 4244 ut
3430 4189 3737 4243 custodian-

2152 4298 2233 4342 tur
2251 4286 2565 4341 veneranda:
2588 4284 2699 4343 sedi
2726 4284 2775 4336 in
2801 4282 3047 4336 omnibus
3072 4282 3209 4335 beati
3238 4280 3377 4333 Petri
3401 4278 3737 4331 convenien-

2151 4380 2221 4431 tia
2254 4396 2265 4429 :
2300 4377 2437 4446 quod
2470 4376 2621 4428 facile
2652 4374 2761 4439 liet,
2795 4372 3036 4425 orlinata
3069 4371 3279 4424 unitate
3297 4379 3638 4432 cunctorum,
3680 4376 3736 4421 et

2149 4470 2383 4523 omnium
2414 4469 2476 4520 ad
2506 4482 2598 4520 vos
2623 4478 2869 4534 tanquam
2893 4464 2959 4515 ad
2984 4464 3190 4515 firmum
3218 4460 3579 4514 festinantium
3606 4476 3736 4528 por-

2075 4567 2122 4624 D
2152 4570 2284 4615 tum.
2334 4559 2629 4613 Divisinnes
2666 4558 2862 4610 ctenim
2903 4562 3085 4606 contra
3117 4562 3464 4605 contemnere
3492 4563 3734 4602 consucc

2151 4661 2359 4716 verunt,
2394 4660 2447 4704 et
2476 4650 2649 4703 ordini
2677 4648 2917 4702 decentia
2952 4662 3054 4697 non
3087 4646 3318 4697 scr‘vant.
3353 4642 3582 4695 Omnem
3620 4639 3733 4693 fra-

2152 4744 2452 4797 ternitatem
2478 4757 2595 4809 qua:
2618 4750 2699 4793 est
2716 4747 2905 4794 vestra:
2922 4735 3188 4789 sanctitati
3210 4732 3513 4801 conjuncta,
3530 4738 3585 4785 et
3605 4746 3733 4801 ego,

2155 4844 2207 4887 et
2242 4833 2330 4901 qui
2374 4846 2578 4885 mecum
2614 4838 2759 4894 sunt,
2794 4829 3019 4880 multum
3060 4829 3108 4878 in
3153 4824 3376 4877 Domino
3412 4822 3734 4875 salutamus.

2166 4927 2230 4979 Et
2256 4928 2359 4979 alia
2405 4941 2558 4977 manu
2588 4940 2600 4976 :
2632 4921 2830 4975 Salvari
2864 4935 2947 4973 tne
2973 4920 3025 4972 in
3060 4918 3281 4971 Domino
3311 4923 3475 4979 orate,
3504 4914 3737 4967 sanctis-

2159 5017 2277 5071 simi
2308 5025 2359 5070 et
2384 5015 2673 5071 beatissimi
2708 5013 2909 5067 Patres.
2953 5014 3179 5078 Accepta
3221 5008 3440 5077 epistola
3476 5007 3736 5061 Dorothei

2158 5110 2397 5180 episcopi
2422 5105 2915 5162 Thessalonicensis
2954 5101 3202 5156 Ecclesiae
3235 5104 3392 5152 missa
3430 5113 3524 5165 per
3564 5096 3737 5151 Patri-

2154 5206 2295 5257 cium
2342 5202 2401 5254 \'.
2446 5200 2502 5254 C.
2541 5200 2637 5253 sub
2676 5197 2793 5251 data
2848 5193 2977 5265 (die)
3022 5195 3206 5262 quinto
3248 5191 3494 5246 calendas
3535 5191 3736 5257 Aprilis

2155 5296 2320 5361 (anno
2347 5289 2554 5345 Domini
2578 5289 2725 5355 515),
2746 5287 3012 5340 Florentio
3033 5284 3149 5336 viro
3170 5282 3466 5336 clarissimo
3484 5282 3731 5334 consule.

2715 5395 3044 5451 EPISTULA
3086 5394 3169 5448 Ill.

2283 5512 2350 5549 AD
2392 5506 2704 5548 DUROTIIEUM
2743 5501 3265 5543 TilESSALONlCENSEI
3296 5499 3582 5539 EPISCOPL'M

2160 5607 2357 5660 Laudat
2388 5612 2497 5676 eJ'us
2541 5607 2774 5673 pietatem
2803 5612 2849 5656 et
2877 5600 3105 5655 studium
3134 5600 3185 5651 in
3225 5595 3511 5649 Romanam
3540 5598 3731 5649 sedem.

2230 5697 2584 5751 Dilectissimo
2633 5695 2781 5751 fratri
2835 5693 3104 5747 Dorotheo
3147 5689 3401 5759 episc0po
3453 5689 3730 5742 llnrmisda

2151 5787 2447 5857 episcopos.
