3974 6366
301 272 404 331 373

1494 262 1845 321 EPISTULAZ
1886 263 1972 317 ET
2015 263 2351 320 Dl-LCRETA.

3451 257 3550 316 ὅτι

369 385 468 441 Ubi
520 381 760 437 caritatis
808 381 1031 434 interest
1072 390 1287 433 servare
1337 385 1621 444 praecepta,
1667 375 1875 430 etiamsi
1908 378 1955 435 Α
1983 376 2189 443 gionent
2216 390 2337 429 esse
2366 373 2691 442 probaverit,
2721 371 2787 426 ad
2816 372 3087 442 praefatam
3121 369 3558 427 lleracleotanam

304 474 496 543 aliquid
545 474 653 527 tale
700 471 917 527 eveniat
960 468 1103 537 quod
1140 466 1425 535 cujuslibet
1464 467 1633 535 possit
1672 467 1879 517 animos

300 578 662 628 commovere,
698 571 874 615 tamen
915 569 970 613 ut
1007 574 1069 614 ea
1109 573 1225 627 quze
1255 556 1558 611 concordi:e
1595 570 1878 610 conversa-

301 661 443 711 tione
475 653 822 724 prmdiximus
851 650 1081 705 debeant
1114 648 1401 714 custodiri,
1448 656 1659 717 oportet
1700 661 1877 715 requa-

300 748 515 804 nimiter
556 744 914 813 praetermitti,
952 744 1077 811 quia
1116 742 1300 808 utique
1335 740 1381 794 si
1411 739 1534 810 quid
1577 739 1875 808 ignorantia

298 842 398 895 tale
422 838 727 907 proveniat,
752 836 1149 889 excusationem
1181 843 1355 901 potest
1381 832 1448 887 de
1476 833 1588 901 ipsa
1619 830 1876 898 simplici-

298 941 402 985 tate
430 936 694 998 recipere.
729 926 891 981 Suam
940 926 1080 980 Deus
1108 934 1241 978 nost~
1266 941 1291 978 r
1325 924 1619 978 Ecclesiam
1660 920 1872 992 propria

296 1019 634 1073 ordinatione
674 1016 971 1080 constituit,
1003 1023 1059 1068 ut
1084 1012 1223 1083 quod
1250 1012 1445 1067 divinis
1468 1010 1748 1080 prameptis
1779 1023 1875 1063 no-

294 1114 460 1165 scitur
489 1124 611 1164 esse
651 1108 965 1177 dispositum
990 1147 1005 1172 ,
1038 1106 1337 1159 nullatenus
1366 1102 1562 1173 poterit
1590 1099 1871 1171 praateriri,

294 1201 445 1270 cujus
476 1198 745 1263 notitiam,
778 1198 862 1253 vel
892 1196 1193 1258 scientiam,
1226 1205 1278 1249 te
1310 1210 1413 1248 non
1444 1194 1696 1248 convenit
1724 1192 1873 1261 igno-

294 1308 429 1347 rare.
481 1292 535 1345 In
568 1290 811 1345 faciendo
857 1303 1083 1358 namque
1128 1288 1264 1342 bona
1313 1287 1609 1350 laudamur,
1652 1293 1706 1338 et
1748 1292 1873 1338 tunc

290 1385 577 1438 verborum
618 1383 793 1436 cultus
836 1391 1072 1439 ornatur.
1116 1378 1326 1450 quando
1357 1378 1455 1432 sibi
1499 1375 1869 1432 convenientia

290 1476 391 1532 rite
415 1476 710 1545 conjung’t.
734 1474 965 1528 Litteras
991 1472 1253 1541 s'quidem
1278 1486 1369 1539 per
1395 1470 1681 1523 Patricium
1706 1467 1867 1522 ﬁlium

290 1576 531 1621 nostrum
558 1564 904 1634 spectabilem
930 1563 1102 1617 virum
1129 1572 1229 1614 lu:c
1258 1559 1590 1628 suscepimus
1609 1558 1867 1623 caritatis,

288 1659 342 1712 in
370 1658 566 1725 quibus
603 1669 884 1723 speramus
912 1667 1048 1723 opus
1076 1653 1288 1722 plenum
1326 1660 1381 1705 et
1418 1650 1689 1721 probabile
1718 1664 1871 1719 repe-

1980 465 2246 519 civiuttem
2296 466 2433 518 intra
2483 464 2624 517 diem
2684 456 3022 519 ca‘lendarunt
3070 464 3325 519 Juliarnm
3381 464 3561 517 venire

1978 557 2243 625 dignetur.
2280 557 2409 610 Data
2429 572 2459 609 v
2481 557 2583 612 cal.
2618 555 2852 609 Januarii
2881 554 3359 626 Constantinopoli,
3394 555 3559 611 Sena-

1983 657 2098 701 tore
2130 647 2192 701 V.
2223 645 2285 701 C.
2317 647 2558 702 consule.
2606 647 2835 716 Accepta
2879 647 3049 714 pridie
3095 646 3210 701 idus
3250 645 3391 711 Maii,
3438 643 3560 697 Flo-

1976 739 2150 792 rentio
2176 738 2235 793 V.
2267 738 2327 794 C.
2352 740 2571 794 consule
2593 740 2746 809 (Data
2774 754 2913 793 anno
2943 738 3154 793 Domini
3178 737 3299 801 5M,
3336 741 3553 804 accepta

1976 829 2263 899 mm“).
2535 900 2863 955 EPISTULA
2904 900 2991 954 tv.

2172 1008 2238 1047 Αι)
2277 1007 2605 1047 ΑΝΔΒΤΛΘΙυΙ
2644 1006 3018 1046 ΙὶΙΡΗίΑΤΟΙυίὶΙ
3062 1002 3355 1044 Αυευετωι.

1975 1103 2311 1173 Imperatoris
2341 1104 2507 1158 zelum
2544 1103 2859 1157 commendat
2889 1118 2907 1157 :
2939 1102 3107 1173 quoad
3147 1098 3436 1163 concilium,
3464 1112 3551 1166 per

2272 1175 2460 1246 legatos
2482 1191 2534 1229 re
2561 1190 2924 1243 responsurum
2958 1172 3242 1241 pollicetur.

2046 1286 2324 1342 llormisda
2359 1286 2649 1342 'Anastasio
2683 1288 2925 1356 Augusto
2966 1301 3062 1355 per
3103 1283 3473 1340 Severianum.

2048 1377 2191 1432 Bene
2218 1379 2497 1433 clementia
2544 1388 2717 1433 vestra
2749 1377 3002 1440 conﬁdit,
3035 1376 3171 1429 sicut
3203 1374 3339 1428 dalis
3369 1373 3433 1425 ad
3467 1388 3551 1427 me

1971 1468 2218 1538 gloriosis
2250 1470 2466 1539 designa
2509 1471 2549 1524 it
2578 1468 3005 1538 aﬁatibus,quod
3029 1465 3333 1533 reipublicae
3357 1475 3549 1519 vestrae

1971 1561 2275 1629 specialiter
2314 1561 2591 1629 proﬁciat,
2620 1562 2662 1615 si
2697 1562 2925 1628 negotiis
2954 1560 3206 1615 omnibus
3233 1558 3549 1613 orthodoxa:

1974 1652 2095 1706 ﬁdei
2132 1667 2290 1707 causa
2342 1665 2698 1721 prmponatur.
2744 1653 2868 1707 llaec
2911 1660 2994 1707 est
3036 1652 3200 1717 enim,
3230 1648 3549 1704 venerabilis

287 1751 412 1809 rire.
448 1757 504 1802 ut
535 1748 665 1801 nihil
692 1756 834 1801 cssi-t
861 1745 1000 1814 quod
1029 1744 1097 1797 ab
1123 1744 1428 1812 in'egritate
1448 1741 1667 1794 unitatis
1687 1755 1862 1795 secer-
1899 1741 1946 1800 B
1975 1743 2280 1809 imperator,
2309 1741 2375 1796 de
2405 1751 2652 1810 suscepto
2680 1741 3044 1797 moderamine
3070 1739 3294 1796 rectoris
3318 1754 3444 1793 cura
3468 1753 3547 1792 sa-

287 1852 457 1895 neret.
485 1840 588 1896 Sed
621 1839 742 1908 quia
774 1838 824 1891 in
856 1836 937 1891 his
969 1836 1097 1905 ipsis
1126 1835 1265 1889 hunc
1298 1834 1561 1902 promittis
1589 1832 1861 1898 affectum,

286 1932 372 2001 qui
403 1945 503 1985 nos
544 1929 608 1984 ad
650 1930 751 1983 hoc
792 1926 933 1995 quod
969 1924 1310 1995 pra'diximns
1354 1924 1522 1992 possit
1563 1922 1866 1991 specialiter

286 2036 600 2090 provocare,
630 2020 850 2073 Domino
882 2026 1066 2071 nostra
1091 2029 1277 2085 preces
1303 2014 1646 2076 ell'undimus,
1674 2022 1732 2068 ut
1751 2012 1865 2081 ipse

283 2113 437 2181 cujus
464 2121 520 2166 et
548 2127 706 2165 causa
738 2120 756 2165 t
788 2119 1016 2173 actatnr,
1041 2108 1297 2161 abstersis
1322 2106 1403 2161 vel
1432 2106 1717 2175 amputatis
1747 2104 1865 2157 uni-

282 2205 453 2257 versis
484 2203 773 2265 scandalis,
804 2210 856 2255 et
889 2200 1125 2254 Ecclesia
1150 2213 1241 2252 sua
1270 2198 1369 2251 sub
1390 2211 1495 2251 uno
1524 2211 1786 2251 consensu
1810 2203 1866 2250 et

282 2293 437 2363 parili
474 2292 631 2346 faciat
664 2291 769 2344 ﬁde
796 2304 1070 2345 connexos
1104 2304 1117 2341 :
1151 2303 1247 2341 nec
1276 2288 1327 2341 in
1358 2285 1725 2341 sacerdotibus
1754 2285 1865 2339 suis

283 2385 577 2454 quidquam
604 2381 827 2453 reperiri
861 2383 1107 2450 patiatur,
1135 2380 1274 2447 quod
1302 2377 1586 2447 cujuslibet
1608 2385 1700 2431 aut
1726 2375 1863 2430 odiis

282 2475 537 2544 prOpriis,
579 2482 671 2527 aut
710 2472 951 2526 inanibus
994 2468 1398 2535 intentionibus,
1428 2479 1520 2521 aut
1563 2466 1863 2521 hominibus

284 2567 336 2619 in
361 2564 611 2633 injuriam
640 2564 757 2627 Dei,
780 2562 919 2632 quod
950 2561 1096 2615 nefas
1122 2568 1224 2623 est,
1248 2559 1384 2614 velle
1412 2559 1658 2629 placere;
1682 2566 1737 2613 et
1757 2572 1862 2612 non

282 2654 449 2723 magis
474 2651 748 2717 universa,
782 2648 1071 2704 secundum
1105 2648 1317 2702 beatum
1339 2646 1660 2716 apostolum,
1692 2659 1863 2701 saecu-

282 2745 408 2799 laria
435 2752 872 2798 contemnentem
914 2755 944 2794 a
974 2756 1069 2809 spe
1099 2755 1203 2795 non
1249 2739 1419 2809 possit
1446 2738 1749 2793 exorbitare
1777 2736 1859 2792 fu-

282 2844 418 2889 tura.
454 2834 654 2888 llortor
680 2848 791 2901 pro,
818 2842 895 2887 ter
922 2847 1206 2886 commune
1234 2829 1547 2897 remedium,
1574 2830 1738 2883 invito
1765 2843 1860 2899 pro

281 2927 451 2981 salute
498 2924 755 2988 fidelium,
791 2933 1007 2993 propter
1050 2922 1353 2993 generalem
1391 2921 1593 2976 suadeo
1642 2921 1861 2976 medici-

280 3032 421 3069 nam.
456 3015 589 3083 Quis
620 3030 848 3083 namque
872 3024 1009 3067 cont-
1034 3024 1154 3067 ntus
1180 3022 1262 3068 est
1291 3014 1387 3067 hos
1417 3012 1597 3067 videre
1635 3012 1856 3075 divisos,

279 3122 505 3176 quorum
533 3116 708 3176 potest
732 3108 932 3160 unitate
961 3104 1212 3175 gloriari?
1241 3104 1391 3160 Unde
1416 3118 1550 3171 opus
1574 3112 1657 3157 est
1677 3103 1858 3158 labore
1884 3107 1930 3169 ο

279 3198 574 3263 communi,
604 3206 663 3252 ut
691 3198 791 3251 hoc
832 3197 970 3265 quod
994 3214 1021 3250 a
1048 3196 1290 3250 Patribus
1319 3194 1514 3251 nostris
1536 3197 1859 3265 accepimus,

280 3298 661 3343 conservantes
709 3288 943 3343 secunde
991 3288 1090 3343 nisi
1138 3288 1189 3340 in
1235 3286 1345 3353 illo,
1376 3287 1641 3356 possimus
1684 3286 1863 3341 divino

279 3389 453 3435 astare
480 3380 709 3449 judicio.

906 3468 1235 3525 EPISTOLA

393 3578 671 3617 ANASTASII
711 3578 928 3617 AUGUSTI
969 3579 1034 3616 Δῐ)
1074 3577 1371 3617 ιιοῐωιιευιυι
1413 3577 1744 3616 PONTIFICEM.

281 3655 566 3708 Concilium
595 3654 859 3708 Heraclea:
880 3654 945 3706 ad
964 3654 1337 3720 componendas
1366 3654 1417 3706 in
1440 3653 1653 3721 Scythia
1680 3653 1741 3705 de
1762 3650 1863 3719 fide

352 3757 491 3799 ortas
521 3747 824 3813 quastione:
852 3763 957 3799 esse
984 3747 1412 3817 congregandum,
1446 3747 1711 3814 ipsumque
1739 3761 1865 3815 pon-

350 3839 565 3907 tiﬁcem,
597 3848 648 3890 ut
675 3839 740 3890 ad
769 3837 898 3891 illud
928 3838 1154 3903 accedat,
1188 3849 1442 3907 precatur.

350 3950 665 4007 Anastasius
687 3952 951 4018 Augustus
980 3950 1270 4003 llormisdte
1296 3963 1464 4017 papae.

348 4042 611 4096 Omnibus
657 4041 880 4107 negotiis
916 4041 1105 4093 divina:
1152 4055 1238 4094 res
1281 4038 1648 4107 pra-ponenda:
1692 4046 1857 4091 sunt:

287 4133 399 4186 Deo
444 4133 644 4184 etenim
691 4132 1057 4199 oninipOtente
1102 4130 1351 4199 propitio,
1386 4127 1763 4196 rempublicam
1813 4139 1868 4182 et

284 4222 706 4280 Conscrvandat’n
732 4230 784 4275 et
817 4220 1196 4274 meliorandam
1223 4234 1341 4274 esse
1366 4218 1706 4272 conﬁdimus.
1730 4218 1864 4285 Quia

283 4316 443 4381 igitur
476 4312 835 4366 dubitat’ones
864 4312 1108 4381 qu:cdam
1153 4312 1218 4366 de
1261 4310 1563 4365 cithodoxa
1609 4310 1868 4379 religione

282 4406 332 4456 in
360 4403 599 4473 Scythia:
630 4404 865 4471 partibus
894 4404 1142 4457 videntur
1172 4418 1292 4457 esse
1320 4412 1621 4466 commotis,
1654 4401 1704 4456 id
1743 4417 1864 4472 spe-

1969 1834 2195 1897 lubrior,
2234 1842 2290 1887 ut
2319 1833 2434 1901 ejus
2469 1834 2567 1887 sibi
2615 1834 2846 1888 favorem
2879 1844 2971 1902 per
2999 1847 3158 1901 opera
3193 1831 3330 1885 bona
3370 1830 3547 1884 conci-

1970 1925 2081 1989 liet,
2132 1925 2221 1993 qui
2270 1924 2574 1979 universum
2625 1934 2677 1979 et
2727 1924 2928 1987 tribuit,
2958 1932 3013 1978 et
3056 1924 3185 1991 regit
3238 1922 3541 1987 imperium.

1968 2014 2203 2069 Proinde
2241 2029 2327 2070 me
2365 2030 2577 2085 quoque
2612 2024 2666 2070 et
2693 2016 2917 2069 Domino
2958 2025 3139 2070 nostro
3178 2014 3302 2069 Jesu
3333 2014 3546 2069 Chrism

1966 2106 2216 2160 convenit
2246 2105 2569 2176 supplicare,
2601 2116 2658 2160 ut
2691 2106 2780 2176 qui
2809 2106 2874 2160 de
2902 2106 3152 2160 Ecclesiae
3186 2120 3295 2158 sua:
3322 2120 3543 2157 concor-

1967 2197 2053 2252 dia
2078 2206 2309 2252 vestram
2342 2201 2592 2269 pietatem
2624 2202 2860 2270 cogitare
2886 2201 3073 2265 voluit,
3100 2200 3240 2254 hunc
3265 2216 3422 2265 Sltt'Cf'
3447 2200 3545 2252 bac

1970 2295 2118 2357 parte
2148 2290 2447 2345 concedere
2474 2290 2722 2360 dignetur
2747 2290 3027 2355 eifectum;
3055 2299 3315 2359 quatenus
3343 2298 3545 2355 tempo-

1966 2378 2112 2433 ribus
2145 2382 2339 2434 vestris
2374 2380 2673 2437 orthodoxa
2714 2382 2815 2435 ﬁde
2844 2382 3096 2451 przeditns
3127 2382 3405 2435 uniersus
3434 2391 3542 2432 ter-

1966 2482 2143 2523 rarum
2172 2470 2320 2524 orbis
2357 2471 2610 2525 exsultet.
2644 2469 2717 2525 De
2749 2472 2829 2526 his
2859 2486 2986 2525 vero
3016 2486 3135 2539 quae
3173 2484 3269 2539 pro
3298 2467 3542 2537 synoda'i

1964 2562 2378 2628 congregatione
2409 2562 2759 2630 prtecepistis,
2792 2560 2917 2630 quid
2949 2561 3063 2615 ﬁeri
3094 2569 3357 2629 apotteat,
3393 2570 3414 2593 ο·
3450 2573 3544 2627 per

1965 2649 2156 2705 fratres
2187 2660 2238 2705 et
2268 2651 2616 2720 coepiscopos
2642 2667 2811 2716 meos,
2840 2654 2928 2721 qui
2958 2666 3123 2720 prope
3155 2666 3185 2705 e
3212 2650 3543 2719 subsequen-

1967 2751 2068 2804 tur,
2099 2742 2282 2811 gloria:
2306 2750 2495 2797 vestra:
2521 2742 2834 2798 insinuanda
2861 2742 3104 2797 mandavi
3133 2760 3145 2793 :
3175 2757 3397 2811 quorum
3421 2756 3542 2809 sug-

1964 2832 2224 2899 gestione,
2257 2832 2300 2887 si
2324 2832 2536 2887 divinus
2564 2833 2712 2888 favor
2740 2849 2855 2888 niea
2880 2843 2998 2886 vota
3023 2833 3378 2901 prosequitur,
3396 2847 3541 2885 com-

1968 2924 2230 2987 tetentius
2275 2926 2520 2993 poteritis
2570 2927 2817 2980 universa
2867 2939 3213 2994 cognoscere.
3272 2925 3310 2978 D
3349 2934 3395 2979 ta
3451 2941 3543 2979 vttt

1965 3015 2083 3070 idus
2108 3015 2227 3071 Julii
2260 3016 2423 3087 (anno
2452 3017 2659 3071 Domini
2692 3016 2818 3083 515)
2841 3061 2855 3084 ,
2891 3017 3160 3070 Florentio
3190 3017 3431 3069 consn'c.

2580 3129 2933 3184 lNDltLULlIS

1963 3238 2047 3285 ριῑι
2091 3237 2254 3274 ῐὶιὶτιέ
2297 3236 2387 3274 EST
2431 3238 2655 3276 [NNOI‘IO
2698 3238 2761 3275 ET
2803 3238 3116 3276 fOllTUNATO
3143 3235 3420 3284 l-LPISCONS,
3451 3236 3540 3273 "E-

2034 3328 2229 3367 N\.\'TIO
2279 3328 2651 3377 PIiESlYTEBO,
2694 3329 2871 3368 V'l'l'ALl
2924 3328 3180 3376 DIACO‘SO,
3232 3327 3299 3365 ΕΤ
3349 3327 3542 3366 ιιιωιω

2034 3419 2260 3458 μοτληιο
2287 3446 2300 3467 ,
2344 3418 2561 3459 ιεωτιε
2601 3419 2933 3459 Αροετοωῌῖ
2972 3419 3114 3459 SEDIS
3155 3417 3541 3458 CONSTANTINO-

2036 3512 2210 3559 POLIM,
2242 3512 2304 3549 AB
2344 3512 2607 3550 IIORMISDA
2648 3513 2797 3550 PAPA.

2034 3588 2164 3642 Cum
2194 3590 2281 3643 Dei
2316 3589 2579 3656 adjutorio
2609 3598 2663 3643 et
2693 3589 3022 3643 orationibus
3051 3587 3414 3656 apostolorum
3446 3600 3538 3640 ve-

1966 3683 2174 3734 nientes
2203 3680 2254 3733 in
2310 3691 2483 3748 partes
2516 3680 2865 3743 Grazciarum,
2899 3684 2939 3734 si
2990 3681 3223 3747 episcotii
3278 3678 3543 3733 voluerint

1967 3785 2267 3835 oecurrere,
2298 3770 2348 3822 in
2381 3784 2481 3839 qua
2510 3769 2665 3824 decet
2694 3783 2787 3823 eos
2804 3770 3147 3824 veneratione
3172 3769 3440 3833 suscipite.
3478 3768 3543 3821 Et

1966 3862 2011 3915 si
2046 3861 2310 3913 voluerint
2336 3861 2695 3914 secessionem
2731 3875 2936 3929 parare,
2966 3860 3127 3915 noli'e
3170 3874 3443 3927 spernere,
3479 3876 3543 3915 ne

1963 3952 2229 4021 judicetnr
2257 3967 2283 4003 a
2311 3952 2461 4005 laicis
2491 3951 2688 4005 nullam
2719 3967 2813 4018 vos
2852 3966 2969 4005 cum
3028 3951 3135 4004 illis
3162 3950 3299 4005 velle
3348 3950 3543 4004 habere

1968 4044 2328 4098 concordiam.
2357 4043 2411 4099 Si
2444 4058 2575 4097 vero
2603 4058 2695 4097 vos
2713 4043 2776 4096 ad
2798 4041 3101 4097 convivium
3143 4055 3331 4109 rogare
3361 4038 3544 4093 volue-

1969 4136 2097 4198 rint,
2148 4134 2339 4187 blanda
2395 4134 2737 4188 excusatione
2789 4149 2882 4188 eos
2934 4132 3217 4196 declinate,
3263 4131 3540 4186 dicentes:

1968 4225 2148 4291 Orate,
2184 4234 2238 4277 ut
2282 4224 2507 4293 primum
2552 4225 2830 4294 mysticam
2880 4225 3019 4277 illam
3064 4222 3299 4277 mensan’t
3341 4237 3544 4276 merea-

1970 4330 2087 4368 mur
2118 4314 2314 4371 habere
2339 4326 2760 4379 communem,et
2788 4325 2910 4369 tunc
2936 4317 3035 4369 erit
3057 4316 3207 4369 nobis
3230 4315 3325 4370 ista
3350 4314 3543 4384 jucun-

1970 4406 2108 4459 dior.
2153 4406 2411 4459 Victualia
2441 4415 2565 4459 vero
2595 4415 2650 4459 et
2698 4422 2817 4475 quas
2857 4406 2958 4460 alia
3012 4406 3544 4470 oﬁ’erre,voluerint,

284 4496 493 4548 cialiter
524 4494 820 4548 ilementia:
852 4506 1045 4548 nustrae
1091 4494 1306 4563 placuit,
1342 4502 1399 4548 ut
1430 4486 1746 4549 venerabilis
1776 4512 1863 4566 sy-
1890 4471 1944 4531 D
1971 4506 2189 4567 excepta
2218 4506 2399 4553 tamen
2429 4497 2796 4561 subvectione,
2822 4499 2863 4552 si
2891 4513 3049 4553 causa
3076 4498 3334 4566 poposcit,
3384 4498 3545 4554 nolite

284 4584 458 4638 nodus
508 4585 559 4637 itt
617 4585 1001 4639 lleraeleotana
1050 4586 1265 4640 civitate
1309 4587 1592 4653 provincia:
1639 4587 1863 4656 Europa:

285 4676 614 4739 celebretur,
644 4684 902 4744 quatenus
924 4676 1371 4731 concordantibus
1399 4678 1610 4742 animis,
1641 4687 1693 4732 et
1718 4680 1861 4732 omni

284 4768 505 4822 veritate
535 4768 770 4822 discussa
816 4784 938 4823 vera
982 4768 1114 4822 ﬁdes
1154 4780 1332 4823 nostra
1374 4770 1519 4824 omni
1551 4770 1663 4823 orbi
1698 4781 1864 4824 terra—

285 4875 401 4913 rum
446 4858 777 4913 manifestius
808 4860 1122 4923 innotescat,
1158 4871 1213 4914 ut
1238 4860 1492 4929 deinceps
1522 4860 1662 4914 nulla
1694 4864 1864 4929 possit

285 4966 404 5006 e-se
441 4951 733 5017 dubitatio,
774 4953 856 5006 vel
901 4953 1189 5008 discordia.
1234 4954 1567 5022 Quapropter
1607 4954 1859 5007 sanetitas

286 5053 371 5097 tua
398 5058 515 5096 cum
547 5043 740 5111 quibus
767 5043 867 5096 sibi
892 5044 1146 5112 placuerit
1175 5044 1634 5100 reverendissimis
1654 5045 1862 5113 episco—

285 5133 385 5201 pis,
424 5132 566 5203 quod
614 5132 680 5187 de
728 5133 981 5189 Ecclesiis
1023 5136 1120 5189 sub
1150 5136 1228 5189 sui
1259 5136 1543 5190 sacerdotii
1586 5150 1709 5189 cura
1737 5149 1864 5189 cou-

284 5224 483 5275 stitutis
533 5222 753 5278 idoneos
797 5235 851 5278 et
883 5226 1169 5280 ins:ructos
1199 5242 1319 5297 erga
1352 5226 1702 5281 orthodoxam
1743 5228 1865 5281 re'i-

356 5364 384 5393 ι
404 5356 641 5422 Quatuor
668 5356 866 5424 legatos
890 5358 941 5411 in
969 5360 1240 5427 sequentis
1262 5360 1480 5414 indiculi
1511 5360 1857 5428 inscriptione

288 5427 592 5499 nominatos
638 5428 802 5492 misit,
857 5442 959 5482 non
1006 5432 1071 5482 ad
1122 5431 1403 5484 concilium
1458 5427 1854 5499 celebrandum,

288 5496 607 5571 sedtantum
637 5499 699 5549 ad
731 5498 1111 5571 explorandum
1145 5515 1245 5562 qua
1271 5500 1575 5571 intentione
1597 5496 1857 5571 synodum

292 5566 409 5620 tieri
438 5568 772 5638 postulasset;
805 5582 867 5619 an
894 5568 1046 5621 ﬁdem
1088 5570 1425 5635 catholicam,
1458 5566 1859 5638 pront’promi-

290 5636 737 5708 serat,gproﬁteri,
761 5638 1038 5703 epistolam
1078 5640 1245 5693 sancti
1289 5636 1481 5693 Leonis
1518 5636 1777 5708 recipere.
1806 5651 1860 5695 ct

290 5704 569 5762 haereticos
616 5708 1064 5763 anathematizato
1093 5722 1302 5778 paratus
1335 5721 1472 5765 essu
1505 5729 1515 5760 :
1552 5704 1857 5764 ne‘scilicet

1972 4590 2280 4658 suscipere:
2310 4588 2402 4643 sed
2446 4580 2621 4644 taliter
2658 4600 2932 4655 excusate,
2963 4588 3096 4643 nihil
3153 4589 3343 4645 deesse
3368 4590 3545 4644 dicen~

1974 4695 2074 4745 tes,
2106 4690 2383 4749 sperantes
2405 4681 2563 4733 etiam
2596 4690 2649 4733 ut
2679 4681 2883 4734 animos
2905 4696 3029 4735 suos
3055 4681 3205 4735 vobis
3246 4696 3545 4735 accommo-

1972 4770 2119 4831 dent,
2151 4768 2238 4822 ubi
2282 4777 2405 4821 sunt
2429 4769 2566 4823 dona
2592 4778 2647 4823 et
2696 4769 2913 4834 divitite,
2943 4780 2994 4824 et
3025 4770 3222 4824 caritas
3265 4778 3319 4823 et
3349 4770 3544 4833 unitas,

1973 4871 2025 4917 et
2050 4860 2303 4930 quidquid
2324 4860 2388 4913 ad
2412 4860 2657 4931 gaudium
2690 4861 2991 4931 religiosum
3018 4872 3222 4917 certum
3253 4870 3335 4917 est
3388 4862 3545 4930 perti~

1968 4965 2113 5006 nere.

2038 5044 2172 5098 Cum
2218 5044 2313 5097 ista
2366 5044 2720 5109 ordinatione,
2754 5045 2860 5100 Deo
2890 5047 3139 5114 proliitio,
3173 5046 3543 5101 Constantino-
3598 5029 3605 5043 ’

1970 5138 2132 5207 po‘im
2187 5136 2594 5206 pervenientes,
2654 5137 2723 5191 ibi
2771 5138 3037 5205 secedite,
3094 5137 3181 5192 ubi
3222 5135 3543 5191 ordinaverit

1972 5229 2419 5283 clementissimus
2450 5230 2767 5300 imperator;
2792 5240 2845 5284 et
2876 5242 3156 5301 antequam
3182 5230 3350 5298 ipsum
3368 5227 3541 5281 videa-
3566 5295 3573 5307 ⁸

3562 5314 3569 5339 l

1972 5361 2222 5432 majestas
2265 5362 2407 5417 sedis
2435 5364 2739 5431 apostolica!
2783 5360 3087 5417 eluderemr
3126 5362 3204 5432 ab,
3248 5362 3383 5432 ipso,
3416 5358 3541 5414 dum

1970 5430 2157 5524 nonpad
2184 5432 2335 5524 "(181m
2358 5430 2670 5524 catholicam
2694 5434 3084 5492 stabilientlam,
3115 5430 3207 5524 s'ed
3226 5430 3288 5481 ad
3320 5440 3557 5524 regi‘i‘utnl‘

1967 5503 2413 5566 Conﬁrmandum,
2441 5503 2866 5568 Vitaliannmque
2896 5502 3242 5555 avertendum
3276 5515 3306 5567 p
3332 5500 3540 5553 ntil‘tcia

1968 5575 2282 5628 auctoritate
2319 5573 2646 5627 abuteretur.
2700 5574 2937 5637 Quonam
2974 5571 3131 5623 modo
3158 5573 3294 5635 apud
3318 5571 3541 5637 impera-

1969 5654 2137 5697 torem
2167 5660 2223 5697 se
2253 5658 2438 5711 gerere
2468 5642 2741 5700 deberent,
2769 5654 2997 5707 sequens
3021 5640 3282 5695 indiculus
3311 5652 3361 5695 et
3393 5658 3540 5695 cem~

1970 5714 2310 5768 monitorintu
2342 5712 2521 5767 refert.
2549 5713 2673 5763 θεν.
2705 5711 2899 5763 Iustus.
