3974 6366
438 379 545 434 579

1740 346 2111 406 llORMISD£
2153 340 2350 399 DARE

3593 346 3696 402 580

443 491 649 549 stolicas
704 491 1026 545 reservetur,
1054 487 1111 533 ut
1148 477 1288 532 circa
1336 486 1430 528 eos
1464 466 1889 524 venerandorum
1925 464 2023 515 Pa-
2053 503 2061 519 ι

2163 479 2464 536 onnexione
2493 478 2805 533 substantiae
2831 495 2843 543 ;
2872 486 2925 533 et
2946 479 2989 533 si
3020 480 3070 533 in
3114 479 3354 549 utrisque
3378 482 3579 535 naturis
3606 498 3702 551 pro

445 593 583 637 trum
612 578 819 648 possint
846 573 1136 627 constituta
1187 564 1414 629 servari,
1446 576 1540 631 per
1578 574 1696 628 quae
1746 554 2025 611 tedificatio

446 669 773 744 generalitati
801 662 1092 735 proveniat.

1027 748 1356 807 EPISTULA
1397 746 1459 798 V.

648 866 715 903 AD
756 860 1079 901 ΑΜετΑδιυκ
1116 851 1489 895 IHPEBATUBEM
1533 844 1823 887 AUGUSTUII.

452 942 654 996 Notum
677 957 781 993 esse
835 938 1119 991 Romanum
1161 930 1452 1001 pontiﬁcem
1496 925 1559 978 ab
1605 926 1907 989 imperatore
1963 916 2030 966 ad

524 1031 797 1085 concilium
825 1026 1019 1091 vocari,
1052 1038 1104 1076 se
1130 1033 1297 1075 tamen
1327 1020 1537 1077 iturum,
1562 1014 1605 1066 si
1650 1009 2029 1066 Chalcedonen—

524 1122 591 1174 sis
612 1119 814 1171 concilii
842 1117 1039 1168 decreta
1060 1129 1158 1165 non
1183 1118 1470 1163 revocentur
1496 1107 1547 1157 in
1587 1102 1812 1154 dubium.

527 1207 806 1264 llurtnisda
836 1206 1116 1274 episcopos
1148 1198 1427 1255 Anastasio
1456 1198 1711 1260 Augusto.
1896 1273 1908 1284 .
1985 1272 1995 1282 ~

530 1299 669 1351 Bene
688 1306 847 1363 atque
879 1293 1079 1347 utiliter
1107 1288 1369 1343 serenitas
1392 1290 1565 1337 vestra
1614 1292 1795 1332 curam
1830 1289 2034 1343 princ;-

457 1390 594 1460 palis
616 1386 896 1447 acuminis,
931 1398 1038 1436 ιιοιι
1058 1388 1258 1434 tantum
1307 1378 1357 1429 in
1406 1368 1826 1429 admini~trando
1854 1366 2036 1431 reipu-

459 1456 612 1537 blicae
645 1485 860 1533 est-reet
904 1474 1100 1537 ofﬁcio,
1133 1469 1226 1523 sed
1283 1464 1592 1522 melioribus
1623 1476 1740 1515 eam
1794 1456 2040 1511 nobilitat

462 1572 735 1633 institutis,
767 1575 821 1621 et
842 1581 936 1635 per
958 1578 1137 1617 curam
1162 1554 1587 1625 redintegrandte
1619 1552 1837 1605 unitatis
1860 1560 2039 1603 aucto.

464 1679 574 1718 rem
600 1658 886 1715 venerandi
933 1658 1101 1726 placat
1139 1651 1363 1721 imperii.
1422 1648 1564 1702 Certi
1619 1655 1740 1700 sunt
1788 1645 1930 1698 enim
1973 1642 2040 1697 de

465 1752 628 1807 tutela
661 1757 935 1819 regnante,
968 1748 1010 1799 si
1036 1745 1141 1799 ulla
1184 1742 1369 1797 iisdem
1401 1736 1807 1808 prmddentibns
1856 1734 2043 1788 Eccle-

465 1848 561 1902 site
585 1845 799 1899 castitas
827 1845 1127 1910 importuna
1179 1834 1370 1890 diaboli
1399 1830 1777 1886 cnmmixtioue
1809 1827 2043 1881 macule-

466 1951 571 1997 tur.
603 1938 753 1994 Unde
794 1936 932 1989 enim
962 1941 1134 2003 po:est
1177 1929 1312 1992 ﬁeri,
1339 1934 1395 1979 ιιι
1442 1924 1633 1977 nitidas
1674 1935 1770 1989 pro
1798 1917 2049 1988 principi-

469 2031 567 2085 bus
594 2029 657 2080 ad
693 2027 855 2080 Deum
887 2034 1128 2077 nostrum
1164 2031 1347 2088 preces
1374 2016 1587 2082 dirigat,
1615 2013 1655 2063 si
1696 2011 1764 2064 sit
1790 2008 1945 2062 'ethal
1972 2017 2051 2061 ter

467 2120 698 2189 populus
748 2116 965 2186 perﬁdia
1012 2108 1328 2177 corruptus?
1376 2107 1505 2160 Nam
1560 2103 1697 2156 sicut
1748 2110 1870 2154 ante
1914 2100 2050 2151 bona

470 2214 649 2265 omnia
672 2221 753 2264 est
778 2209 1009 2277 perfecta
1046 2206 1193 2272 juxta
1238 2202 1402 2255 Deum
1433 2200 1485 2252 in
1533 2193 1943 2263 imperatoribus
1971 2206 2054 2245 sa-

472 2304 692 2374 pientia,
725 2303 790 2355 iui
818 2300 884 2353 de
937 2297 1171 2351 sacrario
1202 2292 1516 2347 mundorum
1548 2297 1820 2357 pectorum
1849 2299 1943 2353 pro
1973 2285 2054 2335 bis

474 2396 793 2464 Supplicat‘o
814 2392 971 2445 debet
992 2398 1046 2443 et
1088 2386 1228 2440 ﬁdeli
1269 2384 1563 2439 animarum
1594 2382 1835 2433 ubertate
1866 2392 2054 2445 proce-

477 2486 627 2539 dere.
662 2483 815 2537 Nulla
851 2479 1024 2545 vobis,
1057 2476 1437 2531 Sublimissime
1491 2469 1727 2532 domine,
1761 2466 2057 2533 triumpho-

475 2590 593 2629 rum
622 2574 840 2627 materia
865 2570 1057 2640 poterit
1106 2583 1223 2623 esse
1250 2565 1552 2637 jucundior,
1594 2578 1751 2633 quam
1782 2562 1849 2615 de
1877 2559 2057 2629 subju-

479 2666 693 2735 gatione
726 2680 805 2731 per
824 2664 982 2716 ﬁdite.

550 2758 661 2810 lloc
718 2757 877 2810 etiam
935 2752 1285 2817 ﬁducialiter,
1337 2759 1390 2805 et
1446 2764 1540 2817 pro
1589 2745 1858 2801 commissi
1908 2742 2060 2796 nobis

478 2848 637 2903 oflicii
688 2844 1033 2915 prscrogativa
1090 2841 1457 2911 suggerimus;
1507 2838 1630 2906 quia
1673 2850 1836 2904 prOpe
1886 2838 1970 2887 e'st
2007 2840 2063 2885 ut

478 2957 632 2996 suum
677 2938 1017 3009 splendorem
1050 2937 1225 2990 aliena
1272 2936 1505 3004 patiatur
1545 2932 1685 2986 nube
1731 2928 2061 2998 fuscari,qui

478 3048 598 3088 cum
633 3032 740 3085 Deo
762 3031 1028 3083 tribuente
1057 3040 1307 3081 amovere
1337 3023 1525 3092 possit,
1573 3021 1625 3074 in
1666 3018 1888 3074 subditis
1917 3026 2063 3070 tene-

479 3125 602 3178 bras
642 3137 858 3176 manere
886 3119 1147 3190 permittit
1177 3132 1441 3171 errorum.
1474 3114 1614 3183 Ergo
1644 3114 1765 3182 quia
1817 3123 2061 3163 mansue-

487 3215 615 3269 tudo
639 3214 1056 3265 vestrafuturatn
1108 3207 1369 3279 synodum
1424 3207 1639 3273 scriptis
1690 3201 2060 3256 sacratissimis

485 3304 698 3369 indixit,
731 3304 812 3358 cui
840 3318 933 3356 nos
962 3302 1223 3355 interesse
1247 3298 1443 3351 debere
1474 3296 1658 3349 iisdem
1694 3293 1895 3363 paginis
1931 3293 2060 3357 Deo,

483 3406 543 3451 ut
565 3394 854 3454 credimus,
891 3393 989 3445 sibi
1020 3393 1315 3459 imperante
1345 3386 1693 3449 commonuit,
1745 3384 2058 3453 gaudemus,

484 3486 715 3538 scientes
746 3483 990 3548 quoniam
1022 3480 1347 3534 directarum
1374 3478 1632 3531 mentium
1658 3488 1763 3541 εει,
1785 3474 2063 3527 venerabi—

486 3573 553 3627 lis
578 3573 827 3626 Ecclesite
852 3572 1128 3640 magistras
1174 3579 1443 3637 expetere.
1479 3568 1588 3621 Soli
1616 3568 1756 3621 enim
1796 3565 2066 3617 declinant

487 3679 712 3719 examen
732 3664 1095 3725 conscientiae,
1122 3663 1211 3731 qui
1239 3663 1359 3715 vita:
1390 3671 1516 3716 sunt
1558 3676 1660 3713 non
1720 3658 2063 3715 continentis.

488 3756 617 3810 Nam
651 3766 704 3809 et
736 3755 925 3809 feriato
942 3771 1034 3808 ore
1061 3754 1396 3823 splendorem
1424 3753 1573 3805 home
1593 3750 1876 3804 voluntatis
1903 3765 2067 3802 enun-

488 3847 603 3912 tiat,
632 3849 718 3913 qui
753 3862 847 3915 per
877 3846 1223 3913 apostolicam
1277 3843 1779 3909 immaculatamque
1828 3840 1982 3893 ﬁdem
2017 3848 2070 3892 et

488 3953 584 4007 per
641 3947 1008 4005 Ct)lll[)“l€tllcs
1076 3937 1453 4004 prmdicatores
1519 3944 1610 3988 aut
1662 3932 1966 3986 conﬁrmari
2012 3946 2068 3983 se

489 4044 657 4103 optat,
684 4042 772 4085 aut
802 4031 1017 4099 corrigi.
1051 4030 1431 4083 Verumtamen
1491 4028 1608 4081 licet
1643 4030 1695 4080 in
1738 4027 1820 4080 his
1869 4026 2068 4078 nullum

491 4108 668 4177 saeculi
705 4120 1052 4189 prmeedeutis
1078 4120 1268 4172 existat
1289 4122 1616 4185 exemplum,
1644 4132 1817 4186 neque
1843 4114 2071 4169 senioris

496 4215 615 4267 iacti
649 4214 879 4283 qualitas
913 4222 1003 4265 aut
1028 4212 1311 4264 commissa
1364 4211 1535 4275 libris,
1565 4218 1656 4263 aut
1693 4210 1968 4271 memoriis
1994 4209 2073 4261 in-

495 4314 637 4360 serta
668 4313 943 4367 teneatur;
981 4302 1110 4355 nihil
1137 4302 1203 4357 ad
1248 4317 1366 4367 nos,
1401 4303 1593 4371 quibus
1622 4302 1886 4355 duiceest
1914 4302 2073 4354 bene-

497 4399 616 4451 ﬁcio
642 4398 752 4460 Dei,
784 4398 977 4465 pietate
1010 4405 1185 4451 vestra
1234 4396 1514 4458 invitante,
1542 4395 1798 4449 inchoare
1832 4394 2071 4456 meliora,

497 4500 550 4540 et
583 4488 681 4541 hoc
710 4488 851 4556 quod
904 4504 1010 4542 non
1044 4488 1347 4556 accepimus
1394 4501 1422 4539 a
1456 4486 1762 4554 parentibus
1792 4494 1896 4538 tam
1942 4485 2070 4538 clari

498 4581 673 4646 Operis
694 4580 990 4632 institutum
1010 4580 1161 4633 nobis
1187 4580 1314 4646 ipsis
1334 4580 1630 4643 imponere;
1656 4581 1774 4645 quia
1792 4587 1957 4629 totum
1977 4593 2073 4643 pro

500 4672 958 4739 redintegratione
1003 4672 1123 4725 ﬁdei
1181 4681 1235 4725 et
1276 4671 1636 4726 Ecclesiarum
1697 4685 1824 4737 pace
1873 4670 2070 4733 factrre,

500 4764 726 4816 libenter
751 4762 1122 4829 amplectimur
1151 4781 1162 4814 :
1192 4764 1236 4817 si
1270 4775 1443 4816 tamen
1482 4763 1741 4830 majorum
1772 4768 2071 4812 no'trorum

500 4853 768 4921 difﬁnitio,
820 4864 873 4907 ct
907 4864 1211 4909 sanctorum
1262 4855 1477 4909 Patrum
1532 4855 1584 4907 in
1643 4853 1753 4906 suis
1807 4852 2075 4906 radicibus

501 4948 817 5001 inconcussa
855 4955 1160 5011 permaneat
1184 4964 1197 5000 :
1222 4948 1264 5001 si
1293 4947 1771 5001 auathematizetur
1798 4944 2076 4999 Ne~torius

503 5053 619 5089 cum
638 5036 979 5103 participibus
996 5036 1126 5099 suis,
1146 5036 1234 5103 qui
1249 5050 1511 5090 evacuaus
1531 5036 1726 5091 divinae
1746 5046 2078 5090 sacramenta

502 5135 725 5185 natura},
754 5123 958 5175 beatam
993 5123 1247 5192 virginem
1274 5124 1489 5177 Mariam
1516 5125 1639 5177 nudi
1674 5125 1901 5177 hominis
1930 5139 2079 5177 meu-

503 5227 628 5269 llllll'
649 5231 767 5269 esse
795 5216 1103 5283 genitricem
1130 5232 1145 5281 ;
1183 5216 1269 5269 ohl
1299 5226 1381 5268 tus
1424 5216 1676 5284 angelica:
1721 5216 2079 5269 atmuntiatio-

503 5324 532 5358 ιι
559 5320 606 5369 s,
650 5321 745 5374 per
784 5320 941 5374 quam
999 5305 1199 5358 mundo
1250 5305 1496 5368 innotuit,
1546 5308 1668 5374 quia
1720 5306 1861 5373 quod
1905 5321 1968 5359 ex
2015 5322 2077 5360 ea

505 5408 811 5452 nasceretur
862 5397 1153 5450 vocandum
1210 5406 1353 5451 esst't
1424 5411 1553 5450 sane
1582 5414 1689 5461 mu,
1754 5398 1918 5452 Filius
1962 5398 2074 5453 Dei.

508 5487 753 5543 Facessat
783 5489 1062 5557 impiorum
1098 5497 1201 5541 tam
1232 5489 1615 5543 contumeliosa
1647 5490 1695 5541 ιιι
1730 5488 1833 5542 Deo
1865 5489 2082 5543 honori-

509 5580 715 5636 ﬁcentia
747 5600 760 5635 :
812 5584 1062 5651 quoniam
1102 5583 1182 5636 sic
1213 5591 1294 5635 est
1338 5580 1389 5634 in
1423 5589 1573 5633 utero
1606 5580 1823 5648 virginis
1866 5588 2081 5649 operata

511 5674 943 5738 divinitas,utex
975 5694 1037 5735 ea
1068 5680 1242 5735 unitas
1281 5679 1349 5733 ibi
1383 5678 1696 5745 procederet
1742 5678 1937 5743 carnis,
1971 5679 2083 5730 ani-

514 5780 720 5837 rnazque
762 5767 1041 5840 humanae;
1074 5774 1309 5829 increata
1340 5769 1576 5844 quidem,
1598 5769 1691 5825 sed
1723 5784 1824 5825 nou
1862 5768 2081 5825 confusa

2076 1801 2124 1860 B

2130 581 2327 627 nostra:
2366 569 2748 637 redemptionis
2783 569 3068 624 dilectione
3098 569 3291 624 Christi
3332 572 3458 626 Jesu
3494 573 3703 629 Domini

2130 667 2299 718 nostri
2350 676 2577 730 persona
2637 675 2740 713 una
2790 672 2893 718 est.
2955 662 3252 716 tediﬁcante
3308 665 3705 732 mysterio......

2131 752 2473 808 restitutione
2496 762 2725 806 mortem
2750 751 2933 806 subire
2958 752 3215 820 potnis~et
3255 765 3572 810 naturae"...
3606 758 3711 809 fra-

2132 845 2385 913 gilitatem
2417 842 2651 897 caelestis
2683 841 2888 911 imperii
2945 842 3169 897 valuerit
3201 843 3393 897 virtute
3434 860 3710 912 reparare,

2134 936 2221 990 vel
2262 936 2332 989 ita
2379 950 2473 1005 pro
2515 934 2715 988 unitate
2745 948 2985 1001 persona:
3029 944 3084 989 et
3115 936 3365 990 Dominus
3419 937 3714 1005 majestatis

2134 1026 2442 1091 cruciﬁxus,
2469 1033 2521 1088 et
2548 1023 2717 1078 Filius
2745 1024 2973 1079 hominis
3000 1025 3247 1080 credatur
3279 1026 3623 1082 descendisse
3650 1027 3719 1082 de

2135 1118 2294 1173 coelo.
2320 1116 2632 1187 Eutychetis
2660 1132 2869 1186 quoque
2892 1117 3184 1188 ignorantia
3219 1118 3516 1172 divinorum
3550 1120 3719 1173 Iono-

2136 1223 2255 1263 rum
2282 1207 2541 1273 omnium,
2569 1217 2623 1261 et
2651 1208 2766 1276 ipso
2791 1223 2910 1260 cum
2933 1208 3091 1261 sociis
3119 1207 3432 1261 detestanda
3484 1210 3597 1275 jam
3624 1223 3721 1261 no-

2141 1301 2283 1354 mine
2325 1298 2603 1354 abdicetur
2651 1299 2953 1362 hebetudo,
2996 1300 3086 1369 qui
3134 1299 3298 1353 Deum
3341 1308 3395 1353 et
3436 1300 3722 1355 Dominum

2145 1402 2387 1445 nostrum
2420 1390 2599 1445 Jesum
2624 1391 2894 1445 Christum
2920 1392 3137 1461 ﬁguram
3188 1399 3392 1446 tantum
3422 1394 3600 1445 carnis
3631 1392 3726 1445 ha-

2140 1484 2321 1539 buisse
2348 1491 2569 1537 testatus
2596 1492 2695 1548 est,
2728 1493 2779 1535 et
2812 1492 3005 1535 nostra-
3032 1483 3308 1535 veritatem
3340 1498 3441 1536 non
3473 1483 3731 1537 habuisse

2142 1572 2487 1638 substantite,
2537 1573 2778 1626 nesciens
2815 1572 2881 1625 de
2936 1588 3040 1635 quo
3090 1574 3408 1640 pronti~sum
3455 1574 3523 1625 sit
3558 1591 3571 1625 :
3606 1575 3730 1640 quia

2144 1665 2402 1719 videbunt
2453 1675 2825 1731 persecutores
2877 1662 2992 1731 ejus
3032 1663 3082 1715 in
3126 1678 3280 1731 quem
3338 1667 3729 1732 pugnaverunt.

2150 1756 2221 1809 Ita
2244 1758 2384 1809 enim
2412 1753 2464 1807 in
2490 1768 2591 1806 una
2624 1752 2915 1821 eademque
2958 1767 3182 1821 persona
3230 1754 3463 1819 persistit
3504 1764 3731 1822 utraque

2153 1856 2432 1911 natura,ut
2480 1846 2619 1899 Deus
2658 1858 2815 1914 atque
2864 1844 3021 1898 homo
3052 1859 3188 1899 unus
3237 1844 3325 1899 Dei
3382 1844 3546 1900 Filius
3575 1848 3732 1902 Jesus

2152 1939 2393 1993 Christus
2424 1938 2657 1991 ﬁdel'um
2697 1937 2948 1991 cordibus
2976 1949 3214 2007 apparet.
3258 1939 3392 2005 Quid
3431 1940 3572 1992 enim
3602 1956 3732 2006 qva-

2152 2030 2393 2095 dracinta
2437 2029 2641 2083 dierum
2684 2037 2803 2096 post
2853 2030 3297 2081 resurrectionem
3352 2026 3559 2081 Domini
3607 2045 3732 2082 c.qu

2154 2123 2459 2176 hominibus
2484 2121 2813 2175 conviventis
2830 2121 3259 2175 etconvescentis
3281 2121 3390 2189 egit
3415 2122 3738 2189 praesentia?

2154 2216 2265 2270 Nisi
2293 2217 2343 2269 in
2369 2214 2483 2269 istis
2512 2214 2737 2283 negotiis
2766 2212 2998 2274 illorum,
3024 2214 3113 2279 qui
3145 2214 3418 2266 veritatem
3445 2213 3619 2265 carnis
3642 2228 3741 2266 ne-

2156 2308 2329 2378 gaturi
2357 2316 2529 2370 erant,
2550 2306 2812 2360 seniorem
2847 2304 3040 2358 faceret
3066 2313 3275 2358 aetatem
3304 2304 3593 2357 curationis
3614 2318 3745 2357 esse

2159 2415 2313 2467 quam
2345 2398 2600 2452 vulneris.
2649 2397 2738 2450 Sic
2765 2399 2905 2450 enim
2957 2395 3089 2448 dixit
3118 2394 3182 2448 ad
3240 2395 3529 2460 discipulos
3558 2413 3569 2448 :
3599 2396 3746 2461 Quid

2160 2490 2391 2559 cogitatis
2440 2490 2491 2541 in
2548 2488 2783 2541 cordibus
2838 2486 3047 2540 vestris?
3080 2483 3369 2552 Palpatett
3399 2485 3561 2538 videte
3611 2485 3745 2550 quia

2160 2583 2369 2644 spiritus
2408 2595 2609 2633 carnem
2654 2588 2701 2631 et
2746 2594 2859 2630 ossa
2905 2592 3007 2628 non
3035 2575 3213 2638 habet,
3266 2576 3393 2627 sicut
3442 2590 3520 2627 me
3562 2574 3751 2628 ridetis

2160 2671 2344 2723 habere
2370 2668 2519 2740 (an.
2547 2684 2696 2732 xxiv,
2726 2665 2883 2719 Joan.
2940 2665 3053 2734 xx).
3104 2664 3284 2734 Neque
3325 2663 3507 2717 fuisset
3539 2674 3749 2733 myste-

2164 2762 2326 2827 rium,
2356 2759 2494 2829 quod
2516 2760 2665 2813 Ostiis
2689 2758 2754 2811 ad
2784 2772 2877 2811 eos
2897 2756 3089 2810 clausis
3114 2756 3382 2823 ingressus
3403 2763 3504 2818 est,
3533 2755 3575 2807 si
3606 2754 3663 2808 in
3694 2770 3755 2809 e-

2164 2851 2407 2919 gritatem
2441 2848 2656 2902 humani
2684 2847 2925 2916 corporis
2956 2861 3058 2899 non
3083 2846 3331 2900 habebat.
3358 2844 3650 2899 Possumus
3682 2861 3755 2900 ett

2166 2946 2267 2995 huc
2289 2941 2431 2995 dono
2453 2940 2599 2995 verbi
2634 2939 3020 3008 praecedentem
3048 2938 3253 3006 longius
3276 2936 3519 3005 proferre
3540 2952 3755 2990 sermo.

2167 3049 2288 3088 nem
2319 3050 2331 3085 :
2365 3032 2456 3087 sed
2477 3032 2608 3085 satis
2635 3046 2754 3085 esse
2781 3029 3051 3085 credimus
3080 3038 3172 3095 per
3195 3026 3472 3081 Dominum
3503 3039 3754 3081 nostrum

2168 3125 2389 3180 erudita:
2418 3123 2717 3179 clementia:
2747 3132 2942 3177 vestra:
2987 3122 3189 3176 striCtis
3216 3122 3514 3189 supplicare
3554 3135 3763 3191 sugge-

2170 3218 2452 3282 stionibus,
2482 3226 2757 3286 sperantes
2787 3224 2844 3269 ut
2870 3213 3104 3268 laborem
3150 3228 3437 3281 curamque
3470 3214 3765 3279 pastomlis

2165 3308 2345 3373 ofﬁcii,
2378 3306 2757 3361 venerabilium
2787 3304 3236 3371 prmdecessorum
3280 3312 3576 3357 vestrorum
3612 3304 3761 3357 Mar-

2166 3398 2301 3451 ciani
2328 3405 2382 3451 et
2412 3397 2606 3451 Leonis
2634 3395 2858 3449 formam
2911 3394 3104 3457 secuti,
3133 3394 3293 3446 etiam
3350 3392 3631 3461 principali
3667 3408 3761 3461 po-

2173 3487 2353 3541 tentiae
2388 3486 2790 3556 participatione
2822 3484 3071 3537 fulciatis.
3105 3482 3378 3537 llabebitis
3410 3483 3519 3537 Deo
3574 3484 3767 3552 propi-

2170 3579 2244 3634 tio
2275 3594 2422 3645 spem
2474 3577 2539 3631 de
2586 3574 2823 3628 victoriis
2859 3588 2962 3627 non
3008 3573 3309 3642 j..ccntem,
3360 3574 3403 3626 si
3461 3574 3767 3641 pontiﬁcali

2170 3679 2352 3724 contra
2380 3668 2575 3721 diaboli
2608 3658 2982 3733 subreptioues’
3010 3664 3387 3731 congressione
3423 3663 3643 3729 paciﬁca
3696 3665 3770 3719 :‘d

2170 3759 2552 3814 decertandum
2597 3756 3001 3811 instruc’tionem
3051 3754 3323 3809 muniatis.
3375 3753 3658 3821 Nunquam
3711 3756 3770 3807 in

2172 3862 2473 3905 sanctarum
2505 3850 2861 3903 Eccle~iarum
2915 3847 3170 3901 memoria
3205 3846 3440 3899 Dioscori
3488 3845 3774 3914 participis

2174 3942 2506 4012 Eutychetis,
2536 3938 2805 3993 Timothei
2860 3948 2912 3993 et
2962 3936 3127 4003 Petti,
3179 3936 3562 4005 parricidarum
3608 3951 3777 3989 enm-

2174 4034 2487 4088 memoratio
2541 4031 2865 4085 reviviscat:
2898 4039 3140 4085 servetur
3186 4029 3251 4082 ab
3298 4028 3546 4081 omnibus
3589 4028 3779 4081 suSci-

2175 4123 2381 4193 piendae
2405 4121 2858 4176 Chalcedonensis
2884 4121 3093 4190 synodi,
3119 4120 3228 4173 Deo
3247 4134 3339 4187 per
3363 4135 3458 4173 vos
3480 4132 3781 4187 operan'e,

2175 4216 2444 4270 difﬁuitio.
2470 4215 2694 4269 Aeacius
2716 4213 2856 4269 Petri
2883 4212 3221 4267 tenebrarum
3264 4213 3353 4265 filii
3385 4214 3783 4268 communione

2179 4310 2409 4379 pollutus
2454 4310 2650 4362 habeat
2696 4307 3004 4377 participes,
3037 4320 3169 4376 quos
3199 4305 3437 4372 delegit:
3469 4304 3561 4372 qni
3604 4303 3783 4356 etiam

2178 4402 2316 4454 inter
2343 4415 2469 4454 suos
2513 4411 2799 4461 excessus,
2853 4411 2951 4451 nee
3003 4396 3070 4450 de
3124 4397 3279 4449 Petro
3323 4395 3688 4454 Antiocheno.
3726 4402 3784 4449 et

2180 4492 2530 4559 eumplicibus
2560 4492 2674 4559 ejus
2721 4488 2942 4543 nitidum
2970 4503 3029 4542 se
3056 4502 3175 4541 esse
3206 4500 3488 4555 perpessus
3509 4496 3615 4539 est.
3644 4488 3787 4540 Ces-

2176 4593 2294 4635 sent
2322 4582 2598 4635 maledicta
2624 4582 2721 4648 piis
2751 4590 2951 4633 sancta:
2972 4566 3358 4633 recordationis
3385 4592 3535 4646 papa:
3570 4577 3788 4631 Leonis

2178 4675 2379 4743 ingesta
2424 4673 2775 4742 dogmatibus,
2807 4687 2924 4741 qua:
2955 4671 3100 4725 solos
3145 4670 3364 4737 quidem
3413 4670 3504 4722 illo
3565 4670 3616 4721 in
3660 4670 3792 4724 suis

2182 4773 2433 4818 manente
2463 4767 2686 4831 puniunt
2717 4764 3033 4831 irrogantes.
3083 4763 3136 4815 In
3168 4763 3250 4815 bis
3280 4777 3396 4832 qua:
3426 4762 3637 4829 pra‘fati
3688 4778 3793 4817 su-

2179 4871 2319 4919 mus,
2354 4854 2763 4909 sollicitudinem
2796 4855 2955 4908 vestri
2982 4853 3303 4907 advocamus
3336 4852 3541 4921 imperii
3576 4872 3589 4905 :
3623 4864 3797 4922 pote-

2181 4946 2250 4999 rit
2277 4948 2418 4999 enim
2448 4946 2618 5015 pietas
2645 4952 2840 5010 vestra,
2873 4944 2973 4997 hoc
2994 4924 3320 5009 custodietis,
3347 4943 3524 5011 apices
3547 4953 3603 4996 et
3656 4958 3796 4998 sce-

2189 5044 2302 5104 ptra
2334 5049 2425 5089 sua
2454 5044 2571 5103 post
2616 5035 2811 5087 multos
2832 5048 3000 5086 annos
3045 5032 3110 5085 ad
3134 5032 3275 5086 aliud
3314 5032 3566 5085 saeculum
3598 5035 3798 5098 possi-

2188 5126 2315 5180 dere
2347 5126 2615 5179 translata.
2640 5124 2902 5193 Suscipite
2918 5139 3101 5192 preces
3129 5133 3339 5177 nostras
3352 5137 3444 5191 per
3466 5122 3798 5177 Enuodium

2188 5225 2345 5284 atque
2380 5215 2727 5269 Fortunatam
2754 5216 2944 5267 fratres
2965 5222 3017 5268 et
3045 5214 3391 5282 coepiscopos
3415 5222 3652 5277 n0stros,
3685 5230 3805 5270 nec

2192 5324 2300 5362 non
2332 5308 2647 5363 Venantium
2699 5306 3091 5376 presbyterum,
3140 5316 3297 5374 atque
3326 5305 3550 5359 Vitalem
3592 5307 3808 5361 diaco-

2190 5417 2335 5465 num,
2366 5402 2450 5455 vel
2496 5401 2731 5454 Hilarum
2783 5400 3066 5464 notarium,
3102 5398 3234 5451 ﬁlios
3284 5408 3515 5461 nostros,
3544 5414 3805 5466 quorum

2186 5494 2324 5563 apud
2350 5509 2447 5548 nos
2474 5494 2606 5549 ﬁdes
2635 5495 2683 5547 in
2718 5494 2812 5547 Dei
2852 5495 3047 5546 timore
3077 5492 3415 5560 studiumque
3459 5492 3805 5559 per-claruit,

2189 5601 2287 5655 pro
2317 5596 2496 5641 vestro
2538 5600 2722 5640 amore
2755 5582 3116 5647 transrnissas,
3140 5594 3192 5637 et
3222 5584 3481 5649 placidam
3527 5584 3651 5636 vite
3693 5601 3808 5637 no-

2186 5690 2294 5735 stra
2311 5679 2789 5750 supplicationibus
2799 5678 3180 5733 conscientiam
3198 5675 3621 5730 accommodate.
3644 5676 3810 5745 Spe-

2188 5786 2369 5830 ramus
2398 5771 2562 5834 enim,
2593 5778 2648 5825 et
2668 5769 2733 5824 de
2750 5768 2860 5823 Deo
2888 5768 3142 5824 habentes
3165 5767 3435 5827 ﬁduciam,
3459 5765 3807 5827 pollicemur
