3974 6366
242 325 328 381 381

1413 306 1766 369 ΕΡΙὸΤΟΙΑΕ
1806 309 1893 368 ΕΤ
1935 309 2106 366 DECR
2116 309 2287 367 ETA._

3380 313 3481 370 5δῖ

246 439 414 503 atrotia,
443 419 561 506 qusi
586 448 613 487 a
656 434 810 521 vobis
840 446 979 489 verae
1019 431 1265 503 religioni
1307 431 1545 501 impensa
1576 430 1790 491 fuerint,
1820 432 1866 489 Α
1899 426 2243 497 impiissimos
2289 424 2590 480 Nestorium
2640 434 2800 495 atque
2853 424 3202 497 Eutyclietem
3251 424 3483 481 vitamus

248 537 345 588 sine
364 530 701 584 retributione
728 536 782 581 et
812 526 1039 597 prmmlo
1062 541 1167 579 non
1194 524 1386 578 futura.
1417 524 1544 577 Data
1576 539 1633 577 ut
1680 523 1797 577 idus

247 620 461 692 Augusti,
485 618 753 672 Florentio
781 618 841 672 V.
873 617 933 671 C.
968 616 1208 671 consule.

830 738 854 766 ⁸
880 727 1208 783 EPISTULA

249 838 483 879 ANASTASH
536 835 889 876 IIPERATORIS
950 838 1015 875 AD
1068 834 1369 874 ιιυιηιιευλιι
1424 832 1523 870 PER
1570 828 1804 871 ιεϐΑτοε

430 900 434 905 ’
642 928 722 967 ssi
742 930 786 967 is
826 927 1163 967 anos'roucs:
1211 925 1378 964 mssa.

250 1008 537 1062 Cathoiicam
584 1005 740 1074 [idem
789 1006 1057 1073 proﬁtetur
1085 1020 1103 1057 :
1135 1001 1562 1057 Chalcedonensis
1589 999 1805 1074 concilii

308 1080 488 1131 decreta
509 1072 759 1129 servanda
784 1092 801 1127 :
832 1076 1073 1128 Acacium
1094 1074 1161 1126 ad
1188 1074 1413 1126 tollenda
1440 1072 1685 1126 scandala
1706 1086 1807 1124 non

307 1148 660 1211 damnandum,
684 1156 730 1198 et
756 1147 820 1200 de
843 1162 965 1214 pace
986 1146 1334 1213 cogitandum.

1900 520 2100 589 pariter
2115 527 2165 573 et
2188 516 2487 572 horremus.
2523 517 2720 571 Eorum
2741 516 3160 572 condemnantes
3182 526 3237 572 et
3257 520 3483 573 anathe-

1902 612 2216 665 matizantes
2258 620 2311 665 et
2358 622 2613 678 personas
2661 619 2713 665 et
2752 610 3032 679 dogmata,
3082 609 3487 664 detestabilibus

1903 703 2197 772 sacrilegiis
2232 702 2607 771 comparanda,
2640 702 2729 772 qui
2756 701 3209 771 dispensationem
3253 698 3487 753 divinam

1905 808 1957 853 et
1980 798 2223 853 humanae
2244 796 2480 852 remedia
2504 796 2847 859 inﬁrmitatis,
2878 796 3125 850 similiter
3163 801 3255 847 aut
3282 793 3489 847 nescire

1907 890 2208 953 voluerunt,
2238 899 2328 943 aut
2353 889 2562 957 cognita
2590 886 2980 957 blasphemare.
3008 886 3136 941 Tale
3159 886 3319 955 igitur
3348 887 3489 940 circa

1911 983 2066 1037 ﬁdem
2090 981 2390 1039 clementia:
2418 989 2615 1035 nostrae
2641 980 2972 1049 propositum
3001 993 3243 1033 summus
3262 978 3401 1032 Deus
3424 977 3491 1031 ab

1911 1072 2135 1130 exordio
2155 1072 2274 1126 vita:
2297 1070 2541 1125 sensibus
2570 1070 2767 1123 nostris
2789 1068 3007 1123 immisit
3042 1085 3056 1122 :
3081 1067 3221 1122 unde
3247 1077 3302 1122 et
3325 1068 3493 1135 impe-

1911 1164 2047 1219 rium
2095 1174 2335 1219 nostrum
2386 1161 2653 1216 credimus
2700 1160 2977 1215 custodiri.
3018 1160 3273 1213 Miramur
3316 1171 3494 1212 autem

254 1260 538 1326 Exemplum
562 1273 731 1313 sacrze
763 1259 1030 1314 Anastasii
1060 1260 1283 1329 Augusti
1328 1257 1624 1313 llormisdaa
1660 1271 1811 1326 papae
1914 1256 2262 1326 quamobrem
2292 1253 2359 1308 de
2380 1252 2704 1307 beatissimis
2726 1249 2995 1317 Patribus,
3026 1248 3118 1319 qui
3172 1250 3224 1303 in
3277 1248 3496 1303 Chalce-

309 1366 393 1419 per
408 1348 702 1403 Ennodium
727 1348 1144 1403 etFortunaturn
1168 1350 1474 1417 episcopos,
1494 1347 1810 1402 Venantittm
1914 1346 2054 1401 done
2098 1352 2506 1411 convenerunt,
2539 1342 2713 1411 aliqua
2767 1341 2921 1396 nobis
2951 1341 3185 1395 scribere
3231 1338 3497 1402 voluis'tis,

313 1439 695 1509 presbyterum,
725 1436 952 1494 \iitalem
988 1440 1271 1494 diaconum
1306 1451 1359 1494 et
1391 1440 1628 1493 llilarum
1657 1446 1813 1492 nota-

308 1546 451 1584 rium.

309 1622 509 1684 Gratias
526 1623 885 1710 qmnipotenti
918 1623 1025 1680 Deo
1053 1622 1356 1692 referimus,
1390 1624 1528 1693 quod
1564 1624 1818 1679 sanctitas

252 1722 405 1767 vestra
434 1713 733 1780 disciplinis
754 1715 1062 1770 caelestibus
1102 1714 1363 1780 instituta,
1400 1715 1536 1768 sicut
1576 1714 1823 1783 p0posci-

1917 1438 2043 1493 dum
2073 1452 2134 1492 ea
2159 1450 2277 1507 qua:
2297 1434 2364 1489 ab
2383 1434 2466 1488 his
2494 1434 2705 1488 fuerant
2729 1434 3015 1487 constituta
3045 1431 3499 1501 praedecessorum

1920 1540 2231 1585 nostrorum
2279 1526 2663 1596 multiplicibus
2706 1526 2939 1581 decretis
2992 1525 3307 1579 conﬁrmata
3352 1534 3501 1579 ttion-

1919 1632 2177 1678 strantur.
2222 1619 2434 1674 Etcum
2461 1633 2559 1673 nec
2597 1618 2699 1671 alia
2727 1617 2965 1688 synodus
3009 1616 3146 1671 facta
3195 1616 3377 1678 fuerit,
3410 1630 3503 1684 per

1923 1728 2081 1783 quam
2113 1727 2230 1781 quae
2262 1710 2329 1765 ab
2357 1711 2446 1765 illa
2470 1710 2727 1778 disposita
2755 1718 2879 1762 sunt
2899 1708 3248 1762 redderentur
3272 1708 3503 1772 inﬁrma,

250 1821 370 1871 mus,
394 1807 597 1874 legatos
615 1806 761 1872 ﬁdei,
789 1806 1087 1860 Ennodium
1132 1815 1185 1860 et
1217 1806 1569 1860 Fortunatom
1599 1820 1821 1859 venera-
1855 1800 1897 1857 Β
1928 1821 2025 1862 nec
2055 1806 2139 1860 lex
2184 1820 2213 1858 a
2258 1804 2414 1859 nobis
2441 1802 2783 1871 processerit,
2826 1801 2977 1871 cujus
3030 1802 3265 1856 novitate
3310 1811 3504 1855 statuta

248 1895 367 1950 biles
387 1896 691 1965 episcopos,
716 1896 808 1951 sed
833 1895 993 1950 etiam
1024 1896 1167 1950 viros
1191 1895 1470 1964 religiosos
1502 1894 1817 1948 Venantium

248 1987 625 2057 presbyterum,
661 1986 886 2041 Vitalem
926 1987 1230 2047 diaconum.
1281 1997 1336 2041 et
1389 1986 1624 2040 Ililarum
1672 1995 1821 2040 nota-

247 2080 391 2146 rium,
414 2079 604 2149 quales
646 2078 899 2148 poscebat
942 2093 1117 2132 causa:
1148 2077 1467 2141 sublimitas,
1515 2076 1817 2141 destinavit;

249 2169 329 2238 qui
352 2170 549 2240 negotii
579 2170 1002 2239 magnitudinem
1051 2169 1273 2238 implere
1298 2178 1534 2237 possent,
1567 2168 1821 2224 ecclesia-

246 2261 352 2315 stici
397 2261 519 2316 luce
570 2261 873 2327 sermonis,
924 2261 1121 2331 quique
1169 2269 1424 2328 operante
1474 2258 1584 2314 Deo
1637 2258 1823 2312 omnia

244 2351 497 2407 subtiliter
523 2351 862 2421 requirentes
883 2367 1004 2420 quae
1033 2351 1098 2405 ad
1129 2360 1328 2405 rectam
1358 2361 1411 2404 et
1451 2364 1633 2404 veram
1660 2349 1822 2404 Chri-

245 2442 528 2498 stianorum
564 2444 833 2513 pertinent
864 2443 1048 2507 ﬁdem,
1088 2451 1141 2496 et
1164 2443 1282 2513 ipsi,
1318 2442 1457 2496 sicut
1496 2441 1693 2505 decuit,
1722 2441 1820 2496 de-

244 2534 527 2601 clararunt,
561 2544 617 2591 et
662 2550 691 2590 a
746 2536 922 2600 nobis,
967 2535 1105 2590 sicut
1137 2535 1393 2604 Oportuit,
1446 2542 1824 2603 agnoverunt:

243 2627 353 2694 quia
377 2644 476 2682 una
507 2637 590 2683 est
630 2628 864 2682 Ecclesia
899 2628 1013 2692 Dei,
1043 2626 1354 2697 apostolicis
1384 2625 1577 2696 ubique
1620 2628 1823 2679 ﬁrmata

239 2716 512 2774 doctrinis.
544 2718 693 2775 Unde
723 2720 843 2788 quis
892 2719 1083 2774 audeat
1121 2719 1189 2774 de
1230 2718 1439 2773 Domini
1488 2720 1653 2773 nostri
1699 2720 1826 2774 Jesu

243 2810 429 2865 Christi
462 2811 839 2866 incarnatione
889 2812 1044 2866 aliter
1072 2825 1229 2881 quam
1279 2809 1439 2865 hab-1
1472 2810 1672 2864 veritas
1714 2810 1826 2879 ipsa

241 2904 453 2969 sentire,
481 2904 588 2957 nisi
620 2913 676 2957 ut
713 2903 1028 2958 conﬁteatur
1059 2902 1317 2972 aequalem
1371 2912 1424 2957 et
1478 2902 1829 2957 consubstan-

243 2992 413 3047 tialem
466 2994 649 3049 Patris
706 2994 937 3060 Filium,
968 2996 1155 3049 salutis
1207 3002 1406 3049 nostrze
1446 3010 1626 3060 causa,
1677 2996 1827 3064 juxta

239 3085 699 3139 aununtiationem
723 3084 1051 3153 archangeli,
1085 3086 1134 3139 in
1166 3095 1317 3139 utero
1344 3086 1581 3153 virginis,
1612 3101 1827 3142 carnem

1924 1899 2129 1967 praefati
2160 1896 2484 1967 episcopalis
2508 1894 2719 1949 concilii
2750 1894 3104 1960 solverentur,
3131 1896 3360 1947 maxime
3385 1908 3505 1947 cum

1924 1989 2037 2057 ipsa
2067 1986 2304 2058 synodus
2326 1986 2522 2040 dixerit
2562 1985 2844 2037 anathema
2891 1998 3013 2038 esse
3042 1983 3258 2048 debere,
3284 1984 3503 2053 quicum

1924 2096 2027 2150 que
2058 2078 2213 2132 aliam
2246 2077 2402 2131 ﬁdem
2432 2090 2589 2144 quam
2620 2074 2758 2143 apud
2807 2074 3036 2128 Nictcam
3070 2076 3291 2129 trecenti
3320 2076 3506 2129 decem

1924 2185 1980 2231 et
2005 2186 2127 2229 octo
2158 2172 2497 2227 venerabiles
2538 2171 2723 2225 Patres
2777 2186 2819 2224 c-
2845 2171 3171 2224 nstituerunt
3209 2168 3403 2223 dorere
3429 2168 3509 2222 vel

1925 2266 2209 2321 immutare
2235 2262 2483 2327 iolucrit,
2514 2261 2581 2315 ad
2614 2260 2714 2313 hoc
2754 2261 2913 2313 etiam
2942 2274 3059 2322 eos,
3101 2272 3234 2327 quos
3264 2257 3507 2325 superius

1924 2354 2456 2424 comprehendimuS,
2507 2352 2558 2407 id
2600 2363 2682 2407 est
2727 2350 3027 2406 Nestorium
3073 2358 3129 2405 et
3162 2347 3509 2419 Eutychetem

1924 2446 2485 2515 damoaverunt,quos
2531 2459 2627 2499 nos
2654 2460 2866 2514 quoque
2893 2444 3230 2497 damnamus.
3262 2441 3393 2496 Nam
3415 2456 3510 2511 pro

1930 2540 2029 2594 hac
2054 2553 2213 2593 causa
2257 2545 2577 2591 atteStantur
2604 2536 2757 2590 nobis
2790 2537 2950 2591 etiam
2980 2536 3176 2590 divina:
3207 2536 3398 2590 litteras
3445 2534 3510 2589 ad

1928 2631 2325 2697 Alexandriam,
2364 2644 2471 2682 nou
2523 2630 2714 2692 semel,
2761 2629 2855 2683 sed
2904 2629 3177 2683 multoties
3211 2628 3509 2683 destinatae.

1931 2725 2031 2779 l’er
2059 2739 2190 2792 quas
2209 2722 2629 2792 objurgavimus,
2650 2736 2745 2776 cur
2771 2721 2870 2775 sibi
2899 2734 3001 2774 non
3018 2719 3341 2774 arbitrentur
3356 2733 3514 2788 posse

1929 2816 2180 2872 sufﬁcere
2227 2815 2483 2869 directam
2532 2814 2656 2867 ﬁdei
2707 2812 3033 2877 doctrinam,
3088 2810 3401 2865 recedentes
3447 2811 3515 2865 ab

1929 2910 2268 2963 anathemate
2308 2907 2765 2962 Chalcedonensis
2820 2902 3012 2974 synodi
3061 2903 3144 2957 vel
3194 2902 3515 2957 veneranda:

1933 3002 2205 3058 memoria“:
2232 2998 2421 3055 Leonis
2452 2999 2709 3067 episcopi.
2728 2996 2879 3051 Unde
2901 3010 3005 3049 non
3035 3009 3257 3063 parvum
3280 2993 3515 3049 studium

1932 3092 2071 3163 apud
2104 3106 2222 3156 nos,
2246 3100 2300 3146 et
2322 3089 2547 3144 intentio
2596 3090 2649 3142 in
2691 3088 2939 3157 prmsenti
2973 3100 3184 3156 quoque
3242 3086 3515 3153 perdurat,

240 3187 300 3227 ex
324 3176 515 3229 eadem
540 3175 885 3241 assumendo,
917 3175 1187 3230 hominem
1236 3175 1466 3230 factum?
1495 3185 1549 3229 et
1574 3175 1713 3229 sicut
1758 3177 1833 3231 ait
1860 3168 1905 3230 C
1936 3192 2201 3253 quatenus
2241 3199 2269 3236 a
2312 3181 2584 3251 superfluo
2626 3180 2967 3233 anathemate
3003 3176 3220 3232 eosdem
3254 3176 3517 3245 possimus

241 3264 551 3334 Apostolus,
599 3267 651 3321 in
702 3268 884 3322 scrvili
931 3267 1097 3321 forma
1125 3309 1140 3333 ,
1176 3277 1231 3321 ut
1259 3282 1471 3322 crucem
1524 3284 1619 3335 pro
1674 3268 1829 3323 nobis

241 3370 397 3412 carne
426 3358 752 3428 susciperet.
782 3359 854 3411 De
874 3373 979 3427 quo
1002 3358 1188 3413 beatus
1232 3357 1422 3413 Petrus
1447 3360 1717 3427 apostolus
1738 3360 1830 3415 Ju-

240 3447 363 3503 daeis
393 3450 528 3504 dicit
555 3467 567 3501 :
592 3448 694 3503 Vos
718 3451 910 3519 petistis
940 3450 1077 3505 vobis
1098 3450 1287 3502 dimitti
1311 3451 1472 3503 virum
1500 3450 1829 3517 homicidam,

242 3550 500 3596 auctorem
531 3558 645 3597 vero
672 3544 785 3597 vitae
818 3543 1162 3613 interfecistis.
1221 3544 1293 3597 De
1322 3559 1426 3612 quo
1450 3543 1607 3597 etiam
1643 3544 1833 3613 legitur

240 3632 289 3687 in
319 3633 489 3689 Paulo
514 3636 759 3704 apostolo
791 3650 805 3688 :
837 3633 1031 3687 Factus
1058 3633 1295 3687 obediens
1324 3650 1477 3704 usque
1497 3634 1565 3686 ad
1596 3645 1829 3704 mortem,

242 3737 449 3780 mortem
478 3738 653 3781 autem
679 3729 864 3781 crucis.
900 3726 1234 3781 Conﬁtemur
1262 3726 1402 3780 enim
1430 3727 1568 3795 quod
1606 3726 1832 3795 genitrix

242 3814 331 3871 Dei
350 3813 509 3872 bca'ta
544 3819 692 3887 virgo
716 3816 877 3872 Maria
901 3819 953 3871 in
979 3833 1103 3873 vera
1133 3832 1293 3872 carne
1318 3826 1373 3872 et
1398 3819 1572 3871 anima
1610 3819 1837 3871 rationa-

244 3906 330 3961 bili
363 3920 419 3963 et
449 3911 776 3979 intelligihili
828 3911 985 3966 nobis
1038 3911 1200 3965 Deum
1230 3913 1439 3979 peperit
1491 3912 1834 3977 salvatorem,

244 4016 398 4069 quem
427 4003 753 4056 liomousion
808 4004 915 4057 Deo
959 4004 1053 4058 Pat
1085 4003 1098 4056 i
1131 4011 1184 4057 et
1213 4003 1433 4071 Spiritui
1461 4016 1665 4067 sancto,
1716 4015 1838 4059 ante

243 4096 434 4149 secula
484 4095 738 4149 eumdem
788 4094 939 4149 nobis
994 4110 1207 4163 quoque
1257 4093 1593 4159 homoosioo,
1628 4104 1841 4163 propter

242 4197 464 4255 peccata
500 4188 684 4240 noStra
727 4187 777 4239 in
804 4187 906 4240 ﬁne
930 4197 1225 4255 temporum
1256 4187 1524 4241 credimus
1550 4198 1602 4240 et
1634 4190 1764 4255 proi
1786 4203 1843 4240 a-

244 4294 359 4332 mns
391 4279 568 4333 fuisse
606 4279 963 4347 progenitum,
996 4279 1134 4333 sicut
1183 4280 1441 4348 propheta
1475 4280 1635 4333 Ilavid
1668 4282 1794 4334 dicit
1826 4298 1839 4335 :

245 4366 321 4422 De
347 4384 531 4425 centre
575 4371 753 4424 matris
785 4387 907 4423 utea:
941 4370 1077 4423 Deus
1109 4388 1246 4424 meus
1274 4387 1325 4423 es
1373 4382 1424 4422 tu
1470 4372 1487 4440 (
1515 4369 1657 4423 Psal.
1693 4388 1777 4425 ut
1805 4373 1844 4441 ).

244 4463 371 4528 Qua:
419 4474 607 4517 tamen
659 4464 729 4516 ita
785 4463 900 4518 sine
944 4462 1154 4517 defectu
1210 4465 1290 4517 vel
1331 4464 1642 4517 confusmne
1680 4466 1847 4517 nostri

1933 3274 2268 3341 abstrahere,
2292 3283 2348 3329 et
2374 3281 2574 3327 sancta:
2596 3270 2844 3325 Ecclesia:
2867 3269 3151 3323 universali
3170 3267 3514 3337 conjungere.

1936 3368 2009 3422 De
2026 3366 2257 3435 capitulo
2283 3380 2410 3420 vero
2436 3363 2577 3435 quod
2611 3362 2785 3415 solum
2834 3360 3043 3415 videtur
3072 3374 3191 3415 esse
3222 3358 3518 3424 residuum,

1946 3468 2129 3512 nostra
2152 3457 2394 3511 voluntas
2420 3453 2658 3524 petitioni
2694 3461 2885 3506 vestra:
2909 3452 3134 3505 fortasse
3162 3457 3376 3517 propter
3404 3448 3520 3501 uni-

1938 3561 2097 3604 tatem
2131 3549 2221 3602 ECt
2242 3548 2489 3601 lesiarum
2540 3540 2892 3609 convenerat,
2924 3543 3026 3596 nisi
3067 3542 3166 3594 alia
3200 3538 3521 3595 Venerabili-

1940 3644 2035 3697 luis
2069 3640 2320 3696 Ecclesiis
2344 3656 2407 3694 ex
2446 3640 2544 3693 hoc
2560 3638 2835 3693 removeri
2859 3636 3108 3691 scandala
3157 3636 3520 3691 crederemus.

1939 3736 2090 3790 Nunc
2136 3736 2380 3788 universa
2438 3746 2557 3801 quae
2600 3732 2710 3783 sint
2747 3729 2985 3783 facienda
3018 3730 3349 3797 perpendite,
3398 3729 3522 3797 quia

1940 3840 2097 3895 grave
2128 3839 2248 3880 esse
2277 3821 2561 3877 clementia
2610 3830 2790 3874 nostra
2830 3819 3035 3888 judicat
3072 3820 3137 3873 de
3169 3818 3403 3872 Ecclesia
3434 3833 3524 3871 ve-

1941 3916 2165 3973 nerabili
2219 3922 2432 3984 propter
2480 3922 2722 3967 mortuos
2772 3912 2919 3964 vivos
2967 3911 3196 3980 expelli,
3254 3924 3353 3964 nec
3407 3911 3525 3965 sine

1943 4012 2107 4066 multa
2148 4008 2409 4063 eﬂusione
2450 4006 2669 4061 humani
2708 4004 2982 4074 sanguinis
3017 4004 3217 4058 scimus
3259 4012 3417 4070 p‘osse
3464 4016 3525 4057 ea

1943 4120 2061 4175 qum
2100 4118 2262 4172 super
2309 4104 2409 4155 hoc
2456 4100 2688 4155 sci-ibitis
2717 4098 2991 4153 ordinari:
3039 4096 3216 4150 omnia
3270 4104 3447 4148 tamen
3494 4109 3525 4148 ι

1948 4200 2055 4251 Deo
2084 4204 2384 4263 sperantes,
2421 4209 2512 4262 per
2535 4192 2821 4247 concilium
2854 4191 3041 4245 melius
3071 4205 3232 4259 agere
3263 4190 3526 4257 poteritis,

1945 4306 2103 4360 quam
2132 4288 2198 4343 ab
2219 4288 2300 4341 his
2323 4287 2647 4349 hominibus,
2671 4286 2759 4354 qui
2784 4296 3001 4352 propter
3028 4298 3241 4337 errores
3262 4297 3389 4335 suos
3408 4297 3530 4350 pro-

1950 4381 2150 4433 vincias
2173 4386 2570 4447 percurrentes,
2618 4373 2886 4427 inimicam
2918 4372 3218 4441 Evangeliis
3251 4374 3450 4425 sanctis
3478 4383 3532 4427 et

1956 4467 2204 4523 Ecclesiis
2228 4467 2553 4521 voluntesse
2592 4464 2935 4518 discordiam.
2971 4464 3108 4532 Ergo
3126 4473 3180 4517 ut
3217 4466 3283 4518 sit
3315 4464 3533 4533 placens

245 4557 496 4625 carperis
523 4565 600 4608 est
638 4563 904 4622 assumpta
930 4568 1104 4609 nostra
1138 4556 1452 4619 substantia,
1484 4566 1533 4607 ut
1569 4556 1619 4609 in
1647 4556 1834 4610 eadem
1868 4545 1915 4604 Ι)
1942 4576 2187 4631 supern'n
2234 4560 2496 4629 maiestati
2551 4559 2909 4614 Ecclesiarum
2970 4558 3176 4624 unitas,
3211 4560 3485 4625 proviitete
3518 4576 3530 4611 :

244 4660 407 4700 carne
457 4647 556 4701 Dei
622 4646 785 4699 Filius
832 4647 1086 4701 mundum
1118 4648 1517 4701 exatninatoros
1573 4649 1839 4714 adveniat,

247 4739 418 4792 oculis
445 4738 690 4792 monium
716 4740 991 4792 vulnerum
1024 4749 1077 4793 et
1104 4739 1376 4792 clavorum
1425 4740 1614 4795 indicia
1641 4757 1842 4809 reprae-

245 4841 505 4894 sentans,
528 4830 667 4882 sicut
696 4830 953 4898 scriptum
979 4839 1061 4883 est
1086 4846 1097 4879 :
1126 4827 1191 4881 Et
1222 4830 1460 4882 videbunt
1504 4832 1554 4883 in
1580 4847 1724 4900 quem
1759 4848 1849 4898 pu-

247 4930 515 4990 pugerunt
541 4920 727 4991 (Apoc.
782 4922 843 4989 t).
873 4922 1002 4975 Cum
1045 4920 1291 4975 omnibus
1322 4922 1480 4974 ctiam
1538 4923 1846 4977 orthodoxis

321 5085 345 5112 ι
379 5076 516 5130 llrrc
538 5075 763 5145 epistola
791 5092 910 5132 com
937 5076 1256 5146 quibusdam
1282 5078 1625 5147 sequentibus
1652 5078 1848 5145 scripta

245 5156 329 5200 est
354 5148 430 5200 al)
453 5147 745 5201 Anastasio
769 5148 1088 5216 imperatore
1110 5163 1250 5203 anno
1267 5148 1473 5202 Domini
1498 5148 1620 5211 5H5,
1641 5149 1850 5216 quando

244 5219 391 5271 edita
436 5218 721 5272 catholica:
754 5218 874 5272 ﬁdei
907 5219 1241 5287 professione
1283 5234 1342 5273 se
1383 5219 1698 5271 catholicum
1731 5234 1853 5274 esse

244 5288 559 5349 simulavit,
588 5297 647 5340 ut
670 5290 875 5344 scilicet
909 5289 1007 5343 hac
1034 5301 1169 5353 arte,
1201 5289 1375 5357 populi
1409 5290 1587 5343 favore
1616 5300 1849 5357 captato,

244 5367 468 5411 metum
500 5358 743 5411 \‘italiani
767 5370 1057 5413 excuteret.
1082 5359 1298 5413 Addidit
1328 5361 1690 5414 reverentibus
1712 5360 1855 5415 sedis

245 5428 585 5494 apostolica:
626 5430 810 5496 legalis
835 5430 1238 5497 Theopompum
1271 5438 1324 5484 et
1348 5429 1730 5494 Severianum,
1762 5431 1856 5484 Ito-

249 5499 442 5550 niines
474 5498 672 5560 laicus,
703 5501 1019 5565 quibuscum
1052 5500 1118 5553 de
1148 5500 1305 5553 rebus
1335 5500 1710 5554 ecclesiasticis
1737 5516 1858 5567 age-

244 5578 434 5621 retur.
475 5567 817 5622 Anasta~ium
851 5571 931 5621 his
962 5569 1153 5626 litteris
1182 5570 1499 5623 catholicam
1532 5570 1685 5623 ﬁdem
1713 5583 1857 5624 vete-

246 5639 471 5692 ratorie
504 5649 555 5692 et
596 5654 690 5707 per
717 5654 976 5701 summam
1006 5640 1352 5693 calliditatem
1385 5641 1681 5707 professum
1714 5655 1854 5703 esse,

247 5711 573 5775 eademque
628 5708 846 5774 fallendi
911 5720 1027 5764 arte
1084 5709 1519 5765 Chalcedonense
1574 5712 1856 5764 concilium

248 5779 641 5851 approbasse,
673 5795 739 5834 es
771 5780 851 5835 bis
881 5796 999 5851 quae
1026 5781 1270 5849 superius
1297 5780 1363 5836 de
1394 5780 1509 5848 ipso
1538 5780 1735 5847 scripta
1765 5780 1856 5835 ha-

1946 4655 2068 4725 quia
2097 4654 2224 4724 quid
2279 4653 2433 4707 nobis
2483 4653 2534 4706 in
2579 4654 2658 4706 eis
2707 4656 2826 4719 qua’:
2854 4651 3055 4717 pra'lati
3088 4666 3273 4703 sumus
3300 4651 3533 4716 obsistit,

1948 4750 2275 4818 ignoramus,
2302 4748 2346 4799 si
2402 4746 2539 4799 bene
2592 4759 2693 4797 nos
2746 4744 2939 4813 arguit.
2989 4743 3093 4797 Per
3131 4745 3307 4797 omnia
3358 4754 3535 4795 tamen

1951 4841 2240 4895 voluntatis
2288 4846 2486 4893 nostros
2529 4836 2813 4906 puritatem
2877 4836 3170 4903 legatorum
3227 4844 3536 4886 nostrorum

1953 4934 2198 5004 poteritis
2252 4930 2559 4985 narratione
2595 4943 2945 4997 cogntiscere.
2994 4926 3233 4980 Petimus
3259 4935 3437 4977 autem
3483 4935 3541 4977 ut

1951 5072 2174 5136 bentur,
2209 5079 2265 5125 et
2287 5083 2406 5138 qua:
2436 5066 2504 5121 de
2534 5066 2723 5120 eodem
2752 5064 3059 5138 scribentur
3084 5060 3218 5115 infra
3259 5059 3539 5138 manifeste

1954 5128 2371 5195 demonstratur.
2432 5138 2614 5206 Legati
2667 5152 2800 5204 quos
2850 5128 3528 5206 tuisit_iucrunt_alieoi_a

1954 5212 2214 5267 catholica
2245 5198 2535 5274 religione:
2552 5198 2972 5273 defensoresque
3002 5202 3222 5255 haeresis
3252 5198 3537 5277 Eti‘tychiaf

1956 5299 2068 5345 nte;
2106 5268 2538 5349 ide-ique'prwcii
2563 5294 2628 5331 ue
2657 5268 3199 5349 ltomamlvenerunt,
3231 5280 3285 5321 ut
3318 5270 3384 5335 (si
3420 5268 3535 5349 ﬁeri

1958 5345 2441 5422 potuissot)7ipsom
2467 5349 2822 5422 Allormisdaui
2850 5345 2914 5398 ad
2944 5359 3064 5397 sua.-
3092 5345 3323 5422 ipsoriini
3359 5346 3539 5422 parta-3

1959 5408 2302 5477 adducerent:
2334 5428 2401 5476 At
2427 5420 2515 5475 ubi
2549 5420 2662 5472 haec
2695 5419 2829 5471 adeo
2865 5420 3221 5479 ίιιεςδιεθςιειθ
3255 5408 3536 5479 Ilortttistla

1960 5496 2247 5563 comperit,
2291 5493 2495 5561 legatos
2528 5507 2583 5543 re
2626 5487 2911 5563 infectnnd
2949 5477 3323 5563 ittipcratoretn
3363 5477 3539 5563 retlit'c

1956 5550 2143 5632 jussit;
2172 5550 2280 5632 jam
2313 5550 2379 5616 de
2411 5560 2672 5617 Anastasii
2707 5557 2952 5632 perfidia,
2985 5554 3071 5603 diu
3107 5550 3310 5632 pia-vrum
3344 5551 3541 5632 verbo:

1960 5619 2078 5688 rom
2126 5619 2400 5689 in'volucro
2426 5633 2595 5685 velata
2626 5669 2639 5687 ,
2682 5619 2880 5680 certior
2912 5625 3099 5675 factus.
3146 5619 3267 5672 Haec
3296 5628 3545 5673 constant

1962 5705 2095 5760 infra
2126 5720 2190 5761 ex
2222 5705 2443 5775 cpistola
2476 5697 2775 5755 llormisdte
2809 5694 2875 5747 ad
2910 5691 3141 5747 Avitum.
3178 5691 3308 5747 δεῖν.
3344 5691 3543 5745 Bistcs.
