3974 6366
538 332 637 385 5&7

1864 286 2231 381 nonnisoe
2273 323 2469 380 nam

3677 325 3771 381 538

538 460 656 500 cum
687 443 878 512 popqu
907 455 1003 494 suo
1034 437 1239 508 proficit
1271 437 1572 506 imperanti.
1609 436 1818 491 Etenim
1849 439 1967 507 quis
1997 454 2097 490 non
2133 441 2177 500 Α
2205 454 2234 492 a
2264 453 2390 492 vero
2421 439 2649 507 praesule
2682 440 2934 495 Romana:
2963 440 3217 495 Ecclesiae
3258 439 3459 495 Leone.
3490 438 3643 509 Rogo
3674 456 3770 492 au—

537 537 797 587 hairesum
832 530 1148 600 perfidarunt
1190 543 1445 595 sequaces
1473 528 1591 596 plus
1618 544 1772 596 quam
1802 529 1942 597 ipsos
1970 530 2103 583 deli-

535 628 713 691 quisse
738 630 880 690 putet
906 620 1190 673 auctores?
1217 619 1315 686 Qui
1344 633 1444 671 non
1474 628 1594 687 post
1612 620 1903 688 patibulum
1928 622 2101 674 crucis

534 714 827 766 dividentes
867 712 1054 765 iterum
1092 710 1287 764 Cluisti
1322 710 1557 764 membra
1597 711 1950 764 condemnet?
1996 711 2103 765 Uti-

535 820 651 855 nan.
687 807 795 855 haec.
827 801 935 868 jam
964 802 1110 855 vobis
1156 802 1498 869 regnantibus
1537 816 1696 855 causa
1732 803 2011 869 cmpisset,
2047 812 2102 854 ut

532 896 736 947 facilius
770 895 907 947 mala
937 895 1356 963 reprimerentur
1385 894 1653 948 nascentia
1679 935 1695 960 ,
1728 909 1882 954 quam
1913 908 2100 962 prove-

529 996 636 1038 cta.
677 983 806 1037 Nam
846 987 966 1053 quis
996 985 1227 1051 ambigat
1267 1000 1373 1037 non
1415 986 1649 1052 potuisse
1684 985 1799 1052 ejus
1843 986 2099 1048 existere,

530 1077 683 1144 cujus
710 1080 900 1145 corrigi
933 1079 1255 1146 temporibus
1280 1078 1481 1132 videret
1505 1079 1775 1132 errorem?
1802 1078 1900 1132 Per
1923 1078 2103 1132 Enno-

532 1168 673 1220 diuui
703 1177 756 1221 et
782 1167 1120 1220 Fortunatuni
1151 1169 1458 1237 episcopos,
1492 1170 1514 1195 ⁸
1552 1168 1859 1222 Venantium
1891 1170 2104 1239 presby-

532 1267 736 1322 terum,
764 1257 987 1310 V'italem
1018 1258 1296 1311 diaconum
1328 1267 1380 1311 et
1412 1259 1645 1312 llilaruin
1682 1260 1966 1313 notarium.

1154 1392 1483 1446 EPISTOLA

534 1499 647 1538 δινε
669 1500 945 1539 εκειιιιιωι
975 1501 1287 1539 ιιεωτιοκιδ
1316 1501 1523 1539 JOANNIS
1555 1500 1781 1539 EPISCOPI
1831 1500 2102 1540 Μαυρου-

603 1570 757 1616 ΤΛΝΙ,
815 1571 914 1609 PER
971 1572 1200 1609 RUFINUII
1246 1570 1507 1609 DMCUNUI
1560 1570 1810 1621 Ειυευεδι,
1860 1572 1925 1608 AD
1970 1572 2099 1610 HOR-

607 1639 819 1678 IISDAH.

533 1712 849 1768 Catholicam
892 1714 1043 1781 [idem
1088 1716 1371 1782 proﬁtetur,
1420 1724 1466 1768 et
1503 1731 1615 1784 quae
1654 1715 1880 1779 vitanda,
1929 1730 2101 1780 uiuere

971 1785 1238 1849 seruanda,
1273 1786 1462 1837 moneri
1490 1786 1647 1855 cupit.

598 1898 827 1953 Domino
854 1913 974 1953 meo
1006 1914 1100 1966 per
1127 1909 1315 1953 cuncta
1343 1900 1681 1955 sanctissimo
1702 1916 1763 1955 ac
1788 1902 2096 1958 beatissimo

529 1987 665 2058 patri
696 1997 928 2056 patrum,
955 1988 1323 2043 comministro
1354 2005 1415 2044 ac
1450 1990 1674 2059 principi
1719 1995 2094 2062 episcoporum

534 2076 850 2143 llormisdm,
879 2078 1111 2133 Joannes
1142 2079 1193 2132 in
1222 2080 1446 2134 Domino
1467 2083 1711 2135 Salutem.

598 2170 739 2227 Cura
772 2172 901 2226 mihi
933 2173 1139 2227 exstitit
1165 2187 1379 2242 semper
1410 2175 1536 2227 nihil
1568 2175 1795 2244 amplius
1823 2193 2096 2245 quaerere,

532 2265 632 2319 nisi
664 2279 823 2333 agere
853 2264 1124 2333 propriam
1172 2273 1223 2317 et
1267 2264 1580 2319 familiarem
1632 2270 2097 2324 com-ersationem

528 2370 751 2410 vacuam
800 2355 1172 2409 sollicitudinis
1221 2364 1274 2409 et
1320 2358 1531 2410 anxieta
1558 2357 1603 2411 is
1648 2360 1808 2412 mund
1846 2375 1967 2413 me:
2002 2361 2095 2414 sed

529 2447 651 2515 quia
676 2443 771 2499 Dei
784 2446 991 2515 judicia
1021 2445 1233 2514 abyssus
1261 2447 1420 2499 multa
1441 2455 1517 2500 est
1547 2447 1717 2517 (Paul.
1752 2451 1935 2518 xxxv),
1960 2451 2098 2504 sicut

526 2548 582 2592 et
631 2546 861 2590 vestram
910 2551 1176 2605 cognosco
1233 2537 1428 2592 docere
1484 2538 1891 2604 beatitudinem,
1948 2552 2097 2609 patre

528 2636 712 2681 nostro
755 2626 1020 2696 quondam
1068 2637 1231 2698 atque
1285 2628 1688 2699 archiepiscopo
1740 2632 2009 2702 Alcysone
2065 2647 2096 2686 a

527 2717 739 2772 Christo
777 2718 843 2772 ad
887 2733 1148 2786 supernas
1177 2719 1482 2774 mansiones
1511 2730 1754 2788 evocato,
1795 2736 1859 2775 ea
1886 2723 2096 2775 ratione

524 2822 628 2875 qua
659 2808 773 2876 ipse
803 2808 1098 2877 cognoscit,
1129 2810 1219 2876 qui
1248 2818 1331 2862 est
1376 2809 1702 2875 possibilium
1734 2812 2007 2875 dominus,
2040 2811 2093 2864 in

527 2913 612 2952 ine
640 2908 822 2953 sancta
854 2898 1091 2968 synodus
1122 2900 1382 2954 bonorum
1414 2909 1651 2968 actuum,
1679 2918 1739 2955 ac
1772 2903 1943 2956 clerus
1974 2919 2093 2971 pas-

524 2998 697 3043 torum
727 2991 995 3044 transtulit
1024 3000 1247 3046 sortem.
1281 2990 1392 3059 Ego
1434 3004 1606 3046 autem
1637 3004 1826 3046 cuncta
1854 2993 2092 3047 referens

526 3079 655 3147 Deo,
688 3081 775 3149 qui
805 3079 1215 3134 balbutientium
1250 3081 1459 3150 linguas
1488 3081 1682 3135 liberas
1716 3081 1861 3147 facit,
1893 3081 2091 3136 decen-

2208 540 2315 586 tem
2361 532 2564 600 plenius
2594 540 2751 599 atque
2795 530 3100 600 perfectius,
3142 546 3261 600 qua:
3293 529 3499 585 servari
3531 540 3767 597 oportet,

2205 631 2561 687 commonete,
2607 631 2661 675 et
2699 637 2726 672 a
2766 622 2960 691 quibus
2989 622 3258 675 abstinere
3304 620 3551 682 debeam,
3587 623 3771 672 vestris

2204 712 2515 765 custodibus
2564 712 2753 766 litteris
2803 714 3087 767 intimate:
3121 722 3180 764 ut
3217 712 3260 764 si
3313 713 3553 765 fortassis
3605 713 3773 764 adhuc

2204 804 2586 856 inexercitatus
2630 802 2802 855 ordini
2848 802 3075 869 deputor
3124 801 3443 863 lectionum,
3498 815 3593 852 seu
3642 799 3773 863 dixi,

2203 893 2320 946 sive
2367 893 2447 960 egi
2502 893 2809 958 apostolicis
2863 892 3125 946 doctrinis
3163 892 3353 945 vestris
3399 892 3773 957 incongruum,

2202 984 2393 1036 vestris
2423 983 2653 1035 imbutus
2684 984 3021 1038 sermonibus
3046 985 3245 1053 possim
3276 987 3647 1039 hmreticiirnm
3676 985 3775 1034 ob-

2202 1072 2390 1127 sistere
2420 1072 2698 1127 machinis.
2748 1074 2859 1127 lloe
2903 1074 3044 1127 enim
3099 1075 3373 1141 faciente~,
3413 1078 3774 1139 sanctissimo,

2202 1165 2465 1221 firmiores
2491 1177 2686 1219 nostra:
2714 1176 2913 1219 sancta:
2937 1166 3127 1233 synodi
3160 1167 3444 1219 invenietis
3470 1170 3773 1234 episcopus,

2200 1264 2256 1308 et
2282 1254 2540 1307 bonorum
2559 1265 2770 1306 actuum
2800 1254 2996 1306 clerum
3022 1267 3082 1306 ac
3098 1256 3345 1321 pepulum
3364 1254 3773 1318 confirmabitis,

2203 1353 2449 1412 tanquam
2482 1344 2795 1397 familiarem
2825 1343 2976 1395 vobis
3021 1341 3306 1396 reddentes
3336 1352 3573 1395 sanctam
3614 1342 3772 1396 Nico-

2203 1438 2556 1505 politanorum
2586 1437 2897 1491 Ecclesium.
2931 1438 3300 1492 Venerabilem
3324 1452 3451 1491 vero
3484 1437 3772 1490 diaconum

2201 1528 2450 1583 Rufinum
2481 1531 2546 1582 ad
2594 1540 2696 1583 tam
2732 1531 3332 1585 tteccssat'iatn'causam
3365 1530 3651 1595 directum,
3689 1543 3773 1596 pa-

2202 1621 2378 1687 eiflce,
2411 1622 2549 1675 sicut
2576 1637 2671 1674 vos
2715 1622 2890 1685 decet,
2931 1623 3101 1690 rogati
3131 1622 3419 1690 suspieite;
3451 1632 3506 1673 et
3529 1622 3774 1673 fiduciam

2205 1713 2521 1774 tribuentes,
2553 1713 2781 1766 celerem
2830 1713 2947 1780 ejus
2990 1728 3263 1766 recursum
3297 1714 3359 1764 ad
3391 1727 3485 1765 nos
3519 1720 3774 1779 praestare

2134 1792 2531 1872 Bdignemini,
2584 1812 2882 1873 portantem
2932 1804 3223 1871 Spiritualia
3275 1812 3433 1870 atque
3486 1804 3773 1870 apostolica

2206 1896 2511 1948 constituta.
2544 1896 2819 1959 Curictam,
2853 1895 3211 1959 sanctissime,
3242 1908 3455 1947 omnem
3492 1894 3542 1946 iu
3565 1892 3774 1947 Christe

2204 1983 2588 2039 fraternitatem
2622 1996 2814 2039 vestrze
2847 1985 3186 2039 lentitudinis
3225 1999 3325 2052 ego
3363 1995 3417 2039 et
3446 1985 3535 2054 qui
3566 1998 3774 2038 mecum

2203 2086 2328 2129 sunt
2354 2074 2633 2145 plurimum
2664 2077 2952 2129 salutamus
2976 2076 3027 2128 in
3053 2075 3297 2129 Domino.

2458 2250 2461 2253 _
2745 2186 3075 2241 EPISTULA
3117 2185 3223 2239 VII.

2430 2299 2497 2336 AD
2525 2297 2758 2336 JOANNEM
2787 2295 3208 2334 NICOPOLITANUII
3238 2293 3545 2334 EPISCOPUI.

2201 2394 2531 2447 Commendat
2573 2394 2712 2445 illius
2743 2392 3078 2463 religionem:
3112 2391 3403 2445 Nestorium
3430 2402 3476 2444 et
3511 2390 3775 2459 Eutychen

2269 2465 2641 2527 damnandum,
2694 2475 2738 2515 et
2789 2464 3038 2531 quomodo
3084 2464 3171 2530 qui
3214 2466 3280 2513 ad
3331 2463 3479 2528 ﬁdem
3515 2473 3776 2515 reverterit.

2269 2535 2600 2657 lur_;ecipien
2622 2534 2658 2584 .‘i
2683 2534 2809 2597 sint,
2841 2549 2928 2597 per
2966 2533 3249 2586 indicatum
3278 2548 3331 2585 se
3359 2533 3780 2600 ugniﬁcaturum

2269 2621 2366 2657 scit
2405 2616 2458 2657 tt.

2266 2621 2336 2657 sci
2352 2616 2458 2657 tDtt.

2272 2711 2547 2767 llormisda
2564 2710 2752 2765 Joanui
2767 2711 3019 2781 episcopo
3031 2709 3397 2779 Nicopolltano
3416 2724 3509 2777 per
3521 2708 3778 2765 Rufinum

2196 2806 2503 2861 diacOnum.

2267 2897 2442 2951 Gavisi
2470 2912 2654 2951 sumus
2681 2898 2733 2951 in
2762 2896 2989 2951 Domino
3038 2895 3211 2959 valde,
3258 2895 3423 2949 frater
3460 2894 3775 2959 carissime,

2196 2987 2430 3056 acceptis
2456 2988 2647 3041 litteris
2669 2988 2797 3050 tuis,
2826 2988 2879 3041 in
2909 2986 3098 3055 quibus
3127 2994 3181 3040 te
3221 2984 3489 3052 profiteris
3519 2987 3777 3039 sacerdo-

2202 3077 2333 3130 tium
2370 3076 2461 3129 Dei
2488 3077 2653 3144 gratia
2683 3076 3004 3144 suscepisse.
3035 3075 3160 3129 llaec
3182 3084 3266 3128 est
3303 3074 3432 3128 fides
3461 3083 3632 3139 certa,
3666 3078 3784 3129 iure

524 3180 605 3225 ter
631 3170 695 3224 ad
727 3179 936 3225 vestras
961 3173 1230 3226 orationes
1262 3187 1554 3237 concurro;
1590 3182 1648 3227 ut
1681 3172 1838 3241 juxta
1866 3188 2090 3228 eonsue-
2121 3144 2165 3205 Ο
2198 3183 2320 3236 spes
2342 3168 2457 3221 sine
2472 3168 2814 3236 ambiguitate
2841 3180 3055 3230 secura,
3078 3180 3179 3235 qua
3204 3165 3439 3219 creditur
3462 3166 3628 3218 totius
3653 3165 3779 3218 boni

525 3262 762 3318 tudinem
810 3263 1118 3331 apostolica:
1164 3264 1309 3318 sedis
1358 3274 1571 3327 vestrm,
1621 3280 1740 3334 qua:
1783 3275 2092 3321 cunctarum

526 3351 888 3407 Ecclesiarum
907 3367 1088 3407 curam
1107 3353 1287 3418 habet,
1301 3364 1353 3407 et
1377 3353 1865 3422 Nicopolitanorum
1893 3355 2093 3412 habere

520 3443 841 3513 dignemini,
880 3445 1174 3498 secundum
1206 3444 1475 3512 antiquam
1506 3445 1834 3514 spiritualem
1870 3447 2095 3516 disposi-

524 3536 726 3589 tionem
760 3545 1015 3589 vestram.
1052 3535 1259 3589 Petenti
1286 3539 1482 3591 etenim
1526 3537 1652 3590 mihi
1697 3537 1814 3591 dari
1844 3538 2091 3606 Spiritum

516 3624 587 3677 ad
615 3628 944 3693 apertionem
983 3628 1114 3691 oris,
1152 3626 1291 3679 sicut
1333 3625 1513 3681 docuit
1543 3628 1831 3695 Apostolus
1873 3628 2088 3697 (Ep/tes.

522 3715 619 3783 vi),
652 3726 811 3785 atque
840 3717 953 3785 ipse
984 3718 1142 3770 etiam
1182 3716 1435 3769 Dominus
1462 3718 1734 3785 praecepit,
1764 3733 1971 3773 mecum
2002 3734 2095 3787 pe-

518 3806 620 3860 tite
651 3808 837 3861 horum
868 3807 1132 3873 datorem,
1176 3815 1232 3861 et
1262 3820 1383 3860 cum
1415 3817 1691 3874 qumrente
1717 3809 1914 3878 pariter
1941 3824 2092 3878 quae-

519 3900 645 3964 rite,
690 3909 743 3953 et
770 3899 1069 3969 pulsantem
1102 3901 1363 3970 spirituali
1396 3917 1554 3957 manu
1593 3911 1766 3957 vestra
1810 3903 2088 3971 suscipite.

523 3991 638 4045 lloc
665 3992 809 4046 enim
839 3992 991 4045 vobis
1025 3993 1363 4061 facientibus,
1396 4005 1602 4064 potero,
1644 3995 2002 4061 sanctissime,
2032 4005 2092 4052 et

518 4084 786 4149 accipere,
816 4090 870 4133 et
903 4081 1168 4147 invenire,
1199 4092 1254 4136 et
1280 4085 1553 4152 aperiente
1578 4081 1790 4137 Christo
1818 4095 1965 4139 recta
1994 4101 2089 4155 per

486 4172 740 4226 verbum
788 4171 1026 4225 veritatis
1075 4172 1341 4228 incedere.
1391 4175 1650 4243 Quoniam
1696 4190 1827 4229 vero
1872 4175 2087 4244 quidam

520 4262 918 4317 dissimulantes
963 4263 1239 4318 nobiscum
1275 4264 1519 4325 credere,
1554 4272 1714 4333 atque
1736 4268 1929 4318 sectari
1959 4279 2086 4320 san-

520 4361 633 4406 ctas
683 4351 916 4422 synodos
969 4365 1089 4421 quae
1142 4352 1369 4425 Niczem,
1416 4352 1878 4421 Constantinopoli
1928 4361 2087 4422 atque

523 4441 715 4510 Ephesi
734 4453 1069 4511 congregata:
1094 4451 1237 4508 sunt,
1269 4442 1319 4495 in
1349 4457 1453 4510 qua
1482 4442 1747 4511 principes
1769 4444 2090 4498 exstiterunt

2196 3274 2351 3315 causa
2375 3260 2426 3313 ἰιι
2459 3274 2686 3329 superna
2716 3259 3118 3329 dispensatione
3149 3260 3465 3313 consistere.
3498 3258 3671 3326 Cujus
3702 3258 3780 3312 rei

2195 3349 2469 3405 scientiam
2496 3351 2720 3413 habens,
2741 3351 2904 3403 frater
2922 3351 3221 3415 carissime,
3250 3349 3631 3404 beneficiorum
3657 3366 3784 3419 qua:

2193 3455 2223 3494 a
2254 3441 2362 3496 Deo
2388 3450 2572 3497 nostro
2600 3450 2918 3497 consecutus
2938 3456 3016 3505 es,
3062 3442 3308 3511 religioso
3339 3443 3521 3495 animo
3545 3442 3781 3510 gratiam

2195 3532 2498 3596 confiteris;
2521 3532 2641 3586 licet
2661 3531 2760 3584 hoe
2781 3547 2989 3601 quoque
3011 3532 3076 3586 de
3102 3532 3287 3586 eodem
3305 3531 3608 3586 clementia:
3631 3532 3782 3587 fonte

2194 3622 2504 3688 descendat,
2538 3635 2591 3677 ut
2622 3638 2681 3677 se
2719 3626 2921 3676 auctori
2954 3639 3052 3676 suo
3085 3625 3314 3676 humana
3346 3623 3631 3677 submittat
3673 3624 3783 3678 hu-

2195 3716 2415 3772 militas.
2436 3716 2522 3769 Ait
2541 3715 2684 3770 enim
2706 3733 2717 3768 ε
2746 3714 2911 3785 Super
2922 3731 3067 3783 quem
3091 3716 3364 3784 requiescet
3381 3716 3595 3780 spiritus
3608 3732 3782 3781 meus,

2193 3808 2291 3861 nisi
2318 3823 2467 3877 super
2489 3806 2753 3869 humilem,
2786 3815 2831 3860 et
2853 3811 3097 3874 quietum,
3123 3816 3170 3859 et
3200 3816 3493 3859 trementem
3514 3822 3782 3859 sermones

2194 3916 2329 3953 meos
2363 3898 2555 3967 (Num.
2604 3900 2726 3966 xt)?
2754 3899 2807 3953 In
2847 3900 2929 3955 his
2956 3914 3106 3966 ergo,
3148 3900 3199 3952 iu
3242 3900 3432 3967 quibus
3462 3898 3785 3966 hujusmodi

2194 3990 2459 4057 probat-is,
2492 3991 2684 4043 clarius
2721 3987 2986 4044 eluccscet
3023 3990 3144 4043 aliis
3176 3991 3334 4043 etiam
3367 3991 3583 4044 virtutis
3615 3990 3782 4059 hujus

2194 4079 2429 4134 futurum
2461 4081 2797 4149 exemplum;
2830 4080 3042 4149 quando
3070 4080 3133 4134 ad
3168 4081 3267 4135 hoc
3292 4081 3449 4133 etiam
3482 4080 3597 4134 Deo
3621 4080 3786 4135 iusti.

2194 4180 2376 4226 tuente
2401 4171 2689 4240 perductus
2712 4187 2795 4238 es,
2823 4182 2877 4225 ut
2908 4182 2959 4226 et
2988 4172 3054 4226 de
3086 4180 3137 4226 te
3162 4172 3545 4226 catholicorum
3569 4174 3785 4242 glorie-

2192 4272 2280 4315 tur
2309 4262 2567 4318 Ecclesia.
2598 4263 2728 4317 Νίκη
2760 4267 2897 4318 sicut
2923 4264 3120 4318 divinis
3152 4264 3470 4321 testimoniis
3499 4267 3785 4331 eruditus,

2191 4361 2246 4407 et
2269 4353 2418 4421 juxta
2442 4354 2752 4419 Apostolum
2783 4370 3053 4409 sacrarum
3087 4355 3401 4409 Litterarum
3428 4356 3787 4411 institutione

2195 4441 2475 4505 formatus,
2530 4442 2633 4498 hoc
2674 4445 2970 4512 auspicium
3009 4454 3111 4499 tuae
3144 4446 3496 4499 ordinationis
3525 4447 3785 4510 edidisti.

519 4532 871 4584 sanctissima:
898 4533 1170 4585 memoria:
1195 4530 1764 4599 episcopiCaelestinus
1787 4533 2092 4599 apostolica:
2120 4501 2172 4560 θ
2198 4543 2255 4588 ut
2281 4534 2537 4589 adversus
2563 4535 2838 4589 deviantes
2874 4550 2993 4590 cum
3032 4536 3173 4590 sedis
3217 4538 3525 4606 apostolica:
3550 4550 3788 4593 sentem

519 4618 663 4673 sedis
690 4628 901 4683 vestras,
932 4630 986 4673 et
1008 4619 1235 4690 Cyrillus
1263 4620 1667 4686 Alexandriam;
1697 4623 1912 4690 insuper
1930 4623 2089 4677 etiam

520 4722 639 4776 qua:
668 4706 1007 4762 Chalcedone
1031 4710 1287 4763 adversus
1330 4708 1674 4779 Eutyclietem
1714 4710 1931 4778 impium
1963 4725 2091 4764 con-

519 4805 733 4866 gregata
750 4805 850 4862 est,
874 4812 990 4866 quae
1013 4812 1199 4853 omnes
1219 4799 1497 4867 prmdiclas
1523 4800 1777 4854 veritates
1792 4801 2086 4858 orthodoxa

520 4885 571 4940 iu
596 4899 656 4939 se
687 4885 894 4939 ratione
916 4885 1167 4940 firmavit.
1185 4888 1382 4942 Tamen
1401 4889 1598 4944 audent
1625 4904 1721 4944 nos
1752 4891 2083 4960 impugnare,

521 4986 769 5043 tanquam
801 4975 1065 5029 vinculum
1094 4978 1395 5034 concordia
1425 4981 1542 5037 sine
1584 4981 1790 5039 ratione
1830 4985 2081 5040 vitantes.

525 5064 712 5118 Vetum
733 5075 910 5119 autem
938 5066 1064 5120 mibi
1089 5077 1188 5133 est,
1208 5078 1434 5123 vestram
1456 5072 1604 5141 sequi
1631 5072 1926 5129 doctrinam
1951 5076 2089 5131 sicut

520 5153 659 5208 inter
702 5164 914 5208 sanctos
945 5157 1307 5223 praedecessor
1328 5175 1476 5216 meus
1512 5160 1743 5233 Alcyson
1774 5166 2074 5233 exstiterat,

518 5251 572 5296 et
593 5242 982 5298 anatheinatizo
1005 5246 1335 5314 Dioscornm,
1354 5250 1688 5307 Timotheum
1719 5257 2078 5325 appellatione

519 5332 765 5388 Ailnrum
808 5343 862 5388 et
901 5333 1113 5389 Petrum
1154 5336 1340 5391 borum
1386 5354 1791 5407 successorem;
1836 5354 1890 5399 et
1937 5346 2077 5401 Petri

518 5425 891 5479 communione
919 5440 1036 5479 cum
1063 5425 1143 5479 his
1162 5427 1477 5494 permixtum
1497 5430 1771 5496 Acacium,
1790 5441 1844 5484 et
1868 5432 2081 5489 Petrum

478 5504 479 5507 “
520 5516 606 5583 qui
640 5514 1021 5571 Antiochenam
1054 5517 1380 5585 perturbavit
1421 5519 1731 5588 Ecclesiam,
1765 5538 1994 5590 sequens
2024 5525 2075 5579 in

518 5604 765 5659 omnibus
809 5607 1092 5677 synodicas
1122 5618 1175 5669 et
1197 5610 1512 5677 apostolicus
1553 5610 1804 5681 epistolas
1841 5615 2067 5685 scriptas

592 5726 618 5753 ι
652 5716 705 5770 In
733 5719 857 5774 edit.
884 5720 1118 5776 Romana
1149 5732 1224 5777 est
1254 5722 1599 5777 Hi'arianum.

2197 4624 2283 4679 tiis
2303 4626 2637 4679 convenires.
2669 4626 2849 4696 Neque
2872 4628 3011 4680 enim
3041 4643 3383 4682 remunerare
3412 4628 3574 4682 aliter
3597 4640 3791 4684 tanta-

2194 4728 2312 4767 rum
2338 4714 2715 4768 beneficiorum
2745 4726 2958 4783 poteras
2990 4716 3315 4786 largitorem,
3364 4718 3463 4771 nisi
3502 4719 3791 4775 adversus

2191 4802 2435 4859 inimicos
2457 4803 2573 4871 ejus
2602 4804 2901 4859 evidentem
2929 4807 3100 4860 zelum
3132 4807 3437 4876 apostolica:
3462 4810 3791 4865 confessio-

2191 4894 2273 4947 nis
2300 4896 2630 4951 osenderes.

2264 4984 2456 5038 Notum
2503 4997 2586 5039 est
2632 4985 2772 5040 enim
2808 5000 2902 5043 eos
2931 4994 3079 5040 extra
3108 4987 3357 5056 religiosa
3383 4999 3530 5057 septa
3561 4992 3791 5045 consis-

2193 5084 2325 5138 tere,
2356 5077 2444 5144 qni
2473 5086 2527 5129 et
2554 5076 2656 5143 ipsi
2699 5076 3014 5146 profitentur
3041 5077 3421 5132 conscientiam
3457 5079 3581 5132 fidei
3606 5090 3794 5148 atque

2197 5166 2463 5233 fiduciam,
2489 5167 2580 5222 sed
2613 5167 2939 5223 infructuosa
2969 5179 3052 5222 est
3072 5168 3212 5237 apud
3240 5171 3613 5237 eos,quamvis
3649 5186 3793 5225 cum

2193 5258 2456 5327 religiosis
2506 5275 2739 5328 congrua
2786 5268 2984 5314 sanctae
3027 5261 3419 5316 communionis
3464 5262 3789 5330 aequalitas,

2195 5349 2317 5418 quia
2343 5351 2526 5419 procul
2557 5350 2721 5404 dubio
2746 5353 2833 5420 qui
2865 5366 2925 5404 ea
2957 5367 3117 5420 quam
3148 5353 3341 5405 metuit
3373 5352 3618 5405 libertate
3670 5370 3794 5411 non

2195 5446 2378 5509 utitur,
2425 5444 2722 5512 subjectum
2774 5459 2833 5497 se
2883 5444 3246 5512 iniquitatibus
3292 5445 3590 5498 confitetur.
3632 5446 3797 5511 Quid

2193 5537 2482 5607 gloriemur
2509 5537 2593 5591 his
2619 5551 2751 5606 quas
2796 5552 2899 5591 non
2933 5539 3206 5605 sequimur
3233 5537 3571 5607 disciplinis?
3606 5538 3795 5594 Falso

2193 5628 2426 5697 appellat
2468 5629 2801 5697 magistrum,
2843 5628 2930 5697 qui
2959 5642 3017 5682 se
3047 5628 3469 5691 institutionibus
3495 5628 3619 5696 ejus
3670 5647 3795 5685 non
