  <div class='ocr_page' id='page_1' title='image "/cluster/home/n/w/nwhite01/storage/ocr_20150623/63/hvd.32044015469307/200.png"; bbox 0 0 3974 6366; ppageno 0'>
   <div class='ocr_carea' id='block_1_1' title="bbox 236 277 334 330">
    <p class='ocr_par' dir='ltr' id='par_1_1' title="bbox 236 277 334 330">
     <span class='ocr_line' id='line_1_1' title="bbox 236 277 334 330; baseline -0.041 1"><span class='ocrx_word' id='word_1_1' title='bbox 236 277 334 330; x_wconf 73' lang='grc'><strong>395</strong></span> 
     </span>
    </p>
   </div>
   <div class='ocr_carea' id='block_1_2' title="bbox 1445 265 2312 324">
    <p class='ocr_par' dir='ltr' id='par_1_2' title="bbox 1445 265 2312 324">
     <span class='ocr_line' id='line_1_2' title="bbox 1445 265 2312 324; baseline -0.002 0"><span class='ocrx_word' id='word_1_2' title='bbox 1445 265 1802 324; x_wconf 72' lang='lat' dir='ltr'><strong>EPISTOLA‘J</strong></span> <span class='ocrx_word' id='word_1_3' title='bbox 1843 265 1932 324; x_wconf 83' lang='lat' dir='ltr'><strong>ET</strong></span> <span class='ocrx_word' id='word_1_4' title='bbox 1972 265 2312 323; x_wconf 79' lang='lat' dir='ltr'><strong>DECRETA.</strong></span> 
     </span>
    </p>
   </div>
   <div class='ocr_carea' id='block_1_3' title="bbox 3417 264 3523 324">
    <p class='ocr_par' dir='ltr' id='par_1_3' title="bbox 3417 264 3523 324">
     <span class='ocr_line' id='line_1_3' title="bbox 3417 264 3523 324; baseline 0.038 -4"><span class='ocrx_word' id='word_1_5' title='bbox 3417 264 3523 324; x_wconf 57' lang='lat' dir='ltr'><strong>59a</strong></span> 
     </span>
    </p>
   </div>
   <div class='ocr_carea' id='block_1_4' title="bbox 233 377 3524 452">
    <p class='ocr_par' dir='ltr' id='par_1_4' title="bbox 233 377 3524 452">
     <span class='ocr_line' id='line_1_4' title="bbox 233 377 3524 452; baseline -0.003 -10"><span class='ocrx_word' id='word_1_6' title='bbox 233 391 442 443; x_wconf 71' lang='lat' dir='ltr'><strong>anltnns</strong></span> <span class='ocrx_word' id='word_1_7' title='bbox 481 387 760 442; x_wconf 71' lang='grc' dir='ltr'>ιἐιογτιγὶι.</span> <span class='ocrx_word' id='word_1_8' title='bbox 793 384 895 440; x_wconf 84' lang='grc' dir='ltr'><strong>τοι</strong></span> <span class='ocrx_word' id='word_1_9' title='bbox 923 382 1130 439; x_wconf 87' lang='lat' dir='ltr'><strong>incitati</strong></span> <span class='ocrx_word' id='word_1_10' title='bbox 1173 380 1384 452; x_wconf 79' lang='lat' dir='ltr'><strong>gaudiis</strong></span> <span class='ocrx_word' id='word_1_11' title='bbox 1432 381 1671 437; x_wconf 73' lang='lat' dir='ltr'><strong>contenti</strong></span> <span class='ocrx_word' id='word_1_12' title='bbox 1720 395 1826 436; x_wconf 93' lang='lat' dir='ltr'><strong>non</strong></span> <span class='ocrx_word' id='word_1_13' title='bbox 1853 380 1908 445; x_wconf 75' lang='grc' dir='ltr'>Α</span> <span class='ocrx_word' id='word_1_14' title='bbox 1935 378 2130 435; x_wconf 90' lang='lat' dir='ltr'><strong>tientes</strong></span> <span class='ocrx_word' id='word_1_15' title='bbox 2177 377 2290 433; x_wconf 90' lang='lat' dir='ltr'><strong>sedi</strong></span> <span class='ocrx_word' id='word_1_16' title='bbox 2342 378 2670 447; x_wconf 74' lang='lat' dir='ltr'><strong>apostolicae,</strong></span> <span class='ocrx_word' id='word_1_17' title='bbox 2717 393 2902 435; x_wconf 88' lang='lat' dir='ltr'><strong>eorum</strong></span> <span class='ocrx_word' id='word_1_18' title='bbox 2938 379 3152 435; x_wconf 89' lang='lat' dir='ltr'><strong>nomina</strong></span> <span class='ocrx_word' id='word_1_19' title='bbox 3198 377 3339 434; x_wconf 92' lang='lat' dir='ltr'><strong>inter</strong></span> <span class='ocrx_word' id='word_1_20' title='bbox 3369 394 3524 436; x_wconf 88' lang='lat' dir='ltr'><strong>sacra</strong></span> 
     </span>
    </p>
   </div>
   <div class='ocr_carea' id='block_1_5' title="bbox 234 476 1829 552">
    <p class='ocr_par' dir='ltr' id='par_1_5' title="bbox 234 476 1829 552">
     <span class='ocr_line' id='line_1_5' title="bbox 234 476 1829 552; baseline -0.005 -14"><span class='ocrx_word' id='word_1_21' title='bbox 234 485 452 545; x_wconf 79' lang='lat' dir='ltr'><strong>luimus,</strong></span> <span class='ocrx_word' id='word_1_22' title='bbox 491 483 592 536; x_wconf 57' lang='lat' dir='ltr'><strong>nisi</strong></span> <span class='ocrx_word' id='word_1_23' title='bbox 620 497 712 552; x_wconf 92' lang='lat' dir='ltr'><strong>per</strong></span> <span class='ocrx_word' id='word_1_24' title='bbox 747 481 1019 536; x_wconf 83' lang='lat' dir='ltr'><strong>l‘ulionem</strong></span> <span class='ocrx_word' id='word_1_25' title='bbox 1060 476 1410 548; x_wconf 84' lang='lat' dir='ltr'><strong>(Polionem),</strong></span> <span class='ocrx_word' id='word_1_26' title='bbox 1441 477 1829 533; x_wconf 88' lang='lat' dir='ltr'><strong>subdiaconum</strong></span> 
     </span>
    </p>
   </div>
   <div class='ocr_carea' id='block_1_6' title="bbox 237 572 1829 644">
    <p class='ocr_par' dir='ltr' id='par_1_6' title="bbox 237 572 1829 644">
     <span class='ocr_line' id='line_1_6' title="bbox 237 572 1829 644; baseline -0.007 -9"><span class='ocrx_word' id='word_1_27' title='bbox 237 577 495 636; x_wconf 78' lang='lat' dir='ltr'><strong>Ecclesia:</strong></span> <span class='ocrx_word' id='word_1_28' title='bbox 529 576 785 630; x_wconf 68' lang='lat' dir='ltr'><strong>Romana:</strong></span> <span class='ocrx_word' id='word_1_29' title='bbox 807 616 820 639; x_wconf 88' lang='lat'><strong>,</strong></span> <span class='ocrx_word' id='word_1_30' title='bbox 855 574 981 644; x_wconf 89' lang='lat' dir='ltr'><strong>quid</strong></span> <span class='ocrx_word' id='word_1_31' title='bbox 1034 572 1244 643; x_wconf 83' lang='lat' dir='ltr'><strong>plenius</strong></span> <span class='ocrx_word' id='word_1_32' title='bbox 1268 572 1408 626; x_wconf 88' lang='lat' dir='ltr'><strong>circa</strong></span> <span class='ocrx_word' id='word_1_33' title='bbox 1442 587 1537 627; x_wconf 87' lang='lat' dir='ltr'><strong>vos</strong></span> <span class='ocrx_word' id='word_1_34' title='bbox 1579 579 1829 640; x_wconf 76' lang='lat' dir='ltr'><strong>ageretur</strong></span> 
     </span>
    </p>
   </div>
   <div class='ocr_carea' id='block_1_7' title="bbox 233 663 1830 738">
    <p class='ocr_par' dir='ltr' id='par_1_7' title="bbox 233 663 1830 738">
     <span class='ocr_line' id='line_1_7' title="bbox 233 663 1830 738; baseline -0.004 -13"><span class='ocrx_word' id='word_1_35' title='bbox 233 683 558 738; x_wconf 88' lang='lat' dir='ltr'><strong>cuperemus</strong></span> <span class='ocrx_word' id='word_1_36' title='bbox 587 681 916 735; x_wconf 82' lang='lat' dir='ltr'><strong>agnoscere;</strong></span> <span class='ocrx_word' id='word_1_37' title='bbox 952 679 1278 738; x_wconf 78' lang='lat' dir='ltr'><strong>magnopere</strong></span> <span class='ocrx_word' id='word_1_38' title='bbox 1315 665 1439 732; x_wconf 85' lang='lat' dir='ltr'><strong>quia</strong></span> <span class='ocrx_word' id='word_1_39' title='bbox 1480 663 1532 717; x_wconf 91' lang='lat' dir='ltr'><strong>in</strong></span> <span class='ocrx_word' id='word_1_40' title='bbox 1565 663 1830 718; x_wconf 81' lang='lat' dir='ltr'><strong>relatione</strong></span> 
     </span>
    </p>
   </div>
   <div class='ocr_carea' id='block_1_8' title="bbox 234 757 1829 833">
    <p class='ocr_par' dir='ltr' id='par_1_8' title="bbox 234 757 1829 833">
     <span class='ocr_line' id='line_1_8' title="bbox 234 757 1829 833; baseline -0.004 -14"><span class='ocrx_word' id='word_1_41' title='bbox 234 765 612 833; x_wconf 90' lang='lat' dir='ltr'><strong>episcoporum</strong></span> <span class='ocrx_word' id='word_1_42' title='bbox 659 760 762 814; x_wconf 89' lang='lat' dir='ltr'><strong>sub</strong></span> <span class='ocrx_word' id='word_1_43' title='bbox 801 759 1139 815; x_wconf 71' lang='lat' dir='ltr'><strong>ordinatione</strong></span> <span class='ocrx_word' id='word_1_44' title='bbox 1179 758 1418 813; x_wconf 87' lang='lat' dir='ltr'><strong>caritatis</strong></span> <span class='ocrx_word' id='word_1_45' title='bbox 1473 768 1574 812; x_wconf 76' lang='lat' dir='ltr'><strong>tua:</strong></span> <span class='ocrx_word' id='word_1_46' title='bbox 1624 757 1829 830; x_wconf 90' lang='lat' dir='ltr'><strong>degen-</strong></span> 
     </span>
    </p>
   </div>
   <div class='ocr_carea' id='block_1_9' title="bbox 233 851 1827 922">
    <p class='ocr_par' dir='ltr' id='par_1_9' title="bbox 233 851 1827 922">
     <span class='ocr_line' id='line_1_9' title="bbox 233 851 1827 922; baseline -0.004 -10"><span class='ocrx_word' id='word_1_47' title='bbox 233 859 387 922; x_wconf 91' lang='lat' dir='ltr'><strong>tium,</strong></span> <span class='ocrx_word' id='word_1_48' title='bbox 423 872 533 909; x_wconf 91' lang='lat' dir='ltr'><strong>non</strong></span> <span class='ocrx_word' id='word_1_49' title='bbox 575 856 822 910; x_wconf 90' lang='lat' dir='ltr'><strong>universa</strong></span> <span class='ocrx_word' id='word_1_50' title='bbox 871 867 989 922; x_wconf 66' lang='lat' dir='ltr'><strong>quae</strong></span> <span class='ocrx_word' id='word_1_51' title='bbox 1040 851 1106 907; x_wconf 90' lang='lat' dir='ltr'><strong>ad</strong></span> <span class='ocrx_word' id='word_1_52' title='bbox 1138 851 1502 907; x_wconf 86' lang='lat' dir='ltr'><strong>ecclesiastica</strong></span> <span class='ocrx_word' id='word_1_53' title='bbox 1534 852 1827 906; x_wconf 86' lang='lat' dir='ltr'><strong>constituta</strong></span> 
     </span>
    </p>
   </div>
   <div class='ocr_carea' id='block_1_10' title="bbox 231 944 1823 1020">
    <p class='ocr_par' dir='ltr' id='par_1_10' title="bbox 231 944 1823 1020">
     <span class='ocr_line' id='line_1_10' title="bbox 231 944 1823 1020; baseline -0.003 -16"><span class='ocrx_word' id='word_1_54' title='bbox 231 951 528 1020; x_wconf 82' lang='lat' dir='ltr'><strong>pertinent,</strong></span> <span class='ocrx_word' id='word_1_55' title='bbox 570 948 712 1002; x_wconf 83' lang='lat' dir='ltr'><strong>sicut</strong></span> <span class='ocrx_word' id='word_1_56' title='bbox 754 946 804 1002; x_wconf 91' lang='lat' dir='ltr'><strong>in</strong></span> <span class='ocrx_word' id='word_1_57' title='bbox 850 956 1050 1010; x_wconf 89' lang='lat' dir='ltr'><strong>vestra,</strong></span> <span class='ocrx_word' id='word_1_58' title='bbox 1102 945 1352 1015; x_wconf 85' lang='lat' dir='ltr'><strong>leguntur</strong></span> <span class='ocrx_word' id='word_1_59' title='bbox 1402 944 1681 1000; x_wconf 84' lang='lat' dir='ltr'><strong>evidenter</strong></span> <span class='ocrx_word' id='word_1_60' title='bbox 1729 960 1823 1000; x_wconf 88' lang='lat' dir='ltr'><strong>ex-</strong></span> 
     </span>
    </p>
   </div>
   <div class='ocr_carea' id='block_1_11' title="bbox 231 1036 1824 1112">
    <p class='ocr_par' dir='ltr' id='par_1_11' title="bbox 231 1036 1824 1112">
     <span class='ocr_line' id='line_1_11' title="bbox 231 1036 1824 1112; baseline -0.003 -16"><span class='ocrx_word' id='word_1_61' title='bbox 231 1057 439 1112; x_wconf 86' lang='lat' dir='ltr'><strong>pressa.</strong></span> <span class='ocrx_word' id='word_1_62' title='bbox 474 1039 631 1095; x_wconf 88' lang='lat' dir='ltr'><strong>Unde</strong></span> <span class='ocrx_word' id='word_1_63' title='bbox 669 1047 724 1094; x_wconf 91' lang='lat' dir='ltr'><strong>et</strong></span> <span class='ocrx_word' id='word_1_64' title='bbox 767 1053 864 1108; x_wconf 91' lang='lat' dir='ltr'><strong>pro</strong></span> <span class='ocrx_word' id='word_1_65' title='bbox 891 1047 1074 1093; x_wconf 89' lang='lat' dir='ltr'><strong>nostra</strong></span> <span class='ocrx_word' id='word_1_66' title='bbox 1105 1036 1493 1101; x_wconf 90' lang='lat' dir='ltr'><strong>sollicitudine,</strong></span> <span class='ocrx_word' id='word_1_67' title='bbox 1523 1046 1576 1090; x_wconf 90' lang='lat' dir='ltr'><strong>et</strong></span> <span class='ocrx_word' id='word_1_68' title='bbox 1607 1036 1824 1091; x_wconf 92' lang='lat' dir='ltr'><strong>illorum</strong></span> 
     </span>
    </p>
   </div>
   <div class='ocr_carea' id='block_1_12' title="bbox 229 1128 1822 1202">
    <p class='ocr_par' dir='ltr' id='par_1_12' title="bbox 229 1128 1822 1202">
     <span class='ocr_line' id='line_1_12' title="bbox 229 1128 1822 1202; baseline -0.004 -14"><span class='ocrx_word' id='word_1_69' title='bbox 229 1134 434 1202; x_wconf 87' lang='lat' dir='ltr'><strong>integra</strong></span> <span class='ocrx_word' id='word_1_70' title='bbox 456 1133 741 1188; x_wconf 84' lang='lat' dir='ltr'><strong>nobiscum</strong></span> <span class='ocrx_word' id='word_1_71' title='bbox 770 1131 1176 1200; x_wconf 84' lang='lat' dir='ltr'><strong>conjunctione,</strong></span> <span class='ocrx_word' id='word_1_72' title='bbox 1197 1139 1222 1167; x_wconf 80' lang='grc' dir='ltr'><strong>ι</strong></span> <span class='ocrx_word' id='word_1_73' title='bbox 1244 1129 1481 1185; x_wconf 86' lang='lat' dir='ltr'><strong>libellum</strong></span> <span class='ocrx_word' id='word_1_74' title='bbox 1506 1128 1822 1192; x_wconf 84' lang='lat' dir='ltr'><strong>direximus,</strong></span> 
     </span>
    </p>
   </div>
   <div class='ocr_carea' id='block_1_13' title="bbox 229 1208 1827 1296">
    <p class='ocr_par' dir='ltr' id='par_1_13' title="bbox 229 1208 1827 1296">
     <span class='ocr_line' id='line_1_13' title="bbox 229 1208 1827 1296; baseline -0.003 -15"><span class='ocrx_word' id='word_1_75' title='bbox 229 1227 278 1281; x_wconf 87' lang='lat' dir='ltr'><strong>in</strong></span> <span class='ocrx_word' id='word_1_76' title='bbox 310 1240 420 1296; x_wconf 90' lang='lat' dir='ltr'><strong>quo</strong></span> <span class='ocrx_word' id='word_1_77' title='bbox 446 1240 544 1280; x_wconf 90' lang='lat' dir='ltr'><strong>eos</strong></span> <span class='ocrx_word' id='word_1_78' title='bbox 574 1208 789 1293; x_wconf 82' lang='lat' dir='ltr'><strong>oportet</strong></span> <span class='ocrx_word' id='word_1_79' title='bbox 817 1223 1015 1278; x_wconf 90' lang='lat' dir='ltr'><strong>debere</strong></span> <span class='ocrx_word' id='word_1_80' title='bbox 1041 1221 1540 1292; x_wconf 88' lang='lat' dir='ltr'><strong>subscribere,quia</strong></span> <span class='ocrx_word' id='word_1_81' title='bbox 1560 1230 1611 1276; x_wconf 91' lang='lat' dir='ltr'><strong>et</strong></span> <span class='ocrx_word' id='word_1_82' title='bbox 1637 1235 1827 1276; x_wconf 89' lang='lat' dir='ltr'><strong>omnes</strong></span> 
     </span>
    </p>
   </div>
   <div class='ocr_carea' id='block_1_14' title="bbox 228 1314 1827 1387">
    <p class='ocr_par' dir='ltr' id='par_1_14' title="bbox 228 1314 1827 1387">
     <span class='ocr_line' id='line_1_14' title="bbox 228 1314 1827 1387; baseline -0.004 -13"><span class='ocrx_word' id='word_1_83' title='bbox 228 1321 546 1374; x_wconf 77' lang='lat' dir='ltr'><strong>sacerdotes</strong></span> <span class='ocrx_word' id='word_1_84' title='bbox 569 1324 871 1372; x_wconf 82' lang='lat' dir='ltr'><strong>vestrarum</strong></span> <span class='ocrx_word' id='word_1_85' title='bbox 905 1316 1156 1387; x_wconf 82' lang='lat' dir='ltr'><strong>partium,</strong></span> <span class='ocrx_word' id='word_1_86' title='bbox 1198 1314 1288 1385; x_wconf 88' lang='lat' dir='ltr'><strong>qui</strong></span> <span class='ocrx_word' id='word_1_87' title='bbox 1328 1314 1393 1368; x_wconf 90' lang='lat' dir='ltr'><strong>ad</strong></span> <span class='ocrx_word' id='word_1_88' title='bbox 1426 1314 1568 1368; x_wconf 88' lang='lat' dir='ltr'><strong>sedis</strong></span> <span class='ocrx_word' id='word_1_89' title='bbox 1609 1324 1827 1383; x_wconf 82' lang='lat' dir='ltr'><strong>aposto-</strong></span> 
     </span>
    </p>
   </div>
   <div class='ocr_carea' id='block_1_15' title="bbox 230 1404 1826 1476">
    <p class='ocr_par' dir='ltr' id='par_1_15' title="bbox 230 1404 1826 1476">
     <span class='ocr_line' id='line_1_15' title="bbox 230 1404 1826 1476; baseline -0.003 -11"><span class='ocrx_word' id='word_1_90' title='bbox 230 1410 346 1465; x_wconf 76' lang='lat' dir='ltr'><strong>lica:</strong></span> <span class='ocrx_word' id='word_1_91' title='bbox 389 1408 831 1464; x_wconf 89' lang='lat' dir='ltr'><strong>communionem</strong></span> <span class='ocrx_word' id='word_1_92' title='bbox 859 1405 1072 1476; x_wconf 61' lang='lat' dir='ltr'><strong>frcversi</strong></span> <span class='ocrx_word' id='word_1_93' title='bbox 1119 1415 1261 1472; x_wconf 86' lang='lat' dir='ltr'><strong>sunt,</strong></span> <span class='ocrx_word' id='word_1_94' title='bbox 1298 1406 1349 1460; x_wconf 93' lang='lat' dir='ltr'><strong>in</strong></span> <span class='ocrx_word' id='word_1_95' title='bbox 1378 1405 1564 1460; x_wconf 91' lang='lat' dir='ltr'><strong>eadem</strong></span> <span class='ocrx_word' id='word_1_96' title='bbox 1615 1404 1826 1474; x_wconf 82' lang='lat' dir='ltr'><strong>proles-</strong></span> 
     </span>
    </p>
   </div>
   <div class='ocr_carea' id='block_1_16' title="bbox 228 1497 1826 1570">
    <p class='ocr_par' dir='ltr' id='par_1_16' title="bbox 228 1497 1826 1570">
     <span class='ocr_line' id='line_1_16' title="bbox 228 1497 1826 1570; baseline -0.006 -11"><span class='ocrx_word' id='word_1_97' title='bbox 228 1506 379 1559; x_wconf 81' lang='lat' dir='ltr'><strong>sione</strong></span> <span class='ocrx_word' id='word_1_98' title='bbox 401 1503 864 1570; x_wconf 55' lang='lat' dir='ltr'><strong>stbscripserunt.</strong></span> <span class='ocrx_word' id='word_1_99' title='bbox 894 1500 996 1554; x_wconf 90' lang='lat' dir='ltr'><strong>lsta</strong></span> <span class='ocrx_word' id='word_1_100' title='bbox 1025 1499 1244 1565; x_wconf 89' lang='lat' dir='ltr'><strong>caritas,</strong></span> <span class='ocrx_word' id='word_1_101' title='bbox 1273 1499 1369 1553; x_wconf 89' lang='lat' dir='ltr'><strong>ista</strong></span> <span class='ocrx_word' id='word_1_102' title='bbox 1399 1497 1700 1553; x_wconf 89' lang='lat' dir='ltr'><strong>communis</strong></span> <span class='ocrx_word' id='word_1_103' title='bbox 1739 1512 1826 1551; x_wconf 54' lang='lat' dir='ltr'><strong>sa.</strong></span> 
     </span>
    </p>
   </div>
   <div class='ocr_carea' id='block_1_17' title="bbox 229 1590 1826 1665">
    <p class='ocr_par' dir='ltr' id='par_1_17' title="bbox 229 1590 1826 1665">
     <span class='ocr_line' id='line_1_17' title="bbox 229 1590 1826 1665; baseline -0.005 -11"><span class='ocrx_word' id='word_1_104' title='bbox 229 1600 351 1654; x_wconf 70' lang='lat' dir='ltr'><strong>Iutis</strong></span> <span class='ocrx_word' id='word_1_105' title='bbox 378 1598 639 1652; x_wconf 69' lang='lat' dir='ltr'><strong>excitavit</strong></span> <span class='ocrx_word' id='word_1_106' title='bbox 678 1595 922 1659; x_wconf 86' lang='lat' dir='ltr'><strong>ambitio,</strong></span> <span class='ocrx_word' id='word_1_107' title='bbox 958 1593 1100 1665; x_wconf 87' lang='lat' dir='ltr'><strong>quod</strong></span> <span class='ocrx_word' id='word_1_108' title='bbox 1153 1592 1315 1648; x_wconf 85' lang='lat' dir='ltr'><strong>credo</strong></span> <span class='ocrx_word' id='word_1_109' title='bbox 1343 1600 1399 1646; x_wconf 91' lang='lat' dir='ltr'><strong>et</strong></span> <span class='ocrx_word' id='word_1_110' title='bbox 1428 1590 1826 1646; x_wconf 81' lang='lat' dir='ltr'><strong>fraternitatem</strong></span> 
     </span>
    </p>
   </div>
   <div class='ocr_carea' id='block_1_18' title="bbox 229 1687 1821 1763">
    <p class='ocr_par' dir='ltr' id='par_1_18' title="bbox 229 1687 1821 1763">
     <span class='ocr_line' id='line_1_18' title="bbox 229 1687 1821 1763; baseline -0.008 -12"><span class='ocrx_word' id='word_1_111' title='bbox 229 1707 464 1751; x_wconf 77' lang='lat' dir='ltr'><strong>vestram</strong></span> <span class='ocrx_word' id='word_1_112' title='bbox 498 1703 774 1763; x_wconf 80' lang='lat' dir='ltr'><strong>gratanter</strong></span> <span class='ocrx_word' id='word_1_113' title='bbox 814 1691 1077 1760; x_wconf 86' lang='lat' dir='ltr'><strong>accipere,</strong></span> <span class='ocrx_word' id='word_1_114' title='bbox 1119 1689 1241 1758; x_wconf 84' lang='lat' dir='ltr'><strong>quia</strong></span> <span class='ocrx_word' id='word_1_115' title='bbox 1296 1687 1383 1741; x_wconf 92' lang='lat' dir='ltr'><strong>ubi</strong></span> <span class='ocrx_word' id='word_1_116' title='bbox 1421 1688 1489 1741; x_wconf 92' lang='lat' dir='ltr'><strong>de</strong></span> <span class='ocrx_word' id='word_1_117' title='bbox 1521 1687 1821 1741; x_wconf 90' lang='lat' dir='ltr'><strong>animarum</strong></span> 
     </span>
    </p>
   </div>
   <div class='ocr_carea' id='block_1_19' title="bbox 229 1780 1905 1858">
    <p class='ocr_par' dir='ltr' id='par_1_19' title="bbox 229 1780 1905 1858">
     <span class='ocr_line' id='line_1_19' title="bbox 229 1780 1905 1858; baseline -0.003 -12"><span class='ocrx_word' id='word_1_118' title='bbox 229 1793 400 1846; x_wconf 78' lang='lat' dir='ltr'><strong>salute</strong></span> <span class='ocrx_word' id='word_1_119' title='bbox 450 1804 538 1843; x_wconf 86' lang='lat' dir='ltr'><strong>res</strong></span> <span class='ocrx_word' id='word_1_120' title='bbox 589 1790 798 1858; x_wconf 87' lang='lat' dir='ltr'><strong>agitur,</strong></span> <span class='ocrx_word' id='word_1_121' title='bbox 848 1785 1012 1842; x_wconf 85' lang='lat' dir='ltr'><strong>studii</strong></span> <span class='ocrx_word' id='word_1_122' title='bbox 1065 1785 1139 1840; x_wconf 95' lang='lat' dir='ltr'><strong>tui</strong></span> <span class='ocrx_word' id='word_1_123' title='bbox 1187 1785 1268 1838; x_wconf 88' lang='lat' dir='ltr'><strong>vel</strong></span> <span class='ocrx_word' id='word_1_124' title='bbox 1312 1783 1626 1838; x_wconf 86' lang='lat' dir='ltr'><strong>intentionis</strong></span> <span class='ocrx_word' id='word_1_125' title='bbox 1657 1783 1822 1838; x_wconf 85' lang='lat' dir='ltr'><strong>debes</strong></span> <span class='ocrx_word' id='word_1_126' title='bbox 1855 1780 1905 1841; x_wconf 88' lang='lat' dir='ltr'><strong>B</strong></span> 
     </span>
    </p>
   </div>
   <div class='ocr_carea' id='block_1_20' title="bbox 229 1877 1825 1949">
    <p class='ocr_par' dir='ltr' id='par_1_20' title="bbox 229 1877 1825 1949">
     <span class='ocr_line' id='line_1_20' title="bbox 229 1877 1825 1949; baseline -0.004 -10"><span class='ocrx_word' id='word_1_127' title='bbox 229 1898 448 1949; x_wconf 50' lang='lat' dir='ltr'><strong>cperant</strong></span> <span class='ocrx_word' id='word_1_128' title='bbox 480 1879 848 1945; x_wconf 76' lang='lat' dir='ltr'><strong>commodare,</strong></span> <span class='ocrx_word' id='word_1_129' title='bbox 878 1889 936 1934; x_wconf 90' lang='lat' dir='ltr'><strong>ut</strong></span> <span class='ocrx_word' id='word_1_130' title='bbox 963 1878 1332 1934; x_wconf 90' lang='lat' dir='ltr'><strong>antecedendo</strong></span> <span class='ocrx_word' id='word_1_131' title='bbox 1363 1877 1592 1932; x_wconf 86' lang='lat' dir='ltr'><strong>fructum</strong></span> <span class='ocrx_word' id='word_1_132' title='bbox 1635 1877 1701 1932; x_wconf 91' lang='lat' dir='ltr'><strong>de</strong></span> <span class='ocrx_word' id='word_1_133' title='bbox 1734 1877 1825 1933; x_wconf 90' lang='lat' dir='ltr'><strong>tali</strong></span> 
     </span>
    </p>
   </div>
   <div class='ocr_carea' id='block_1_21' title="bbox 231 1972 1827 2045">
    <p class='ocr_par' dir='ltr' id='par_1_21' title="bbox 231 1972 1827 2045">
     <span class='ocr_line' id='line_1_21' title="bbox 231 1972 1827 2045; baseline -0.003 -15"><span class='ocrx_word' id='word_1_134' title='bbox 231 1975 406 2045; x_wconf 86' lang='lat' dir='ltr'><strong>possis</strong></span> <span class='ocrx_word' id='word_1_135' title='bbox 439 1974 596 2029; x_wconf 86' lang='lat' dir='ltr'><strong>laude</strong></span> <span class='ocrx_word' id='word_1_136' title='bbox 623 1975 919 2042; x_wconf 86' lang='lat' dir='ltr'><strong>percipere.</strong></span> <span class='ocrx_word' id='word_1_137' title='bbox 946 1973 1222 2027; x_wconf 87' lang='lat' dir='ltr'><strong>Pulionem</strong></span> <span class='ocrx_word' id='word_1_138' title='bbox 1253 1972 1565 2043; x_wconf 63' lang='lat' dir='ltr'><strong>pradictum</strong></span> <span class='ocrx_word' id='word_1_139' title='bbox 1599 1988 1722 2028; x_wconf 92' lang='lat' dir='ltr'><strong>cum</strong></span> <span class='ocrx_word' id='word_1_140' title='bbox 1745 1987 1827 2027; x_wconf 87' lang='lat' dir='ltr'><strong>re-</strong></span> 
     </span>
    </p>
   </div>
   <div class='ocr_carea' id='block_1_22' title="bbox 229 2065 1827 2136">
    <p class='ocr_par' dir='ltr' id='par_1_22' title="bbox 229 2065 1827 2136">
     <span class='ocr_line' id='line_1_22' title="bbox 229 2065 1827 2136; baseline 0 -14"><span class='ocrx_word' id='word_1_141' title='bbox 229 2066 441 2136; x_wconf 79' lang='lat' dir='ltr'><strong>scriptis</strong></span> <span class='ocrx_word' id='word_1_142' title='bbox 488 2066 730 2121; x_wconf 88' lang='lat' dir='ltr'><strong>caritatis</strong></span> <span class='ocrx_word' id='word_1_143' title='bbox 770 2074 964 2122; x_wconf 82' lang='lat' dir='ltr'><strong>vestrae</strong></span> <span class='ocrx_word' id='word_1_144' title='bbox 1013 2065 1078 2119; x_wconf 91' lang='lat' dir='ltr'><strong>ad</strong></span> <span class='ocrx_word' id='word_1_145' title='bbox 1126 2081 1248 2133; x_wconf 93' lang='lat' dir='ltr'><strong>nos,</strong></span> <span class='ocrx_word' id='word_1_146' title='bbox 1287 2065 1506 2133; x_wconf 89' lang='lat' dir='ltr'><strong>juvante</strong></span> <span class='ocrx_word' id='word_1_147' title='bbox 1551 2065 1682 2132; x_wconf 91' lang='lat' dir='ltr'><strong>Deo,</strong></span> <span class='ocrx_word' id='word_1_148' title='bbox 1725 2067 1827 2122; x_wconf 90' lang='lat' dir='ltr'><strong>sub</strong></span> 
     </span>
    </p>
   </div>
   <div class='ocr_carea' id='block_1_23' title="bbox 229 2157 1825 2226">
    <p class='ocr_par' dir='ltr' id='par_1_23' title="bbox 229 2157 1825 2226">
     <span class='ocr_line' id='line_1_23' title="bbox 229 2157 1825 2226; baseline 0 -13"><span class='ocrx_word' id='word_1_149' title='bbox 229 2159 508 2213; x_wconf 80' lang='lat' dir='ltr'><strong>celeritate</strong></span> <span class='ocrx_word' id='word_1_150' title='bbox 554 2157 829 2222; x_wconf 87' lang='lat' dir='ltr'><strong>remittite,</strong></span> <span class='ocrx_word' id='word_1_151' title='bbox 886 2166 1151 2226; x_wconf 86' lang='lat' dir='ltr'><strong>quatenus</strong></span> <span class='ocrx_word' id='word_1_152' title='bbox 1194 2157 1462 2212; x_wconf 89' lang='lat' dir='ltr'><strong>desideria</strong></span> <span class='ocrx_word' id='word_1_153' title='bbox 1507 2167 1688 2212; x_wconf 91' lang='lat' dir='ltr'><strong>nostra</strong></span> <span class='ocrx_word' id='word_1_154' title='bbox 1733 2159 1825 2214; x_wconf 83' lang='lat' dir='ltr'><strong>ditt</strong></span> 
     </span>
    </p>
   </div>
   <div class='ocr_carea' id='block_1_24' title="bbox 230 2250 1822 2320">
    <p class='ocr_par' dir='ltr' id='par_1_24' title="bbox 230 2250 1822 2320">
     <span class='ocr_line' id='line_1_24' title="bbox 230 2250 1822 2320; baseline 0.002 -15"><span class='ocrx_word' id='word_1_155' title='bbox 230 2266 495 2319; x_wconf 87' lang='lat' dir='ltr'><strong>suspensa</strong></span> <span class='ocrx_word' id='word_1_156' title='bbox 537 2266 657 2304; x_wconf 83' lang='lat' dir='ltr'><strong>esse</strong></span> <span class='ocrx_word' id='word_1_157' title='bbox 703 2265 808 2305; x_wconf 89' lang='lat' dir='ltr'><strong>non</strong></span> <span class='ocrx_word' id='word_1_158' title='bbox 856 2250 1083 2320; x_wconf 90' lang='lat' dir='ltr'><strong>possint.</strong></span> <span class='ocrx_word' id='word_1_159' title='bbox 1118 2250 1247 2305; x_wconf 87' lang='lat' dir='ltr'><strong>Data</strong></span> <span class='ocrx_word' id='word_1_160' title='bbox 1289 2266 1382 2306; x_wconf 87' lang='lat' dir='ltr'><strong>xttt</strong></span> <span class='ocrx_word' id='word_1_161' title='bbox 1428 2251 1532 2306; x_wconf 90' lang='lat' dir='ltr'><strong>cal.</strong></span> <span class='ocrx_word' id='word_1_162' title='bbox 1567 2252 1822 2308; x_wconf 87' lang='lat' dir='ltr'><strong>Decemb.</strong></span> 
     </span>
    </p>
   </div>
   <div class='ocr_carea' id='block_1_25' title="bbox 232 2343 1828 2413">
    <p class='ocr_par' dir='ltr' id='par_1_25' title="bbox 232 2343 1828 2413">
     <span class='ocr_line' id='line_1_25' title="bbox 232 2343 1828 2413; baseline 0.001 -16"><span class='ocrx_word' id='word_1_163' title='bbox 232 2344 404 2413; x_wconf 89' lang='lat' dir='ltr'><strong>(anno</strong></span> <span class='ocrx_word' id='word_1_164' title='bbox 464 2343 675 2398; x_wconf 87' lang='lat' dir='ltr'><strong>Domini</strong></span> <span class='ocrx_word' id='word_1_165' title='bbox 729 2343 892 2412; x_wconf 67' lang='lat'><strong>516),</strong></span> <span class='ocrx_word' id='word_1_166' title='bbox 955 2343 1114 2399; x_wconf 89' lang='lat' dir='ltr'><strong>Petro</strong></span> <span class='ocrx_word' id='word_1_167' title='bbox 1166 2343 1286 2398; x_wconf 90' lang='lat' dir='ltr'><strong>viro</strong></span> <span class='ocrx_word' id='word_1_168' title='bbox 1340 2343 1645 2400; x_wconf 90' lang='lat' dir='ltr'><strong>clarissimo</strong></span> <span class='ocrx_word' id='word_1_169' title='bbox 1693 2358 1828 2399; x_wconf 89' lang='lat' dir='ltr'><strong>con-</strong></span> 
     </span>
    </p>
   </div>
   <div class='ocr_carea' id='block_1_26' title="bbox 231 2437 1356 2490">
    <p class='ocr_par' dir='ltr' id='par_1_26' title="bbox 231 2437 1356 2490">
     <span class='ocr_line' id='line_1_26' title="bbox 231 2437 1356 2490; baseline 0 -2"><span class='ocrx_word' id='word_1_170' title='bbox 231 2437 364 2490; x_wconf 53' lang='lat' dir='ltr'><strong>su’e.</strong></span> <span class='ocrx_word' id='word_1_171' title='bbox 1353 2445 1356 2450; x_wconf 86' lang='lat'>‘</span> 
     </span>
    </p>
   </div>
   <div class='ocr_carea' id='block_1_27' title="bbox 759 2526 1292 2586">
    <p class='ocr_par' dir='ltr' id='par_1_27' title="bbox 759 2526 1292 2586">
     <span class='ocr_line' id='line_1_27' title="bbox 759 2526 1292 2586; baseline 0.009 -5"><span class='ocrx_word' id='word_1_172' title='bbox 759 2526 1044 2585; x_wconf 80' lang='lat' dir='ltr'><strong>REGULA</strong></span> <span class='ocrx_word' id='word_1_173' title='bbox 1087 2529 1292 2586; x_wconf 82' lang='lat' dir='ltr'><strong>FIDEI.</strong></span> 
     </span>
    </p>
   </div>
   <div class='ocr_carea' id='block_1_28' title="bbox 301 2622 1824 2692">
    <p class='ocr_par' dir='ltr' id='par_1_28' title="bbox 301 2622 1824 2692">
     <span class='ocr_line' id='line_1_28' title="bbox 301 2622 1824 2692; baseline 0.002 -16"><span class='ocrx_word' id='word_1_174' title='bbox 301 2623 482 2676; x_wconf 88' lang='lat' dir='ltr'><strong>Prima</strong></span> <span class='ocrx_word' id='word_1_175' title='bbox 511 2622 658 2675; x_wconf 90' lang='lat' dir='ltr'><strong>salus</strong></span> <span class='ocrx_word' id='word_1_176' title='bbox 688 2629 773 2676; x_wconf 93' lang='lat' dir='ltr'><strong>est</strong></span> <span class='ocrx_word' id='word_1_177' title='bbox 794 2624 1032 2692; x_wconf 90' lang='lat' dir='ltr'><strong>regulam</strong></span> <span class='ocrx_word' id='word_1_178' title='bbox 1064 2632 1226 2678; x_wconf 81' lang='lat' dir='ltr'><strong>rectae</strong></span> <span class='ocrx_word' id='word_1_179' title='bbox 1251 2622 1374 2678; x_wconf 88' lang='lat' dir='ltr'><strong>iidei</strong></span> <span class='ocrx_word' id='word_1_180' title='bbox 1397 2623 1691 2690; x_wconf 89' lang='lat' dir='ltr'><strong>custodire,</strong></span> <span class='ocrx_word' id='word_1_181' title='bbox 1717 2633 1769 2679; x_wconf 92' lang='lat' dir='ltr'><strong>et</strong></span> <span class='ocrx_word' id='word_1_182' title='bbox 1796 2638 1824 2679; x_wconf 90' lang='lat' dir='ltr'><strong>a</strong></span> 
     </span>
    </p>
   </div>
   <div class='ocr_carea' id='block_1_29' title="bbox 229 2715 1825 2786">
    <p class='ocr_par' dir='ltr' id='par_1_29' title="bbox 229 2715 1825 2786">
     <span class='ocr_line' id='line_1_29' title="bbox 229 2715 1825 2786; baseline 0.003 -18"><span class='ocrx_word' id='word_1_183' title='bbox 229 2715 540 2770; x_wconf 80' lang='lat' dir='ltr'><strong>constitutis</strong></span> <span class='ocrx_word' id='word_1_184' title='bbox 591 2716 804 2770; x_wconf 82' lang='lat' dir='ltr'><strong>Patrum</strong></span> <span class='ocrx_word' id='word_1_185' title='bbox 855 2716 1162 2771; x_wconf 90' lang='lat' dir='ltr'><strong>nullatenus</strong></span> <span class='ocrx_word' id='word_1_186' title='bbox 1207 2716 1442 2771; x_wconf 84' lang='lat' dir='ltr'><strong>deviare.</strong></span> <span class='ocrx_word' id='word_1_187' title='bbox 1477 2717 1540 2771; x_wconf 83' lang='lat' dir='ltr'><strong>Et</strong></span> <span class='ocrx_word' id='word_1_188' title='bbox 1567 2718 1689 2786; x_wconf 87' lang='lat' dir='ltr'><strong>quia</strong></span> <span class='ocrx_word' id='word_1_189' title='bbox 1721 2732 1825 2773; x_wconf 93' lang='lat' dir='ltr'><strong>non</strong></span> 
     </span>
    </p>
   </div>
   <div class='ocr_carea' id='block_1_30' title="bbox 232 2807 1828 2879">
    <p class='ocr_par' dir='ltr' id='par_1_30' title="bbox 232 2807 1828 2879">
     <span class='ocr_line' id='line_1_30' title="bbox 232 2807 1828 2879; baseline 0.004 -22"><span class='ocrx_word' id='word_1_190' title='bbox 232 2815 407 2879; x_wconf 82' lang='lat' dir='ltr'><strong>potest</strong></span> <span class='ocrx_word' id='word_1_191' title='bbox 454 2807 664 2862; x_wconf 83' lang='lat' dir='ltr'><strong>Domini</strong></span> <span class='ocrx_word' id='word_1_192' title='bbox 725 2809 892 2863; x_wconf 92' lang='lat' dir='ltr'><strong>nostri</strong></span> <span class='ocrx_word' id='word_1_193' title='bbox 925 2808 1050 2862; x_wconf 88' lang='lat' dir='ltr'><strong>Jesu</strong></span> <span class='ocrx_word' id='word_1_194' title='bbox 1079 2808 1279 2863; x_wconf 87' lang='lat' dir='ltr'><strong>Christi</strong></span> <span class='ocrx_word' id='word_1_195' title='bbox 1311 2809 1654 2878; x_wconf 59' lang='lat' dir='ltr'><strong>praetermitti</strong></span> <span class='ocrx_word' id='word_1_196' title='bbox 1701 2826 1828 2864; x_wconf 85' lang='lat' dir='ltr'><strong>sen-</strong></span> 
     </span>
    </p>
   </div>
   <div class='ocr_carea' id='block_1_31' title="bbox 231 2900 1828 2974">
    <p class='ocr_par' dir='ltr' id='par_1_31' title="bbox 231 2900 1828 2974">
     <span class='ocr_line' id='line_1_31' title="bbox 231 2900 1828 2974; baseline 0.001 -18"><span class='ocrx_word' id='word_1_197' title='bbox 231 2903 392 2956; x_wconf 83' lang='lat' dir='ltr'><strong>tentia</strong></span> <span class='ocrx_word' id='word_1_198' title='bbox 449 2901 685 2957; x_wconf 81' lang='lat' dir='ltr'><strong>dicentis</strong></span> <span class='ocrx_word' id='word_1_199' title='bbox 713 2920 725 2956; x_wconf 91' lang='lat'>:</span> <span class='ocrx_word' id='word_1_200' title='bbox 759 2901 836 2956; x_wconf 84' lang='lat' dir='ltr'><strong>Tu</strong></span> <span class='ocrx_word' id='word_1_201' title='bbox 867 2919 917 2955; x_wconf 85' lang='lat' dir='ltr'><strong>es</strong></span> <span class='ocrx_word' id='word_1_202' title='bbox 948 2900 1152 2967; x_wconf 86' lang='lat' dir='ltr'><strong>Petrus,</strong></span> <span class='ocrx_word' id='word_1_203' title='bbox 1187 2912 1232 2956; x_wconf 86' lang='lat' dir='ltr'><strong>et</strong></span> <span class='ocrx_word' id='word_1_204' title='bbox 1260 2920 1410 2972; x_wconf 84' lang='lat' dir='ltr'><strong>super</strong></span> <span class='ocrx_word' id='word_1_205' title='bbox 1457 2903 1590 2956; x_wconf 78' lang='lat' dir='ltr'><strong>hanc</strong></span> <span class='ocrx_word' id='word_1_206' title='bbox 1632 2913 1828 2974; x_wconf 86' lang='lat' dir='ltr'><strong>petram</strong></span> 
     </span>
    </p>
   </div>
   <div class='ocr_carea' id='block_1_32' title="bbox 230 2993 1829 3063">
    <p class='ocr_par' dir='ltr' id='par_1_32' title="bbox 230 2993 1829 3063">
     <span class='ocr_line' id='line_1_32' title="bbox 230 2993 1829 3063; baseline 0.003 -16"><span class='ocrx_word' id='word_1_207' title='bbox 230 2995 497 3058; x_wconf 69' lang='lat' dir='ltr'><strong>wdiﬁcabo</strong></span> <span class='ocrx_word' id='word_1_208' title='bbox 532 2993 814 3048; x_wconf 53' lang='lat' dir='ltr'><strong>Ecclesium</strong></span> <span class='ocrx_word' id='word_1_209' title='bbox 845 3011 1027 3058; x_wconf 87' lang='lat' dir='ltr'><strong>meam,</strong></span> <span class='ocrx_word' id='word_1_210' title='bbox 1059 3005 1190 3059; x_wconf 82' lang='lat' dir='ltr'><strong>etc.,</strong></span> <span class='ocrx_word' id='word_1_211' title='bbox 1220 2994 1335 3049; x_wconf 67' lang='lat' dir='ltr'><strong>hinc</strong></span> <span class='ocrx_word' id='word_1_212' title='bbox 1370 3011 1488 3063; x_wconf 65' lang='lat' dir='ltr'><strong>quae</strong></span> <span class='ocrx_word' id='word_1_213' title='bbox 1526 2995 1664 3050; x_wconf 86' lang='lat' dir='ltr'><strong>dicta</strong></span> <span class='ocrx_word' id='word_1_214' title='bbox 1702 3003 1829 3051; x_wconf 81' lang='lat' dir='ltr'><strong>sunt</strong></span> 
     </span>
    </p>
   </div>
   <div class='ocr_carea' id='block_1_33' title="bbox 231 3088 1824 3158">
    <p class='ocr_par' dir='ltr' id='par_1_33' title="bbox 231 3088 1824 3158">
     <span class='ocr_line' id='line_1_33' title="bbox 231 3088 1824 3158; baseline -0.001 -16"><span class='ocrx_word' id='word_1_215' title='bbox 231 3104 409 3142; x_wconf 76' lang='lat' dir='ltr'><strong>rerum</strong></span> <span class='ocrx_word' id='word_1_216' title='bbox 444 3088 741 3157; x_wconf 74' lang='lat' dir='ltr'><strong>probantur</strong></span> <span class='ocrx_word' id='word_1_217' title='bbox 772 3089 1073 3153; x_wconf 76' lang='lat' dir='ltr'><strong>cil&#39;eCtihus,</strong></span> <span class='ocrx_word' id='word_1_218' title='bbox 1109 3089 1231 3158; x_wconf 86' lang='lat' dir='ltr'><strong>quia</strong></span> <span class='ocrx_word' id='word_1_219' title='bbox 1264 3089 1315 3142; x_wconf 92' lang='lat' dir='ltr'><strong>in</strong></span> <span class='ocrx_word' id='word_1_220' title='bbox 1359 3088 1487 3144; x_wconf 89' lang='lat' dir='ltr'><strong>sede</strong></span> <span class='ocrx_word' id='word_1_221' title='bbox 1531 3089 1824 3158; x_wconf 87' lang='lat' dir='ltr'><strong>apostolica</strong></span> 
     </span>
    </p>
   </div>
   <div class='ocr_carea' id='block_1_34' title="bbox 231 3161 1900 3252">
    <p class='ocr_par' dir='ltr' id='par_1_34' title="bbox 231 3161 1900 3252">
     <span class='ocr_line' id='line_1_34' title="bbox 231 3161 1900 3252; baseline -0.001 -15"><span class='ocrx_word' id='word_1_222' title='bbox 231 3182 571 3238; x_wconf 85' lang='lat' dir='ltr'><strong>immaculata</strong></span> <span class='ocrx_word' id='word_1_223' title='bbox 604 3193 685 3236; x_wconf 92' lang='lat' dir='ltr'><strong>est</strong></span> <span class='ocrx_word' id='word_1_224' title='bbox 708 3197 923 3252; x_wconf 88' lang='lat' dir='ltr'><strong>semper</strong></span> <span class='ocrx_word' id='word_1_225' title='bbox 951 3191 1166 3236; x_wconf 90' lang='lat' dir='ltr'><strong>servata</strong></span> <span class='ocrx_word' id='word_1_226' title='bbox 1201 3181 1410 3251; x_wconf 82' lang='lat' dir='ltr'><strong>religio.</strong></span> <span class='ocrx_word' id='word_1_227' title='bbox 1457 3181 1535 3236; x_wconf 80' lang='lat' dir='ltr'><strong>Ab</strong></span> <span class='ocrx_word' id='word_1_228' title='bbox 1568 3181 1666 3236; x_wconf 91' lang='lat' dir='ltr'><strong>hac</strong></span> <span class='ocrx_word' id='word_1_229' title='bbox 1697 3196 1826 3252; x_wconf 81' lang='lat' dir='ltr'><strong>ergo</strong></span> <span class='ocrx_word' id='word_1_230' title='bbox 1852 3161 1900 3225; x_wconf 68' lang='grc' dir='ltr'>ο</span> 
     </span>
    </p>
   </div>
   <div class='ocr_carea' id='block_1_35' title="bbox 231 3271 1829 3343">
    <p class='ocr_par' dir='ltr' id='par_1_35' title="bbox 231 3271 1829 3343">
     <span class='ocr_line' id='line_1_35' title="bbox 231 3271 1829 3343; baseline 0.001 -15"><span class='ocrx_word' id='word_1_231' title='bbox 231 3291 322 3343; x_wconf 81' lang='lat' dir='ltr'><strong>spe</strong></span> <span class='ocrx_word' id='word_1_232' title='bbox 354 3287 406 3330; x_wconf 87' lang='lat' dir='ltr'><strong>et</strong></span> <span class='ocrx_word' id='word_1_233' title='bbox 434 3275 541 3328; x_wconf 87' lang='lat' dir='ltr'><strong>lide</strong></span> <span class='ocrx_word' id='word_1_234' title='bbox 564 3274 804 3343; x_wconf 86' lang='lat' dir='ltr'><strong>separari</strong></span> <span class='ocrx_word' id='word_1_235' title='bbox 836 3273 1054 3328; x_wconf 91' lang='lat' dir='ltr'><strong>minime</strong></span> <span class='ocrx_word' id='word_1_236' title='bbox 1084 3273 1386 3341; x_wconf 87' lang='lat' dir='ltr'><strong>cupientes,</strong></span> <span class='ocrx_word' id='word_1_237' title='bbox 1419 3281 1472 3327; x_wconf 90' lang='lat' dir='ltr'><strong>et</strong></span> <span class='ocrx_word' id='word_1_238' title='bbox 1504 3271 1718 3327; x_wconf 85' lang='lat' dir='ltr'><strong>Patrum</strong></span> <span class='ocrx_word' id='word_1_239' title='bbox 1747 3288 1829 3330; x_wconf 84' lang='lat' dir='ltr'><strong>se-</strong></span> 
     </span>
    </p>
   </div>
   <div class='ocr_carea' id='block_1_36' title="bbox 230 3366 1828 3436">
    <p class='ocr_par' dir='ltr' id='par_1_36' title="bbox 230 3366 1828 3436">
     <span class='ocr_line' id='line_1_36' title="bbox 230 3366 1828 3436; baseline 0.003 -17"><span class='ocrx_word' id='word_1_240' title='bbox 230 3376 456 3436; x_wconf 82' lang='lat' dir='ltr'><strong>quentes</strong></span> <span class='ocrx_word' id='word_1_241' title='bbox 511 3369 563 3420; x_wconf 94' lang='lat' dir='ltr'><strong>in</strong></span> <span class='ocrx_word' id='word_1_242' title='bbox 614 3367 865 3421; x_wconf 89' lang='lat' dir='ltr'><strong>omnibus</strong></span> <span class='ocrx_word' id='word_1_243' title='bbox 923 3366 1251 3436; x_wconf 75' lang='lat' dir='ltr'><strong>constituta,</strong></span> <span class='ocrx_word' id='word_1_244' title='bbox 1309 3368 1828 3423; x_wconf 82' lang='lat' dir='ltr'><strong>anathematizamus</strong></span> 
     </span>
    </p>
   </div>
   <div class='ocr_carea' id='block_1_37' title="bbox 230 3459 1825 3529">
    <p class='ocr_par' dir='ltr' id='par_1_37' title="bbox 230 3459 1825 3529">
     <span class='ocr_line' id='line_1_37' title="bbox 230 3459 1825 3529; baseline 0.001 -15"><span class='ocrx_word' id='word_1_245' title='bbox 230 3476 418 3515; x_wconf 92' lang='lat' dir='ltr'><strong>omnes</strong></span> <span class='ocrx_word' id='word_1_246' title='bbox 470 3461 777 3528; x_wconf 70' lang='lat' dir='ltr'><strong>haereticos,</strong></span> <span class='ocrx_word' id='word_1_247' title='bbox 830 3460 1100 3529; x_wconf 62' lang='lat' dir='ltr'><strong>praecipue</strong></span> <span class='ocrx_word' id='word_1_248' title='bbox 1139 3459 1442 3514; x_wconf 85' lang='lat' dir='ltr'><strong>Nestorium</strong></span> <span class='ocrx_word' id='word_1_249' title='bbox 1490 3463 1825 3527; x_wconf 66' lang='lat' dir='ltr'><strong>haereticum,</strong></span> 
     </span>
    </p>
   </div>
   <div class='ocr_carea' id='block_1_38' title="bbox 229 3554 1830 3627">
    <p class='ocr_par' dir='ltr' id='par_1_38' title="bbox 229 3554 1830 3627">
     <span class='ocr_line' id='line_1_38' title="bbox 229 3554 1830 3627; baseline 0.006 -23"><span class='ocrx_word' id='word_1_250' title='bbox 229 3556 316 3622; x_wconf 89' lang='lat' dir='ltr'><strong>qui</strong></span> <span class='ocrx_word' id='word_1_251' title='bbox 347 3554 625 3624; x_wconf 88' lang='lat' dir='ltr'><strong>quondam</strong></span> <span class='ocrx_word' id='word_1_252' title='bbox 672 3554 1284 3623; x_wconf 62' lang='lat' dir='ltr'><strong>Constantinopolitanae</strong></span> <span class='ocrx_word' id='word_1_253' title='bbox 1313 3555 1409 3609; x_wconf 82' lang='lat' dir='ltr'><strong>luit</strong></span> <span class='ocrx_word' id='word_1_254' title='bbox 1443 3556 1590 3611; x_wconf 90' lang='lat' dir='ltr'><strong>urbis</strong></span> <span class='ocrx_word' id='word_1_255' title='bbox 1619 3557 1830 3627; x_wconf 66' lang='lat' dir='ltr'><strong>episco«</strong></span> 
     </span>
    </p>
   </div>
   <div class='ocr_carea' id='block_1_39' title="bbox 226 3645 1827 3720">
    <p class='ocr_par' dir='ltr' id='par_1_39' title="bbox 226 3645 1827 3720">
     <span class='ocr_line' id='line_1_39' title="bbox 226 3645 1827 3720; baseline 0.006 -24"><span class='ocrx_word' id='word_1_256' title='bbox 226 3659 347 3715; x_wconf 87' lang='lat' dir='ltr'><strong>pus,</strong></span> <span class='ocrx_word' id='word_1_257' title='bbox 372 3646 663 3700; x_wconf 84' lang='lat' dir='ltr'><strong>damnatus</strong></span> <span class='ocrx_word' id='word_1_258' title='bbox 693 3647 744 3700; x_wconf 91' lang='lat' dir='ltr'><strong>in</strong></span> <span class='ocrx_word' id='word_1_259' title='bbox 773 3646 1004 3701; x_wconf 91' lang='lat' dir='ltr'><strong>concilio</strong></span> <span class='ocrx_word' id='word_1_260' title='bbox 1037 3645 1355 3717; x_wconf 85' lang='lat' dir='ltr'><strong>Ephesinoa</strong></span> <span class='ocrx_word' id='word_1_261' title='bbox 1373 3648 1670 3703; x_wconf 68' lang='lat' dir='ltr'><strong>Caelestino</strong></span> <span class='ocrx_word' id='word_1_262' title='bbox 1694 3665 1827 3720; x_wconf 87' lang='lat' dir='ltr'><strong>papa</strong></span> 
     </span>
    </p>
   </div>
   <div class='ocr_carea' id='block_1_40' title="bbox 227 3737 1830 3808">
    <p class='ocr_par' dir='ltr' id='par_1_40' title="bbox 227 3737 1830 3808">
     <span class='ocr_line' id='line_1_40' title="bbox 227 3737 1830 3808; baseline 0.004 -16"><span class='ocrx_word' id='word_1_263' title='bbox 227 3740 372 3792; x_wconf 87' lang='lat' dir='ltr'><strong>urbis</strong></span> <span class='ocrx_word' id='word_1_264' title='bbox 397 3738 612 3803; x_wconf 68' lang='lat' dir='ltr'><strong>Romae,</strong></span> <span class='ocrx_word' id='word_1_265' title='bbox 635 3748 690 3791; x_wconf 93' lang='lat' dir='ltr'><strong>et</strong></span> <span class='ocrx_word' id='word_1_266' title='bbox 710 3753 739 3790; x_wconf 89' lang='lat' dir='ltr'><strong>a</strong></span> <span class='ocrx_word' id='word_1_267' title='bbox 761 3749 948 3794; x_wconf 85' lang='lat' dir='ltr'><strong>saneto</strong></span> <span class='ocrx_word' id='word_1_268' title='bbox 965 3737 1167 3808; x_wconf 84' lang='lat' dir='ltr'><strong>Cyrillo</strong></span> <span class='ocrx_word' id='word_1_269' title='bbox 1191 3739 1568 3796; x_wconf 73' lang='lat' dir='ltr'><strong>Alexandrina:</strong></span> <span class='ocrx_word' id='word_1_270' title='bbox 1595 3743 1830 3800; x_wconf 81' lang='lat' dir='ltr'><strong>civitatis</strong></span> 
     </span>
    </p>
   </div>
   <div class='ocr_carea' id='block_1_41' title="bbox 227 3827 1826 3904">
    <p class='ocr_par' dir='ltr' id='par_1_41' title="bbox 227 3827 1826 3904">
     <span class='ocr_line' id='line_1_41' title="bbox 227 3827 1826 3904; baseline 0.004 -20"><span class='ocrx_word' id='word_1_271' title='bbox 227 3831 495 3885; x_wconf 87' lang='lat' dir='ltr'><strong>antistite.</strong></span> <span class='ocrx_word' id='word_1_272' title='bbox 544 3827 659 3884; x_wconf 89' lang='lat' dir='ltr'><strong>Una</strong></span> <span class='ocrx_word' id='word_1_273' title='bbox 690 3844 810 3884; x_wconf 90' lang='lat' dir='ltr'><strong>cum</strong></span> <span class='ocrx_word' id='word_1_274' title='bbox 842 3830 962 3898; x_wconf 90' lang='lat' dir='ltr'><strong>ipso</strong></span> <span class='ocrx_word' id='word_1_275' title='bbox 991 3831 1508 3888; x_wconf 86' lang='lat' dir='ltr'><strong>anathematizantes</strong></span> <span class='ocrx_word' id='word_1_276' title='bbox 1553 3833 1826 3904; x_wconf 85' lang='lat' dir='ltr'><strong>Eutyche-</strong></span> 
     </span>
    </p>
   </div>
   <div class='ocr_carea' id='block_1_42' title="bbox 227 3921 1826 3996">
    <p class='ocr_par' dir='ltr' id='par_1_42' title="bbox 227 3921 1826 3996">
     <span class='ocr_line' id='line_1_42' title="bbox 227 3921 1826 3996; baseline 0.003 -20"><span class='ocrx_word' id='word_1_277' title='bbox 227 3932 331 3978; x_wconf 90' lang='lat' dir='ltr'><strong>tem</strong></span> <span class='ocrx_word' id='word_1_278' title='bbox 358 3933 415 3978; x_wconf 91' lang='lat' dir='ltr'><strong>et</strong></span> <span class='ocrx_word' id='word_1_279' title='bbox 441 3923 755 3976; x_wconf 91' lang='lat' dir='ltr'><strong>Dioscorum</strong></span> <span class='ocrx_word' id='word_1_280' title='bbox 790 3921 1232 3988; x_wconf 84' lang='lat' dir='ltr'><strong>Alexandrinum,</strong></span> <span class='ocrx_word' id='word_1_281' title='bbox 1276 3923 1329 3978; x_wconf 94' lang='lat' dir='ltr'><strong>in</strong></span> <span class='ocrx_word' id='word_1_282' title='bbox 1375 3938 1560 3979; x_wconf 87' lang='lat' dir='ltr'><strong>sancta</strong></span> <span class='ocrx_word' id='word_1_283' title='bbox 1592 3925 1826 3996; x_wconf 87' lang='lat' dir='ltr'><strong>synodo,</strong></span> 
     </span>
    </p>
   </div>
   <div class='ocr_carea' id='block_1_43' title="bbox 225 4013 1832 4087">
    <p class='ocr_par' dir='ltr' id='par_1_43' title="bbox 225 4013 1832 4087">
     <span class='ocr_line' id='line_1_43' title="bbox 225 4013 1832 4087; baseline 0.002 -17"><span class='ocrx_word' id='word_1_284' title='bbox 225 4032 387 4087; x_wconf 87' lang='lat' dir='ltr'><strong>quam</strong></span> <span class='ocrx_word' id='word_1_285' title='bbox 406 4015 689 4085; x_wconf 90' lang='lat' dir='ltr'><strong>sequimur</strong></span> <span class='ocrx_word' id='word_1_286' title='bbox 711 4023 764 4069; x_wconf 90' lang='lat' dir='ltr'><strong>et</strong></span> <span class='ocrx_word' id='word_1_287' title='bbox 794 4014 1188 4085; x_wconf 87' lang='lat' dir='ltr'><strong>amplectimur,</strong></span> <span class='ocrx_word' id='word_1_288' title='bbox 1217 4013 1651 4073; x_wconf 89' lang='lat' dir='ltr'><strong>Chalcedonensi</strong></span> <span class='ocrx_word' id='word_1_289' title='bbox 1675 4018 1832 4073; x_wconf 90' lang='lat' dir='ltr'><strong>dam-</strong></span> 
     </span>
    </p>
   </div>
   <div class='ocr_carea' id='block_1_44' title="bbox 225 4106 1829 4178">
    <p class='ocr_par' dir='ltr' id='par_1_44' title="bbox 225 4106 1829 4178">
     <span class='ocr_line' id='line_1_44' title="bbox 225 4106 1829 4178; baseline 0.002 -15"><span class='ocrx_word' id='word_1_290' title='bbox 225 4120 407 4164; x_wconf 90' lang='lat' dir='ltr'><strong>natos.</strong></span> <span class='ocrx_word' id='word_1_291' title='bbox 441 4107 538 4162; x_wconf 83' lang='lat' dir='ltr'><strong>His</strong></span> <span class='ocrx_word' id='word_1_292' title='bbox 569 4106 914 4163; x_wconf 86' lang='lat' dir='ltr'><strong>Timotheum</strong></span> <span class='ocrx_word' id='word_1_293' title='bbox 943 4107 1264 4175; x_wconf 89' lang='lat' dir='ltr'><strong>adjicientes</strong></span> <span class='ocrx_word' id='word_1_294' title='bbox 1297 4108 1645 4178; x_wconf 90' lang='lat' dir='ltr'><strong>parricidam,</strong></span> <span class='ocrx_word' id='word_1_295' title='bbox 1675 4111 1829 4166; x_wconf 64' lang='lat' dir='ltr'><strong>Elu-</strong></span> 
     </span>
    </p>
   </div>
   <div class='ocr_carea' id='block_1_45' title="bbox 227 4199 1830 4277">
    <p class='ocr_par' dir='ltr' id='par_1_45' title="bbox 227 4199 1830 4277">
     <span class='ocr_line' id='line_1_45' title="bbox 227 4199 1830 4277; baseline 0.002 -20"><span class='ocrx_word' id='word_1_296' title='bbox 227 4214 344 4257; x_wconf 90' lang='lat' dir='ltr'><strong>rum</strong></span> <span class='ocrx_word' id='word_1_297' title='bbox 378 4209 767 4270; x_wconf 88' lang='lat' dir='ltr'><strong>cognomento,</strong></span> <span class='ocrx_word' id='word_1_298' title='bbox 797 4209 851 4255; x_wconf 92' lang='lat' dir='ltr'><strong>et</strong></span> <span class='ocrx_word' id='word_1_299' title='bbox 879 4199 1201 4270; x_wconf 86' lang='lat' dir='ltr'><strong>discipulum</strong></span> <span class='ocrx_word' id='word_1_300' title='bbox 1246 4215 1460 4272; x_wconf 89' lang='lat' dir='ltr'><strong>quoque</strong></span> <span class='ocrx_word' id='word_1_301' title='bbox 1502 4202 1620 4277; x_wconf 81' lang='lat' dir='ltr'><strong>ejus</strong></span> <span class='ocrx_word' id='word_1_302' title='bbox 1668 4213 1830 4273; x_wconf 90' lang='lat' dir='ltr'><strong>atque</strong></span> 
     </span>
    </p>
   </div>
   <div class='ocr_carea' id='block_1_46' title="bbox 228 4291 1832 4365">
    <p class='ocr_par' dir='ltr' id='par_1_46' title="bbox 228 4291 1832 4365">
     <span class='ocr_line' id='line_1_46' title="bbox 228 4291 1832 4365; baseline 0.004 -20"><span class='ocrx_word' id='word_1_303' title='bbox 228 4306 520 4359; x_wconf 82' lang='lat' dir='ltr'><strong>sequacem</strong></span> <span class='ocrx_word' id='word_1_304' title='bbox 559 4291 799 4360; x_wconf 90' lang='lat' dir='ltr'><strong>Petrum,</strong></span> <span class='ocrx_word' id='word_1_305' title='bbox 835 4292 924 4347; x_wconf 73' lang='lat' dir='ltr'><strong>Vel</strong></span> <span class='ocrx_word' id='word_1_306' title='bbox 956 4293 1237 4362; x_wconf 80' lang='lat' dir='ltr'><strong>Acacium,</strong></span> <span class='ocrx_word' id='word_1_307' title='bbox 1267 4293 1359 4365; x_wconf 91' lang='lat' dir='ltr'><strong>qui</strong></span> <span class='ocrx_word' id='word_1_308' title='bbox 1387 4295 1440 4350; x_wconf 94' lang='lat' dir='ltr'><strong>in</strong></span> <span class='ocrx_word' id='word_1_309' title='bbox 1463 4308 1650 4350; x_wconf 91' lang='lat' dir='ltr'><strong>eorum</strong></span> <span class='ocrx_word' id='word_1_310' title='bbox 1683 4310 1832 4351; x_wconf 85' lang='lat' dir='ltr'><strong>com-</strong></span> 
     </span>
    </p>
   </div>
   <div class='ocr_carea' id='block_1_47' title="bbox 227 4385 1831 4459">
    <p class='ocr_par' dir='ltr' id='par_1_47' title="bbox 227 4385 1831 4459">
     <span class='ocr_line' id='line_1_47' title="bbox 227 4385 1831 4459; baseline 0.002 -20"><span class='ocrx_word' id='word_1_311' title='bbox 227 4385 509 4439; x_wconf 82' lang='lat' dir='ltr'><strong>munionis</strong></span> <span class='ocrx_word' id='word_1_312' title='bbox 538 4387 800 4441; x_wconf 82' lang='lat' dir='ltr'><strong>societate</strong></span> <span class='ocrx_word' id='word_1_313' title='bbox 831 4387 1158 4456; x_wconf 87' lang='lat' dir='ltr'><strong>permansit;</strong></span> <span class='ocrx_word' id='word_1_314' title='bbox 1187 4387 1311 4457; x_wconf 89' lang='lat' dir='ltr'><strong>quia</strong></span> <span class='ocrx_word' id='word_1_315' title='bbox 1334 4403 1562 4459; x_wconf 92' lang='lat' dir='ltr'><strong>quorum</strong></span> <span class='ocrx_word' id='word_1_316' title='bbox 1593 4405 1653 4444; x_wconf 90' lang='lat' dir='ltr'><strong>se</strong></span> <span class='ocrx_word' id='word_1_317' title='bbox 1681 4404 1831 4444; x_wconf 90' lang='lat' dir='ltr'><strong>com-</strong></span> 
     </span>
    </p>
   </div>
   <div class='ocr_carea' id='block_1_48' title="bbox 227 4479 1830 4545">
    <p class='ocr_par' dir='ltr' id='par_1_48' title="bbox 227 4479 1830 4545">
     <span class='ocr_line' id='line_1_48' title="bbox 227 4479 1830 4545; baseline 0.006 -14"><span class='ocrx_word' id='word_1_318' title='bbox 227 4479 478 4535; x_wconf 86' lang='lat' dir='ltr'><strong>munioni</strong></span> <span class='ocrx_word' id='word_1_319' title='bbox 510 4479 744 4545; x_wconf 89' lang='lat' dir='ltr'><strong>miscuit,</strong></span> <span class='ocrx_word' id='word_1_320' title='bbox 771 4483 982 4539; x_wconf 85' lang='lat' dir='ltr'><strong>illorum</strong></span> <span class='ocrx_word' id='word_1_321' title='bbox 1011 4483 1244 4539; x_wconf 90' lang='lat' dir='ltr'><strong>similem</strong></span> <span class='ocrx_word' id='word_1_322' title='bbox 1289 4486 1488 4540; x_wconf 90' lang='lat' dir='ltr'><strong>meruit</strong></span> <span class='ocrx_word' id='word_1_323' title='bbox 1525 4485 1578 4540; x_wconf 94' lang='lat' dir='ltr'><strong>in</strong></span> <span class='ocrx_word' id='word_1_324' title='bbox 1607 4485 1830 4540; x_wconf 87' lang='lat' dir='ltr'><strong>damna-</strong></span> 
     </span>
    </p>
   </div>
   <div class='ocr_carea' id='block_1_49' title="bbox 226 4545 1911 4636">
    <p class='ocr_par' dir='ltr' id='par_1_49' title="bbox 226 4545 1911 4636">
     <span class='ocr_line' id='line_1_49' title="bbox 226 4545 1911 4636; baseline 0.006 -9"><span class='ocrx_word' id='word_1_325' title='bbox 226 4575 380 4629; x_wconf 88' lang='lat' dir='ltr'><strong>tione</strong></span> <span class='ocrx_word' id='word_1_326' title='bbox 412 4574 760 4630; x_wconf 88' lang='lat' dir='ltr'><strong>sententiam.</strong></span> <span class='ocrx_word' id='word_1_327' title='bbox 806 4572 1023 4627; x_wconf 90' lang='lat' dir='ltr'><strong>Petrum</strong></span> <span class='ocrx_word' id='word_1_328' title='bbox 1057 4578 1407 4634; x_wconf 79' lang='lat' dir='ltr'><strong>nihilominus</strong></span> <span class='ocrx_word' id='word_1_329' title='bbox 1434 4579 1826 4636; x_wconf 88' lang='lat' dir='ltr'><strong>Antiochenum</strong></span> <span class='ocrx_word' id='word_1_330' title='bbox 1857 4545 1911 4606; x_wconf 72' lang='grc' dir='ltr'><strong>Β</strong></span> 
     </span>
    </p>
   </div>
   <div class='ocr_carea' id='block_1_50' title="bbox 223 4664 1827 4737">
    <p class='ocr_par' dir='ltr' id='par_1_50' title="bbox 223 4664 1827 4737">
     <span class='ocr_line' id='line_1_50' title="bbox 223 4664 1827 4737; baseline 0 -16"><span class='ocrx_word' id='word_1_331' title='bbox 223 4668 555 4722; x_wconf 86' lang='lat' dir='ltr'><strong>damnantes</strong></span> <span class='ocrx_word' id='word_1_332' title='bbox 598 4682 720 4722; x_wconf 90' lang='lat' dir='ltr'><strong>cum</strong></span> <span class='ocrx_word' id='word_1_333' title='bbox 764 4664 1084 4737; x_wconf 85' lang='lat' dir='ltr'><strong>sequacibus</strong></span> <span class='ocrx_word' id='word_1_334' title='bbox 1117 4664 1252 4732; x_wconf 91' lang='lat' dir='ltr'><strong>suis,</strong></span> <span class='ocrx_word' id='word_1_335' title='bbox 1286 4673 1340 4720; x_wconf 91' lang='lat' dir='ltr'><strong>et</strong></span> <span class='ocrx_word' id='word_1_336' title='bbox 1374 4667 1613 4721; x_wconf 91' lang='lat' dir='ltr'><strong>omnium</strong></span> <span class='ocrx_word' id='word_1_337' title='bbox 1637 4686 1827 4736; x_wconf 77' lang='lat' dir='ltr'><strong>supra-</strong></span> 
     </span>
    </p>
   </div>
   <div class='ocr_carea' id='block_1_51' title="bbox 223 4761 582 4832">
    <p class='ocr_par' dir='ltr' id='par_1_51' title="bbox 223 4761 582 4832">
     <span class='ocr_line' id='line_1_51' title="bbox 223 4761 582 4832; baseline -0.008 -16"><span class='ocrx_word' id='word_1_338' title='bbox 223 4761 559 4832; x_wconf 80' lang='lat' dir='ltr'><strong>scriptorum</strong></span> <span class='ocrx_word' id='word_1_339' title='bbox 570 4801 582 4813; x_wconf 94' lang='lat'><strong>.</strong></span> 
     </span>
    </p>
   </div>
   <div class='ocr_carea' id='block_1_52' title="bbox 293 4851 1831 4924">
    <p class='ocr_par' dir='ltr' id='par_1_52' title="bbox 293 4851 1831 4924">
     <span class='ocr_line' id='line_1_52' title="bbox 293 4851 1831 4924; baseline 0.001 -16"><span class='ocrx_word' id='word_1_340' title='bbox 293 4855 646 4924; x_wconf 85' lang='lat' dir='ltr'><strong>Quapropter</strong></span> <span class='ocrx_word' id='word_1_341' title='bbox 674 4853 996 4923; x_wconf 90' lang='lat' dir='ltr'><strong>suscipimus</strong></span> <span class='ocrx_word' id='word_1_342' title='bbox 1039 4863 1093 4908; x_wconf 88' lang='lat' dir='ltr'><strong>et</strong></span> <span class='ocrx_word' id='word_1_343' title='bbox 1123 4851 1480 4922; x_wconf 89' lang='lat' dir='ltr'><strong>approbamus</strong></span> <span class='ocrx_word' id='word_1_344' title='bbox 1502 4866 1690 4908; x_wconf 89' lang='lat' dir='ltr'><strong>omnes</strong></span> <span class='ocrx_word' id='word_1_345' title='bbox 1720 4853 1831 4922; x_wconf 88' lang='lat' dir='ltr'><strong>epi-</strong></span> 
     </span>
    </p>
   </div>
   <div class='ocr_carea' id='block_1_53' title="bbox 221 4946 1832 5016">
    <p class='ocr_par' dir='ltr' id='par_1_53' title="bbox 221 4946 1832 5016">
     <span class='ocr_line' id='line_1_53' title="bbox 221 4946 1832 5016; baseline 0 -15"><span class='ocrx_word' id='word_1_346' title='bbox 221 4948 402 5001; x_wconf 86' lang='lat' dir='ltr'><strong>stolas</strong></span> <span class='ocrx_word' id='word_1_347' title='bbox 447 4947 643 5001; x_wconf 87' lang='lat' dir='ltr'><strong>Leonis</strong></span> <span class='ocrx_word' id='word_1_348' title='bbox 696 4961 875 5016; x_wconf 68' lang='lat' dir='ltr'><strong>papte,</strong></span> <span class='ocrx_word' id='word_1_349' title='bbox 925 4947 1203 5001; x_wconf 87' lang='lat' dir='ltr'><strong>universas</strong></span> <span class='ocrx_word' id='word_1_350' title='bbox 1240 4961 1390 5016; x_wconf 83' lang='lat' dir='ltr'><strong>quas</strong></span> <span class='ocrx_word' id='word_1_351' title='bbox 1446 4946 1513 5001; x_wconf 88' lang='lat' dir='ltr'><strong>de</strong></span> <span class='ocrx_word' id='word_1_352' title='bbox 1570 4946 1832 5016; x_wconf 88' lang='lat' dir='ltr'><strong>religione</strong></span> 
     </span>
    </p>
   </div>
   <div class='ocr_carea' id='block_1_54' title="bbox 219 5037 1829 5108">
    <p class='ocr_par' dir='ltr' id='par_1_54' title="bbox 219 5037 1829 5108">
     <span class='ocr_line' id='line_1_54' title="bbox 219 5037 1829 5108; baseline 0.002 -17"><span class='ocrx_word' id='word_1_353' title='bbox 219 5039 540 5093; x_wconf 74' lang='lat' dir='ltr'><strong>Christiana</strong></span> <span class='ocrx_word' id='word_1_354' title='bbox 568 5038 913 5108; x_wconf 90' lang='lat' dir='ltr'><strong>conscripsit.</strong></span> <span class='ocrx_word' id='word_1_355' title='bbox 946 5037 1117 5104; x_wconf 87' lang='lat' dir='ltr'><strong>Unde,</strong></span> <span class='ocrx_word' id='word_1_356' title='bbox 1164 5038 1305 5093; x_wconf 88' lang='lat' dir='ltr'><strong>sicut</strong></span> <span class='ocrx_word' id='word_1_357' title='bbox 1337 5037 1712 5107; x_wconf 65' lang='lat' dir='ltr'><strong>prsedixtmus,</strong></span> <span class='ocrx_word' id='word_1_358' title='bbox 1742 5053 1829 5094; x_wconf 90' lang='lat' dir='ltr'><strong>se-</strong></span> 
     </span>
    </p>
   </div>
   <div class='ocr_carea' id='block_1_55' title="bbox 219 5131 1826 5203">
    <p class='ocr_par' dir='ltr' id='par_1_55' title="bbox 219 5131 1826 5203">
     <span class='ocr_line' id='line_1_55' title="bbox 219 5131 1826 5203; baseline 0.002 -19"><span class='ocrx_word' id='word_1_359' title='bbox 219 5141 464 5201; x_wconf 86' lang='lat' dir='ltr'><strong>quentes</strong></span> <span class='ocrx_word' id='word_1_360' title='bbox 506 5133 558 5186; x_wconf 88' lang='lat' dir='ltr'><strong>in</strong></span> <span class='ocrx_word' id='word_1_361' title='bbox 604 5132 856 5187; x_wconf 90' lang='lat' dir='ltr'><strong>omnibus</strong></span> <span class='ocrx_word' id='word_1_362' title='bbox 901 5133 1248 5200; x_wconf 86' lang='lat' dir='ltr'><strong>apostolicam</strong></span> <span class='ocrx_word' id='word_1_363' title='bbox 1293 5131 1500 5198; x_wconf 89' lang='lat' dir='ltr'><strong>sedem,</strong></span> <span class='ocrx_word' id='word_1_364' title='bbox 1536 5141 1590 5187; x_wconf 94' lang='lat' dir='ltr'><strong>et</strong></span> <span class='ocrx_word' id='word_1_365' title='bbox 1635 5132 1826 5203; x_wconf 61' lang='lat' dir='ltr'><strong>praedi-</strong></span> 
     </span>
    </p>
   </div>
   <div class='ocr_carea' id='block_1_56' title="bbox 219 5223 1827 5294">
    <p class='ocr_par' dir='ltr' id='par_1_56' title="bbox 219 5223 1827 5294">
     <span class='ocr_line' id='line_1_56' title="bbox 219 5223 1827 5294; baseline 0.003 -18"><span class='ocrx_word' id='word_1_366' title='bbox 219 5235 425 5278; x_wconf 87' lang='lat' dir='ltr'><strong>cantes</strong></span> <span class='ocrx_word' id='word_1_367' title='bbox 464 5225 583 5292; x_wconf 90' lang='lat' dir='ltr'><strong>ejus</strong></span> <span class='ocrx_word' id='word_1_368' title='bbox 625 5223 806 5278; x_wconf 90' lang='lat' dir='ltr'><strong>omnia</strong></span> <span class='ocrx_word' id='word_1_369' title='bbox 838 5225 1149 5293; x_wconf 89' lang='lat' dir='ltr'><strong>constituta,</strong></span> <span class='ocrx_word' id='word_1_370' title='bbox 1182 5239 1344 5294; x_wconf 90' lang='lat' dir='ltr'><strong>spero</strong></span> <span class='ocrx_word' id='word_1_371' title='bbox 1373 5232 1432 5278; x_wconf 91' lang='lat' dir='ltr'><strong>ut</strong></span> <span class='ocrx_word' id='word_1_372' title='bbox 1457 5223 1510 5279; x_wconf 89' lang='lat' dir='ltr'><strong>in</strong></span> <span class='ocrx_word' id='word_1_373' title='bbox 1544 5240 1647 5279; x_wconf 78' lang='lat' dir='ltr'><strong>una</strong></span> <span class='ocrx_word' id='word_1_374' title='bbox 1674 5240 1827 5281; x_wconf 89' lang='lat' dir='ltr'><strong>com-</strong></span> 
     </span>
    </p>
   </div>
   <div class='ocr_carea' id='block_1_57' title="bbox 221 5316 1824 5387">
    <p class='ocr_par' dir='ltr' id='par_1_57' title="bbox 221 5316 1824 5387">
     <span class='ocr_line' id='line_1_57' title="bbox 221 5316 1824 5387; baseline 0.003 -20"><span class='ocrx_word' id='word_1_375' title='bbox 221 5317 491 5370; x_wconf 86' lang='lat' dir='ltr'><strong>munione</strong></span> <span class='ocrx_word' id='word_1_376' title='bbox 523 5316 822 5379; x_wconf 89' lang='lat' dir='ltr'><strong>vobiscum,</strong></span> <span class='ocrx_word' id='word_1_377' title='bbox 855 5331 1012 5385; x_wconf 91' lang='lat' dir='ltr'><strong>quam</strong></span> <span class='ocrx_word' id='word_1_378' title='bbox 1039 5317 1199 5372; x_wconf 85' lang='lat' dir='ltr'><strong>sedes</strong></span> <span class='ocrx_word' id='word_1_379' title='bbox 1228 5317 1522 5387; x_wconf 86' lang='lat' dir='ltr'><strong>apostolica</strong></span> <span class='ocrx_word' id='word_1_380' title='bbox 1551 5318 1824 5387; x_wconf 69' lang='lat' dir='ltr'><strong>praedicat,</strong></span> 
     </span>
    </p>
   </div>
   <div class='ocr_carea' id='block_1_58' title="bbox 221 5410 1828 5480">
    <p class='ocr_par' dir='ltr' id='par_1_58' title="bbox 221 5410 1828 5480">
     <span class='ocr_line' id='line_1_58' title="bbox 221 5410 1828 5480; baseline 0.004 -19"><span class='ocrx_word' id='word_1_381' title='bbox 221 5423 356 5462; x_wconf 88' lang='lat' dir='ltr'><strong>esse</strong></span> <span class='ocrx_word' id='word_1_382' title='bbox 396 5421 626 5470; x_wconf 83' lang='lat' dir='ltr'><strong>merear,</strong></span> <span class='ocrx_word' id='word_1_383' title='bbox 662 5410 716 5463; x_wconf 92' lang='lat' dir='ltr'><strong>in</strong></span> <span class='ocrx_word' id='word_1_384' title='bbox 744 5424 846 5479; x_wconf 91' lang='lat' dir='ltr'><strong>qua</strong></span> <span class='ocrx_word' id='word_1_385' title='bbox 876 5419 961 5464; x_wconf 89' lang='lat' dir='ltr'><strong>est</strong></span> <span class='ocrx_word' id='word_1_386' title='bbox 989 5410 1193 5480; x_wconf 88' lang='lat' dir='ltr'><strong>integra</strong></span> <span class='ocrx_word' id='word_1_387' title='bbox 1228 5419 1280 5465; x_wconf 90' lang='lat' dir='ltr'><strong>et</strong></span> <span class='ocrx_word' id='word_1_388' title='bbox 1312 5425 1475 5465; x_wconf 76' lang='lat' dir='ltr'><strong>verax</strong></span> <span class='ocrx_word' id='word_1_389' title='bbox 1505 5410 1828 5468; x_wconf 66' lang='lat' dir='ltr'><strong>Christianae</strong></span> 
     </span>
    </p>
   </div>
   <div class='ocr_carea' id='block_1_59' title="bbox 221 5497 1825 5575">
    <p class='ocr_par' dir='ltr' id='par_1_59' title="bbox 221 5497 1825 5575">
     <span class='ocr_line' id='line_1_59' title="bbox 221 5497 1825 5575; baseline 0.004 -21"><span class='ocrx_word' id='word_1_390' title='bbox 221 5499 518 5569; x_wconf 79' lang='lat' dir='ltr'><strong>religionis</strong></span> <span class='ocrx_word' id='word_1_391' title='bbox 548 5497 812 5553; x_wconf 89' lang='lat' dir='ltr'><strong>soliditas.</strong></span> <span class='ocrx_word' id='word_1_392' title='bbox 852 5501 1176 5557; x_wconf 89' lang='lat' dir='ltr'><strong>Promittens</strong></span> <span class='ocrx_word' id='word_1_393' title='bbox 1204 5502 1367 5557; x_wconf 90' lang='lat' dir='ltr'><strong>etiam</strong></span> <span class='ocrx_word' id='word_1_394' title='bbox 1410 5513 1778 5575; x_wconf 88' lang='lat' dir='ltr'><strong>sequestratos</strong></span> <span class='ocrx_word' id='word_1_395' title='bbox 1797 5519 1825 5559; x_wconf 87' lang='lat' dir='ltr'><strong>a</strong></span> 
     </span>
    </p>
   </div>
   <div class='ocr_carea' id='block_1_60' title="bbox 218 5592 1828 5666">
    <p class='ocr_par' dir='ltr' id='par_1_60' title="bbox 218 5592 1828 5666">
     <span class='ocr_line' id='line_1_60' title="bbox 218 5592 1828 5666; baseline 0.002 -16"><span class='ocrx_word' id='word_1_396' title='bbox 218 5593 622 5650; x_wconf 87' lang='lat' dir='ltr'><strong>communione</strong></span> <span class='ocrx_word' id='word_1_397' title='bbox 639 5592 896 5649; x_wconf 69' lang='lat' dir='ltr'><strong>Ecclesiae</strong></span> <span class='ocrx_word' id='word_1_398' title='bbox 921 5597 1222 5666; x_wconf 65' lang='lat' dir='ltr'><strong>catholicae,</strong></span> <span class='ocrx_word' id='word_1_399' title='bbox 1253 5597 1306 5653; x_wconf 93' lang='lat' dir='ltr'><strong>id</strong></span> <span class='ocrx_word' id='word_1_400' title='bbox 1327 5607 1431 5666; x_wconf 90' lang='lat' dir='ltr'><strong>est,</strong></span> <span class='ocrx_word' id='word_1_401' title='bbox 1458 5614 1562 5654; x_wconf 93' lang='lat' dir='ltr'><strong>non</strong></span> <span class='ocrx_word' id='word_1_402' title='bbox 1593 5613 1828 5655; x_wconf 89' lang='lat' dir='ltr'><strong>consen-</strong></span> 
     </span>
    </p>
   </div>
   <div class='ocr_carea' id='block_1_61' title="bbox 147 5706 1829 5784">
    <p class='ocr_par' dir='ltr' id='par_1_61' title="bbox 147 5706 1829 5784">
     <span class='ocr_line' id='line_1_61' title="bbox 147 5706 1829 5784; baseline 0.005 -22"><span class='ocrx_word' id='word_1_403' title='bbox 147 5753 154 5762; x_wconf 93' lang='lat'><strong>.</strong></span> <span class='ocrx_word' id='word_1_404' title='bbox 240 5780 254 5784; x_wconf 29' lang='grc' dir='ltr'><strong>Α</strong></span> <span class='ocrx_word' id='word_1_405' title='bbox 297 5717 330 5744; x_wconf 77' lang='grc' dir='ltr'><strong>ι</strong></span> <span class='ocrx_word' id='word_1_406' title='bbox 365 5706 522 5762; x_wconf 83' lang='lat' dir='ltr'><strong>Hunc</strong></span> <span class='ocrx_word' id='word_1_407' title='bbox 553 5707 787 5762; x_wconf 90' lang='lat' dir='ltr'><strong>libellum</strong></span> <span class='ocrx_word' id='word_1_408' title='bbox 820 5709 910 5778; x_wconf 90' lang='lat' dir='ltr'><strong>qni</strong></span> <span class='ocrx_word' id='word_1_409' title='bbox 953 5711 1035 5766; x_wconf 88' lang='lat' dir='ltr'><strong>his</strong></span> <span class='ocrx_word' id='word_1_410' title='bbox 1078 5713 1272 5768; x_wconf 90' lang='lat' dir='ltr'><strong>litteris</strong></span> <span class='ocrx_word' id='word_1_411' title='bbox 1300 5715 1644 5784; x_wconf 76' lang='lat' dir='ltr'><strong>iungebatur,</strong></span> <span class='ocrx_word' id='word_1_412' title='bbox 1677 5730 1829 5770; x_wconf 88' lang='lat' dir='ltr'><strong>eum-</strong></span> 
     </span>
    </p>
   </div>
   <div class='ocr_carea' id='block_1_62' title="bbox 219 5780 1827 5854">
    <p class='ocr_par' dir='ltr' id='par_1_62' title="bbox 219 5780 1827 5854">
     <span class='ocr_line' id='line_1_62' title="bbox 219 5780 1827 5854; baseline 0.006 -19"><span class='ocrx_word' id='word_1_413' title='bbox 219 5780 359 5836; x_wconf 90' lang='lat' dir='ltr'><strong>dem</strong></span> <span class='ocrx_word' id='word_1_414' title='bbox 396 5795 517 5837; x_wconf 86' lang='lat' dir='ltr'><strong>esse</strong></span> <span class='ocrx_word' id='word_1_415' title='bbox 548 5788 801 5850; x_wconf 84' lang='lat' dir='ltr'><strong>putamus</strong></span> <span class='ocrx_word' id='word_1_416' title='bbox 831 5796 988 5850; x_wconf 88' lang='lat' dir='ltr'><strong>quem</strong></span> <span class='ocrx_word' id='word_1_417' title='bbox 1021 5799 1088 5836; x_wconf 90' lang='lat' dir='ltr'><strong>xv</strong></span> <span class='ocrx_word' id='word_1_418' title='bbox 1120 5780 1372 5842; x_wconf 65' lang='lat' dir='ltr'><strong>calendas</strong></span> <span class='ocrx_word' id='word_1_419' title='bbox 1405 5780 1827 5854; x_wconf 16' lang='lat' dir='ltr'><strong>Aprilis‘datum</strong></span> 
     </span>
    </p>
   </div>
   <div class='ocr_carea' id='block_1_63' title="bbox 575 5873 1130 5937">
    <p class='ocr_par' dir='ltr' id='par_1_63' title="bbox 575 5873 1130 5937">
     <span class='ocr_line' id='line_1_63' title="bbox 575 5873 1130 5937; baseline -0.002 -4"><span class='ocrx_word' id='word_1_420' title='bbox 575 5873 830 5937; x_wconf 73' lang='lat' dir='ltr'><strong>Ps&#39;rttor.</strong></span> <span class='ocrx_word' id='word_1_421' title='bbox 847 5916 860 5932; x_wconf 92' lang='lat'><strong>.</strong></span> <span class='ocrx_word' id='word_1_422' title='bbox 908 5873 1130 5936; x_wconf 83' lang='lat' dir='ltr'><strong>LXIII.</strong></span> 
     </span>
    </p>
   </div>
   <div class='ocr_carea' id='block_1_64' title="bbox 1937 471 3521 545">
    <p class='ocr_par' dir='ltr' id='par_1_64' title="bbox 1937 471 3521 545">
     <span class='ocr_line' id='line_1_64' title="bbox 1937 471 3521 545; baseline 0 -19"><span class='ocrx_word' id='word_1_423' title='bbox 1937 487 2044 527; x_wconf 91' lang='lat' dir='ltr'><strong>non</strong></span> <span class='ocrx_word' id='word_1_424' title='bbox 2071 486 2193 527; x_wconf 89' lang='lat' dir='ltr'><strong>esse</strong></span> <span class='ocrx_word' id='word_1_425' title='bbox 2223 471 2493 528; x_wconf 73' lang='lat' dir='ltr'><strong>recitando</strong></span> <span class='ocrx_word' id='word_1_426' title='bbox 2527 475 2798 545; x_wconf 87' lang='lat' dir='ltr'><strong>mysteria.</strong></span> <span class='ocrx_word' id='word_1_427' title='bbox 2835 473 2981 528; x_wconf 81' lang='lat' dir='ltr'><strong>Hane</strong></span> <span class='ocrx_word' id='word_1_428' title='bbox 3022 483 3198 527; x_wconf 80' lang='lat' dir='ltr'><strong>autem</strong></span> <span class='ocrx_word' id='word_1_429' title='bbox 3232 471 3521 540; x_wconf 78' lang='lat' dir='ltr'><strong>professio-</strong></span> 
     </span>
    </p>
   </div>
   <div class='ocr_carea' id='block_1_65' title="bbox 1936 564 3521 635">
    <p class='ocr_par' dir='ltr' id='par_1_65' title="bbox 1936 564 3521 635">
     <span class='ocr_line' id='line_1_65' title="bbox 1936 564 3521 635; baseline 0 -16"><span class='ocrx_word' id='word_1_430' title='bbox 1936 579 2056 619; x_wconf 86' lang='lat' dir='ltr'><strong>nem</strong></span> <span class='ocrx_word' id='word_1_431' title='bbox 2081 579 2254 618; x_wconf 89' lang='lat' dir='ltr'><strong>meam</strong></span> <span class='ocrx_word' id='word_1_432' title='bbox 2274 579 2435 618; x_wconf 91' lang='lat' dir='ltr'><strong>manu</strong></span> <span class='ocrx_word' id='word_1_433' title='bbox 2458 565 2666 635; x_wconf 91' lang='lat' dir='ltr'><strong>propria</strong></span> <span class='ocrx_word' id='word_1_434' title='bbox 2696 565 3009 634; x_wconf 88' lang='lat' dir='ltr'><strong>subscripsi,</strong></span> <span class='ocrx_word' id='word_1_435' title='bbox 3025 574 3077 619; x_wconf 90' lang='lat' dir='ltr'><strong>et</strong></span> <span class='ocrx_word' id='word_1_436' title='bbox 3102 564 3194 618; x_wconf 90' lang='lat' dir='ltr'><strong>tibi</strong></span> <span class='ocrx_word' id='word_1_437' title='bbox 3221 564 3521 619; x_wconf 67' lang='lat' dir='ltr'><strong>llormisda</strong></span> 
     </span>
    </p>
   </div>
   <div class='ocr_carea' id='block_1_66' title="bbox 1934 658 3522 729">
    <p class='ocr_par' dir='ltr' id='par_1_66' title="bbox 1934 658 3522 729">
     <span class='ocr_line' id='line_1_66' title="bbox 1934 658 3522 729; baseline 0 -17"><span class='ocrx_word' id='word_1_438' title='bbox 1934 667 2120 713; x_wconf 91' lang='lat' dir='ltr'><strong>sancto</strong></span> <span class='ocrx_word' id='word_1_439' title='bbox 2161 669 2213 717; x_wconf 92' lang='lat' dir='ltr'><strong>et</strong></span> <span class='ocrx_word' id='word_1_440' title='bbox 2263 659 2550 713; x_wconf 84' lang='lat' dir='ltr'><strong>venerabili</strong></span> <span class='ocrx_word' id='word_1_441' title='bbox 2583 675 2731 729; x_wconf 70' lang='lat' dir='ltr'><strong>papm</strong></span> <span class='ocrx_word' id='word_1_442' title='bbox 2766 661 2915 715; x_wconf 88' lang='lat' dir='ltr'><strong>urbis</strong></span> <span class='ocrx_word' id='word_1_443' title='bbox 2951 659 3133 714; x_wconf 70' lang='lat' dir='ltr'><strong>Roma:</strong></span> <span class='ocrx_word' id='word_1_444' title='bbox 3160 658 3348 714; x_wconf 91' lang='lat' dir='ltr'><strong>obtuli.</strong></span> <span class='ocrx_word' id='word_1_445' title='bbox 3386 660 3522 712; x_wconf 75' lang='lat' dir='ltr'><strong>Data</strong></span> 
     </span>
    </p>
   </div>
   <div class='ocr_carea' id='block_1_67' title="bbox 1935 748 3522 823">
    <p class='ocr_par' dir='ltr' id='par_1_67' title="bbox 1935 748 3522 823">
     <span class='ocr_line' id='line_1_67' title="bbox 1935 748 3522 823; baseline -0.001 -19"><span class='ocrx_word' id='word_1_446' title='bbox 1935 766 2006 804; x_wconf 89' lang='lat' dir='ltr'><strong>xv</strong></span> <span class='ocrx_word' id='word_1_447' title='bbox 2035 750 2138 804; x_wconf 91' lang='lat' dir='ltr'><strong>cal.</strong></span> <span class='ocrx_word' id='word_1_448' title='bbox 2176 749 2376 819; x_wconf 82' lang='lat' dir='ltr'><strong>Aprilis</strong></span> <span class='ocrx_word' id='word_1_449' title='bbox 2406 748 2567 823; x_wconf 89' lang='lat' dir='ltr'><strong>(anno</strong></span> <span class='ocrx_word' id='word_1_450' title='bbox 2598 750 2803 804; x_wconf 92' lang='lat' dir='ltr'><strong>Domini</strong></span> <span class='ocrx_word' id='word_1_451' title='bbox 2829 751 2979 820; x_wconf 75' lang='lat'><strong>517),</strong></span> <span class='ocrx_word' id='word_1_452' title='bbox 3013 751 3238 822; x_wconf 79' lang='lat' dir='ltr'><strong>Agapito</strong></span> <span class='ocrx_word' id='word_1_453' title='bbox 3261 749 3380 805; x_wconf 93' lang='lat' dir='ltr'><strong>viro</strong></span> <span class='ocrx_word' id='word_1_454' title='bbox 3407 748 3522 804; x_wconf 87' lang='lat' dir='ltr'><strong>cla-</strong></span> 
     </span>
    </p>
   </div>
   <div class='ocr_carea' id='block_1_68' title="bbox 1934 844 2422 900">
    <p class='ocr_par' dir='ltr' id='par_1_68' title="bbox 1934 844 2422 900">
     <span class='ocr_line' id='line_1_68' title="bbox 1934 844 2422 900; baseline 0.004 -2"><span class='ocrx_word' id='word_1_455' title='bbox 1934 844 2153 899; x_wconf 90' lang='lat' dir='ltr'><strong>rissimo</strong></span> <span class='ocrx_word' id='word_1_456' title='bbox 2181 845 2422 900; x_wconf 91' lang='lat' dir='ltr'><strong>consule.</strong></span> 
     </span>
    </p>
   </div>
   <div class='ocr_carea' id='block_1_69' title="bbox 2555 935 2915 991">
    <p class='ocr_par' dir='ltr' id='par_1_69' title="bbox 2555 935 2915 991">
     <span class='ocr_line' id='line_1_69' title="bbox 2555 935 2915 991; baseline 0.006 -3"><span class='ocrx_word' id='word_1_457' title='bbox 2555 935 2915 991; x_wconf 80' lang='lat' dir='ltr'><strong>INDICULUS</strong></span> 
     </span>
    </p>
   </div>
   <div class='ocr_carea' id='block_1_70' title="bbox 2322 1042 3116 1084">
    <p class='ocr_par' dir='ltr' id='par_1_70' title="bbox 2322 1042 3116 1084">
     <span class='ocr_line' id='line_1_70' title="bbox 2322 1042 3116 1084; baseline -0.004 -2"><span class='ocrx_word' id='word_1_458' title='bbox 2322 1044 2422 1083; x_wconf 78' lang='lat' dir='ltr'><strong>PER</strong></span> <span class='ocrx_word' id='word_1_459' title='bbox 2451 1043 2711 1084; x_wconf 70' lang='lat' dir='ltr'><strong>PULIONEM</strong></span> <span class='ocrx_word' id='word_1_460' title='bbox 2736 1042 3116 1083; x_wconf 74' lang='lat' dir='ltr'><strong>SUBDIACONUH.</strong></span> 
     </span>
    </p>
   </div>
   <div class='ocr_carea' id='block_1_71' title="bbox 2088 1141 3358 1215">
    <p class='ocr_par' dir='ltr' id='par_1_71' title="bbox 2088 1141 3358 1215">
     <span class='ocr_line' id='line_1_71' title="bbox 2088 1141 3358 1215; baseline -0.001 -17"><span class='ocrx_word' id='word_1_461' title='bbox 2088 1144 2224 1211; x_wconf 82' lang='lat' dir='ltr'><strong>Quid</strong></span> <span class='ocrx_word' id='word_1_462' title='bbox 2254 1144 2307 1197; x_wconf 89' lang='lat' dir='ltr'><strong>in</strong></span> <span class='ocrx_word' id='word_1_463' title='bbox 2341 1143 2711 1215; x_wconf 79' lang='lat' dir='ltr'><strong>Nicepolitana</strong></span> <span class='ocrx_word' id='word_1_464' title='bbox 2737 1141 2969 1197; x_wconf 83' lang='lat' dir='ltr'><strong>Ecclesia</strong></span> <span class='ocrx_word' id='word_1_465' title='bbox 2989 1143 3053 1195; x_wconf 87' lang='lat' dir='ltr'><strong>sit</strong></span> <span class='ocrx_word' id='word_1_466' title='bbox 3085 1143 3358 1213; x_wconf 84' lang='lat' dir='ltr'><strong>agendum.</strong></span> 
     </span>
    </p>
   </div>
   <div class='ocr_carea' id='block_1_72' title="bbox 2003 1257 3517 1328">
    <p class='ocr_par' dir='ltr' id='par_1_72' title="bbox 2003 1257 3517 1328">
     <span class='ocr_line' id='line_1_72' title="bbox 2003 1257 3517 1328; baseline 0 -14"><span class='ocrx_word' id='word_1_467' title='bbox 2003 1259 2135 1314; x_wconf 86' lang='lat' dir='ltr'><strong>Cum</strong></span> <span class='ocrx_word' id='word_1_468' title='bbox 2169 1258 2262 1313; x_wconf 92' lang='lat' dir='ltr'><strong>Dei</strong></span> <span class='ocrx_word' id='word_1_469' title='bbox 2291 1257 2562 1327; x_wconf 84' lang='lat' dir='ltr'><strong>adjutorio</strong></span> <span class='ocrx_word' id='word_1_470' title='bbox 2604 1267 2659 1313; x_wconf 89' lang='lat' dir='ltr'><strong>et</strong></span> <span class='ocrx_word' id='word_1_471' title='bbox 2690 1258 3025 1313; x_wconf 87' lang='lat' dir='ltr'><strong>orationibus</strong></span> <span class='ocrx_word' id='word_1_472' title='bbox 3055 1267 3363 1313; x_wconf 91' lang='lat' dir='ltr'><strong>sanctorum</strong></span> <span class='ocrx_word' id='word_1_473' title='bbox 3387 1272 3517 1328; x_wconf 88' lang='lat' dir='ltr'><strong>apo-</strong></span> 
     </span>
    </p>
   </div>
   <div class='ocr_carea' id='block_1_73' title="bbox 1929 1350 3518 1421">
    <p class='ocr_par' dir='ltr' id='par_1_73' title="bbox 1929 1350 3518 1421">
     <span class='ocr_line' id='line_1_73' title="bbox 1929 1350 3518 1421; baseline 0.001 -15"><span class='ocrx_word' id='word_1_474' title='bbox 1929 1351 2190 1406; x_wconf 91' lang='lat' dir='ltr'><strong>stolorum</strong></span> <span class='ocrx_word' id='word_1_475' title='bbox 2225 1351 2366 1407; x_wconf 87' lang='lat' dir='ltr'><strong>Petri</strong></span> <span class='ocrx_word' id='word_1_476' title='bbox 2389 1359 2446 1408; x_wconf 93' lang='lat' dir='ltr'><strong>et</strong></span> <span class='ocrx_word' id='word_1_477' title='bbox 2468 1350 2617 1407; x_wconf 87' lang='lat' dir='ltr'><strong>Pauli</strong></span> <span class='ocrx_word' id='word_1_478' title='bbox 2642 1351 2865 1407; x_wconf 89' lang='lat' dir='ltr'><strong>veniens</strong></span> <span class='ocrx_word' id='word_1_479' title='bbox 2903 1350 3220 1421; x_wconf 83' lang='lat' dir='ltr'><strong>Nicopolim,</strong></span> <span class='ocrx_word' id='word_1_480' title='bbox 3247 1351 3326 1406; x_wconf 90' lang='lat' dir='ltr'><strong>sic</strong></span> <span class='ocrx_word' id='word_1_481' title='bbox 3351 1350 3518 1408; x_wconf 85' lang='lat' dir='ltr'><strong>debes</strong></span> 
     </span>
    </p>
   </div>
   <div class='ocr_carea' id='block_1_74' title="bbox 1930 1435 3521 1518">
    <p class='ocr_par' dir='ltr' id='par_1_74' title="bbox 1930 1435 3521 1518">
     <span class='ocr_line' id='line_1_74' title="bbox 1930 1435 3521 1518; baseline 0.002 -18"><span class='ocrx_word' id='word_1_482' title='bbox 1930 1461 2111 1516; x_wconf 89' lang='lat' dir='ltr'><strong>agere,</strong></span> <span class='ocrx_word' id='word_1_483' title='bbox 2147 1455 2206 1502; x_wconf 92' lang='lat' dir='ltr'><strong>ut</strong></span> <span class='ocrx_word' id='word_1_484' title='bbox 2226 1455 2509 1517; x_wconf 89' lang='lat' dir='ltr'><strong>postquam</strong></span> <span class='ocrx_word' id='word_1_485' title='bbox 2540 1435 2830 1517; x_wconf 87' lang='lat' dir='ltr'><strong>episcopus</strong></span> <span class='ocrx_word' id='word_1_486' title='bbox 2856 1447 3261 1518; x_wconf 87' lang='lat' dir='ltr'><strong>Nicopolitanus</strong></span> <span class='ocrx_word' id='word_1_487' title='bbox 3296 1461 3521 1518; x_wconf 88' lang='lat' dir='ltr'><strong>accepe-</strong></span> 
     </span>
    </p>
   </div>
   <div class='ocr_carea' id='block_1_75' title="bbox 1929 1541 3518 1612">
    <p class='ocr_par' dir='ltr' id='par_1_75' title="bbox 1929 1541 3518 1612">
     <span class='ocr_line' id='line_1_75' title="bbox 1929 1541 3518 1612; baseline 0.001 -16"><span class='ocrx_word' id='word_1_488' title='bbox 1929 1543 2000 1596; x_wconf 90' lang='lat' dir='ltr'><strong>rit</strong></span> <span class='ocrx_word' id='word_1_489' title='bbox 2032 1542 2238 1598; x_wconf 83' lang='lat' dir='ltr'><strong>litteras</strong></span> <span class='ocrx_word' id='word_1_490' title='bbox 2268 1553 2506 1610; x_wconf 83' lang='lat' dir='ltr'><strong>nostras,</strong></span> <span class='ocrx_word' id='word_1_491' title='bbox 2536 1543 2840 1612; x_wconf 83' lang='lat' dir='ltr'><strong>episcopos,</strong></span> <span class='ocrx_word' id='word_1_492' title='bbox 2891 1556 3026 1612; x_wconf 88' lang='lat' dir='ltr'><strong>quos</strong></span> <span class='ocrx_word' id='word_1_493' title='bbox 3067 1543 3118 1596; x_wconf 90' lang='lat' dir='ltr'><strong>in</strong></span> <span class='ocrx_word' id='word_1_494' title='bbox 3150 1555 3245 1596; x_wconf 90' lang='lat' dir='ltr'><strong>sua</strong></span> <span class='ocrx_word' id='word_1_495' title='bbox 3286 1541 3518 1612; x_wconf 76' lang='lat' dir='ltr'><strong>partecia</strong></span> 
     </span>
    </p>
   </div>
   <div class='ocr_carea' id='block_1_76' title="bbox 1930 1633 3519 1705">
    <p class='ocr_par' dir='ltr' id='par_1_76' title="bbox 1930 1633 3519 1705">
     <span class='ocr_line' id='line_1_76' title="bbox 1930 1633 3519 1705; baseline 0 -16"><span class='ocrx_word' id='word_1_496' title='bbox 1930 1633 2113 1700; x_wconf 87' lang='lat' dir='ltr'><strong>habet,</strong></span> <span class='ocrx_word' id='word_1_497' title='bbox 2164 1635 2400 1705; x_wconf 77' lang='lat' dir='ltr'><strong>colligat,</strong></span> <span class='ocrx_word' id='word_1_498' title='bbox 2435 1643 2491 1692; x_wconf 94' lang='lat' dir='ltr'><strong>et</strong></span> <span class='ocrx_word' id='word_1_499' title='bbox 2519 1635 2679 1690; x_wconf 77' lang='lat' dir='ltr'><strong>faciat</strong></span> <span class='ocrx_word' id='word_1_500' title='bbox 2706 1633 3047 1690; x_wconf 90' lang='lat' dir='ltr'><strong>subscribere</strong></span> <span class='ocrx_word' id='word_1_501' title='bbox 3079 1633 3320 1688; x_wconf 91' lang='lat' dir='ltr'><strong>libellum</strong></span> <span class='ocrx_word' id='word_1_502' title='bbox 3357 1649 3519 1704; x_wconf 85' lang='lat' dir='ltr'><strong>quem</strong></span> 
     </span>
    </p>
   </div>
   <div class='ocr_carea' id='block_1_77' title="bbox 1930 1728 3521 1800">
    <p class='ocr_par' dir='ltr' id='par_1_77' title="bbox 1930 1728 3521 1800">
     <span class='ocr_line' id='line_1_77' title="bbox 1930 1728 3521 1800; baseline -0.001 -16"><span class='ocrx_word' id='word_1_503' title='bbox 1930 1729 1984 1784; x_wconf 91' lang='lat' dir='ltr'><strong>in</strong></span> <span class='ocrx_word' id='word_1_504' title='bbox 2007 1730 2251 1800; x_wconf 80' lang='lat' dir='ltr'><strong>epistolis</strong></span> <span class='ocrx_word' id='word_1_505' title='bbox 2297 1731 2410 1786; x_wconf 89' lang='lat' dir='ltr'><strong>suis</strong></span> <span class='ocrx_word' id='word_1_506' title='bbox 2458 1729 2622 1786; x_wconf 86' lang='lat' dir='ltr'><strong>habet</strong></span> <span class='ocrx_word' id='word_1_507' title='bbox 2648 1744 2940 1785; x_wconf 91' lang='lat' dir='ltr'><strong>annexum.</strong></span> <span class='ocrx_word' id='word_1_508' title='bbox 2995 1729 3053 1786; x_wconf 92' lang='lat' dir='ltr'><strong>Si</strong></span> <span class='ocrx_word' id='word_1_509' title='bbox 3103 1738 3278 1785; x_wconf 86' lang='lat' dir='ltr'><strong>tamen</strong></span> <span class='ocrx_word' id='word_1_510' title='bbox 3327 1728 3521 1782; x_wconf 83' lang='lat' dir='ltr'><strong>dixerit</strong></span> 
     </span>
    </p>
   </div>
   <div class='ocr_carea' id='block_1_78' title="bbox 1933 1822 3522 1895">
    <p class='ocr_par' dir='ltr' id='par_1_78' title="bbox 1933 1822 3522 1895">
     <span class='ocr_line' id='line_1_78' title="bbox 1933 1822 3522 1895; baseline -0.004 -13"><span class='ocrx_word' id='word_1_511' title='bbox 1933 1824 2224 1894; x_wconf 67' lang='lat' dir='ltr'><strong>prazdietus</strong></span> <span class='ocrx_word' id='word_1_512' title='bbox 2247 1825 2538 1895; x_wconf 90' lang='lat' dir='ltr'><strong>episcopus</strong></span> <span class='ocrx_word' id='word_1_513' title='bbox 2561 1839 2683 1881; x_wconf 90' lang='lat' dir='ltr'><strong>esse</strong></span> <span class='ocrx_word' id='word_1_514' title='bbox 2710 1824 3038 1880; x_wconf 91' lang='lat' dir='ltr'><strong>laboriosum</strong></span> <span class='ocrx_word' id='word_1_515' title='bbox 3071 1824 3352 1894; x_wconf 90' lang='lat' dir='ltr'><strong>episcopos</strong></span> <span class='ocrx_word' id='word_1_516' title='bbox 3379 1822 3522 1877; x_wconf 87' lang='lat' dir='ltr'><strong>colli-</strong></span> 
     </span>
    </p>
   </div>
   <div class='ocr_carea' id='block_1_79' title="bbox 1931 1917 3519 1989">
    <p class='ocr_par' dir='ltr' id='par_1_79' title="bbox 1931 1917 3519 1989">
     <span class='ocr_line' id='line_1_79' title="bbox 1931 1917 3519 1989; baseline 0.003 -18"><span class='ocrx_word' id='word_1_517' title='bbox 1931 1932 2082 1988; x_wconf 86' lang='lat' dir='ltr'><strong>gere,</strong></span> <span class='ocrx_word' id='word_1_518' title='bbox 2109 1917 2301 1988; x_wconf 86' lang='lat' dir='ltr'><strong>dirigat</strong></span> <span class='ocrx_word' id='word_1_519' title='bbox 2334 1926 2510 1974; x_wconf 89' lang='lat' dir='ltr'><strong>tecum</strong></span> <span class='ocrx_word' id='word_1_520' title='bbox 2545 1933 2803 1988; x_wconf 86' lang='lat' dir='ltr'><strong>personas</strong></span> <span class='ocrx_word' id='word_1_521' title='bbox 2825 1933 2921 1989; x_wconf 91' lang='lat' dir='ltr'><strong>per</strong></span> <span class='ocrx_word' id='word_1_522' title='bbox 2953 1917 3191 1988; x_wconf 89' lang='lat' dir='ltr'><strong>singulos</strong></span> <span class='ocrx_word' id='word_1_523' title='bbox 3215 1918 3519 1986; x_wconf 82' lang='lat' dir='ltr'><strong>episcopos.</strong></span> 
     </span>
    </p>
   </div>
   <div class='ocr_carea' id='block_1_80' title="bbox 1934 2009 3518 2081">
    <p class='ocr_par' dir='ltr' id='par_1_80' title="bbox 1934 2009 3518 2081">
     <span class='ocr_line' id='line_1_80' title="bbox 1934 2009 3518 2081; baseline -0.001 -18"><span class='ocrx_word' id='word_1_524' title='bbox 1934 2020 1992 2064; x_wconf 83' lang='lat' dir='ltr'><strong>tit</strong></span> <span class='ocrx_word' id='word_1_525' title='bbox 2025 2018 2076 2064; x_wconf 91' lang='lat' dir='ltr'><strong>te</strong></span> <span class='ocrx_word' id='word_1_526' title='bbox 2106 2017 2370 2079; x_wconf 66' lang='lat' dir='ltr'><strong>prasente</strong></span> <span class='ocrx_word' id='word_1_527' title='bbox 2395 2011 2740 2067; x_wconf 84' lang='lat' dir='ltr'><strong>subscribam</strong></span> <span class='ocrx_word' id='word_1_528' title='bbox 2769 2010 3081 2081; x_wconf 66' lang='lat' dir='ltr'><strong>praedictum</strong></span> <span class='ocrx_word' id='word_1_529' title='bbox 3130 2009 3392 2066; x_wconf 89' lang='lat' dir='ltr'><strong>libellum.</strong></span> <span class='ocrx_word' id='word_1_530' title='bbox 3427 2009 3518 2064; x_wconf 87' lang='lat' dir='ltr'><strong>Sic</strong></span> 
     </span>
    </p>
   </div>
   <div class='ocr_carea' id='block_1_81' title="bbox 1932 2103 3521 2172">
    <p class='ocr_par' dir='ltr' id='par_1_81' title="bbox 1932 2103 3521 2172">
     <span class='ocr_line' id='line_1_81' title="bbox 1932 2103 3521 2172; baseline 0 -16"><span class='ocrx_word' id='word_1_531' title='bbox 1932 2110 2109 2157; x_wconf 88' lang='lat' dir='ltr'><strong>tamen</strong></span> <span class='ocrx_word' id='word_1_532' title='bbox 2131 2118 2252 2157; x_wconf 91' lang='lat' dir='ltr'><strong>cum</strong></span> <span class='ocrx_word' id='word_1_533' title='bbox 2274 2103 2372 2159; x_wconf 87' lang='lat' dir='ltr'><strong>Dei</strong></span> <span class='ocrx_word' id='word_1_534' title='bbox 2393 2104 2759 2163; x_wconf 88' lang='lat' dir='ltr'><strong>misericordia</strong></span> <span class='ocrx_word' id='word_1_535' title='bbox 2789 2105 2965 2160; x_wconf 83' lang='lat' dir='ltr'><strong>lacere</strong></span> <span class='ocrx_word' id='word_1_536' title='bbox 2991 2103 3179 2166; x_wconf 90' lang='lat' dir='ltr'><strong>debes,</strong></span> <span class='ocrx_word' id='word_1_537' title='bbox 3206 2114 3261 2157; x_wconf 90' lang='lat' dir='ltr'><strong>ut</strong></span> <span class='ocrx_word' id='word_1_538' title='bbox 3279 2103 3521 2172; x_wconf 71' lang='lat' dir='ltr'><strong>epistola!</strong></span> 
     </span>
    </p>
   </div>
   <div class='ocr_carea' id='block_1_82' title="bbox 1931 2197 3522 2269">
    <p class='ocr_par' dir='ltr' id='par_1_82' title="bbox 1931 2197 3522 2269">
     <span class='ocr_line' id='line_1_82' title="bbox 1931 2197 3522 2269; baseline -0.001 -19"><span class='ocrx_word' id='word_1_539' title='bbox 1931 2213 2052 2268; x_wconf 67' lang='lat' dir='ltr'><strong>qua:</strong></span> <span class='ocrx_word' id='word_1_540' title='bbox 2080 2213 2106 2251; x_wconf 90' lang='lat' dir='ltr'><strong>a</strong></span> <span class='ocrx_word' id='word_1_541' title='bbox 2137 2197 2292 2253; x_wconf 90' lang='lat' dir='ltr'><strong>nobis</strong></span> <span class='ocrx_word' id='word_1_542' title='bbox 2335 2199 2514 2255; x_wconf 61' lang='lat' dir='ltr'><strong>missae</strong></span> <span class='ocrx_word' id='word_1_543' title='bbox 2544 2208 2671 2254; x_wconf 90' lang='lat' dir='ltr'><strong>sunt</strong></span> <span class='ocrx_word' id='word_1_544' title='bbox 2701 2198 2909 2269; x_wconf 91' lang='lat' dir='ltr'><strong>publice</strong></span> <span class='ocrx_word' id='word_1_545' title='bbox 2942 2199 3220 2269; x_wconf 89' lang='lat' dir='ltr'><strong>legantur;</strong></span> <span class='ocrx_word' id='word_1_546' title='bbox 3253 2208 3338 2252; x_wconf 89' lang='lat' dir='ltr'><strong>aut</strong></span> <span class='ocrx_word' id='word_1_547' title='bbox 3370 2200 3412 2251; x_wconf 92' lang='lat' dir='ltr'><strong>si</strong></span> <span class='ocrx_word' id='word_1_548' title='bbox 3443 2197 3522 2250; x_wconf 85' lang='lat' dir='ltr'><strong>vi-</strong></span> 
     </span>
    </p>
   </div>
   <div class='ocr_carea' id='block_1_83' title="bbox 1932 2290 3521 2362">
    <p class='ocr_par' dir='ltr' id='par_1_83' title="bbox 1932 2290 3521 2362">
     <span class='ocr_line' id='line_1_83' title="bbox 1932 2290 3521 2362; baseline -0.002 -18"><span class='ocrx_word' id='word_1_549' title='bbox 1932 2290 2076 2346; x_wconf 89' lang='lat' dir='ltr'><strong>deris</strong></span> <span class='ocrx_word' id='word_1_550' title='bbox 2106 2305 2215 2360; x_wconf 64' lang='lat' dir='ltr'><strong>pra:</strong></span> <span class='ocrx_word' id='word_1_551' title='bbox 2239 2290 2436 2347; x_wconf 90' lang='lat' dir='ltr'><strong>timore</strong></span> <span class='ocrx_word' id='word_1_552' title='bbox 2467 2290 2570 2347; x_wconf 92' lang='lat' dir='ltr'><strong>hoc</strong></span> <span class='ocrx_word' id='word_1_553' title='bbox 2609 2291 2896 2362; x_wconf 83' lang='lat' dir='ltr'><strong>episcopos</strong></span> <span class='ocrx_word' id='word_1_554' title='bbox 2929 2290 3105 2347; x_wconf 81' lang='lat' dir='ltr'><strong>facere</strong></span> <span class='ocrx_word' id='word_1_555' title='bbox 3139 2291 3301 2354; x_wconf 89' lang='lat' dir='ltr'><strong>nolle,</strong></span> <span class='ocrx_word' id='word_1_556' title='bbox 3333 2291 3521 2344; x_wconf 79' lang='lat' dir='ltr'><strong>saltem</strong></span> 
     </span>
    </p>
   </div>
   <div class='ocr_carea' id='block_1_84' title="bbox 1931 2383 3521 2455">
    <p class='ocr_par' dir='ltr' id='par_1_84' title="bbox 1931 2383 3521 2455">
     <span class='ocr_line' id='line_1_84' title="bbox 1931 2383 3521 2455; baseline -0.001 -16"><span class='ocrx_word' id='word_1_557' title='bbox 1931 2383 2146 2439; x_wconf 87' lang='lat' dir='ltr'><strong>clericis</strong></span> <span class='ocrx_word' id='word_1_558' title='bbox 2175 2383 2287 2439; x_wconf 88' lang='lat' dir='ltr'><strong>suis</strong></span> <span class='ocrx_word' id='word_1_559' title='bbox 2323 2383 2440 2440; x_wconf 70' lang='lat' dir='ltr'><strong>haec</strong></span> <span class='ocrx_word' id='word_1_560' title='bbox 2471 2385 2716 2455; x_wconf 72' lang='lat' dir='ltr'><strong>relegant</strong></span> <span class='ocrx_word' id='word_1_561' title='bbox 2743 2401 2756 2438; x_wconf 89' lang='lat'><strong>:</strong></span> <span class='ocrx_word' id='word_1_562' title='bbox 2788 2400 2910 2455; x_wconf 83' lang='lat' dir='ltr'><strong>quae</strong></span> <span class='ocrx_word' id='word_1_563' title='bbox 2953 2393 3131 2439; x_wconf 89' lang='lat' dir='ltr'><strong>tamen</strong></span> <span class='ocrx_word' id='word_1_564' title='bbox 3184 2384 3237 2438; x_wconf 93' lang='lat' dir='ltr'><strong>in</strong></span> <span class='ocrx_word' id='word_1_565' title='bbox 3284 2383 3521 2453; x_wconf 84' lang='lat' dir='ltr'><strong>ipsorum</strong></span> 
     </span>
    </p>
   </div>
   <div class='ocr_carea' id='block_1_85' title="bbox 1931 2476 3524 2548">
    <p class='ocr_par' dir='ltr' id='par_1_85' title="bbox 1931 2476 3524 2548">
     <span class='ocr_line' id='line_1_85' title="bbox 1931 2476 3524 2548; baseline 0.001 -16"><span class='ocrx_word' id='word_1_566' title='bbox 1931 2476 2142 2533; x_wconf 89' lang='lat' dir='ltr'><strong>dimitte</strong></span> <span class='ocrx_word' id='word_1_567' title='bbox 2175 2483 2518 2547; x_wconf 89' lang='lat' dir='ltr'><strong>potestatem,</strong></span> <span class='ocrx_word' id='word_1_568' title='bbox 2551 2487 2605 2534; x_wconf 91' lang='lat' dir='ltr'><strong>et</strong></span> <span class='ocrx_word' id='word_1_569' title='bbox 2631 2478 2830 2548; x_wconf 89' lang='lat' dir='ltr'><strong>scripta</strong></span> <span class='ocrx_word' id='word_1_570' title='bbox 2871 2477 3266 2548; x_wconf 88' lang='lat' dir='ltr'><strong>episcoporum,</strong></span> <span class='ocrx_word' id='word_1_571' title='bbox 3296 2488 3348 2530; x_wconf 90' lang='lat' dir='ltr'><strong>et</strong></span> <span class='ocrx_word' id='word_1_572' title='bbox 3381 2477 3524 2533; x_wconf 86' lang='lat' dir='ltr'><strong>illius</strong></span> 
     </span>
    </p>
   </div>
   <div class='ocr_carea' id='block_1_86' title="bbox 1931 2569 3523 2640">
    <p class='ocr_par' dir='ltr' id='par_1_86' title="bbox 1931 2569 3523 2640">
     <span class='ocr_line' id='line_1_86' title="bbox 1931 2569 3523 2640; baseline -0.001 -15"><span class='ocrx_word' id='word_1_573' title='bbox 1931 2569 2197 2640; x_wconf 91' lang='lat' dir='ltr'><strong>episcopi,</strong></span> <span class='ocrx_word' id='word_1_574' title='bbox 2229 2569 2331 2626; x_wconf 91' lang='lat' dir='ltr'><strong>hoc</strong></span> <span class='ocrx_word' id='word_1_575' title='bbox 2363 2578 2446 2626; x_wconf 91' lang='lat' dir='ltr'><strong>est</strong></span> <span class='ocrx_word' id='word_1_576' title='bbox 2478 2571 2699 2626; x_wconf 82' lang='lat' dir='ltr'><strong>Joannis</strong></span> <span class='ocrx_word' id='word_1_577' title='bbox 2732 2569 3151 2640; x_wconf 90' lang='lat' dir='ltr'><strong>metropolitani,</strong></span> <span class='ocrx_word' id='word_1_578' title='bbox 3186 2569 3250 2622; x_wconf 89' lang='lat' dir='ltr'><strong>ad</strong></span> <span class='ocrx_word' id='word_1_579' title='bbox 3275 2584 3372 2622; x_wconf 94' lang='lat' dir='ltr'><strong>nos</strong></span> <span class='ocrx_word' id='word_1_580' title='bbox 3402 2583 3523 2623; x_wconf 89' lang='lat' dir='ltr'><strong>cum</strong></span> 
     </span>
    </p>
   </div>
   <div class='ocr_carea' id='block_1_87' title="bbox 1932 2663 3523 2735">
    <p class='ocr_par' dir='ltr' id='par_1_87' title="bbox 1932 2663 3523 2735">
     <span class='ocr_line' id='line_1_87' title="bbox 1932 2663 3523 2735; baseline -0.001 -15"><span class='ocrx_word' id='word_1_581' title='bbox 1932 2664 2028 2720; x_wconf 90' lang='lat' dir='ltr'><strong>Dei</strong></span> <span class='ocrx_word' id='word_1_582' title='bbox 2083 2664 2452 2723; x_wconf 89' lang='lat' dir='ltr'><strong>misericordia</strong></span> <span class='ocrx_word' id='word_1_583' title='bbox 2507 2675 2741 2735; x_wconf 89' lang='lat' dir='ltr'><strong>reporta.</strong></span> <span class='ocrx_word' id='word_1_584' title='bbox 2790 2666 2919 2721; x_wconf 92' lang='lat' dir='ltr'><strong>Post</strong></span> <span class='ocrx_word' id='word_1_585' title='bbox 2965 2668 3065 2720; x_wconf 88' lang='lat' dir='ltr'><strong>hoc</strong></span> <span class='ocrx_word' id='word_1_586' title='bbox 3112 2663 3305 2718; x_wconf 76' lang='lat' dir='ltr'><strong>factum</strong></span> <span class='ocrx_word' id='word_1_587' title='bbox 3348 2664 3523 2719; x_wconf 85' lang='lat' dir='ltr'><strong>nullas</strong></span> 
     </span>
    </p>
   </div>
   <div class='ocr_carea' id='block_1_88' title="bbox 1932 2759 3524 2830">
    <p class='ocr_par' dir='ltr' id='par_1_88' title="bbox 1932 2759 3524 2830">
     <span class='ocr_line' id='line_1_88' title="bbox 1932 2759 3524 2830; baseline -0.001 -16"><span class='ocrx_word' id='word_1_588' title='bbox 1932 2774 2114 2814; x_wconf 90' lang='lat' dir='ltr'><strong>moras</strong></span> <span class='ocrx_word' id='word_1_589' title='bbox 2164 2770 2214 2813; x_wconf 91' lang='lat' dir='ltr'><strong>te</strong></span> <span class='ocrx_word' id='word_1_590' title='bbox 2258 2760 2506 2816; x_wconf 88' lang='lat' dir='ltr'><strong>volumus</strong></span> <span class='ocrx_word' id='word_1_591' title='bbox 2538 2760 2735 2815; x_wconf 89' lang='lat' dir='ltr'><strong>ibidem</strong></span> <span class='ocrx_word' id='word_1_592' title='bbox 2777 2759 2987 2827; x_wconf 77' lang='lat' dir='ltr'><strong>facere,</strong></span> <span class='ocrx_word' id='word_1_593' title='bbox 3036 2768 3255 2830; x_wconf 90' lang='lat' dir='ltr'><strong>propter</strong></span> <span class='ocrx_word' id='word_1_594' title='bbox 3300 2759 3524 2814; x_wconf 85' lang='lat' dir='ltr'><strong>insidias</strong></span> 
     </span>
    </p>
   </div>
   <div class='ocr_carea' id='block_1_89' title="bbox 1930 2851 3522 2909">
    <p class='ocr_par' dir='ltr' id='par_1_89' title="bbox 1930 2851 3522 2909">
     <span class='ocr_line' id='line_1_89' title="bbox 1930 2851 3522 2909; baseline -0.003 -1"><span class='ocrx_word' id='word_1_595' title='bbox 1930 2861 1987 2908; x_wconf 91' lang='lat' dir='ltr'><strong>et</strong></span> <span class='ocrx_word' id='word_1_596' title='bbox 2035 2852 2357 2908; x_wconf 79' lang='lat' dir='ltr'><strong>calliditates</strong></span> <span class='ocrx_word' id='word_1_597' title='bbox 2409 2853 2771 2909; x_wconf 90' lang='lat' dir='ltr'><strong>inimicorum.</strong></span> <span class='ocrx_word' id='word_1_598' title='bbox 2805 2851 2909 2907; x_wconf 86' lang='lat' dir='ltr'><strong>Per</strong></span> <span class='ocrx_word' id='word_1_599' title='bbox 2956 2851 3210 2906; x_wconf 82' lang='lat' dir='ltr'><strong>Joannem</strong></span> <span class='ocrx_word' id='word_1_600' title='bbox 3247 2851 3522 2904; x_wconf 85' lang='lat' dir='ltr'><strong>diaconum</strong></span> 
     </span>
    </p>
   </div>
   <div class='ocr_carea' id='block_1_90' title="bbox 1930 2961 2064 3017">
    <p class='ocr_par' dir='ltr' id='par_1_90' title="bbox 1930 2961 2064 3017">
     <span class='ocr_line' id='line_1_90' title="bbox 1930 2961 2064 3017; baseline 0.022 -18"><span class='ocrx_word' id='word_1_601' title='bbox 1930 2961 2064 3017; x_wconf 73' lang='grc' dir='ltr'><strong>εμιε.</strong></span> 
     </span>
    </p>
   </div>
   <div class='ocr_carea' id='block_1_91' title="bbox 2563 3016 2892 3075">
    <p class='ocr_par' dir='ltr' id='par_1_91' title="bbox 2563 3016 2892 3075">
     <span class='ocr_line' id='line_1_91' title="bbox 2563 3016 2892 3075; baseline 0 -1"><span class='ocrx_word' id='word_1_602' title='bbox 2563 3016 2892 3075; x_wconf 80' lang='lat' dir='ltr'><strong>EPISTULA</strong></span> 
     </span>
    </p>
   </div>
   <div class='ocr_carea' id='block_1_92' title="bbox 2029 3116 3422 3169">
    <p class='ocr_par' dir='ltr' id='par_1_92' title="bbox 2029 3116 3422 3169">
     <span class='ocr_line' id='line_1_92' title="bbox 2029 3116 3422 3169; baseline 0.002 -4"><span class='ocrx_word' id='word_1_603' title='bbox 2029 3125 2173 3166; x_wconf 80' lang='grc' dir='ltr'>Ανιτι</span> <span class='ocrx_word' id='word_1_604' title='bbox 2202 3125 2434 3168; x_wconf 64' lang='grc' dir='ltr'>ιειθιεοοιιι</span> <span class='ocrx_word' id='word_1_605' title='bbox 2464 3125 2771 3168; x_wconf 71' lang='lat' dir='ltr'><strong>vrsaususrs</strong></span> <span class='ocrx_word' id='word_1_606' title='bbox 2800 3129 2868 3168; x_wconf 70' lang='lat' dir='ltr'><strong>sn</strong></span> <span class='ocrx_word' id='word_1_607' title='bbox 2899 3116 3204 3169; x_wconf 71' lang='lat' dir='ltr'><strong>nonltsnnr</strong></span> <span class='ocrx_word' id='word_1_608' title='bbox 3231 3127 3422 3168; x_wconf 79' lang='lat' dir='ltr'><strong>PAPAI.</strong></span> 
     </span>
    </p>
   </div>
   <div class='ocr_carea' id='block_1_93' title="bbox 1940 3222 3524 3295">
    <p class='ocr_par' dir='ltr' id='par_1_93' title="bbox 1940 3222 3524 3295">
     <span class='ocr_line' id='line_1_93' title="bbox 1940 3222 3524 3295; baseline 0.004 -19"><span class='ocrx_word' id='word_1_609' title='bbox 1940 3222 2242 3277; x_wconf 77' lang='lat' dir='ltr'><strong>Gratulatur</strong></span> <span class='ocrx_word' id='word_1_610' title='bbox 2281 3223 2346 3279; x_wconf 85' lang='lat' dir='ltr'><strong>de</strong></span> <span class='ocrx_word' id='word_1_611' title='bbox 2382 3225 2707 3279; x_wconf 85' lang='lat' dir='ltr'><strong>conversione</strong></span> <span class='ocrx_word' id='word_1_612' title='bbox 2752 3227 3132 3295; x_wconf 78' lang='lat' dir='ltr'><strong>provinciarum</strong></span> <span class='ocrx_word' id='word_1_613' title='bbox 3169 3226 3451 3282; x_wconf 64' lang='lat' dir='ltr'><strong>Dardania;</strong></span> <span class='ocrx_word' id='word_1_614' title='bbox 3475 3237 3524 3284; x_wconf 81' lang='lat' dir='ltr'><strong>et</strong></span> 
     </span>
    </p>
   </div>
   <div class='ocr_carea' id='block_1_94' title="bbox 2007 3316 3521 3394">
    <p class='ocr_par' dir='ltr' id='par_1_94' title="bbox 2007 3316 3521 3394">
     <span class='ocr_line' id='line_1_94' title="bbox 2007 3316 3521 3394; baseline 0.004 -25"><span class='ocrx_word' id='word_1_615' title='bbox 2007 3316 2233 3387; x_wconf 81' lang='lat' dir='ltr'><strong>Illyrici,</strong></span> <span class='ocrx_word' id='word_1_616' title='bbox 2265 3319 2487 3389; x_wconf 80' lang='lat' dir='ltr'><strong>petitque</strong></span> <span class='ocrx_word' id='word_1_617' title='bbox 2508 3328 2562 3372; x_wconf 89' lang='lat' dir='ltr'><strong>ut</strong></span> <span class='ocrx_word' id='word_1_618' title='bbox 2583 3320 2764 3374; x_wconf 81' lang='lat' dir='ltr'><strong>certior</strong></span> <span class='ocrx_word' id='word_1_619' title='bbox 2792 3320 2883 3388; x_wconf 80' lang='lat' dir='ltr'><strong>ﬁat</strong></span> <span class='ocrx_word' id='word_1_620' title='bbox 2911 3321 2975 3375; x_wconf 88' lang='lat' dir='ltr'><strong>de</strong></span> <span class='ocrx_word' id='word_1_621' title='bbox 2995 3335 3229 3376; x_wconf 82' lang='lat' dir='ltr'><strong>successu</strong></span> <span class='ocrx_word' id='word_1_622' title='bbox 3251 3321 3521 3394; x_wconf 84' lang='lat' dir='ltr'><strong>legationis</strong></span> 
     </span>
    </p>
   </div>
   <div class='ocr_carea' id='block_1_95' title="bbox 2006 3409 2714 3481">
    <p class='ocr_par' dir='ltr' id='par_1_95' title="bbox 2006 3409 2714 3481">
     <span class='ocr_line' id='line_1_95' title="bbox 2006 3409 2714 3481; baseline 0 -16"><span class='ocrx_word' id='word_1_623' title='bbox 2006 3409 2500 3481; x_wconf 75' lang='lat' dir='ltr'><strong>Constantiiwpolim</strong></span> <span class='ocrx_word' id='word_1_624' title='bbox 2530 3413 2714 3466; x_wconf 70' lang='lat' dir='ltr'><strong>missae.</strong></span> 
     </span>
    </p>
   </div>
   <div class='ocr_carea' id='block_1_96' title="bbox 2011 3503 3525 3576">
    <p class='ocr_par' dir='ltr' id='par_1_96' title="bbox 2011 3503 3525 3576">
     <span class='ocr_line' id='line_1_96' title="bbox 2011 3503 3525 3576; baseline 0.001 -18"><span class='ocrx_word' id='word_1_625' title='bbox 2011 3504 2238 3560; x_wconf 84' lang='lat' dir='ltr'><strong>Domino</strong></span> <span class='ocrx_word' id='word_1_626' title='bbox 2253 3507 2452 3561; x_wconf 90' lang='lat' dir='ltr'><strong>sanctis</strong></span> <span class='ocrx_word' id='word_1_627' title='bbox 2471 3505 2674 3561; x_wconf 85' lang='lat' dir='ltr'><strong>meritis</strong></span> <span class='ocrx_word' id='word_1_628' title='bbox 2694 3505 3212 3576; x_wconf 68' lang='lat' dir='ltr'><strong>prmcellentissimo,</strong></span> <span class='ocrx_word' id='word_1_629' title='bbox 3235 3507 3286 3561; x_wconf 92' lang='lat' dir='ltr'><strong>in</strong></span> <span class='ocrx_word' id='word_1_630' title='bbox 3309 3503 3525 3561; x_wconf 88' lang='lat' dir='ltr'><strong>Christo</strong></span> 
     </span>
    </p>
   </div>
   <div class='ocr_carea' id='block_1_97' title="bbox 1934 3597 3525 3670">
    <p class='ocr_par' dir='ltr' id='par_1_97' title="bbox 1934 3597 3525 3670">
     <span class='ocr_line' id='line_1_97' title="bbox 1934 3597 3525 3670; baseline 0.003 -21"><span class='ocrx_word' id='word_1_631' title='bbox 1934 3597 2328 3666; x_wconf 89' lang='lat' dir='ltr'><strong>gloriosissimo</strong></span> <span class='ocrx_word' id='word_1_632' title='bbox 2376 3607 2430 3653; x_wconf 90' lang='lat' dir='ltr'><strong>et</strong></span> <span class='ocrx_word' id='word_1_633' title='bbox 2483 3599 2775 3668; x_wconf 89' lang='lat' dir='ltr'><strong>apostolica</strong></span> <span class='ocrx_word' id='word_1_634' title='bbox 2829 3600 2957 3655; x_wconf 87' lang='lat' dir='ltr'><strong>sede</strong></span> <span class='ocrx_word' id='word_1_635' title='bbox 3003 3600 3318 3670; x_wconf 87' lang='lat' dir='ltr'><strong>dignissimo</strong></span> <span class='ocrx_word' id='word_1_636' title='bbox 3374 3613 3525 3670; x_wconf 64' lang='lat' dir='ltr'><strong>papa</strong></span> 
     </span>
    </p>
   </div>
   <div class='ocr_carea' id='block_1_98' title="bbox 1935 3685 2467 3744">
    <p class='ocr_par' dir='ltr' id='par_1_98' title="bbox 1935 3685 2467 3744">
     <span class='ocr_line' id='line_1_98' title="bbox 1935 3685 2467 3744; baseline 0.004 -4"><span class='ocrx_word' id='word_1_637' title='bbox 1935 3685 2235 3743; x_wconf 71' lang='lat' dir='ltr'><strong>Hormisda:</strong></span> <span class='ocrx_word' id='word_1_638' title='bbox 2257 3691 2467 3744; x_wconf 85' lang='lat' dir='ltr'><strong>Avitus.</strong></span> 
     </span>
    </p>
   </div>
   <div class='ocr_carea' id='block_1_99' title="bbox 2010 3778 3522 3851">
    <p class='ocr_par' dir='ltr' id='par_1_99' title="bbox 2010 3778 3522 3851">
     <span class='ocr_line' id='line_1_99' title="bbox 2010 3778 3522 3851; baseline 0.005 -18"><span class='ocrx_word' id='word_1_639' title='bbox 2010 3778 2145 3835; x_wconf 90' lang='lat' dir='ltr'><strong>Dum</strong></span> <span class='ocrx_word' id='word_1_640' title='bbox 2179 3783 2454 3851; x_wconf 86' lang='lat' dir='ltr'><strong>religionis</strong></span> <span class='ocrx_word' id='word_1_641' title='bbox 2491 3783 2757 3851; x_wconf 86' lang='lat' dir='ltr'><strong>(llabetur</strong></span> <span class='ocrx_word' id='word_1_642' title='bbox 2806 3783 2922 3836; x_wconf 91' lang='lat' dir='ltr'><strong>0rd.</strong></span> <span class='ocrx_word' id='word_1_643' title='bbox 2966 3783 3033 3837; x_wconf 88' lang='lat'><strong>87</strong></span> <span class='ocrx_word' id='word_1_644' title='bbox 3073 3784 3127 3838; x_wconf 92' lang='lat' dir='ltr'><strong>in</strong></span> <span class='ocrx_word' id='word_1_645' title='bbox 3184 3785 3312 3839; x_wconf 83' lang='lat' dir='ltr'><strong>edit.</strong></span> <span class='ocrx_word' id='word_1_646' title='bbox 3357 3786 3522 3844; x_wconf 92' lang='lat' dir='ltr'><strong>Sirm.</strong></span> 
     </span>
    </p>
   </div>
   <div class='ocr_carea' id='block_1_100' title="bbox 1934 3872 3524 3946">
    <p class='ocr_par' dir='ltr' id='par_1_100' title="bbox 1934 3872 3524 3946">
     <span class='ocr_line' id='line_1_100' title="bbox 1934 3872 3524 3946; baseline 0.006 -20"><span class='ocrx_word' id='word_1_647' title='bbox 1934 3872 2464 3943; x_wconf 67' lang='lat' dir='ltr'><strong>ann01643)statui</strong></span> <span class='ocrx_word' id='word_1_648' title='bbox 2520 3886 2573 3929; x_wconf 91' lang='lat' dir='ltr'><strong>et</strong></span> <span class='ocrx_word' id='word_1_649' title='bbox 2623 3876 2794 3944; x_wconf 87' lang='lat' dir='ltr'><strong>plenis</strong></span> <span class='ocrx_word' id='word_1_650' title='bbox 2844 3876 3122 3930; x_wconf 59' lang='lat' dir='ltr'><strong>catholicae</strong></span> <span class='ocrx_word' id='word_1_651' title='bbox 3167 3878 3289 3932; x_wconf 77' lang='lat' dir='ltr'><strong>fidei</strong></span> <span class='ocrx_word' id='word_1_652' title='bbox 3325 3880 3524 3946; x_wconf 83' lang='lat' dir='ltr'><strong>regulis</strong></span> 
     </span>
    </p>
   </div>
   <div class='ocr_carea' id='block_1_101' title="bbox 1934 3966 3523 4037">
    <p class='ocr_par' dir='ltr' id='par_1_101' title="bbox 1934 3966 3523 4037">
     <span class='ocr_line' id='line_1_101' title="bbox 1934 3966 3523 4037; baseline 0.004 -19"><span class='ocrx_word' id='word_1_653' title='bbox 1934 3966 2242 4034; x_wconf 86' lang='lat' dir='ltr'><strong>perspicitis</strong></span> <span class='ocrx_word' id='word_1_654' title='bbox 2269 3967 2582 4033; x_wconf 89' lang='lat' dir='ltr'><strong>convenire,</strong></span> <span class='ocrx_word' id='word_1_655' title='bbox 2618 3975 2674 4021; x_wconf 93' lang='lat' dir='ltr'><strong>ut</strong></span> <span class='ocrx_word' id='word_1_656' title='bbox 2701 3983 2912 4036; x_wconf 87' lang='lat' dir='ltr'><strong>gregem</strong></span> <span class='ocrx_word' id='word_1_657' title='bbox 2957 3985 3054 4037; x_wconf 89' lang='lat' dir='ltr'><strong>per</strong></span> <span class='ocrx_word' id='word_1_658' title='bbox 3086 3977 3193 4023; x_wconf 89' lang='lat' dir='ltr'><strong>tota</strong></span> <span class='ocrx_word' id='word_1_659' title='bbox 3227 3970 3377 4024; x_wconf 85' lang='lat' dir='ltr'><strong>vobis</strong></span> <span class='ocrx_word' id='word_1_660' title='bbox 3408 3972 3523 4025; x_wconf 82' lang='lat' dir='ltr'><strong>uni-</strong></span> 
     </span>
    </p>
   </div>
   <div class='ocr_carea' id='block_1_102' title="bbox 1934 4047 3521 4130">
    <p class='ocr_par' dir='ltr' id='par_1_102' title="bbox 1934 4047 3521 4130">
     <span class='ocr_line' id='line_1_102' title="bbox 1934 4047 3521 4130; baseline 0.006 -23"><span class='ocrx_word' id='word_1_661' title='bbox 1934 4056 2164 4112; x_wconf 86' lang='lat' dir='ltr'><strong>versalis</strong></span> <span class='ocrx_word' id='word_1_662' title='bbox 2187 4047 2441 4112; x_wconf 63' lang='lat' dir='ltr'><strong>Ecclesiae</strong></span> <span class='ocrx_word' id='word_1_663' title='bbox 2481 4059 2720 4114; x_wconf 91' lang='lat' dir='ltr'><strong>membra</strong></span> <span class='ocrx_word' id='word_1_664' title='bbox 2760 4062 3106 4116; x_wconf 89' lang='lat' dir='ltr'><strong>commissum</strong></span> <span class='ocrx_word' id='word_1_665' title='bbox 3147 4061 3366 4130; x_wconf 83' lang='lat' dir='ltr'><strong>pervigil</strong></span> <span class='ocrx_word' id='word_1_666' title='bbox 3397 4079 3521 4118; x_wconf 88' lang='lat' dir='ltr'><strong>cura</strong></span> 
     </span>
    </p>
   </div>
   <div class='ocr_carea' id='block_1_103' title="bbox 1935 4149 3521 4225">
    <p class='ocr_par' dir='ltr' id='par_1_103' title="bbox 1935 4149 3521 4225">
     <span class='ocr_line' id='line_1_103' title="bbox 1935 4149 3521 4225; baseline 0.005 -23"><span class='ocrx_word' id='word_1_667' title='bbox 1935 4161 2133 4204; x_wconf 65' lang='lat' dir='ltr'><strong>vestrae</strong></span> <span class='ocrx_word' id='word_1_668' title='bbox 2163 4149 2556 4207; x_wconf 85' lang='lat' dir='ltr'><strong>adhortationis</strong></span> <span class='ocrx_word' id='word_1_669' title='bbox 2586 4152 2862 4220; x_wconf 81' lang='lat' dir='ltr'><strong>informet,</strong></span> <span class='ocrx_word' id='word_1_670' title='bbox 2891 4165 2995 4210; x_wconf 88' lang='lat' dir='ltr'><strong>etc.</strong></span> <span class='ocrx_word' id='word_1_671' title='bbox 3035 4154 3204 4225; x_wconf 77' lang='lat' dir='ltr'><strong>(lianc</strong></span> <span class='ocrx_word' id='word_1_672' title='bbox 3243 4154 3521 4224; x_wconf 89' lang='lat' dir='ltr'><strong>epistolam</strong></span> 
     </span>
    </p>
   </div>
   <div class='ocr_carea' id='block_1_104' title="bbox 1934 4239 3521 4318">
    <p class='ocr_par' dir='ltr' id='par_1_104' title="bbox 1934 4239 3521 4318">
     <span class='ocr_line' id='line_1_104' title="bbox 1934 4239 3521 4318; baseline 0.004 -23"><span class='ocrx_word' id='word_1_673' title='bbox 1934 4239 2114 4310; x_wconf 85' lang='lat' dir='ltr'><strong>legere</strong></span> <span class='ocrx_word' id='word_1_674' title='bbox 2145 4251 2228 4297; x_wconf 86' lang='lat' dir='ltr'><strong>est</strong></span> <span class='ocrx_word' id='word_1_675' title='bbox 2258 4252 2404 4299; x_wconf 90' lang='lat' dir='ltr'><strong>tomo</strong></span> <span class='ocrx_word' id='word_1_676' title='bbox 2443 4243 2582 4311; x_wconf 84' lang='lat' dir='ltr'><strong>LIX,</strong></span> <span class='ocrx_word' id='word_1_677' title='bbox 2631 4248 2735 4302; x_wconf 91' lang='lat' dir='ltr'><strong>col.</strong></span> <span class='ocrx_word' id='word_1_678' title='bbox 2781 4249 2909 4311; x_wconf 75' lang='lat'><strong>288,</strong></span> <span class='ocrx_word' id='word_1_679' title='bbox 2949 4260 3146 4303; x_wconf 78' lang='lat' dir='ltr'><strong>nostr-.e</strong></span> <span class='ocrx_word' id='word_1_680' title='bbox 3186 4247 3521 4318; x_wconf 72' lang='lat' dir='ltr'><strong>Patrologitn,</strong></span> 
     </span>
    </p>
   </div>
   <div class='ocr_carea' id='block_1_105' title="bbox 1935 4335 3116 4410">
    <p class='ocr_par' dir='ltr' id='par_1_105' title="bbox 1935 4335 3116 4410">
     <span class='ocr_line' id='line_1_105' title="bbox 1935 4335 3116 4410; baseline 0.004 -20"><span class='ocrx_word' id='word_1_681' title='bbox 1935 4335 2077 4390; x_wconf 90' lang='lat' dir='ltr'><strong>inter</strong></span> <span class='ocrx_word' id='word_1_682' title='bbox 2104 4351 2267 4406; x_wconf 90' lang='lat' dir='ltr'><strong>opera</strong></span> <span class='ocrx_word' id='word_1_683' title='bbox 2301 4337 2446 4393; x_wconf 85' lang='lat' dir='ltr'><strong>Aviti</strong></span> <span class='ocrx_word' id='word_1_684' title='bbox 2471 4339 2713 4410; x_wconf 90' lang='lat' dir='ltr'><strong>episcopi</strong></span> <span class='ocrx_word' id='word_1_685' title='bbox 2751 4340 3116 4410; x_wconf 77' lang='lat' dir='ltr'><strong>Viennensis.)</strong></span> 
     </span>
    </p>
   </div>
   <div class='ocr_carea' id='block_1_106' title="bbox 2502 4473 2951 4530">
    <p class='ocr_par' dir='ltr' id='par_1_106' title="bbox 2502 4473 2951 4530">
     <span class='ocr_line' id='line_1_106' title="bbox 2502 4473 2951 4530; baseline 0.009 -4"><span class='ocrx_word' id='word_1_686' title='bbox 2502 4473 2833 4529; x_wconf 78' lang='lat' dir='ltr'><strong>EPISTULA</strong></span> <span class='ocrx_word' id='word_1_687' title='bbox 2884 4476 2951 4530; x_wconf 82' lang='grc' dir='ltr'>Χ.</span> 
     </span>
    </p>
   </div>
   <div class='ocr_carea' id='block_1_107' title="bbox 2223 4577 3235 4626">
    <p class='ocr_par' dir='ltr' id='par_1_107' title="bbox 2223 4577 3235 4626">
     <span class='ocr_line' id='line_1_107' title="bbox 2223 4577 3235 4626; baseline 0.008 -9"><span class='ocrx_word' id='word_1_688' title='bbox 2223 4579 2290 4618; x_wconf 79' lang='lat' dir='ltr'><strong>AD</strong></span> <span class='ocrx_word' id='word_1_689' title='bbox 2329 4577 2525 4618; x_wconf 76' lang='grc' dir='ltr'>Ανιτυιι</span> <span class='ocrx_word' id='word_1_690' title='bbox 2565 4580 2894 4620; x_wconf 60' lang='grc' dir='ltr'><strong>νιεκιιεκεειι</strong></span> <span class='ocrx_word' id='word_1_691' title='bbox 2936 4583 3235 4626; x_wconf 71' lang='grc' dir='ltr'><strong>εριεοορυιι.</strong></span> 
     </span>
    </p>
   </div>
   <div class='ocr_carea' id='block_1_108' title="bbox 1935 4677 3524 4752">
    <p class='ocr_par' dir='ltr' id='par_1_108' title="bbox 1935 4677 3524 4752">
     <span class='ocr_line' id='line_1_108' title="bbox 1935 4677 3524 4752; baseline 0.007 -21"><span class='ocrx_word' id='word_1_692' title='bbox 1935 4677 2140 4733; x_wconf 87' lang='lat' dir='ltr'><strong>Laudat</strong></span> <span class='ocrx_word' id='word_1_693' title='bbox 2169 4679 2222 4733; x_wconf 85' lang='lat' dir='ltr'><strong>in</strong></span> <span class='ocrx_word' id='word_1_694' title='bbox 2253 4696 2312 4733; x_wconf 90' lang='lat' dir='ltr'><strong>eo</strong></span> <span class='ocrx_word' id='word_1_695' title='bbox 2361 4681 2593 4736; x_wconf 87' lang='lat' dir='ltr'><strong>studium</strong></span> <span class='ocrx_word' id='word_1_696' title='bbox 2641 4686 2977 4752; x_wconf 83' lang='lat' dir='ltr'><strong>cognoscendi</strong></span> <span class='ocrx_word' id='word_1_697' title='bbox 3013 4686 3076 4737; x_wconf 87' lang='lat' dir='ltr'><strong>de</strong></span> <span class='ocrx_word' id='word_1_698' title='bbox 3121 4694 3256 4738; x_wconf 85' lang='lat' dir='ltr'><strong>statu</strong></span> <span class='ocrx_word' id='word_1_699' title='bbox 3281 4686 3524 4742; x_wconf 76' lang='lat' dir='ltr'><strong>Ecclesia</strong></span> 
     </span>
    </p>
   </div>
   <div class='ocr_carea' id='block_1_109' title="bbox 2011 4765 3523 4843">
    <p class='ocr_par' dir='ltr' id='par_1_109' title="bbox 2011 4765 3523 4843">
     <span class='ocr_line' id='line_1_109' title="bbox 2011 4765 3523 4843; baseline 0.009 -24"><span class='ocrx_word' id='word_1_700' title='bbox 2011 4765 2320 4836; x_wconf 83' lang='lat' dir='ltr'><strong>Orientalis,</strong></span> <span class='ocrx_word' id='word_1_701' title='bbox 2353 4785 2384 4822; x_wconf 92' lang='lat' dir='ltr'><strong>a</strong></span> <span class='ocrx_word' id='word_1_702' title='bbox 2415 4772 2595 4839; x_wconf 85' lang='lat' dir='ltr'><strong>legatis</strong></span> <span class='ocrx_word' id='word_1_703' title='bbox 2618 4784 2787 4825; x_wconf 76' lang='lat' dir='ltr'><strong>autem</strong></span> <span class='ocrx_word' id='word_1_704' title='bbox 2827 4775 2888 4826; x_wconf 82' lang='lat' dir='ltr'><strong>ob</strong></span> <span class='ocrx_word' id='word_1_705' title='bbox 2935 4775 3205 4843; x_wconf 77' lang='lat' dir='ltr'><strong>perﬁdiam</strong></span> <span class='ocrx_word' id='word_1_706' title='bbox 3234 4774 3523 4832; x_wconf 68' lang='lat' dir='ltr'><strong>Cnet-orum</strong></span> 
     </span>
    </p>
   </div>
   <div class='ocr_carea' id='block_1_110' title="bbox 2011 4857 3524 4930">
    <p class='ocr_par' dir='ltr' id='par_1_110' title="bbox 2011 4857 3524 4930">
     <span class='ocr_line' id='line_1_110' title="bbox 2011 4857 3524 4930; baseline 0.009 -20"><span class='ocrx_word' id='word_1_707' title='bbox 2011 4857 2143 4912; x_wconf 84' lang='lat' dir='ltr'><strong>nihil</strong></span> <span class='ocrx_word' id='word_1_708' title='bbox 2172 4865 2450 4930; x_wconf 72' lang='lat' dir='ltr'><strong>perfectum</strong></span> <span class='ocrx_word' id='word_1_709' title='bbox 2474 4861 2633 4930; x_wconf 75' lang='lat' dir='ltr'><strong>fuisse</strong></span> <span class='ocrx_word' id='word_1_710' title='bbox 2657 4864 2866 4928; x_wconf 83' lang='lat' dir='ltr'><strong>scribit;</strong></span> <span class='ocrx_word' id='word_1_711' title='bbox 2886 4865 2938 4917; x_wconf 89' lang='lat' dir='ltr'><strong>in</strong></span> <span class='ocrx_word' id='word_1_712' title='bbox 2963 4867 3132 4919; x_wconf 86' lang='lat' dir='ltr'><strong>animo</strong></span> <span class='ocrx_word' id='word_1_713' title='bbox 3153 4868 3246 4921; x_wconf 83' lang='lat' dir='ltr'><strong>sibi</strong></span> <span class='ocrx_word' id='word_1_714' title='bbox 3271 4885 3376 4922; x_wconf 85' lang='lat' dir='ltr'><strong>esse</strong></span> <span class='ocrx_word' id='word_1_715' title='bbox 3396 4872 3524 4924; x_wconf 84' lang='lat' dir='ltr'><strong>alte-</strong></span> 
     </span>
    </p>
   </div>
   <div class='ocr_carea' id='block_1_111' title="bbox 2011 4953 2973 5026">
    <p class='ocr_par' dir='ltr' id='par_1_111' title="bbox 2011 4953 2973 5026">
     <span class='ocr_line' id='line_1_111' title="bbox 2011 4953 2973 5026; baseline 0.011 -25"><span class='ocrx_word' id='word_1_716' title='bbox 2011 4966 2121 5003; x_wconf 85' lang='lat' dir='ltr'><strong>ram</strong></span> <span class='ocrx_word' id='word_1_717' title='bbox 2142 4953 2210 5004; x_wconf 86' lang='lat' dir='ltr'><strong>ad</strong></span> <span class='ocrx_word' id='word_1_718' title='bbox 2236 4953 2353 5006; x_wconf 88' lang='lat' dir='ltr'><strong>illos</strong></span> <span class='ocrx_word' id='word_1_719' title='bbox 2379 4953 2680 5026; x_wconf 81' lang='lat' dir='ltr'><strong>legationem</strong></span> <span class='ocrx_word' id='word_1_720' title='bbox 2700 4957 2973 5012; x_wconf 87' lang='lat' dir='ltr'><strong>destinare.</strong></span> 
     </span>
    </p>
   </div>
   <div class='ocr_carea' id='block_1_112' title="bbox 2011 5040 3524 5121">
    <p class='ocr_par' dir='ltr' id='par_1_112' title="bbox 2011 5040 3524 5121">
     <span class='ocr_line' id='line_1_112' title="bbox 2011 5040 3524 5121; baseline 0.01 -25"><span class='ocrx_word' id='word_1_721' title='bbox 2011 5040 2293 5098; x_wconf 83' lang='lat' dir='ltr'><strong>llormisda</strong></span> <span class='ocrx_word' id='word_1_722' title='bbox 2322 5045 2608 5117; x_wconf 90' lang='lat' dir='ltr'><strong>episcopus</strong></span> <span class='ocrx_word' id='word_1_723' title='bbox 2635 5049 2793 5103; x_wconf 90' lang='lat' dir='ltr'><strong>Avito</strong></span> <span class='ocrx_word' id='word_1_724' title='bbox 2839 5051 3091 5121; x_wconf 88' lang='lat' dir='ltr'><strong>episcopo</strong></span> <span class='ocrx_word' id='word_1_725' title='bbox 3153 5063 3208 5107; x_wconf 89' lang='lat' dir='ltr'><strong>et</strong></span> <span class='ocrx_word' id='word_1_726' title='bbox 3259 5055 3524 5112; x_wconf 83' lang='lat' dir='ltr'><strong>universis</strong></span> 
     </span>
    </p>
   </div>
   <div class='ocr_carea' id='block_1_113' title="bbox 1937 5133 3522 5211">
    <p class='ocr_par' dir='ltr' id='par_1_113' title="bbox 1937 5133 3522 5211">
     <span class='ocr_line' id='line_1_113' title="bbox 1937 5133 3522 5211; baseline 0.009 -23"><span class='ocrx_word' id='word_1_727' title='bbox 1937 5133 2204 5205; x_wconf 88' lang='lat' dir='ltr'><strong>episcopis</strong></span> <span class='ocrx_word' id='word_1_728' title='bbox 2236 5138 2521 5207; x_wconf 71' lang='lat' dir='ltr'><strong>provincia:</strong></span> <span class='ocrx_word' id='word_1_729' title='bbox 2552 5139 2911 5211; x_wconf 84' lang='lat' dir='ltr'><strong>Viennensis,</strong></span> <span class='ocrx_word' id='word_1_730' title='bbox 2946 5146 3026 5199; x_wconf 92' lang='lat' dir='ltr'><strong>vel</strong></span> <span class='ocrx_word' id='word_1_731' title='bbox 3059 5147 3158 5202; x_wconf 88' lang='lat' dir='ltr'><strong>sub</strong></span> <span class='ocrx_word' id='word_1_732' title='bbox 3189 5155 3275 5202; x_wconf 88' lang='lat' dir='ltr'><strong>tua</strong></span> <span class='ocrx_word' id='word_1_733' title='bbox 3305 5148 3522 5204; x_wconf 62' lang='lat' dir='ltr'><strong>dioecesi</strong></span> 
     </span>
    </p>
   </div>
   <div class='ocr_carea' id='block_1_114' title="bbox 1936 5225 2378 5284">
    <p class='ocr_par' dir='ltr' id='par_1_114' title="bbox 1936 5225 2378 5284">
     <span class='ocr_line' id='line_1_114' title="bbox 1936 5225 2378 5284; baseline 0.014 -6"><span class='ocrx_word' id='word_1_734' title='bbox 1936 5225 2378 5284; x_wconf 89' lang='lat' dir='ltr'><strong>consistentibus.</strong></span> 
     </span>
    </p>
   </div>
   <div class='ocr_carea' id='block_1_115' title="bbox 2008 5321 3521 5399">
    <p class='ocr_par' dir='ltr' id='par_1_115' title="bbox 2008 5321 3521 5399">
     <span class='ocr_line' id='line_1_115' title="bbox 2008 5321 3521 5399; baseline 0.007 -24"><span class='ocrx_word' id='word_1_735' title='bbox 2008 5321 2107 5390; x_wconf 84' lang='lat' dir='ltr'><strong>Qui</strong></span> <span class='ocrx_word' id='word_1_736' title='bbox 2138 5321 2318 5379; x_wconf 89' lang='lat' dir='ltr'><strong>dehis</strong></span> <span class='ocrx_word' id='word_1_737' title='bbox 2346 5338 2467 5395; x_wconf 73' lang='lat' dir='ltr'><strong>qua:</strong></span> <span class='ocrx_word' id='word_1_738' title='bbox 2508 5325 2574 5381; x_wconf 85' lang='lat' dir='ltr'><strong>ad</strong></span> <span class='ocrx_word' id='word_1_739' title='bbox 2621 5327 2957 5398; x_wconf 90' lang='lat' dir='ltr'><strong>disciplinam</strong></span> <span class='ocrx_word' id='word_1_740' title='bbox 2999 5328 3317 5384; x_wconf 89' lang='lat' dir='ltr'><strong>catholicam</strong></span> <span class='ocrx_word' id='word_1_741' title='bbox 3365 5332 3521 5399; x_wconf 90' lang='lat' dir='ltr'><strong>perti-</strong></span> 
     </span>
    </p>
   </div>
   <div class='ocr_carea' id='block_1_116' title="bbox 1939 5416 3520 5489">
    <p class='ocr_par' dir='ltr' id='par_1_116' title="bbox 1939 5416 3520 5489">
     <span class='ocr_line' id='line_1_116' title="bbox 1939 5416 3520 5489; baseline 0.004 -19"><span class='ocrx_word' id='word_1_742' title='bbox 1939 5425 2070 5474; x_wconf 87' lang='lat' dir='ltr'><strong>nent</strong></span> <span class='ocrx_word' id='word_1_743' title='bbox 2105 5416 2337 5473; x_wconf 82' lang='lat' dir='ltr'><strong>maxime</strong></span> <span class='ocrx_word' id='word_1_744' title='bbox 2367 5418 2542 5472; x_wconf 90' lang='lat' dir='ltr'><strong>sciens</strong></span> <span class='ocrx_word' id='word_1_745' title='bbox 2592 5418 2780 5474; x_wconf 89' lang='lat' dir='ltr'><strong>instrui</strong></span> <span class='ocrx_word' id='word_1_746' title='bbox 2811 5420 2983 5489; x_wconf 86' lang='lat' dir='ltr'><strong>cupit,</strong></span> <span class='ocrx_word' id='word_1_747' title='bbox 3015 5420 3141 5489; x_wconf 91' lang='lat' dir='ltr'><strong>quid</strong></span> <span class='ocrx_word' id='word_1_748' title='bbox 3182 5421 3340 5474; x_wconf 82' lang='lat' dir='ltr'><strong>studii</strong></span> <span class='ocrx_word' id='word_1_749' title='bbox 3384 5421 3520 5476; x_wconf 76' lang='lat' dir='ltr'><strong>circ:</strong></span> 
     </span>
    </p>
   </div>
   <div class='ocr_carea' id='block_1_117' title="bbox 1936 5510 3519 5573">
    <p class='ocr_par' dir='ltr' id='par_1_117' title="bbox 1936 5510 3519 5573">
     <span class='ocr_line' id='line_1_117' title="bbox 1936 5510 3519 5573; baseline 0.001 -7"><span class='ocrx_word' id='word_1_750' title='bbox 1936 5510 2188 5566; x_wconf 88' lang='lat' dir='ltr'><strong>mandata</strong></span> <span class='ocrx_word' id='word_1_751' title='bbox 2215 5510 2392 5566; x_wconf 88' lang='lat' dir='ltr'><strong>divina</strong></span> <span class='ocrx_word' id='word_1_752' title='bbox 2422 5511 2616 5567; x_wconf 87' lang='lat' dir='ltr'><strong>habeat</strong></span> <span class='ocrx_word' id='word_1_753' title='bbox 2647 5512 2924 5567; x_wconf 89' lang='lat' dir='ltr'><strong>evidenter</strong></span> <span class='ocrx_word' id='word_1_754' title='bbox 2950 5511 3202 5567; x_wconf 90' lang='lat' dir='ltr'><strong>ostendit.</strong></span> <span class='ocrx_word' id='word_1_755' title='bbox 3238 5512 3352 5566; x_wconf 77' lang='lat' dir='ltr'><strong>Non</strong></span> <span class='ocrx_word' id='word_1_756' title='bbox 3383 5515 3519 5573; x_wconf 79' lang='lat' dir='ltr'><strong>enim</strong></span> 
     </span>
    </p>
   </div>
   <div class='ocr_carea' id='block_1_118' title="bbox 1941 5603 3513 5674">
    <p class='ocr_par' dir='ltr' id='par_1_118' title="bbox 1941 5603 3513 5674">
     <span class='ocr_line' id='line_1_118' title="bbox 1941 5603 3513 5674; baseline 0.004 -18"><span class='ocrx_word' id='word_1_757' title='bbox 1941 5611 2117 5672; x_wconf 87' lang='lat' dir='ltr'><strong>potest</strong></span> <span class='ocrx_word' id='word_1_758' title='bbox 2153 5617 2277 5659; x_wconf 91' lang='lat' dir='ltr'><strong>esse</strong></span> <span class='ocrx_word' id='word_1_759' title='bbox 2313 5603 2621 5674; x_wconf 74' lang='lat' dir='ltr'><strong>huiusmodi</strong></span> <span class='ocrx_word' id='word_1_760' title='bbox 2651 5620 2774 5659; x_wconf 86' lang='lat' dir='ltr'><strong>cura</strong></span> <span class='ocrx_word' id='word_1_761' title='bbox 2795 5646 2811 5669; x_wconf 93' lang='lat'><strong>,</strong></span> <span class='ocrx_word' id='word_1_762' title='bbox 2841 5607 2939 5658; x_wconf 89' lang='lat' dir='ltr'><strong>nisi</strong></span> <span class='ocrx_word' id='word_1_763' title='bbox 2983 5606 3069 5658; x_wconf 91' lang='lat' dir='ltr'><strong>ubi</strong></span> <span class='ocrx_word' id='word_1_764' title='bbox 3096 5604 3228 5659; x_wconf 81' lang='lat' dir='ltr'><strong>ﬁdes</strong></span> <span class='ocrx_word' id='word_1_765' title='bbox 3261 5606 3420 5661; x_wconf 78' lang='lat' dir='ltr'><strong>fuerit</strong></span> <span class='ocrx_word' id='word_1_766' title='bbox 3448 5608 3513 5662; x_wconf 92' lang='lat' dir='ltr'><strong>in-</strong></span> 
     </span>
    </p>
   </div>
   <div class='ocr_carea' id='block_1_119' title="bbox 1941 5741 3501 5802">
    <p class='ocr_par' dir='ltr' id='par_1_119' title="bbox 1941 5741 3501 5802">
     <span class='ocr_line' id='line_1_119' title="bbox 1941 5741 3501 5802; baseline 0 -1"><span class='ocrx_word' id='word_1_767' title='bbox 1941 5758 2007 5801; x_wconf 85' lang='lat' dir='ltr'><strong>ex</strong></span> <span class='ocrx_word' id='word_1_768' title='bbox 2037 5743 2226 5800; x_wconf 88' lang='lat' dir='ltr'><strong>codice</strong></span> <span class='ocrx_word' id='word_1_769' title='bbox 2249 5744 2506 5800; x_wconf 84' lang='lat' dir='ltr'><strong>Vaticano</strong></span> <span class='ocrx_word' id='word_1_770' title='bbox 2538 5743 2624 5799; x_wconf 90' lang='lat' dir='ltr'><strong>hic</strong></span> <span class='ocrx_word' id='word_1_771' title='bbox 2668 5741 2759 5796; x_wconf 90' lang='lat' dir='ltr'><strong>tibi</strong></span> <span class='ocrx_word' id='word_1_772' title='bbox 2792 5741 3127 5802; x_wconf 81' lang='lat' dir='ltr'><strong>exhibemus.</strong></span> <span class='ocrx_word' id='word_1_773' title='bbox 3162 5746 3289 5800; x_wconf 78' lang='lat' dir='ltr'><strong>Ssv.</strong></span> <span class='ocrx_word' id='word_1_774' title='bbox 3326 5747 3501 5801; x_wconf 68' lang='lat' dir='ltr'><strong>BINll&#39;S</strong></span> 
     </span>
    </p>
   </div>
   <div class='ocr_carea' id='block_1_120' title="bbox 3173 5880 3246 5940">
    <p class='ocr_par' dir='ltr' id='par_1_120' title="bbox 3173 5880 3246 5940">
     <span class='ocr_line' id='line_1_120' title="bbox 3173 5880 3246 5940; baseline -0.027 0"><span class='ocrx_word' id='word_1_775' title='bbox 3173 5880 3246 5940; x_wconf 84' lang='grc'><strong>13</strong></span> 
     </span>
    </p>
   </div>
  </div>
