3974 6366
407 298 511 356 395

1750 272 2123 343 llOR'MlSDE
2163 275 2365 375 eam

2384 178 2525 210 ?_-

3584 269 3694 335 ’596

406 407 605 465 fucata.
641 405 815 479 Atque
838 401 959 462 ideo
983 403 1315 461 exsultamus
1344 400 1397 457 in
1432 392 1655 456 Domino
1686 398 1753 455 de
1775 400 1999 455 sinceri-
2024 399 2081 464 Α
2108 406 2216 456 tale
2236 412 2357 470 qua:
2373 406 2454 453 est
2483 394 2535 451 in
2570 392 2787 450 Christo
2814 393 2961 451 Jesu.
2990 390 3301 471 Perniciosa
3333 402 3455 449 sunt
3484 406 3693 450 orariola

407 510 519 557 tate
549 498 805 570 propositi
829 498 937 565 tui,
967 495 1311 552 dilectissime
1351 492 1535 560 frater,
1568 493 1693 547 dum
1720 502 1771 547 te
1792 506 1994 548 secun-

408 591 534 648 dum
564 591 797 647 directas
844 604 938 662 per
977 589 1224 645 Alexium
1260 589 1626 658 presbyterum
1677 597 1836 657 atque
1889 586 1997 641 Ve-

407 683 649 739 nantium
713 697 991 735 miconum
1040 680 1247 735 litteras
1294 678 1583 745 intuemur,
1626 678 1774 733 etde
1816 677 1997 748 impiis

408 772 892 845 transgressoribus
945 772 1241 844 Eutycltete
1311 781 1470 843 atque
1545 766 1792 825 Nestorio
1850 771 1995 825 sedis

408 869 714 940 ap.>stn|ic:c
754 868 1038 922 constituta
1071 867 1342 931 recolere,
1385 874 1438 920 et
1482 865 1524 920 si
1566 863 1703 935 quid
1736 861 1994 917 adversus

408 975 501 1014 eos
532 960 827 1015 admonitio
868 968 1050 1013 nostra
1098 959 1452 1027 promoverit,
1508 971 1606 1027 per
1648 952 1783 1025 quos
1803 956 1995 1009 Orien-

407 1056 539 1106 tales
573 1036 823 1107 Ecclesia:
866 1048 1283 1115 confunduntur,
1316 1047 1606 1119 inquirere.
1642 1048 1804 1116 Digna
1835 1046 1994 1117 plane

407 1145 713 1201 sollicitudo
740 1144 1006 1211 fidelibus,
1041 1153 1095 1196 ut
1125 1142 1194 1197 de
1226 1144 1540 1195 miserorum
1573 1139 1813 1210 lapsibus
1841 1140 1996 1209 inge-

409 1238 664 1301 miscant,
716 1244 769 1291 et
818 1234 918 1303 ipsi
974 1247 1042 1289 ne
1088 1233 1263 1288 aliena
1316 1233 1623 1302 polluantur
1679 1232 1999 1300 contagione

410 1329 742 1398 provideant.
765 1327 870 1383 Sed
894 1343 964 1381 ne
992 1340 1091 1381 nos
1115 1326 1330 1394 quidem
1356 1324 1461 1380 hoc
1487 1323 1859 1393 supersedisse
1878 1336 1995 1376 crc-

410 1423 577 1489 datis,
602 1428 661 1475 ut
684 1418 754 1475 ad
785 1419 1025 1473 notitiam
1058 1426 1326 1482 vestram,
1360 1416 1406 1470 si
1433 1414 1558 1485 quid
1585 1425 1760 1468 actum
1788 1412 1997 1479 fuisset,

410 1523 726 1584 competens
771 1512 1031 1582 perferret
1072 1512 1374 1565 instructio.
1418 1510 1610 1565 Verum
1657 1509 1896 1563 breviter
1925 1507 1996 1560 si-

408 1607 630 1661 lentium
662 1614 903 1665 nostrum
922 1644 936 1668 ,
982 1603 1123 1673 quod
1152 1602 1368 1675 dilectio
1396 1603 1603 1656 mordet
1630 1609 1804 1656 vestra
1825 1640 1840 1666 ,
1873 1614 2000 1668 pur-

408 1712 615 1769 gamus.
645 1696 780 1751 Nam
806 1694 947 1766 quod
976 1710 1080 1749 non
1117 1694 1311 1763 sapius
1351 1702 1537 1749 nostra
1568 1691 1873 1747 admonitio
1901 1704 1997 1744 vos

2104 510 2280 560 menta
2316 499 2647 564 nocentium,
2679 505 2839 567 atque
2882 496 3004 552 ideo
3043 495 3266 565 vigilare
3294 510 3391 551 vos
3413 494 3693 557 convenit,

2103 597 2227 667 quia
2270 593 2612 649 adversarius
2644 591 2834 645 salutis
2882 590 3164 655 humanae,
3198 599 3445 659 tanquam
3488 592 3576 641 leo
3610 603 3698 640 ru.

2102 690 2282 759 gieus,
2317 688 2509 742 circuit
2538 698 2787 754 qua-rens
2829 698 2985 754 quem
3030 682 3284 748 devoret,
3324 682 3409 737 cui
3459 680 3699 737 resistite

2105 770 2269 839 fortes
2301 783 2349 835 in
2385 779 2524 833 ﬁde:
2560 779 2683 848 quia
2724 777 2825 831 hoc
2879 776 3113 847 speciale
3167 776 3366 831 habent
3409 768 3575 845 patris
3614 773 3699 829 sui

2105 876 2172 930 de
2204 874 2323 929 coeli
2355 887 2478 927 arce
2506 871 2732 941 deiecti,
2770 869 2858 939 qui
2892 869 3111 935 vestigia
3160 869 3277 938 ejus
3320 877 3618 935 sequuntur
3643 873 3701 925 et

2104 970 2366 1040 diligunt,
2401 976 2455 1021 ut
2486 964 2573 1019 illa
2604 963 2843 1019 veritatis
2875 963 2990 1019 luce
3034 963 3257 1033 privati,
3300 973 3353 1017 et
3391 962 3526 1016 alios
3566 962 3702 1032 gau-

2058 1074 2077 1097 '
2105 1065 2267 1119 deant
2297 1077 2391 1116 sua
2416 1059 2749 1117 obscuritate
2793 1055 3023 1120 fuseari;
3068 1063 3123 1110 et
3162 1070 3283 1110 cum
3329 1053 3705 1124 perversitatis

2104 1170 2217 1210 sua:
2252 1168 2434 1223 poenas
2466 1151 2693 1206 luiturus
2724 1164 2845 1205 esse
2876 1164 2936 1204 se
2964 1149 3168 1213 sciant,
3195 1145 3465 1201 exsultent
3505 1146 3548 1200 si
3596 1145 3704 1202 mi-

2104 1261 2256 1302 seros
2286 1262 2404 1299 eum
2456 1260 2551 1299 sua
2582 1244 2926 1297 damnatione
2956 1240 3311 1311 coniungant.
3367 1237 3499 1291 Nam
3552 1237 3704 1294 unde

2105 1356 2186 1399 cst
2213 1343 2357 1414 quod
2389 1358 2510 1397 cum
2557 1356 2653 1411 pro
2701 1353 2891 1410 magna
2935 1348 3088 1409 parte
3142 1348 3170 1388 τι
3210 1333 3561 1389 Conlerminis
3587 1333 3703 1390 suis

2104 1436 2425 1506 Thracibus,
2483 1434 2775 1500 Dardanis,
2824 1429 3069 1504 lllyricis,
3124 1427 3331 1497 c0gnita
3360 1441 3548 1481 eorum
3582 1436 3704 1494 per-

2104 1533 2357 1587 versitate
2383 1530 2724 1593 deserantur,
2758 1527 2940 1597 procul
2977 1523 3182 1594 positos
3226 1519 3542 1590 ignorantia!
3570 1532 3702 1585 spe,
3744 1562 3766 1575 ..

2103 1624 2385 1680 fraudibus
2430 1631 2483 1678 et
2530 1622 2693 1676 variis
2717 1620 2919 1674 artibus
2951 1619 3193 1672 nituntur
3232 1614 3471 1678 allicere,
3505 1611 3612 1667 nisi
3645 1620 3705 1672 ut

2104 1720 2311 1789 lucem,
2339 1734 2497 1789 quam
2523 1717 2624 1786 ipsi
2674 1732 2778 1770 non
2821 1714 3047 1779 habent,
3083 1713 3133 1765 in
3160 1711 3281 1764 aliis
3304 1724 3515 1778 quoque
3538 1705 3703 1773 impia

406 1792 747 1859 frequente"
772 1788 846 1845 de
878 1788 1207 1882 ⁰⁰Ϋ¹⁵⁰ξθ¹¹ξί³
1235 1795 1413 1882 vos?”
1444 1793 1503 1882 9⁸
1529 1785 1668 1882 fma
1704 1784 1999 1882 suum?”
2028 1788 2079 1853 Β
2105 1784 2424 1882 contagione
2457 1784 2888 1865 commaculent?
2921 1805 2983 1863 Ut
3032 1815 3208 1860 autem
3249 1818 3368 1874 qua:
3420 1804 3527 1857 sint
3580 1817 3703 1872 par-

407 1882 743 1936 conﬁdimus.
782 1879 1096 1935 Sollicitudo
1138 1878 1492 1949 impendenda
1524 1877 1755 1933 fortasse
1798 1876 1868 1931 sit
1900 1876 1999 1930 du-

407 1972 540 2038 biis;
572 1974 704 2027 satis
732 1980 815 2026 est
844 1970 1057 2025 vitanda
1085 1969 1351 2024 indit-asse
1384 1969 1655 2039 perfectis.
1691 1968 1998 2038 Legationis

406 2079 538 2119 vero
564 2073 796 2127 nostras,
823 2076 981 2132 quam
1026 2062 1229 2126 semel,
1275 2077 1379 2115 non
1412 2060 1669 2124 secundo,
1698 2060 1838 2115 sicut
1863 2060 1998 2114 scri-

406 2158 551 2221 bitis,
600 2158 873 2221 misimus,
905 2156 955 2210 si
981 2155 1188 2211 votivus
1222 2154 1535 2223 contigisset
1579 2161 1834 2220 eventus,
1886 2151 2000 2206 ala-

407 2262 525 2305 cres
569 2248 712 2303 illico
753 2248 1030 2302 vobiscum
1077 2245 1350 2301 fueramus
1380 2244 1681 2300 desiderata
1716 2242 1996 2314 partituri;

408 2342 640 2399 scientes
665 2341 767 2397 hoc
798 2339 1022 2403 rationi,
1048 2338 1149 2392 hoc
1181 2348 1369 2392 nostro
1387 2336 1665 2407 proposito
1686 2335 1997 2398 convenire,

407 2444 471 2488 ut
501 2448 633 2501 quos
664 2430 951 2501 participes
981 2428 1353 2483 snllicitudinis
1382 2427 1627 2493 fecimus,
1658 2443 1780 2482 eum
1814 2428 1897 2482 bis
1929 2428 1996 2483 de

408 2524 711 2595 integritate
738 2523 955 2577 unitatis
981 2520 1178 2593 gaudia
1198 2520 1571 2591 jungeremus.
1603 2520 1707 2578 Sed
1738 2530 1998 2591 quantum

407 2620 474 2675 ad
503 2616 749 2682 Graacos,
790 2630 889 2671 ore
934 2616 1118 2687 potius
1164 2614 1453 2685 prteferunt
1486 2618 1629 2684 pacis
1659 2625 1804 2679 vota,
1838 2628 2001 2681 quam

408 2722 653 2785 pectore,
694 2717 751 2765 et
790 2710 1079 2778 loquuntur
1126 2709 1297 2779 magis
1340 2706 1509 2776 justa,
1550 2721 1708 2777 quam
1755 2704 1997 2760 faciunt:

412 2805 741 2863 verbisvelle
762 2819 820 2859 sc
832 2804 1059 2874 jactant,
1081 2800 1221 2871 quod
1246 2801 1499 2869 operibus
1526 2799 1670 2855 nolle
1688 2797 1997 2853 declarant:

411 2914 528 2970 qua:
568 2899 764 2953 fuerint
807 2895 1063 2966 professi,
1118 2895 1420 2965 negl’gunt;
1456 2900 1511 2948 et
1557 2909 1675 2963 qua:
1704 2893 2001 2948 damnave-

410 2996 555 3063 rint,
587 2994 701 3055 haec
730 3002 1051 3061 sequuntur.
1085 2990 1219 3045 Nam
1242 2990 1390 3044 unde
1420 2998 1503 3043 est
1537 2988 1676 3059 quod
1697 3028 1714 3053 ,
1753 3002 1875 3043 cum
1906 3003 2003 3058 per

389 3086 715 3143 'Ennodium
760 3085 1062 3141 fratremet
1093 3084 1477 3153 coepiscopum
1526 3096 1769 3137 nostrum
1816 3098 2000 3137 sacer-

413 3181 621 3237 dotales
649 3180 796 3235 viros
821 3177 888 3233 ad
918 3177 1283 3234 conlirmanda
1333 3191 1397 3231 ea
1440 3192 1559 3247 qua:
1590 3176 1748 3232 sedes
1788 3187 2005 3246 aposto-
2031 3176 2081 3242 C

416 3272 517 3330 lica
550 3282 866 3342 poposcerat
891 3273 1193 3326 directuros
1215 3285 1273 3325 se
1292 3285 1412 3325 esse
1442 3269 1841 3340 promisissent,
1866 3268 2004 3324 mul-

417 3374 469 3419 ta
498 3380 711 3437 quoque
747 3380 866 3433 quat
914 3363 981 3418 ad
1037 3362 1428 3419 correctionem
1480 3364 1763 3432 pravitatis
1817 3378 1929 3417 suae
1972 3378 2003 3419 a

417 3460 572 3514 nobis
596 3457 822 3528 quarsita
875 3456 1085 3512 fuerant
1127 3455 1481 3525 pollicentes,
1527 3470 1633 3511 non
1678 3454 1853 3510 solum
1897 3469 2004 3511 non

419 3553 697 3622 religiosos
727 3552 890 3615 viros,
927 3564 1091 3618 penes
1124 3563 1257 3616 quos
1304 3562 1480 3603 causae.
1525 3548 1668 3604 illius
1702 3548 1855 3614 talesa
1884 3560 2007 3607 esse

424 3651 607 3713 posset
655 3641 968 3707 in-tructio,
993 3639 1285 3695 secundum
1320 3639 1609 3695 c-mstituta
1642 3639 1855 3705 propria
1897 3653 2004 3693 non

421 3739 714 3802 miserunt;
744 3750 928 3790 Verum
968 3735 1166 3798 etiam,
1198 3732 1353 3803 quasi
1390 3745 1477 3787 res
1509 3746 1669 3802 parva
1699 3740 2002 3801 gereretur,

419 3833 589 3887 laicos
618 3839 672 3887 et
692 3830 896 3885 alienos
922 3829 991 3883 ab
1020 3827 1385 3884 ecclesiastico
1407 3839 1634 3895 corpore
1675 3824 2009 3881 destinantes

422 3929 847 3999 (Tchpompum
900 3924 1151 3979 comitem
1186 3921 1607 3977 domesticorum
1658 3926 1713 3973 ct
1754 3917 2007 3974 Severia-

422 4036 548 4076 num
578 4020 829 4073 comitem
855 4016 999 4083 sacri
1023 4012 1354 4081 consistorii)
1377 4026 1480 4064 non
1504 4026 1565 4064 se
1594 4010 1918 4064 Studuerunt
1939 4008 2009 4065 de

421 4126 596 4175 cceuo,
630 4114 734 4177 qu‘o
764 4104 1001 4160 immersi
1029 4111 1298 4165 tenentur,
1321 4101 1571 4156 evolvere
1590 4140 1604 4164 ,
1630 4114 1814 4155 verum
1845 4101 2009 4156 etiam

422 4199 702 4256 catholicas
752 4195 875 4250 ﬁdei
924 4194 1220 4249 claritatem
1254 4192 1543 4261 fulgentem
1574 4205 1666 4245 sua
1689 4235 1703 4257 ,
1738 4191 1879 4261 quod
1914 4190 2011 4246 ab-

423 4294 527 4356 sit,
554 4307 613 4347 se
642 4304 798 4359 posse
836 4285 1183 4345 crediderunt
1226 4284 1556 4339 obscuritate
1605 4282 1853 4337 fuseare?
1884 4282 2011 4341 llaec

423 4383 521 4438 fuit
549 4381 713 4439 nostri
743 4395 905 4436 causa
932 4377 1165 4441 silentii,
1196 4391 1353 4445 quam
1403 4388 1500 4428 Vos
1526 4388 1742 4444 quoque
1782 4374 2010 4445 Spiritali

422 4477 576 4531 vobis
603 4473 882 4544 prudentia
907 4470 1177 4525 revelante.
1202 4467 1433 4522 vidistis.
1462 4466 1599 4531 Quid
1627 4467 1773 4520 enim
1808 4466 1876 4520 de
1906 4464 2009 4520 hac

424 4582 583 4623 causa
630 4574 867 4635 poteram
903 4562 1119 4617 directs
1172 4560 1364 4615 litteris
1415 4558 1692 4621 indicare,
1745 4571 1905 4623 quam
1956 4557 2009 4611 in
2038 4559 2093 4620 Ι)

423 4672 565 4717 statu
590 4675 690 4714 suo
718 4660 960 4712 videbam
989 4657 1179 4711 duram
1211 4653 1560 4726 pertinaciter
1588 4652 1860 4705 custodire
1892 4665 2014 4717 per-

426 4750 643 4809 ﬁdiam?
672 4748 805 4804 Novi
851 4748 1028 4801 exitus
1069 4747 1311 4799 sollicita:
1350 4741 1687 4809 diligentiam
1732 4735 2012 4791 relationis

427 4844 726 4915 inquirunt.
751 4842 848 4908 Qui
874 4839 940 4894 de
970 4839 1131 4893 rebus
1161 4836 1393 4905 cognitis
1424 4833 1553 4887 niltil
1586 4831 1818 4893 indicat,
1842 4829 2011 4883 abon-

427 4941 493 4993 de
525 4939 577 4992 in
608 4945 746 4990 statu
772 4947 869 4987 suo
902 4944 1116 4984 manere
1157 4930 1331 4998 priora
1357 4928 1615 4982 declarat.
1645 4924 2005 4992 Quapropter,

426 5030 774 5086 dilectissime
800 5025 984 5089 lrater,
1004 5033 1058 5075 et
1085 5036 1179 5076 vos
1199 5019 1555 5090 pra-sentibus
1576 5019 1855 5073 hortamur
1874 5016 2009 5071 allo-

425 5130 567 5203 quiis
588 5169 604 5194 ,
628 5136 686 5183 et
714 5141 807 5194 per
828 5138 923 5179 vos
950 5135 1183 5192 quoque,
1212 5119 1335 5190 quia
1361 5118 1577 5173 occasio
1591 5116 1712 5171 data
1735 5122 1848 5177 est,
1873 5112 2008 5168 alios

330 5298 337 5301 _
428 5242 523 5297 per
546 5224 775 5288 Gallias,
803 5234 937 5290 quos
968 5216 1099 5271 ﬁdes
1128 5216 1310 5268 eadem
1345 5212 1620 5266 nobiscum
1642 5207 2005 5279 amplectitur,

427 5319 799 5380 admouemus,
846 5309 1162 5381 promissam
1180 5314 1235 5361 et
1263 5304 1541 5358 amabilem
1583 5300 1836 5356 Deoﬁdei
1887 5312 2007 5354 ser-

430 5426 558 5466 vare
596 5405 985 5471 constantiam,
1027 5410 1079 5456 et
1122 5407 1576 5467 transgressornm
1624 5394 1890 5449 societate
1914 5391 2012 5447 de-

428 5504 653 5567 clinati,
709 5497 1063 5557 constantiam
1124 5502 1355 5548 vestram
1425 5489 1517 5543 uni
1571 5487 1690 5542 viro
1746 5486 2009 5554 virginea

431 5603 665 5657 castam,
693 5585 1229 5659 sicutspopondiSIjs,
1261 5580 1519 5637 exhibere
1538 5578 1778 5633 Christo.
1818 5576 1885 5630 Et
1911 5590 2015 5659 ‘ca-

431 5694 555 5739 vctc
584 5700 648 5738 ne
672 5726 686 5749 ,
718 5685 852 5737 sicut
882 5695 1102 5749 serpens
1127 5664 1294 5731 Evam
1323 5672 1533 5729 seduxit
1561 5671 1753 5724 astutia
1783 5652 1918 5734 sua,
1938 5666 2011 5721 ita

432 5792 594 5838 sensu
616 5777 911 5840 aliquorum
938 5778 1344 5840 corrumpantur
1367 5782 1394 5821 a
1423 5762 1766 5837 simplicitate
1785 5769 1836 5815 et
1854 5755 2015 5815 casti-

2108 1907 2238 1961 tium
2266 1920 2449 1961 earum
2499 1901 2672 1957 studia
2708 1900 2925 1971 possitis
2954 1906 3276 1970 agnoscnre;
3325 1896 3503 1966 plures
3528 1896 3702 1951 Thra-

2109 2016 2263 2064 cum,
2309 1999 2437 2054 licet
2476 1992 2912 2068 persequentium
2962 1992 3262 2047 incursibus
3292 1982 3703 2053 atterantnr,in

2108 2102 2290 2149 nostra
2320 2105 2493 2148 tamen
2523 2089 2903 2145 communione
2942 2086 3265 2156 persistunt,
3315 2084 3549 2138 scientes
3583 2080 3702 2137 ﬁeri
3740 2078 3745 2081 ’

2109 2189 2267 2245 fidem
2301 2204 2393 2257 per
2432 2186 2657 2242 adversa
2707 2182 3013 2239 clariorem.
3063 2178 3326 2234 Dardania
3376 2187 3428 2232 et
3460 2174 3703 2247 lllyricus

2106 2283 2283 2338 vicina
2306 2280 2595 2334 Pannonia:
2618 2293 2648 2332 a
2681 2277 2855 2344 nobis,
2881 2274 3020 2345 quod
3050 2273 3160 2342 jam
3207 2268 3433 2326 fecimus
3475 2268 3567 2322 ubi
3610 2282 3706 2322 nc-

2105 2376 2397 2433 cessatium
2430 2376 2547 2439 fuit,
2576 2382 2633 2428 ut
2663 2372 2762 2427 sLbi
2791 2368 3028 2440 episc0pi
3051 2366 3609 2430 ordinarenturexpet
3634 2363 3705 2428 it;

2106 2470 2161 2525 itt
2179 2478 2382 2524 tantum
2405 2482 2464 2522 se
2490 2482 2519 2520 a
2549 2462 2926 2540 communione
2951 2458 3275 2527 perditorum
3305 2470 3558 2524 separare
3575 2456 3708 2524 gau-

2107 2563 2318 2630 dentes,
2355 2568 2413 2615 ut
2450 2559 2687 2615 remedia
2729 2563 3053 2624 qumrerenl,
3084 2548 3374 2606 dummodo
3410 2559 3708 2602 commune

2107 2670 2229 2709 cunt
2271 2650 2757 2723 transgressoribus
2776 2647 2905 2701 nihil
2937 2646 3217 2701 haberent.
3251 2642 3394 2710 Epiri
3428 2650 3709 2708 metropo-

2109 2746 2328 2815 litanus,
2349 2744 2450 2800 boc
2471 2755 2551 2799 est
2582 2742 2983 2811 Nicepolitauus
3009 2738 3313 2810 episcopus,
3341 2750 3462 2789 cum
3496 2733 3711 2805 synodo

2109 2856 2204 2895 sua
2232 2855 2403 2909 nuper
2427 2851 2735 2908 segregatus
2774 2835 2843 2890 ab
2869 2833 3067 2905 impiis,
3096 2831 3159 2885 ad
3188 2826 3535 2900 apostolicam
3560 2842 3712 2881 como

2108 2935 2417 2990 tuunionem
2468 2932 2782 3003 deprompta
2833 2943 2952 2998 quae
2994 2924 3225 2981 efﬁceret
3261 2916 3597 2993 professione
3650 2936 3713 2976 se

2108 3026 2357 3086 contulit.
2403 3028 2531 3095 Qut:
2585 3026 2707 3081 ideo
2760 3024 2974 3093 scriptis
3034 3019 3418 3077 mstimavitnus
3473 3015 3715 3072 indeuda

2111 3122 2491 3194 praesentibus,
2545 3130 2600 3175 ut
2651 3122 2792 3176 sicut
2838 3126 3039 3174 sortem
3086 3110 3480 3169 nos-convenit
3524 3110 3716 3168 dolere

2118 3214 2479 3287 pereun'ium,
2529 3211 2600 3267 ita
2631 3212 2875 3267 Imtemur
2920 3211 3118 3279 pariter
3154 3206 3222 3261 de
3261 3205 3429 3260 salute
3464 3216 3718 3257 remean-

2114 3308 2276 3373 tium;
2304 3319 2357 3363 et
2384 3316 2441 3361 ut
2468 3306 2654 3361 ﬁdeles
2692 3302 2969 3371 conStituti
2997 3302 3068 3356 ab
3095 3304 3170 3356 eis
3200 3298 3409 3368 longius
3441 3299 3720 3351 instruan-

2113 3412 2220 3471 tur,
2251 3418 2351 3473 qua
2380 3401 2527 3455 virus
2548 3416 2731 3455 eorum
2756 3397 3120 3453 sollicitudine
3145 3394 3337 3449 debeat
3360 3390 3516 3462 effugi
3535 3433 3549 3454 ,
3574 3380 3721 3461 ques

2112 3507 2166 3553 et
2195 3512 2225 3552 a
2255 3497 2367 3552 suis
2394 3496 2610 3550 videant
2633 3506 2739 3549 tam
2761 3493 2901 3564 justa
2932 3490 3288 3546 detestatione
3304 3485 3485 3542 vitari.
3520 3485 3587 3539 Et
3613 3496 3721 3539 nos

2113 3588 2327 3660 quidem
2360 3586 2776 3658 dispensationis
2803 3594 2998 3639 nostra:
3032 3596 3299 3637 memores
3320 3622 3333 3645 ,
3369 3590 3592 3633 necesse
3630 3578 3721 3630 est

2114 3696 2208 3736 eos
2230 3682 2467 3750 repetita:
2502 3678 2779 3750 legationis
2810 3678 2986 3731 ofﬁcio
3016 3674 3310 3731 convenire
3339 3675 3355 3723 ἐ
3382 3684 3487 3739 quo
3515 3667 3721 3724 aﬂectu

2115 3772 2431 3828 salvationis
2462 3789 2603 3837 suae,
2637 3772 2681 3827 si
2713 3780 2958 3843 respectu
3010 3768 3137 3833 Dei,
3186 3763 3231 3819 si
3263 3762 3482 3818 rationis
3514 3762 3723 3821 intuitu

2116 3882 2223 3920 non
2250 3876 2552 3931 moventur,
2586 3865 2775 3919 saltem
2814 3858 3150 3932 pulsantibus
3171 3858 3475 3928 importune
3504 3863 3560 3910 et
3589 3870 3725 3926 per-

2115 3963 2363 4017 tinaciter
2390 3960 2763 4031 acquiescant;
2796 3966 2849 4012 et
2895 3964 2986 4009 aut
3021 3948 3087 4008 ad
3120 3960 3320 4008 rectam
3361 3950 3499 4004 viam
3540 3945 3726 4005 decli-

2116 4059 2256 4113 natis
2285 4055 2558 4111 erroribus
2586 4063 2949 4117 revertantur,
2982 4059 3073 4104 aut
3114 4050 3334 4118 propter
3360 4042 3727 4111 impmnitem

2115 4167 2209 4207 cor
2245 4151 2313 4205 ab
2341 4149 2591 4207 omnibus
2624 4140 3020 4203 inexcusabiles
3044 4141 3376 4213 iudicentur,
3399 4138 3569 4211 quiet
3598 4153 3728 4193 mo~

2116 4246 2214 4300 niti
2246 4246 2403 4300 totie‘s
2443 4244 2497 4297 in
2541 4238 2778 4312 perfidia:
2826 4235 3187 4293 obstinatione
3234 4233 3550 4305 persistunt.
3607 4224 3730 4309 Γπ

2115 4352 2287 4405 orate,
2319 4350 2371 4392 et
2403 4335 2680 4393 nobi-cum
2708 4334 2773 4387 ad
2809 4334 2974 4387 Deum
3024 4343 3210 4397 ireees
3235 4335 3291 4383 et
3327 4335 3448 4381 vota
3487 4324 3730 4392 (δίμην-

2116 4432 2251 4499 gite.
2284 4438 2341 4482 ut
2369 4444 2464 4499 per
2488 4442 2645 4495 apem
2680 4422 3067 4479 misericordiae
3107 4419 3222 4492 ejus
3253 4428 3434 4471 nostra
3468 4435 3485 4468 '.
3512 4413 3612 4468 alio
3639 4413 3730 4469 is-

2119 4524 2313 4577 borans
2342 4537 2438 4591 pro
2465 4518 2742 4575 catholica:
2767 4517 2888 4571 ﬁdei
2918 4512 3208 4564 stabilitate
3240 4517 3580 4578 promoveat,
3614 4504 3731 4581 ira-

2118 4612 2411 4669 mnculatos
2449 4614 2543 4660 v’os
2571 4623 2626 4659 ct
2660 4590 2922 4673 integros
2951 4600 3017 4655 ab
3050 4598 3197 4656 omni
3252 4607 3732 4672 transgressotum

2116 4698 2373 4755 societate
2414 4705 2722 4760 servantes;
2776 4704 2833 4750 ut
2862 4703 2951 4748 aut
2984 4708 3106 4748 cum
3145 4693 3405 4747 correctis
3435 4708 3635 4748 sensus
3670 4703 3733 4753 et

2117 4790 2276 4847 corda
2294 4790 2616 4860 juugamus,
2645 4793 2736 4840 aut
2781 4785 2850 4839 ab
2887 4800 3078 4840 eorum
3105 4783 3328 4839 venenis
3376 4782 3563 4838 intacti
3593 4798 3735 4842 esse

2117 4896 2441 4938 mereamur.
2472 4879 2603 4933 Nam
2637 4877 2757 4949 qui,
2786 4877 2924 4932 sicut
2954 4890 3053 4931 vos
3078 4890 3292 4947 quoque
3320 4875 3561 4931 conscie:
3584 4878 3735 4934 tiam

2117 4984 2349 5030 vestram
2388 4987 2496 5027 non
2524 4972 2690 5026 latere
2720 4966 3021 5036 testamini,
3068 4968 3316 5023 novimus
3356 4966 3734 5039 Eutychetem

2114 5080 2272 5139 atque
2317 5067 2620 5123 Nestorium
2652 5066 2995 5135 apostolicus,
3051 5062 3102 5118 id
3131 5073 3214 5117 est
3267 5060 3549 5118 catholica:
3591 5077 3737 5119 sen-

2114 5173 2298 5226 tentia:
2344 5171 2662 5223 auctoritate
2702 5166 3015 5232 damnatos;
3079 5163 3529 5235 quemadmodum
3580 5164 3737 5221 salvi

2116 5290 2235 5332 esse
2266 5274 2579 5346 poterimus,
2630 5274 2672 5327 si
2720 5286 2905 5328 eorum
2965 5271 3323 5329 sectatoribus
3373 5284 3438 5325 ac
3479 5271 3736 5339 posteris

2114 5376 2360 5448 qualibet.
2381 5383 2538 5445 parte
2566 5372 2964 5429 communionis
2992 5370 3295 5426 timeamus
3315 5410 3330 5435 ,
3382 5382 3504 5422 cum
3543 5367 3736 5427 Belial

2120 5493 2245 5535 cum
2282 5474 2498 5531 Christo
2538 5485 2724 5529 nostro
2763 5474 3065 5542 portionem
3123 5471 3321 5523 habere
3368 5483 3475 5523 non
3508 5470 3737 5536 possit:

2125 5578 2496 5635 lustructionis
2524 5587 2700 5630 autem
2732 5581 2929 5629 vestrm
2960 5574 3219 5627 interesse
3238 5570 3533 5633 credimus,
3556 5578 3627 5624 ut
3660 5586 3737 5631 ει

2124 5700 2245 5754 qua:
2269 5682 2409 5753 apud
2448 5696 2549 5736 nos
2567 5676 2951 5747 Nicopolitanis
2980 5673 3070 5730 vel
3111 5672 3374 5728 Dardanis
3400 5679 3519 5725 acta
3550 5683 3737 5742 sunt,
3804 5746 3811 5751 1

2126 5787 2210 5843 vel
2236 5799 2345 5852 uno
2372 5783 2427 5843 in
2461 5779 2891 5839 communionem
2919 5776 3109 5834 ordine
3129 5781 3254 5830 sunt
3290 5770 3495 5839 recepti
3512 5807 3529 5834 .
3555 5770 3737 5833 vobis
