3974 6366
218 348 314 407 597

1430 343 1790 410 EPISTOLE
1825 342 1919 406 ΕΤ
1958 344 2302 409 DECRETA.

3417 360 3465 411 51
3473 363 3523 412 '8

218 484 339 532 nota
380 471 688 529 faceremus
736 480 977 542 ipsarum
1017 467 1251 526 lectione
1298 469 1628 526 chartarum.
1691 472 1819 524 Data
1847 470 1899 531 Α
1928 462 2176 534 Aeacius,
2227 472 2317 539 qui
2368 484 2525 526 coeno
2572 470 2751 543 Petri,
2811 471 3055 529 Dioscuri
3105 482 3159 530 et
3200 468 3525 549 Eutychetis

219 583 284 624 xv
307 565 562 623 calendas
592 562 830 629 Martias,
865 560 1088 632 Agapito
1108 563 1349 618 consule.

792 654 1131 713 EPISTULA
1154 654 1246 711 XI.

221 770 284 811 ΑΒ
304 765 631 810 ANASTASIUI
655 763 1074 814 AUGUSTUI,PEB
1104 763 1373 805 ENSODIUI
1399 760 1736 811 τιοιειεκεεκ,
1755 758 1825 802 ΕΤ

289 860 630 903 ρεκεσκιιωιι
661 854 944 900 ιηεειιλτιε
960 832 1237 897 ῖεοιι-ῑειιε
1256 855 1307 896 IN
1330 852 1595 897 ΟΑΙΡΔΝΙΑ
1618 852 1826 895 πεπερο-

293 954 404 1004 μοι,
438 952 693 994 ΞΕΩΗΝΒΒ
723 948 1042 992 ικωτιοιηιε
1068 950 1138 989 ΔΙ)
1164 947 1495 989 Ακλετλειωι
1514 946 1825 988 υεετικ.ιτ.ε

290 1044 507 1085 IDES!!!
539 1040 871 1093 "13688789,
904 1040 1251 1082 TRANSIHSSA.
1638 1086 1643 1091 _

225 1122 413 1178 Pacem
482 1118 731 1175 Ecclesia:
783 1134 885 1174 non
952 1120 1052 1173 nisi
1081 1124 1085 1128 ’
1113 1120 1361 1173 damnato
1424 1117 1610 1171 Acacio
1676 1131 1826 1185 posse

914 1209 1140 1265 restitui.
1358 1260 1373 1273 ,

298 1304 585 1363 Hormisda
614 1303 903 1360 Anastasio
931 1305 1175 1372 Augusto
1200 1314 1296 1371 per
1324 1298 1628 1356 Enuodium
1650 1307 1706 1353 et
1728 1297 1825 1353 Pe-

220 1401 491 1470 regrinum
514 1394 816 1468 episcopos.

293 1491 505 1547 Dudum
539 1489 731 1560 legatis
757 1486 1191 1543 mansuetudinis
1212 1493 1410 1541 vestra!
1435 1486 1823 1549 remeantibus,

222 1584 292 1638 ad
320 1584 531 1637 litteras
556 1589 770 1635 vestras
797 1586 854 1633 et
882 1577 1133 1631 mandata
1162 1577 1445 1645 respondi,
1471 1589 1576 1630 non
1609 1574 1824 1644 quidem

222 1677 471 1731 imiversa
501 1674 687 1741 plene,
716 1672 855 1726 sicut
896 1670 1213 1740 magnitudo
1227 1670 1320 1725 .rei
1363 1668 1691 1739 postulabat,
1720 1682 1825 1722 ex-

220 1768 469 1839 pediens,
518 1776 572 1821 et
602 1774 780 1820 tamen
804 1776 907 1834 pro
958 1772 1202 1833 tempore
1245 1772 1393 1817 certa
1430 1762 1823 1831 perstringens.

1932 562 2181 632 dogmate
2217 571 2271 619 et
2325 564 2699 619 communione
2752 566 3008 635 pollutus,
3056 567 3181 622 dum
3213 572 3521 638 copulatur,

1934 654 2217 709 immersus
2237 653 2354 709 est?
2382 654 2523 709 Illius
2552 655 2823 712 sustinens
2845 659 2897 712 in
2919 644 3370 715 condemnatione
3392 676 3525 732 sup-

1934 745 2183 813 plicium,
2229 747 2381 817 cujus
2422 748 2585 817 elegit
2622 750 2675 803 ia
2723 753 3104 809 communione
3154 757 3531 811 consortium?

1931 838 2030 905 Qui
2064 837 2263 893 viritim
2294 848 2515 910 propter
2540 841 2847 910 impietates
2874 859 2999 899 suas
3040 847 3230 901 borum
3281 849 3523 919 singulos

1931 931 2077 997 odit,
2110 940 2163 986 et
2193 934 2242 987 in
2272 932 2379 987 illis
2402 932 2655 988 Acacium
2685 949 2909 991 necesse
2939 948 3020 992 est
3047 940 3240 1004 oderit,
3266 930 3527 997 etomncs

1932 1024 1984 1078 in
2014 1023 2209 1079 Acacio
2251 1038 2357 1078 non
2396 1026 2607 1079 amarit.
2643 1025 2725 1082 Ab
2754 1026 2989 1097 illo'per
3014 1028 3315 1087 Orientales
3348 1034 3529 1089 Eccle.

1932 1116 2041 1169 sias
2107 1118 2424 1171 fermentum
2484 1117 2699 1172 nefandi
2783 1121 2984 1175 erroris
3064 1123 3310 1178 inolevit.
3397 1125 3530 1181 lmle

1932 1206 2309 1262 Alexandriam
2355 1210 2593 1277 perﬁdia:
2642 1224 2881 1281 eousque
2929 1215 3127 1268 nutrita
3165 1217 3436 1285 superbia,
3470 1226 3530 1273 ut

1934 1312 2037 1354 non
2068 1300 2405 1369 acquiescat,
2450 1303 2591 1358 sicut
2628 1303 2945 1373 scripsistis,
2981 1308 3247 1364 mandatis
3278 1310 3529 1366 salutari-

1933 1390 2054 1454 bus,
2102 1394 2259 1461 cujus
2293 1392 2582 1449 famulatur
2636 1396 2906 1465 imperiis;
2962 1409 3019 1453 et
3050 1399 3101 1454 in
3150 1416 3335 1457 errore
3361 1402 3530 1458 decli-

1934 1483 2133 1547 nando,
2168 1499 2273 1539 non
2297 1496 2553 1555 sequatur
2574 1484 2999 1544 admonitionem
3021 1533 3033 1555 ,
3058 1492 3211 1561 cujus
3233 1493 3285 1547 in
3308 1497 3531 1564 agendis

1936 1578 2095 1630 rebus
2125 1583 2402 1648 experitur
2431 1579 2532 1635 sibi
2566 1581 2750 1636 utilem
2782 1593 3123 1651 potestatem.
3156 1585 3307 1643 Unde
3329 1600 3379 1642 et
3411 1604 3530 1644 ma-

1928 1669 2051 1737 jore
2082 1670 2391 1739 lutjnsmodi
2422 1673 2667 1728 homines
2689 1677 2942 1731 convenit
2967 1677 3327 1736 detestatione
3348 1682 3530 1751 vitari,

1934 1762 2058 1831 quia
2104 1778 2224 1832 qua:
2273 1765 2468 1819 dorcre
2500 1764 2835 1831 debuerunt,
2870 1784 2968 1822 nec
2997 1769 3126 1824 dum
3172 1773 3241 1825 ab
3292 1773 3407 1828 aliis
3448 1776 3537 1829 in-‘

227 1860 426 1914 Verum
469 1859 575 1913 etsi
624 1856 962 1911 srdﬁeienter
991 1867 1079 1910 me
1106 1855 1341 1923 allegare
1370 1857 1549 1909 omnia
1577 1854 1832 1924 contigis-
1860 1852 1917 1927 Β
1936 1866 2236 1922 struuntur,
2270 1870 2581 1924 assumunt;
2625 1870 2947 1930 spernentes
2989 1864 3040 1917 in
3094 1864 3175 1917 his
3213 1866 3532 1937 imperantis

223 1963 345 2018 set;
375 1951 620 2022 nunquid
659 1962 831 2019 agens
851 1948 993 2019 apud
1032 1949 1377 2005 clementiam
1424 1959 1658 2004 vestram
1699 1962 1829 2003 can-

223 2061 335 2101 sam
369 2045 534 2112 ﬁdei,
567 2052 810 2113 poteram
840 2040 1088 2111 repetitis
1115 2041 1366 2110 precibus
1406 2040 1828 2110 importunitatis

224 2140 459 2195 incessi?
490 2138 738 2193 Timeant
768 2145 950 2191 notam
992 2135 1151 2205 hujus
1182 2135 1599 2203 ingratitudinis,
1632 2136 1827 2207 quibus

222 2246 348 2291 cura
404 2241 493 2287 est
539 2230 777 2286 studium
830 2229 1060 2300 negotiis
1089 2241 1290 2284 navare
1333 2228 1641 2283 mundanis.
1682 2228 1828 2295 Opus

222 2340 328 2383 non
352 2320 542 2395 implet
572 2320 872 2391 Evangelii,
903 2322 997 2391 qui
1028 2334 1057 2375 a
1086 2320 1469 2390 prmdicatione
1492 2321 1612 2390 ejus
1644 2321 1831 2375 venia-

224 2420 345 2474 liter
372 2426 538 2488 putat
566 2427 729 2485 posse
756 2414 978 2469 eet-cari.
1009 2412 1332 2484 Perviligem
1358 2422 1634 2484 pastorum
1665 2428 1830 2484 opor-

224 2520 293 2565 tet
316 2524 442 2565 esse
468 2508 802 2572 custodiam,
827 2514 885 2561 et
930 2506 1143 2562 lumbos
1169 2506 1292 2562 sine
1335 2506 1669 2563 relaxatione
1690 2522 1831 2576 prat-

223 2603 455 2657 tiaetos.
517 2600 689 2655 Bonas
728 2598 1114 2654 admonitionis
1172 2598 1311 2652 sicut
1358 2608 1573 2653 constat
1616 2600 1828 2654 dulcem

223 2695 485 2757 fructum,
511 2691 586 2748 ita
610 2690 743 2761 ejus
764 2703 875 2745 non
902 2688 1063 2746 decet
1091 2701 1215 2745 esse
1244 2689 1543 2746 fastidium.
1576 2691 1642 2745 Et
1668 2691 1829 2757 alias,

222 2803 315 2841 cur
335 2786 721 2857 postulationis
734 2798 871 2839 metu
888 2783 1175 2839 molestam
1206 2785 1607 2839 mansuetudini
1634 2795 1830 2840 vestra

222 2882 510 2951 quisquam
540 2879 688 2935 dicat
734 2893 860 2935 esse
907 2878 1265 2948 frequentiam
1285 2919 1301 2945 ,
1350 2893 1473 2933 eum
1505 2894 1600 2946 per
1626 2893 1688 2933 ea
1711 2893 1833 2949 quas

223 2975 353 3029 ﬁant
380 2988 451 3028 ex
483 2973 668 3028 cilicio
706 2986 851 3038 meo,
878 2986 973 3042 por
993 2972 1231 3028 remedia
1263 2970 1387 3027 ﬁdei
1427 2981 1611 3027 vestro
1642 2987 1835 3027 consu-

224 3068 362 3121 latur
393 3066 665 3134 imperio?
698 3065 907 3119 Etenim
937 3079 1058 3135 qua
1087 3079 1173 3119 me
1202 3072 1395 3120 onerat
1422 3054 1577 3130 cura,
1620 3079 1716 3119 vos
1742 3077 1831 3120 re-

223 3163 362 3216 levat
394 3176 410 3213 :
441 3162 574 3215 mitti
624 3159 915 3225 incumbit,
947 3160 1042 3215 sed
1068 3160 1223 3216 vobis
1270 3161 1555 3229 proﬁciet;
1592 3162 1719 3216 licet
1764 3176 1831 3216 ex

1933 1952 2154 2017 monita,
2187 1953 2240 2006 in
2293 1952 2486 2021 quibus
2524 1961 2732 2008 tantum
2762 1971 2869 2010 non
2919 1956 3097 2012 timeri
3126 1958 3384 2027 jttbentur
3426 1962 3532 2015 im-

1933 2043 2113 2111 peria;
2176 2052 2229 2097 et
2292 2044 2645 2109 immemores
2706 2045 3011 2101 devotionis
3060 2059 3244 2104 contra
3303 2050 3533 2108 salutem

1933 2134 2149 2199 animae,
2193 2140 2329 2203 quos
2358 2145 2702 2192 contumaces
2750 2151 2871 2193 esse
2914 2140 3152 2209 oportuit
3192 2130 3290 2210 pro
3337 2142 3533 2200 salute.

1935 2228 2042 2282 llos
2083 2230 2351 2284 mentibus
2410 2230 2635 2302 perditis
2685 2245 2845 2286 ausus
2899 2232 3125 2289 nutrivit
3175 2236 3356 2291 Acacii
3406 2252 3532 2294 cum

1936 2323 2151 2390 perﬁdis
2194 2325 2377 2390 juncta
2423 2326 2777 2379 communio:
2812 2332 2972 2396 atque
3005 2327 3127 2383 ideo
3174 2330 3528 2385 mstimandus

1933 2424 2015 2469 est
2039 2415 2271 2470 auctoris
2304 2417 2449 2480 loco,
2506 2418 2658 2485 cujus
2696 2419 2909 2485 gravius
2958 2431 3212 2488 peccatur
3253 2422 3529 2492 exemplo.

1935 2508 2075 2562 Nihil
2133 2509 2274 2563 enim
2326 2510 2452 2563 vitia
2506 2512 2674 2580 magis
2728 2526 2886 2583 quam
2921 2514 3148 2569 imitatio
3196 2514 3367 2583 foret,
3409 2520 3533 2576 dum

1934 2604 2228 2656 creduntur
2256 2619 2361 2657 non
2395 2605 2747 2672 improbanda
2793 2621 2935 2672 esse,
2961 2608 3025 2661 ad
3058 2624 3178 2679 quae
3202 2609 3291 2665 alii
3321 2626 3535 2681 quoque

1937 2696 2184 2750 videntur
2215 2696 2493 2750 accedere.
2533 2696 2755 2765 Fragilis
2778 2709 2857 2750 est
2880 2708 2933 2751 et
2962 2699 3159 2754 caduca
3195 2702 3491 2755 mortalitas
3518 2716 3537 2756 :

1936 2787 2023 2840 vix
2082 2786 2299 2841 nefaria:
2343 2788 2695 2856 cogitationes
2744 2789 2871 2842 dum
2913 2792 3339 2855 comprimuntur
3395 2797 3537 2848 inte-

1936 2888 2113 2934 reunt.
2149 2878 2292 2934 Jacet
2328 2893 2513 2933 semen
2547 2881 2763 2933 noxium
2798 2882 2898 2933 sub
2938 2896 3141 2946 errore,
3175 2898 3272 2937 nec
3312 2885 3493 2940 deficit
3516 2901 3544 2943 ι

1937 2973 2101 3024 latttm
2132 2971 2313 3040 pandit
2336 2972 2835 3040 derelinquentibus
2866 2974 3067 3026 aditum
3096 2975 3185 3041 qui
3209 2975 3387 3044 jungit
3413 2992 3537 3034 cum

1937 3063 2276 3132 improbitate
2301 3077 2649 3118 consensum.
2684 3066 2919 3127 Utinam,
2971 3066 3323 3124 invictissime
3362 3072 3535 3141 impe-

1936 3166 2104 3221 rator,
2140 3159 2282 3212 inter
2312 3159 2425 3224 ipsa
2457 3159 2770 3227 apostolica).
2790 3160 3140 3217 districtionis
3172 3163 3244 3216 ini
3275 3167 3320 3217 ia
3344 3164 3536 3221 Orien-

223 3252 436 3309 ῶνα-ιο
464 3251 678 3307 semine
707 3267 848 3308 unus
874 3251 1084 3308 fruetus
1118 3253 1403 3308 amborum
1444 3260 1549 3309 est.
1592 3254 1724 3309 Nam
1755 3255 1834 3309 si-
1862 3256 1909 3322 ο
1942 3249 2078 3303 tales
2125 3250 2382 3304 Ecclesia!
2421 3250 2599 3305 Acucii
2649 3256 2893 3323 contagia
2940 3254 3167 3310 nefanda
3225 3259 3485 3315 Vitassem
3518 3278 3538 3317 :

226 3357 318 3401 cut
346 3361 511 3418 pinna
542 3356 627 3402 est
652 3361 752 3401 nec
780 3347 961 3402 dicere
993 3347 1105 3401 Deo
1131 3356 1371 3417 accept,
1397 3362 1498 3403 nec
1531 3348 1729 3414 facere,
1763 3350 1835 3405 ita

231 3452 379 3498 certe
406 3442 785 3498 remuneratio
814 3442 897 3496 vel
925 3441 1005 3497 illi
1033 3440 1122 3512 qui
1153 3440 1412 3512 spiritalia
1439 3442 1833 3513 pradicaverit,

224 3539 306 3593 vel
353 3536 436 3595 illi
465 3536 561 3608 qui
606 3536 786 3591 audita
809 3552 914 3591 non
944 3535 1233 3606 spreverit.
1279 3535 1430 3591 Dedit
1463 3536 1678 3613 quidem
1726 3538 1841 3593 cle-

231 3632 436 3688 mentia
458 3640 636 3686 vestra
666 3630 834 3686 veluti
861 3630 1105 3686 obsidem
1136 3630 1397 3701 propositi
1426 3630 1509 3684 sui
1533 3630 1637 3685 sub
1676 3632 1836 3687 testi-

224 3733 408 3788 monio
432 3731 733 3802 impcrlalis
773 3731 1025 3802 alloquii,
1071 3741 1124 3786 et
1161 3746 1222 3787 se
1255 3730 1410 3801 quasi
1447 3727 1674 3799 pignore
1703 3742 1836 3796 quo-

226 3823 344 3879 dam
396 3824 559 3878 bonte
589 3820 887 3878 voluntatis
928 3822 1216 3879 astrinxit?
1243 3820 1337 3878 sed
1366 3834 1502 3891 opus
1528 3827 1616 3876 est
1643 3817 1838 3888 coeptis

225 3916 462 3986 adjicere
510 3915 820 3972 ﬁrmitatem
848 3933 862 3971 :
895 3928 1111 3971 sumant
1140 3918 1359 3989 plequm
1400 3916 1653 3971 decorem
1692 3914 1839 3983 jacta

228 4010 545 4083 fundamina
582 4024 733 4067 :non
766 4014 1113 4068 remittantur
1141 4020 1540 4083 propugnantes
1581 4022 1681 4079 pro
1741 4007 1835 4063 Del

230 4098 493 4163 Ecclesiis
520 4122 734 4162 manus.
761 4104 949 4162 Toties
972 4103 1298 4163 Israeliticae
1320 4106 1492 4160 hostis
1514 4100 1833 4168 intercedit,

227 4200 440 4267 quoties
488 4200 702 4269 Moyses
729 4198 946 4253 brachia
976 4212 1083 4252 non
1129 4198 1354 4252 remisit.
1381 4196 1617 4251 Effectus
1643 4208 1831 4264 opera,

228 4290 358 4345 ﬁnis
395 4289 743 4345 commendat
774 4290 945 4347 initia.
986 4290 1105 4345 Non
1151 4290 1373 4361 prodest
1398 4289 1629 4356 coepisse
1680 4286 1838 4341 dese-

228 4390 443 4436 rentem
464 4424 477 4446 ,
511 4384 637 4450 quia
679 4383 795 4437 sola
830 4384 1235 4453 perseverantia
1286 4379 1413 4437 ﬁdei
1465 4380 1557 4435 dat
1586 4380 1835 4434 salutt‘m.

231 4475 620 4530 lienedicituus
651 4473 819 4529 Deum
844 4518 859 4543 ,
895 4476 1049 4545 cujus
1102 4477 1219 4532 zelo
1247 4476 1424 4547 pictas
1452 4484 1631 4530 vestra
1664 4482 1839 4528 trans-

229 4581 516 4638 gressores
560 4567 753 4636 impios
777 4566 1083 4622 Nestorium
1114 4575 1171 4622 et
1202 4568 1587 4639 Eutyeltetem,
1630 4566 1714 4621 vel
1742 4580 1837 4621 eos

1945 3356 2049 3395 non
2084 3355 2181 3410 per
2231 3342 2427 3395 multos
2452 3356 2607 3397 error
2638 3346 2724 3397 ille
2758 3346 2914 3399 noxia
2947 3360 3152 3401 venena
3178 3348 3537 3419 dilfumleret;

1944 3436 2055 3503 ipsa
2080 3448 2297 3505 quoque
2343 3444 2523 3491 erecta
2574 3446 2700 3492 tunc
2729 3439 2975 3493 fortassis
3026 3442 3404 3499 Alexandrinae
3438 3446 3540 3501 Ee-

1941 3527 2122 3581 elesiw
2153 3536 2283 3582 tunc
2329 3529 2468 3585 colla
2501 3531 2852 3593 cecidissent.
2887 3532 3012 3587 dum
3046 3540 3346 3603 percn'sam
3380 3539 3541 3607 perfi-

1942 3620 2085 3677 diam
2117 3634 2269 3676 suam
2299 3622 2351 3675 in
2384 3622 2733 3680 damnatione
2764 3627 3048 3682 imitatoris
3078 3644 3454 3698 agnoscerent,
3486 3645 3541 3691 et

1943 3715 2231 3783 displicere
2262 3716 2315 3770 in
2346 3718 2697 3784 complicibus
2728 3734 2787 3773 se
2816 3720 3082 3775 viderent.
3104 3724 3213 3779 Sed
3242 3726 3366 3779 dunt
3400 3731 3541 3785 male

1945 3810 2131 3862 nutriti
2166 3808 2418 3863 foveatur
2442 3825 2675 3877 errores,
2701 3820 2756 3866 et
2786 3828 3069 3879 pravorum
3096 3830 3396 3873 consensus
3422 3822 3541 3877 inu-

1945 3899 2053 3953 tilis
2085 3900 2337 3969 equitate
2366 3902 2682 3961 corrigenda
2736 3901 3129 3973 dissimulatur,
3183 3923 3276 3974 per
3306 3910 3541 3978 impuni-

1945 4000 2108 4047 tatem
2140 3992 2453 4061 sequacium
2501 3994 2638 4047 mala
2662 3993 2910 4063 dogmata
2942 3998 3315 4068 multipliravit
3357 4012 3541 4057 aucto-

1944 4104 2083 4144 rum.
2120 4090 2182 4145 Et
2216 4104 2311 4144 vos
2352 4090 2594 4161 quidem,
2624 4092 2666 4143 si
2694 4092 2889 4161 placet,
2936 4110 2961 4144 a
3000 4096 3105 4149 Deo
3139 4095 3320 4166 (adeo)
3359 4099 3541 4152 cllica-

1943 4183 2077 4235 citer
2102 4182 2426 4251 impetretis,
2459 4193 2517 4238 nt
2563 4185 2936 4239 condemnetis
2980 4198 3214 4242 vestrum
3260 4191 3324 4242 de
3364 4190 3542 4249 alieno
3598 4220 3605 4225 -

1943 4289 2127 4329 errore
2158 4276 2515 4344 propudium.
2548 4278 2655 4332 Sed
2688 4280 3033 4345 cogitandum
3086 4290 3199 4345 est,
3234 4284 3543 4340 clementis-

1942 4366 2078 4420 sime
2108 4366 2416 4435 imperator,
2449 4370 2491 4422 si
2514 4371 2560 4422 ei
2590 4372 2730 4438 apud
2766 4372 2929 4425 Deum
2958 4373 3183 4426 sufﬁciat
3214 4387 3393 4430 errata
3417 4377 3533 4433 eul-

1945 4474 2100 4526 posse
2120 4501 2136 4525 ,
2168 4462 2254 4513 cui
2286 4460 2429 4514 dedit
2462 4476 2619 4530 posse
2650 4464 2921 4532 corrigere
2950 4482 2962 4516 :
2990 4480 3095 4518 non
3129 4474 3212 4520 est
3241 4468 3540 4528 diﬂ’erenda

1942 4557 2192 4609 curatio:
2224 4556 2611 4611 admoveantur
2650 4559 2871 4613 medica:
2906 4561 3184 4627 profundis
3228 4565 3543 4622 \ulneribus

229 4662 603 4732 ρεηαιιὶωιι,
642 4660 731 4728 qui
777 4673 897 4713 cum
946 4658 1203 4714 nefandis
1233 4668 1288 4713 et
1326 4658 1602 4729 sacrilegis
1629 4657 1849 4726 dogma-
1873 4658 1929 4719 Β
1956 4665 2162 4704 manus.
2194 4651 2314 4705 Sola
2361 4662 2485 4707 ante
2525 4652 2776 4708 Acacium
2808 4654 3131 4710 Alexandria
3165 4659 3398 4725 perfidia:
3432 4674 3545 4715 sua

231 4755 383 4810 tibus
412 4755 761 4824 proﬁtentur.
805 4751 1005 4807 Probat
1033 4750 1213 4807 odisse
1261 4764 1324 4808 se
1371 4750 1532 4819 vitia,
1578 4748 1668 4819 qui
1710 4762 1844 4804 con-

228 4852 463 4904 demnat
486 4856 762 4912 errantes,
791 4861 890 4901 nec
918 4846 1175 4915 relinquit
1217 4844 1323 4899 sibi
1351 4845 1527 4900 locum
1559 4842 1838 4910 deviandi,

229 4942 333 5013 qui
387 4956 494 4996 non
549 4938 851 5010 peiore-erit
893 4938 1197 4994 excedenti.
1253 4936 1467 4993 Primus
1514 4936 1840 4992 innocentiae

227 5035 445 5107 gradus
470 5044 593 5099 est,
624 5033 804 5090 odisse
844 5030 1113 5100 culpanda
1147 5050 1160 5085 :
1193 5032 1284 5088 sed
1317 5031 1562 5086 veritatis
1591 5030 1838 5097 interest,

227 5128 462 5184 domine
502 5126 628 5199 ﬁll,
666 5136 723 5182 et
769 5125 1051 5181 catholicae
1095 5124 1417 5193 disciplinae,
1448 5132 1507 5179 ut
1545 5132 1840 5179 sectatores

227 5220 405 5274 etiam
436 5233 625 5274 eorum
648 5229 807 5289 atque
836 5219 1126 5289 participes
1153 5216 1395 5281 oderitis,
1418 5230 1649 5288 quorum
1682 5229 1842 5271 exse-

224 5312 475 5367 crandos
499 5313 773 5382 principes
808 5311 1086 5382 judicatis.
1120 5309 1238 5366 Non
1267 5310 1318 5365 in
1350 5309 1672 5365 damnandis
1691 5308 1838 5378 suta,

218 5404 292 5462 id
325 5412 586 5462 est'certa
600 5406 849 5469 nomina,
880 5402 977 5460 sed
1017 5403 1070 5457 in
1094 5403 1204 5457 .bis
1247 5403 1408 5457 etiam
1436 5402 1530 5471 qui
1559 5401 1843 5456 damnatos

226 5507 572 5567 sequuntur,
610 5506 734 5550 sunt
758 5496 984 5551 crimina
1012 5494 1407 5565 persequenda.
1441 5493 1658 5549 Frustra
1688 5508 1843 5548 aver-

223 5588 362 5648 sari
400 5604 462 5644 se
502 5588 684 5657 plures
712 5587 926 5653 asserit,
958 5586 1046 5657 qui
1074 5601 1239 5641 unum
1268 5586 1339 5643 de
1374 5585 1454 5641 his
1489 5585 1579 5656 qui
1605 5586 1841 5642 detesta-

225 5683 403 5739 tione
431 5680 577 5750 digni
612 5680 919 5750 judicantur
940 5679 1211 5751 exceperit
1236 5694 1251 5733 :
1276 5695 1380 5735 non
1405 5680 1547 5735 enim
1589 5694 1844 5735 numerus

222 5774 549 5834 errantium
578 5775 886 5837 bmninum,
939 5775 1033 5829 sed
1078 5774 1328 5828 meritum
1371 5772 1744 5829 consideratur
1767 5789 1847 5829 er-

220 5882 457 5927 rorum.
510 5867 625 5923 Hoc
666 5866 819 5933 ideo,
855 5881 923 5921 ac
968 5865 1122 5922 facile
1157 5876 1311 5937 putet
1345 5877 1522 5922 vestra
1561 5867 1847 5924 clementia

223 5960 433 6018 Δωοῆ
462 5956 890 6032 praetereundam
923 5972 1043 6017 esse
1089 5973 1397 6030 personam.
1429 5958 1617 6017 Nonne
1641 5958 1731 6017 ille
1763 5966 1846 6019 est

1953 4740 2194 4796 foeditate
2247 4736 2520 4798 sordebat.
2578 4744 2844 4815 Respicite
2910 4756 3139 4815 quantas
3193 4748 3303 4819 jam
3361 4762 3544 4821 partes

1951 4824 2259 4893 emendatio
2316 4839 2552 4907 neglecta
2616 4841 2888 4908 polluerit.
2946 4844 3233 4915 Quousque
3302 4851 3545 4915 pateris,

1951 4931 2167 4986 domine
2200 4932 2302 4997 fili,
2340 4933 2632 4988 Ecclesiam
2667 4935 2757 4989 Dei
2799 4934 3117 4992 divisionem
3152 4955 3369 4993 suorum
3405 4956 3545 4997 mm-

1952 5042 2072 5080 rere
2110 5027 2824 5100 membrorum‘lantieipent
2868 5031 3125 5087 beneﬁcia
3160 5038 3248 5087 tua
3280 5034 3344 5088 ad
3380 5034 3545 5089 Deum

1952 5127 2274 5188 perventum
2301 5120 2532 5189 suspiria
2567 5138 2579 5175 ς
2614 5138 2830 5179 assume
2877 5126 2997 5180 lidei
3030 5142 3211 5180 turam
3244 5140 3262 5182 :
3294 5136 3348 5181 et
3377 5128 3547 5181 vexil-

1953 5213 2061 5268 lum
2090 5213 2288 5277 salutis
2315 5216 2567 5270 attollens
2588 5257 2603 5284 ,
2636 5217 2701 5272 ad
2732 5234 2946 5275 errores
2976 5221 3043 5274 ab
3068 5222 3228 5276 Israel
3263 5238 3546 5276 removen-

1951 5303 2048 5358 dos
2074 5305 2221 5359 velut
2246 5304 2504 5360 Ezechias
2542 5309 2680 5361 alter
2708 5324 2943 5380 exsurge
2976 5330 2988 5363 :
3024 5311 3105 5366 fas
3139 5312 3230 5365 tibi
3265 5312 3418 5365 laude
3448 5328 3519 5365 no

1953 5413 2139 5452 verum
2169 5413 2393 5468 operum
2426 5399 2610 5454 titulos
2640 5416 2854 5470 :equare
2890 5404 3212 5472 priscorum.
3260 5402 3355 5460 ille
3390 5407 3545 5461 tussi-

1956 5491 2099 5560 pavit
2128 5490 2362 5557 excelsa,
2386 5500 2441 5545 tu
2458 5492 2764 5563 superbiam
2788 5506 2980 5551 erecta:
2998 5495 3286 5563 impietatis
3312 5495 3543 5557 inclina:

1956 5584 2044 5639 ille
2082 5585 2367 5640 simulacra
2410 5586 2694 5654 contrivit,
2738 5597 2792 5639 ttt
2844 5586 2977 5640 dura
3026 5585 3320 5643 infidelium
3378 5592 3545 5650 corda

1954 5677 2232 5747 confringe
2259 5696 2271 5731 :
2297 5678 2386 5733 ille
2416 5680 2730 5733 memoriam
2759 5679 3024 5746 serpentis
3054 5680 3186 5734 :enei
3218 5684 3453 5750 sustulit,
3487 5696 3543 5742 ttt

1955 5771 2102 5826 virus
2131 5774 2409 5841 praesentis
2435 5771 2671 5826 eﬁ‘uade.
2708 5770 2857 5825 Oli'er
2902 5772 3010 5828 Deo
3050 5783 3195 5829 recta
3218 5792 3335 5847 qure
3380 5778 3540 5845 fect;

1954 5875 2008 5919 et
2035 5880 2190 5931 spera
2219 5864 2357 5918 dona
2385 5877 2503 5927 quae
2555 5863 2765 5917 meruit.
2795 5862 2990 5919 Fidelis
3018 5880 3089 5920 est
3119 5870 3250 5922 enim
3272 5869 3541 5941 Dominus,

1953 5959 2041 6030 qui
2063 5956 2229 6013 reddit
2257 5955 2473 6028 singulis
2498 5956 2775 6012 secundum
2804 5976 2956 6033 opera
2979 5979 3152 6019 eorum
3173 5962 3385 6037 (Matth.
3405 5965 3540 6038 ΧΠ).
