3974 6366
429 293 535 370 399

1775 297 2147 362 HORMISDE
2188 302 2273 360 PA
2282 303 2392 360 PE

3621 305 3724 374 still

429 426 492 486 In
516 433 705 499 aperto
730 432 814 482 est
839 433 1032 496 quanta
1062 425 1132 481 sit
1159 422 1490 495 exspectatio
1530 421 1767 480 fidelium
1787 465 1802 491 ,
1829 428 2025 493 quanta
2051 415 2106 477 Α
2131 417 2234 472 acti
2280 419 2537 489 temporis
2570 426 2732 476 rectae
2763 428 2906 493 tegat
2929 421 3188 480 sedulitas
3217 425 3466 484 actionis.
3496 428 3724 490 Praestat

429 520 721 593 trepidatio
751 519 1098 590 perfidorum.
1132 516 1211 572 Illi
1239 515 1480 572 ambiunt
1511 516 1745 588 gaudere
1781 532 1901 573 cum
1934 533 2030 571 ano

428 618 566 691 gelis
590 616 658 672 de
687 613 918 684 receptis
942 631 956 666 :
986 612 1071 668 isti
1104 619 1382 677 metuunt,
1418 626 1485 666 ne
1516 611 1582 664 ab
1605 611 1686 664 bis
1709 626 1842 680 quos
1869 610 2029 666 dece-

427 718 623 781 perant
662 705 938 772 destituti,
968 705 1140 775 poenis
1171 714 1484 760 remaneant
1519 704 1855 774 praeparatis.
1887 704 2027 760 Pen-

429 803 558 860 dent
612 800 770 855 anxia
831 798 996 855 corda
1053 809 1390 854 cunctorum.
1446 797 1526 852 Ab
1567 797 1769 852 ultimis
1809 797 1873 851 ad
1926 812 2025 852 nos

428 895 616 954 Galliis
659 894 862 950 directa
893 894 1108 965 legatio,
1133 893 1177 948 si
1204 894 1329 964 quid
1352 893 1420 948 de
1446 892 1650 948 unitate
1689 891 2022 962 redintegra-

427 987 589 1044 tionis
631 987 938 1044 sollicitudo
969 996 1152 1044 nostra
1184 985 1574 1056 promovisset,
1617 985 1755 1040 fama
1800 995 1982 1040 secuta
2006 1024 2022 1050 ,

427 1081 717 1139 consuluit.
743 1080 850 1136 Nec
865 1080 1080 1135 difﬁcile
1106 1093 1242 1150 opus
1267 1079 1572 1135 clementiae
1597 1088 1723 1133 tute.
1749 1078 1862 1134 Scit
1882 1077 2022 1133 Deus

427 1189 652 1231 suorum
683 1173 958 1229 laboribus
985 1172 1292 1228 subvenire.
1327 1172 1381 1227 In
1416 1187 1514 1227 usu
1545 1179 1628 1227 est
1655 1171 1722 1226 ad
1754 1171 2022 1241 principes

428 1284 558 1326 suos
585 1279 904 1325 convertere
918 1267 1053 1324 colla
1081 1265 1371 1338 subjectos.
1398 1267 1498 1322 Dat
1518 1265 1699 1337 specie
1731 1265 2021 1320 maximum

428 1364 640 1434 signum
682 1378 874 1419 recens
905 1363 1170 1433 religiosae
1200 1363 1475 1418 memoriae
1503 1360 1756 1416 Marciani
1786 1361 2023 1430 impera-

429 1457 564 1510 toris
593 1456 923 1524 exemplum.
952 1456 1089 1524 Quid
1114 1455 1222 1527 egit
1243 1464 1371 1510 tunc
1395 1455 1604 1526 vulgus,
1635 1464 1727 1509 aut
1757 1454 2021 1525 populus?

427 1547 547 1604 Non
569 1563 706 1617 opus
729 1558 852 1602 nota
885 1549 1184 1604 revolvere.
1221 1547 1415 1602 Adulta
1443 1557 1524 1602 εει
1558 1547 1776 1617 perfidia
1802 1548 1898 1601 ista
1929 1562 2024 1617 per

427 1640 635 1707 devios,
671 1642 842 1710 sopita
874 1656 971 1710 per
993 1640 1188 1710 justos.
1224 1640 1438 1694 Imitare
1459 1638 1694 1710 religiosi
1739 1640 2021 1711 integrita-

427 1743 536 1791 tem
568 1736 855 1806 propositi,
915 1750 1074 1804 quam
1112 1734 1290 1788 studio
1337 1734 1607 1788 civilitatis
1648 1735 1892 1804 a-quasti.
1937 1733 2018 1788 Ad

2134 515 2348 586 quidem
2381 516 2574 570 anima:
2627 532 2770 581 suae,
2825 533 2921 587 per
2977 534 3135 589 quem
3191 521 3480 578 universali
3526 525 3725 597 aliquid

2134 608 2342 663 confert
2365 607 2643 663 Ecclesiae.
2672 608 2738 662 Et
2767 609 2835 665 ita
2864 625 2922 666 se
2953 626 3041 666 res
3065 610 3242 677 habet,
3271 623 3326 667 ut
3354 615 3398 669 si
3430 618 3725 687 studiosus,

2135 701 2178 757 si
2214 699 2512 756 indefessus
2543 701 2829 769 institeris,
2857 703 2946 758 fiet
2976 704 3070 760 tibi
3109 707 3252 761 utilis
3295 721 3454 764 causa
3486 724 3723 766 commu-

2134 796 2236 851 nis.
2271 795 2402 850 Data
2431 804 2487 850 ut
2517 809 2676 865 supra
2708 795 2873 867 (anno
2902 797 3112 853 Domini
3145 798 3291 869 517).

2671 888 3004 946 EPISTULA
3045 891 3184 946 XIII.

2131 1000 2529 1040 COMMO‘NITORIA
2591 1001 2657 1040 AD
2721 1001 3006 1041 UNIVERSOS
3071 1003 3380 1042 ILEIIETICOS
3449 1005 3725 1046 EPISCOPOS

2203 1093 2451 1133 OBIENTIS
2491 1093 2590 1132 PER
2629 1091 2905 1132 SECUNDAM
2944 1094 3281 1134 LEGATIONEM
3312 1097 3652 1136 TBANSHISSA.

2420 1170 2463 1225 U
2469 1171 2612 1250 nitas
2626 1169 2892 1226 catholica:
2916 1171 3037 1241 ﬁdei
3065 1174 3416 1228 custodienda.

2204 1263 2488 1320 Hormisda
2534 1262 2804 1319 universis
2838 1263 3105 1336 episcopis
3135 1266 3186 1320 in
3216 1265 3450 1322 Orientis
3488 1269 3726 1338 partibus

2129 1356 2454 1413 constitutis.

2201 1452 2314 1507 Etsi
2345 1450 2729 1509 admonitionis
2758 1467 2894 1508 mea:
2917 1468 3044 1508 cura
3091 1453 3393 1522 desideret,
3423 1471 3520 1512 vos
3546 1465 3726 1514 tamen

2129 1546 2333 1616 proprii
2382 1559 2652 1601 memores
2691 1546 3006 1602 conveniret
3029 1547 3222 1613 officii,
3254 1563 3362 1603 non
3395 1549 3729 1619 negligenter

2129 1642 2380 1696 omittere
2409 1656 2528 1711 qute
2551 1642 2713 1696 enixe
2739 1656 2929 1708 omnes
2959 1640 3116 1698 decet
3140 1657 3236 1711 pro
3267 1643 3458 1698 animae
3491 1659 3604 1700 suae
3636 1659 3727 1698 sa-

2131 1734 2242 1790 lute
2267 1747 2506 1801 servare,
2541 1742 2599 1789 ut
2631 1733 3006 1789 mandatorum
3056 1733 3356 1792 caelestium
3401 1736 3726 1808 disciplina,

425 1831 549 1885 haec
589 1829 790 1885 nostris
835 1828 1106 1900 lacrymis,
1152 1827 1348 1883 nostris
1397 1827 1644 1897 precibus
1701 1827 1977 1898 alleganda
1999 1869 2016 1895 ,
2047 1815 2098 1878 Β
2126 1842 2233 1884 non
2264 1826 2439 1883 alieno
2465 1826 2662 1893 studio,
2694 1827 2790 1882 sed
2818 1827 2935 1898 ipso
2957 1827 3108 1884 vobis
3130 1828 3360 1885 clareret
3393 1831 3569 1887 inesse
3602 1847 3726 1902 pro-

425 1921 728 1978 Ennodium
761 1929 922 1990 atque
966 1920 1317 1991 Peregrinum
1367 1919 1563 1975 fratres
1589 1929 1644 1975 et
1669 1921 2022 1991 coepiscopos

422 2026 638 2071 nostros
668 2015 785 2068 vice
830 2023 1012 2068 nostra
1044 2028 1142 2083 pro
1168 2012 1471 2068 exhibenda
1515 2012 1673 2068 etiam
1728 2012 2018 2067 honorifica

422 2105 748 2160 salutatione
791 2104 1121 2169 direximus;
1169 2103 1290 2159 ideo
1332 2105 1566 2159 maxime
1595 2105 1879 2174 designato
1907 2105 2021 2160 viro

423 2195 573 2251 fasce
600 2195 848 2251 secundae
878 2195 1161 2266 legationis
1188 2196 1465 2266 imposito,
1501 2204 1560 2250 ut
1588 2196 1676 2266 qui
1720 2195 1875 2250 nobis
1903 2196 2020 2265 spei

423 2289 581 2345 bonae
603 2287 792 2344 detulit
822 2289 1062 2354 initium,
1095 2304 1240 2344 nunc
1268 2288 1516 2358 adjutore
1545 2288 1655 2344 Deo
1681 2289 1894 2358 plemun
1939 2304 2024 2344 re-

423 2390 600 2452 portet
615 2382 886 2437 effectum.
916 2383 1272 2452 Acquiescite,
1293 2397 1595 2452 precamur,
1629 2381 1875 2436 ﬁdelibus
1901 2397 2018 2436 mo-

423 2476 570 2541 nitis,
593 2477 749 2546 cujus
775 2492 872 2531 vos
903 2476 1198 2533 delectatos
1233 2477 1433 2532 dudum
1471 2478 1695 2548 legimus
1739 2475 2016 2530 institutis.

422 2572 553 2627 Data
592 2588 647 2626 tu
678 2587 846 2627 nonas
868 2573 1093 2642 Aprilis,
1126 2573 1352 2645 Agapito
1398 2572 1514 2628 viro
1550 2571 1852 2628 clarissimo
1890 2585 2019 2626 con-

421 2663 536 2720 sule
564 2664 728 2735 (anno
754 2665 964 2720 Domini
993 2665 1143 2736 517).

973 2758 1311 2814 EPISTOLA
1357 2757 1468 2813 XII.

420 2865 486 2905 AD
517 2863 828 2904 TIMOTUEUH
865 2864 1528 2906 CONSTANTINOPOLITANUII
1571 2865 1861 2906 EI'ISCOPUM
1902 2867 2016 2906 ειδ-

467 2956 704 2996 ιιετιουει
735 2956 1127 2997 οουιιοΝιτυιυΑ
1147 2984 1162 3009 ,
1193 2959 1292 2996 PER
1329 2957 1686 2998 SUPRADICTOS
1710 2957 1966 2998 LEGATOS.

731 3032 836 3087 Pro
866 3034 1057 3087 imitate
1088 3033 1331 3088 Ecclesia?
1360 3034 1714 3088 laborandum.

494 3126 778 3182 Ilormisda
848 3127 1134 3182 Timotheo
1198 3126 1452 3196 episcopo
1525 3126 2014 3197 Constantinopoli-

417 3229 563 3277 lano.

487 3319 604 3376 Non
628 3317 909 3373 mirabitur
940 3316 1158 3372 dilectio
1209 3323 1298 3371 tua
1347 3315 1612 3370 rationem
1652 3317 1907 3386 praeteriti
1940 3318 2013 3373 si-

415 3411 568 3468 lentii
592 3410 728 3475 mei,
759 3411 802 3464 si
825 3426 945 3479 quae
975 3411 1350 3479 praecesserint
1378 3410 1623 3464 universa
1659 3411 1964 3468 consideret
1995 3431 2009 3467 :

415 3520 525 3561 non
558 3503 842 3559 mirabitur
869 3519 1109 3576 prmsens
1143 3503 1472 3575 alloquium,
1507 3505 1553 3560 si
1581 3520 1702 3575 quat.
1729 3507 1795 3560 sit
1823 3505 1900 3560 vis
1931 3521 2015 3561 ca-

414 3599 594 3656 ritatis
631 3597 919 3667 expendat.
977 3597 1257 3653 Sustinere
1307 3596 1452 3653 enim
1495 3598 1672 3653 omnia
1707 3599 2006 3666 caritatem,

413 3692 679 3763 magistro
705 3690 943 3760 gentium
969 3690 1202 3745 docente
1224 3687 1278 3761 (I
1305 3689 1426 3745 Cor.
1453 3689 1596 3762 xm),
1627 3693 2009 3762 cognovimus;

413 3801 532 3857 qua:
561 3786 606 3840 si
632 3801 750 3851 sua,
779 3785 919 3840 sicut
946 3784 1188 3839 continet
1219 3783 1463 3840 doctrina
1495 3785 1632 3854 ipsa,
1663 3800 1768 3840 non
1793 3785 2005 3856 quaerit,

411 3894 477 3936 nu
513 3877 804 3950 incongrue
842 3880 1042 3933 abusus
1071 3877 1348 3948 privilegio
1371 3893 1512 3945 meo,
1542 3878 1684 3949 quod
1713 3878 1805 3934 tibi
1833 3879 2010 3948 potius

409 3972 670 4045 prodesse
699 3973 885 4042 possit,
919 3972 1185 4027 exhibeo?
1217 3973 1543 4042 Exspectare
1582 3975 1724 4029 enim
1774 3989 1860 4030 me
1911 3975 2011 4030 de-

410 4069 523 4124 cuit
551 4067 620 4122 ab
654 4066 946 4120 errantium
996 4065 1372 4134 conjunctione
1423 4076 1476 4120 te
1525 4065 1788 4133 liberum,
1840 4075 1894 4120 et
1931 4067 2010 4121 sic

411 4175 598 4216 amare
647 4170 949 4216 correctum
995 4159 1226 4215 :videre
1275 4161 1341 4216 ab
1390 4162 1759 4232 improbandis
1807 4163 2006 4230 dividi,

411 4266 573 4326 atque
623 4257 695 4310 ita
749 4254 1010 4311 litterario
1053 4269 1304 4311 sermone
1347 4257 1654 4325 complecti.
1709 4256 1816 4314 Sed
1847 4275 2004 4328 quem

411 4358 593 4420 optem
621 4349 870 4406 reducem
891 4390 906 4416 ,
933 4364 1030 4404 cur
1051 4347 1288 4404 differam
1317 4364 1510 4407 vocare
1541 4351 1877 4407 tardantem?
1900 4353 2008 4408 Cur

410 4460 518 4500 non
551 4444 707 4499 detur
737 4443 886 4500 locus
938 4442 1330 4512 moderationi,
1379 4460 1498 4500 cum
1535 4445 1662 4500 nihil
1707 4446 2006 4501 detrahitur

411 4539 691 4609 aequitati?
723 4538 1086 4608 Impendeuda
1128 4547 1252 4593 sunt
1302 4556 1421 4610 quae
1462 4541 1830 4595 laborantibus
1883 4560 2005 4610 pro-

411 4643 564 4701 sunt,
584 4635 637 4704 ,εἰ
667 4648 765 4688 ηοε
791 4635 1063 4690 societatis
1093 4635 1414 4705 contagione
1445 4650 1549 4688 nou
1583 4635 1846 4704 polluunt.
1880 4638 2004 4692 llaec

410 4743 571 4784 causa
605 4728 734 4783 mihi
767 4727 865 4781 fuit
897 4730 1238 4798 praesentium
1272 4730 1594 4792 litterarum,
1631 4740 1686 4783 ut
1719 4730 1921 4795 horter,
1949 4742 2004 4784 ut

335 4825 341 4829 “
408 4837 690 4886 moneam,
731 4835 798 4875 ne
830 4829 1026 4875 terram
1063 4832 1298 4877 nostram
1328 4823 1508 4891 jacere
1539 4825 1803 4892 patiamur
1832 4825 2001 4894 negli-

407 4917 621 4985 gentius
650 4914 1009 4970 infecundam.
1055 4915 1170 4970 Non
1213 4916 1300 4970 diu
1341 4918 1723 4972 infructuosam
1756 4919 2001 4972 arborem

407 5022 674 5079 occupare
703 5009 874 5062 solum
907 5009 1134 5077 diligens
1175 5009 1437 5078 permittit
1489 5011 1719 5080 agricola
1753 5029 1763 5063 :
1795 5014 2004 5081 patien-

407 5113 490 5160 ter
520 5108 829 5172 exspectat;
863 5100 959 5157 sed
990 5100 1229 5170 nunquid
1256 5102 1355 5157 sub
1385 5104 1782 5158 continuatione
1810 5103 2001 5172 perdu-

407 5200 525 5256 rat?
558 5197 792 5255 Vocatus
839 5197 908 5253 ad
949 5197 1238 5267 salutaria,
1287 5213 1392 5254 non
1431 5201 1676 5254 moreris.
1733 5199 1905 5268 Prope
1934 5199 2001 5254 ab

407 5293 715 5350 innocentia
742 5307 851 5349 non
883 5290 1108 5359 recedit,
1137 5291 1225 5364 qui
1256 5291 1321 5346 ad
1347 5306 1467 5348 eam
1496 5292 1611 5347 sine
1636 5292 1886 5348 tarditate
1916 5308 2002 5348 reo

406 5389 585 5444 vertit.
618 5389 833 5446 Movere
861 5387 1081 5442 Patrum
1111 5387 1348 5452 monitis,
1379 5395 1431 5442 et
1471 5387 1724 5442 insistens
1756 5387 2001 5443 fidelibus

407 5482 525 5534 sine
557 5481 706 5551 lapsu
727 5489 820 5538 aut
849 5495 1037 5536 errore
1065 5479 1321 5550 vestigiis,
1348 5478 1704 5547 praecedentia
1735 5479 1879 5535 dilue
1905 5497 2002 5551 per

409 5571 604 5626 futura.
637 5574 859 5644 Adjacet
887 5575 981 5630 tibi
1005 5572 1164 5628 modo
1193 5573 1258 5627 ad
1278 5571 1418 5642 justa
1449 5571 1680 5640 populos
1703 5573 1999 5641 incitando,

409 5666 570 5719 modo
622 5681 718 5734 pro
765 5668 868 5724 fide
897 5668 1282 5740 principalibus
1323 5665 1562 5736 vestigiis
1606 5666 1960 5736 supplicando
1986 5713 2000 5736 ,

409 5757 642 5825 dirigere
681 5758 822 5826 quod
871 5761 1084 5816 devium
1128 5770 1237 5826 est,
1271 5759 1508 5814 solidare
1558 5759 1699 5829 quod
1745 5761 1998 5815 dulium:

408 5863 603 5920 magno
626 5860 675 5904 te
705 5853 952 5906 convenit
979 5853 1160 5908 labore
1181 5852 1492 5922 providere,
1516 5863 1572 5910 ut
1602 5868 1788 5908 causas
1823 5865 2002 5910 trans-

2129 1922 2328 1992 posito.
2373 1922 2503 1976 Nam
2552 1921 2678 1977 licet
2716 1921 2874 1978 laude
2900 1939 3006 1978 non
3038 1933 3220 1978 careat
3249 1925 3337 1994 qui
3367 1924 3524 1981 bonis
3546 1927 3726 1982 censi.

2127 2013 2212 2068 liis
2242 2013 2616 2080 obseeundat,
2657 2023 2806 2069 tanto
2851 2023 2935 2070 est
2963 2023 3142 2071 tamen
3189 2017 3368 2086 potior
3397 2017 3462 2073 'in
3518 2020 3726 2078 honore

2127 2106 2408 2178 sapientiae
2456 2107 2544 2177 qui
2605 2106 2864 2175 prrevenit
2912 2117 3090 2174 recta,
3141 2123 3298 2178 quam
3346 2110 3432 2179 qui
3481 2112 3727 2181 sequitur

2128 2197 2371 2252 instituta
2391 2239 2406 2263 ,
2434 2206 2634 2268 quanto
2660 2207 2742 2252 εει
2774 2198 3034 2254 illusuius
3074 2199 3271 2256 docere
3301 2216 3459 2272 quam
3491 2202 3726 2260 discere.

2135 2289 2473 2347 Rccordetur
2504 2293 2871 2362 unusquisque
2901 2291 2953 2348 in
2994 2309 3097 2364 qua
3126 2296 3408 2351 vocatiotte
3433 2312 3463 2350 a
3491 2296 3725 2354 Domino

2123 2385 2195 2439 sit
2221 2395 2461 2451 vocatus,
2493 2395 2547 2441 et
2571 2383 2698 2456 quid
2724 2385 2791 2442 ab
2813 2401 2878 2442 eo
2903 2397 3245 2458 exspectetur
3263 2389 3528 2444 advertat.
3561 2391 3723 2447 Mise-

2123 2492 2241 2532 rum
2273 2477 2507 2533 estintra
2539 2479 2790 2534 meritum
2807 2479 2991 2548 jacere
3023 2481 3317 2551 propositi,
3342 2497 3464 2537 cum
3491 2482 3543 2538 id
3571 2484 3724 2553 quod

2125 2571 2410 2641 praefertur
2459 2577 2705 2640 nomine,
2749 2591 2853 2629 non
2912 2575 3214 2631 ostenditur
3255 2578 3486 2632 actione.
3528 2577 3722 2649 Magna

2123 2666 2442 2732 meruimus,
2467 2669 2509 2721 si
2538 2667 2678 2738 quod
2707 2667 2906 2723 indulta
2931 2668 3174 2741 (indicta)
3205 2670 3474 2740 posuilant
3494 2670 3723 2741 implea-

2123 2774 2263 2814 mus.
2292 2761 2390 2826 Qui
2433 2774 2492 2816 se
2521 2761 2586 2816 ad
2609 2762 2906 2832 pascendas
2937 2761 3188 2818 dominici
3219 2762 3397 2833 gregis
3421 2778 3554 2818 oves
3580 2779 3724 2834 gau-

2121 2855 2210 2913 det
2233 2855 2492 2911 adscitum
2511 2902 2524 2924 ,
2560 2859 2758 2926 cogitet
2789 2858 2856 2914 de
2883 2858 3169 2914 commissa
3197 2858 3297 2912 sibi
3325 2859 3723 2927 gubernatione

2117 2949 2402 3019 judicium.
2441 2950 2668 3020 Pervigil
2697 2949 2995 3005 adhibenda
3031 2949 3326 3017 tutela-est,
3350 2951 3721 3005 contlnuanda

2119 3045 2364 3098 custodia
2401 3039 2411 3097 ξ
2443 3058 2548 3098 non
2593 3042 2801 3098 dandus
2859 3043 2998 3113 lupis
3048 3038 3330 3112 iapacibus
3373 3044 3559 3108 locus,
3606 3059 3722 3098 non

2121 3137 2286 3192 ullius
2341 3136 2553 3192 casibus
2604 3135 3027 3208 relinquendus:
3071 3138 3191 3206 quia
3243 3134 3517 3206 neglectus
3563 3149 3722 3191 error

2042 3198 2092 3266 θ
2123 3233 2324 3297 ovium,
2349 3230 2501 3299 culpa
2536 3239 2808 3300 pastorum
2841 3240 2943 3287 est.
2981 3229 3170 3284 Veniet
3199 3229 3286 3299 qui
3331 3232 3568 3284 rationes
3591 3243 3722 3285 cre-

2121 3327 2248 3382 ditre
2281 3326 2695 3396 dispensationis
2726 3325 3014 3380 exatninet.
3047 3324 3296 3379 Omnium
3334 3324 3551 3395 quidem
3583 3339 3723 3379 con-

2118 3431 2226 3480 stat
2255 3437 2374 3478 esse
2397 3421 2657 3492 justitiam
2679 3461 2695 3486 ,
2725 3436 2823 3476 nec
2854 3421 2945 3476 ulli
2971 3421 3285 3489 impunitam
3316 3419 3589 3476 licentiam
3621 3433 3724 3489 pa-

2122 3529 2233 3573 tere
2268 3517 2541 3587 peccandi.
2585 3515 2692 3572 Sed
2724 3516 2812 3585 qui
2845 3516 3044 3584 gradus
3090 3515 3295 3569 nesciat
3341 3528 3461 3568 esse
3491 3515 3722 3568 merito-

2118 3626 2272 3675 rum,
2300 3619 2354 3665 et
2397 3591 2538 3664 sicut
2585 3625 2688 3664 non
2721 3624 2871 3678 seqre
2921 3608 3168 3678 praemia,
3212 3608 3281 3662 ita
3330 3607 3538 3661 diversa
3592 3620 3722 3661 esse

2116 3705 2415 3777 supplicia?
2456 3704 2874 3774 Multiplicautur
2921 3703 3210 3758 scientibus
3258 3701 3426 3770 plagze
3477 3718 3490 3753 :
3542 3714 3722 3768 pauca

2117 3800 2325 3871 ﬂagella
2358 3802 2608 3870 leguntur
2650 3799 2898 3854 inscitiae.
2924 3797 3074 3864 Quod
3098 3797 3140 3851 si
3175 3798 3244 3851 ita
3276 3805 3377 3862 εει,
3403 3793 3560 3849 sicuti
3589 3809 3722 3849 esse

2115 3907 2224 3948 non
2275 3893 2495 3948 dubium
2530 3901 2646 3956 est,
2678 3889 3090 3969 existimandum
3138 3888 3262 3958 quid
3313 3888 3364 3942 in
3405 3901 3471 3943 eo
3519 3885 3723 3942 deceat

2116 4002 2236 4043 esse
2283 3988 2571 4056 propositi,
2616 3986 2702 4040 cui
2749 3986 2954 4041 alienos
2985 3999 3196 4055 quoque
3241 3996 3454 4039 errores
3484 3995 3724 4036 necesse

2116 4089 2200 4136 εει
2222 4079 2494 4148 imputari.
2511 4077 2718 4134 Clamat
2736 4087 2953 4134 sanctus
2978 4077 3208 4146 Spiritus
3237 4092 3331 4146 per
3355 4073 3681 4145 prophetam
3708 4093 3722 4128 :

2119 4171 2164 4224 0
2197 4180 2424 4240 pastores
2470 4169 2636 4224 Israel
2661 4184 2681 4224 :
2708 4171 2938 4237 nunquid
2969 4170 3258 4238 semetipsos
3292 4176 3506 4235 pascunt
3537 4175 3727 4237 pasto-

2114 4280 2194 4316 res
2229 4262 2442 4334 (Ezech.
2479 4262 2703 4332 xum)?
2754 4261 2970 4318 Certum
3003 4271 3086 4315 est
3123 4261 3238 4330 plus
3264 4260 3332 4314 ab
3354 4275 3443 4324 eo,
3469 4259 3556 4314 cui
3588 4258 3726 4328 plus

2114 4356 2370 4421 creditur,
2420 4354 2772 4425 exigendum;
2816 4365 2870 4410 et
2919 4365 3064 4410 tanto
3093 4355 3262 4424 magis
3294 4369 3393 4409 nos
3443 4353 3724 4407 obnoxios

2114 4449 2227 4505 fieri
2245 4492 2262 4517 ,
2286 4459 2485 4519 quanto
2509 4449 2760 4504 efl'usiorc
2790 4449 2957 4518 gratia
2987 4449 3266 4516 contigerit
3299 4445 3572 4501 honorari.
3599 4445 3724 4503 Ma-

2113 4543 2280 4610 gister
2308 4543 2497 4609 bonus,
2528 4552 2582 4596 et
2607 4542 2808 4596 docens
2838 4556 2930 4608 per
2949 4541 3176 4594 obscura
3208 4539 3381 4594 lucem
3399 4581 3414 4605 ,
3441 4555 3538 4609 per
3559 4541 3726 4597 simi-

2115 4634 2400 4689 litudinum
2434 4633 2719 4703 aenigmata
2748 4633 3023 4688 veritatem
3044 4677 3058 4701 ,
3091 4648 3305 4688 servum
3356 4633 3542 4688 talenti
3572 4649 3605 4689 a
3658 4651 3729 4691 se

2114 4729 2328 4793 traditi,
2365 4737 2559 4796 przeter
2585 4735 2892 4796 augmenta,
2923 4725 3200 4781 custodem
3233 4740 3338 4780 non
3374 4728 3552 4794 arguit
3587 4727 3727 4783 inti-

2110 4824 2286 4881 delem
2307 4867 2320 4890 ,
2349 4821 2440 4878 sed
2464 4820 2844 4877 eondcutnavit
2869 4820 3109 4874 inutilem
3137 4819 3350 4890 (Matth.
3375 4820 3526 4892 xxv).
3552 4821 3730 4878 Unde

2112 4916 2164 4971 iu
2197 4927 2384 4985 aperto
2412 4925 2493 4970 est
2523 4915 2575 4969 in
2627 4930 2731 4985 quo
2775 4921 2917 4967 metu
2950 4927 3071 4967 esse
3119 4912 3308 4969 deceat
3336 4928 3458 4967 eum
3488 4916 3582 4982 qui
3615 4915 3730 4971 do-

2112 5009 2368 5064 tuinicum
2423 5007 2689 5062 numisma
2740 5003 3063 5075 perdiderit,
3122 5005 3167 5060 si
3212 5005 3460 5075 culpatus
3504 5015 3592 5060 est
3624 5007 3731 5063 ille

2116 5099 2206 5168 qui
2235 5108 2512 5168 acceptum
2542 5099 2658 5152 sine
2695 5095 3066 5150 imminutione
3109 5098 3347 5152 servavit
3379 5095 3532 5167 (Luc.
3564 5101 3726 5168 ιιι).

2111 5190 2300 5247 Νυιιιιε
2319 5197 2605 5246 εοηιεηιυε
2629 5188 2699 5245 sit
2728 5189 3034 5244 innocentia
3065 5204 3160 5245 sua
3183 5231 3197 5257 ,
3229 5189 3354 5260 quia
3384 5189 3497 5246 Deo
3521 5201 3731 5248 nostro

2111 5288 2359 5343 universa
2390 5284 2666 5353 cernenti,
2723 5300 2820 5354 per
2868 5285 3268 5356 praedicationis
3295 5285 3687 5340 assiduitatem
3710 5327 3729 5350 ,

2112 5383 2372 5440 rationem
2403 5395 2614 5451 quoque
2641 5380 2898 5450 propositi
2945 5379 3205 5436 debemus
3253 5378 3434 5434 alieni.
3475 5377 3731 5450 Largam

2110 5479 2389 5535 scientiam
2419 5477 2572 5533 decet
2599 5490 2719 5531 esse
2743 5475 3043 5531 doctorum.
3073 5474 3187 5529 Non
3214 5481 3360 5527 amat
3389 5471 3526 5527 ﬁdes
3547 5473 3699 5530 Chri

2108 5577 2278 5630 stiana
2310 5584 2613 5638 secretum;
2655 5587 2813 5642 quam
2847 5570 3089 5640 quisquis
3135 5568 3188 5622 itt
3219 5583 3348 5622 aure
3391 5577 3602 5623 tantum
3641 5571 3732 5626 ef—

2109 5669 2316 5734 fundit,
2349 5667 2653 5724 abscondit.
2689 5667 2787 5721 Per
2821 5667 3098 5719 universas
3124 5674 3312 5732 gentes
3338 5664 3484 5716 verbi
3514 5665 3733 5730 prandi-

2107 5764 2248 5817 catio
2282 5760 2564 5815 mandatur
2611 5759 2899 5827 apostolis,
2954 5767 3009 5812 et
3060 5771 3218 5826 quam
3263 5755 3734 5814 inexcusabiliter

2111 5856 2210 5910 hoc
2260 5856 2539 5925 quisquam
2586 5861 2759 5921 potest
2792 5850 2892 5905 sibi
2941 5860 3117 5905 tacere
3162 5848 3532 5905 commissum.
3562 5849 3734 5915 Quid
