3974 6366
255 362 350 420 ωι

1489 374 1842 435 ertsrom:
1881 372 1968 435 ετ
2008 327 2350 438 bECRE'l‘A.

3453 382 3566 447 40!

257 477 481 576 prodest
508 480 734 537 cuilibet
760 489 1103 552 paternarum
1129 487 1486 546 reverentiam
1520 504 1740 547 servare
1770 507 1857 548 re-
1882 494 1938 557 Α
1962 494 2072 550 nali
2095 494 2473 553 adhortatione
2503 471 2857 566 conﬁrmem;
2895 505 3058 572 atque
3078 507 3150 557 tta
3180 499 3265 558 his
3293 509 3415 559 cum
3440 505 3562 576 qui-

255 574 536 644 gularum,
585 576 632 632 si
683 579 896 634 concuti
945 579 1059 636 haec
1100 581 1166 636 ab
1195 581 1352 650 aliis,
1400 584 1447 639 si
1493 584 1610 641 sine
1654 587 1859 642 honore

262 672 483 727 tractari
517 675 788 743 patienter
815 676 1082 746 accipiat?
1128 676 1403 733 inﬁrmum
1434 680 1669 736 ostendit
1699 681 1860 737 allec-

257 778 366 821 tum
390 810 406 834 ,
429 769 521 837 qui
545 771 690 840 quod
725 772 899 843 diligit
926 788 1032 828 non
1064 783 1261 832 tuetur.
1287 777 1631 834 lncursantur
1663 783 1857 849 passim

257 871 442 917 sancta
483 878 512 918 a
555 865 778 934 perﬁdis
813 868 1137 934 constituta,
1187 877 1241 925 et
1270 871 1507 927 rediviva
1539 873 1765 929 subinde
1791 873 1860 930 de

257 957 590 1026 compressis
611 959 924 1015 excessibus
950 962 1184 1031 resurgit
1223 962 1558 1031 improbitas.
1591 965 1860 1033 Quemad-

260 1048 508 1116 modum,
529 1066 682 1122 rogo,
711 1053 966 1121 pietatem
997 1053 1049 1107 in
1078 1053 1245 1108 Deum
1277 1055 1486 1125 probat,
1513 1057 1600 1126 qui
1628 1059 1858 1112 tam'ne-

256 1142 414 1198 fanda
446 1144 792 1200 dissimulat?
816 1146 1183 1203 Recordemur
1206 1163 1308 1218 qua
1339 1149 1726 1205 catholicorum
1753 1150 1862 1206 ire-

257 1236 480 1305 quentia
538 1235 878 1291 sacerdotum
929 1237 1020 1292 illa
1075 1238 1271 1308 quibus
1323 1239 1545 1294 nitimur
1590 1240 1858 1295 celebrata

259 1328 614 1387 didicerimus
639 1347 761 1388 esse
787 1331 1017 1388 concilia
1054 1350 1065 1385 :
1100 1342 1329 1403 quantos
1352 1349 1450 1390 nec
1475 1333 1724 1390 debilitas
1754 1335 1858 1388 itn-

255 1425 495 1495 pedivit,
519 1441 621 1482 nec
671 1435 920 1483 senectus
946 1441 1175 1483 onerosa
1225 1427 1479 1484 tardavit.
1521 1429 1722 1500 Exigua
1748 1430 1860 1485 visa

256 1528 386 1572 sunt
411 1519 774 1589 spatiosarum
807 1519 1091 1575 intervalla
1115 1519 1419 1590 regionum,
1448 1529 1502 1576 et
1523 1521 1738 1577 labores
1758 1520 1861 1592 ipsi

257 1628 357 1684 pro
388 1614 623 1684 quadam
654 1615 1022 1671 consolatione
1045 1615 1265 1685 jucundi
1291 1659 1306 1682 ,
1337 1615 1462 1670 dum
1487 1615 1676 1686 spiritu
1707 1631 1858 1673 sanc-

259 1718 437 1764 tarum
469 1709 946 1780 congregationum
973 1721 1192 1779 regente
1215 1711 1553 1780 sapientiam.
1579 1725 1696 1765 sera
1728 1720 1860 1768 tetas

258 1801 404 1872 quod
433 1812 679 1857 servaret
707 1802 993 1872 acciperet.
1025 1802 1091 1856 Et
1117 1803 1230 1856 ltzec
1261 1803 1649 1858 insectantibus
1681 1802 1861 1873 impiis

1963 587 2064 642 bus
2104 588 2235 644 mihi
2281 596 2365 644 est
2400 593 2729 647 consortium
2765 604 2968 649 sanctae
2995 596 3430 665 communionis,
3469 587 3560 667 ju-

1965 681 2198 736 cundum
2251 681 2473 737 reddam
2517 685 2884 741 testimonium
2939 689 3202 747 caritatis.
3244 688 3360 745 Non
3413 690 3564 748 enim

1963 773 2161 830 sufticit
2181 775 2363 831 animo
2384 791 2504 831 meo
2530 776 2598 834 de
2620 778 2771 834 vobis
2792 793 2914 838 esse
2940 760 3212 848 securum,
3245 782 3348 837 nisi
3375 794 3564 839 osten-

1967 872 2098 926 dero
2139 871 2288 926 illum
2317 888 2564 942 quoque,
2615 888 2723 944 quo
2769 888 2864 930 vos
2910 876 3563 946 complecmr,aﬁectum.

1969 963 2245 1034 Siquidem
2279 964 2517 1019 declarat
2563 981 2622 1020 se
2663 980 2769 1021 non
2821 981 2884 1022 ex
2925 967 3124 1037 judicio
3163 969 3342 1027 odisse
3385 983 3417 1024 a
3464 969 3564 1026 Dei

1965 1055 2250 1111 dilectione
2279 1057 2506 1124 divisos,
2535 1057 2624 1128 qui
2662 1069 2843 1129 potest
2873 1076 2979 1115 non
3010 1077 3192 1116 amare
3221 1061 3561 1131 conjuttctos.

1966 1147 2232 1203 Benedico
2264 1148 2425 1217 igitur
2455 1149 2643 1216 Deum,
2675 1150 2798 1205 dtttn
2821 1151 3089 1209 fervorem
3113 1153 3235 1209 ﬁdei
3261 1165 3452 1208 vestrm
3481 1152 3568 1224 in:

1969 1251 2050 1294 ter
2081 1241 2339 1310 procellas
2373 1242 2566 1307 varias,
2603 1252 2982 1314 tempestatum
3004 1245 3229 1302 adversa
3257 1247 3564 1303 considero.

1967 1336 2076 1391 Vos
2103 1351 2340 1405 quoque,
2385 1345 2442 1391 ut
2471 1351 2632 1407 super
2663 1339 2746 1393 his
2789 1340 3042 1410 pietatem
3072 1339 3191 1409 ejus
3229 1339 3564 1409 gloriﬁcetis,

1968 1427 2218 1483 uberiore
2243 1429 2605 1486 exsultatione
2634 1430 2865 1496 suadeo;
2906 1433 2994 1502 qui
3024 1432 3318 1488 electorum
3343 1446 3567 1489 suorum

1968 1529 2176 1575 mentes
2225 1535 2332 1590 quo
2380 1521 2712 1591 acceptiores
2756 1521 2858 1577 sibi
2908 1523 3125 1591 reddat,
3179 1525 3480 1590 examinat;
3512 1535 3569 1580 et

1971 1615 2097 1670 licet
2143 1619 2389 1686 cognitos
2421 1618 2556 1685 sibi,
2585 1618 2902 1688 quibusdam
2948 1630 3128 1674 tamen
3158 1619 3569 1675 difﬁcultatibus

1968 1708 2180 1775 probat,
2214 1717 2270 1762 ttt
2293 1708 2554 1778 justitiam
2597 1725 2810 1781 quoque
2842 1712 3020 1767 inesse
3047 1713 3188 1768 dono
3229 1713 3371 1783 quod
3402 1710 3567 1783 largio

1969 1808 2055 1854 tur
2074 1799 2346 1855 ostendat.
2385 1804 2560 1872 Atque
2590 1801 2713 1858 ideo
2739 1805 3088 1874 pertinaciter
3117 1805 3260 1861 bono
3299 1821 3394 1862 vos
3435 1822 3567 1861 con-

255 1905 378 1964 post
406 1894 716 1948 damnatam
764 1895 815 1949 in
865 1893 1042 1949 radice
1087 1895 1363 1965 perlidiam
1387 1936 1402 1962 ,
1437 1903 1608 1961 tacet,
1642 1896 1730 1964 qui
1761 1895 1863 1951 scit
1891 1893 1940 1955 B
1969 1893 2116 1948 venit
2146 1894 2430 1949 imminere
2457 1896 2761 1966 proposito.
2798 1911 2898 1952 nec
2944 1899 2998 1952 in
3050 1898 3134 1952 via
3174 1913 3293 1968 quae
3322 1899 3469 1954 ducit
3494 1899 3565 1954 ad

254 1987 353 2042 sibi
388 2003 513 2044 esse
553 1988 861 2043 mandatum
896 2005 910 2042 :
942 1987 1134 2042 Exalta
1180 2005 1350 2044 vocem
1401 2000 1544 2042 tuam
1571 1989 1659 2058 qui
1703 2006 1858 2044 evan-

255 2081 445 2150 gelisas
503 2080 838 2134 Jerusalem:
873 2082 1079 2147 exalia,
1134 2082 1243 2136 noli
1289 2081 1467 2136 timere
1518 2079 1699 2152 (Psal.
1738 2081 1855 2152 XL).

259 2173 452 2231 Nonne
485 2175 590 2229 hoc
618 2185 742 2234 ante
772 2175 960 2230 oculos
989 2175 1222 2243 habens,
1248 2176 1567 2246 discipulum
1620 2178 1690 2234 ita
1725 2193 1857 2247 gen-

255 2269 389 2322 tium
416 2267 611 2323 doctor
643 2269 903 2335 instituit,
940 2278 996 2324 ttt
1026 2278 1328 2338 Opportune
1354 2269 1726 2339 evangelizare
1749 2286 1857 2325 non

255 2361 474 2416 cesset?
495 2359 796 2416 admonens
825 2379 838 2414 :
880 2362 1096 2415 Attende
1123 2361 1211 2415 tibi
1247 2372 1291 2414 et
1319 2363 1610 2417 doctrinm:
1643 2363 1780 2416 insta
1805 2364 1857 2417 in

255 2453 383 2509 illis.
424 2453 541 2507 Hoc
583 2455 718 2508 enim
746 2455 963 2526 faciens,
1019 2463 1066 2509 et
1114 2455 1330 2523 teipsttm
1379 2454 1575 2508 salvum
1606 2454 1782 2523 facies,
1808 2463 1858 2508 et

255 2563 338 2601 eos
366 2549 456 2615 qui
484 2559 532 2601 te
561 2547 777 2601 audiunt
805 2545 894 2619 (11
920 2546 1097 2603 Thess.
1130 2549 1229 2616 tv).
1260 2545 1398 2615 Ergo
1421 2547 1501 2601 vel
1531 2545 1858 2617 propheticis

256 2640 493 2696 stimulis
521 2640 775 2706 excitati,
800 2640 883 2694 vel
925 2623 1124 2694 normis
1169 2639 1480 2709 apostolicae
1509 2639 1859 2696 institutionis

255 2734 544 2795 instructi,
604 2748 787 2788 curam
836 2733 1085 2788 salutaris
1125 2732 1524 2804 prmdicationis
1577 2733 1853 2788 assumite.

257 2823 470 2895 Diligite
499 2835 553 2880 et
580 2825 846 2880 vindicate
863 2825 1157 2881 sententias
1183 2826 1434 2894 probatas
1470 2825 1591 2896 piis,
1627 2823 1858 2880 inﬁdeli-

255 2918 352 2974 bus
374 2919 645 2974 inimicas.
673 2918 737 2974 Et
761 2919 828 2973 ad
857 2928 1061 2988 petram
1087 2961 1100 2984 ,
1131 2933 1289 2989 supra
1313 2933 1475 2989 quam
1506 2927 1591 2973 est
1635 2917 1854 2973 fundata

257 3009 503 3065 Ecclesia
527 3051 543 3076 ,
591 3020 950 3079 revertentes,
985 3011 1126 3081 apud
1159 3011 1370 3067 illorum
1402 3012 1564 3066 etiam
1608 3026 1708 3066 vos
1758 3011 1859 3066 Pa-

257 3111 394 3158 trum
430 3103 674 3174 spiritus,
707 3119 934 3174 quorum
965 3104 1270 3160 veneranda
1294 3105 1585 3162 constituta
1615 3105 1858 3174 improbe

257 3200 674 3271 labelactantur,
699 3201 990 3267 absolvite;
1030 3202 1393 3266 aestimantes,
1431 3216 1552 3257 cum
1598 3200 1858 3256 Dominus

1963 1985 2086 2041 caeli
2131 2001 2294 2056 regna
2324 1986 2578 2044 deﬁcere.
2615 1990 2716 2055 Qui
2747 1988 2984 2046 intuetur
3025 1989 3296 2048 dominica
3337 2007 3566 2050 munera

1967 2093 2074 2133 non
2124 2080 2441 2135 aestimanda
2477 2082 2738 2150 promissa
2760 2123 2775 2150 ,
2815 2083 3014 2138 nullius
3042 2093 3222 2155 potest
3259 2094 3566 2155 respectum

1963 2170 2164 2228 habere
2194 2173 2439 2242 periculi.
2472 2173 2588 2229 Non
2617 2175 2760 2230 enim
2789 2174 2986 2244 frangit
3027 2176 3388 2233 consideratio
3425 2192 3564 2248 pra:-

1962 2265 2196 2320 sentium
2230 2266 2517 2332 malorum,
2561 2267 2664 2322 nisi
2716 2267 3017 2324 futurorum
3068 2269 3331 2325 bonorum
3382 2271 3566 2326 vincat

1963 2358 2161 2414 oblivio
2196 2377 2208 2412 :
2244 2359 2458 2428 quando
2478 2375 2693 2415 omnem
2713 2360 3128 2417 amaritudinem
3153 2362 3350 2418 laboris
3379 2362 3564 2418 exclu-

1963 2451 2074 2520 dit,
2103 2453 2193 2523 qui
2237 2452 2576 2508 dulcedinem
2610 2455 2756 2524 spei,
2789 2470 2911 2525 qua:
2956 2463 3327 2523 exspectatur,
3368 2455 3563 2510 amise-

1963 2550 2052 2602 rit.
2087 2547 2220 2615 Quae
2251 2547 2396 2603 enim
2443 2548 2730 2604 dillicultas
2779 2548 3096 2605 beatitudini
3155 2565 3251 2618 par
3299 2549 3417 2605 est?
3469 2558 3562 2605 aut

1961 2657 2082 2712 qua:
2111 2641 2392 2710 condignae
2421 2643 2657 2712 praemiis
2689 2643 2966 2711 passiones
2993 2642 3060 2697 ad
3089 2643 3318 2697 futuram
3350 2642 3561 2699 scilicet

1962 2734 2207 2803 gloriam,
2242 2750 2361 2805 quae
2391 2737 2441 2789 in
2474 2736 2632 2792 nobis
2673 2736 2938 2807 Apostolo
2967 2737 3318 2792 annuntiante
3354 2736 3562 2794 revela-

1962 2827 2107 2882 bitur
2131 2827 2310 2899 (Rom.
2339 2827 2496 2898 vttt)?
2521 2829 2679 2884 Absit
2721 2845 2789 2884 ne
2815 2830 3106 2899 quidquam
3137 2843 3166 2883 a
3189 2826 3388 2884 Christi
3420 2828 3562 2884 cari-

1963 2930 2071 2978 tate
2098 2936 2198 2978 nos
2241 2932 2476 2993 separet.
2523 2921 2732 2991 Quanta
2763 2930 2847 2978 est
2887 2921 3188 2989 tribulatio,
3239 2921 3284 2977 si
3332 2921 3562 2992 gloriam

1964 3014 2142 3084 parit?
2178 3012 2397 3069 Materia
2425 3028 2806 3084 prosperorum
2837 3023 2920 3070 est
2937 3029 3054 3085 quae
3080 3021 3296 3084 putatur
3321 3011 3562 3069 adversi-

1964 3116 2068 3162 tas.
2093 3108 2228 3162 Dum
2275 3106 2618 3174 inclinamur,
2653 3107 2928 3178 erigimur.
2956 3105 3128 3163 Nemo
3153 3105 3378 3162 haberet
3421 3105 3562 3161 lutu-

1965 3217 2079 3256 ram
2112 3201 2638 3265 remunerationem,
2676 3198 2781 3255 nisi
2825 3198 3176 3255 necessitates
3216 3196 3563 3268 praesentium

259 3294 321 3348 ad
366 3295 501 3350 illud
533 3295 675 3367 quod
707 3305 1057 3364 exspectatur
1081 3311 1305 3352 examen
1331 3294 1613 3351 advenerit
1640 3313 1654 3361 ;
1683 3295 1859 3366 qualis
1888 3291 1935 3357 C
1965 3293 2274 3350 sustineret.
2335 3292 2525 3349 Videte
2570 3301 2771 3363 quanto
2820 3305 2988 3363 opere
3025 3291 3302 3347 hominum
3347 3298 3564 3351 terrena

259 3387 526 3456 apostolis
553 3386 811 3451 creditus,
842 3388 1014 3458 qualis
1037 3387 1340 3458 aliquorum
1366 3387 1684 3442 tentantium
1706 3387 1862 3442 dubi-

261 3480 468 3535 latione
497 3489 828 3550 compertus,
877 3481 1053 3550 qualis
1085 3481 1277 3551 angelo
1317 3481 1711 3552 przcnuntiante
1740 3495 1862 3551 pro-

261 3576 492 3640 missus;
523 3583 700 3629 utrum
732 3573 800 3628 ab
838 3574 943 3628 illis
975 3573 1167 3628 melius
1198 3573 1269 3628 sit
1299 3573 1484 3645 argui,
1516 3589 1582 3628 an
1611 3589 1732 3628 cum
1763 3589 1858 3628 eo-

259 3681 380 3735 rum
429 3670 659 3723 cohorte
690 3667 982 3737 conjungi?
1008 3677 1186 3723 utrum
1218 3667 1340 3723 talis
1365 3668 1539 3739 qualis
1569 3667 1859 3737 videbitur,

260 3766 351 3812 aut
376 3758 553 3828 qualis
576 3759 642 3814 ab
671 3759 852 3829 impiis
879 3768 1121 3831 negatur,
1155 3759 1440 3815 Dominum
1472 3760 1749 3816 conﬁteri?
1775 3761 1863 3817 Nil

262 3864 355 3906 vos
401 3852 648 3906 retrahat
691 3867 718 3907 a
765 3853 939 3908 salute
987 3869 1001 3906 :
1051 3853 1325 3909 velocibus
1374 3853 1441 3909 ad
1499 3855 1639 3910 viam
1689 3855 1863 3912 redite

263 3947 527 4017 vestigiis.
562 3946 765 4017 Lapsus
808 3957 1050 4003 ruentem
1090 3963 1197 4002 non
1238 3957 1457 4016 gravat,
1509 3950 1552 4002 si
1597 3957 1864 4018 resurgat.

263 4040 437 4113 Larga
481 4051 561 4097 est
592 4042 874 4098 dominica:
906 4042 1148 4098 doctrina
1187 4043 1486 4098 clementiae
1512 4060 1524 4096 :
1552 4044 1705 4097 noxia
1738 4051 1865 4099 sunt

262 4136 471 4192 erroris
501 4136 747 4205 vincula,
778 4136 904 4192 dum
939 4139 1191 4193 retinent.
1227 4138 1352 4192 Odit
1378 4137 1584 4207 justitia
1627 4138 1865 4208 pertina-

266 4231 404 4294 ces,‘
444 4227 592 4286 fovet
650 4229 937 4286 clementia
991 4230 1344 4300 corrigentes.
1411 4229 1537 4284 Data
1588 4246 1646 4285 ttt
1697 4243 1866 4286 nonas

269 4321 490 4392 Aprilis,
523 4322 751 4393 Agapito
781 4323 843 4377 V.
869 4323 930 4379 C.
959 4325 1182 4380 consule
1211 4315 1374 4394 (anno
1403 4323 1613 4378 Domini
1638 4325 1790 4393 517).

813 4419 1146 4477 EPISTOLA
1189 4420 1330 4478 Χιν.

271 4526 337 4567 ΑΙ)
369 4523 651 4566 εριεεοροε
689 4525 1015 4567 OBIENTALES
1045 4528 1392 4568 ORTIIODOXOS
1425 4529 1600 4567 EADEDI
1632 4526 1868 4568 SECIINDA

741 4617 1031 4657 LEGATIONE
1067 4619 1270 4657 TRANSM
1280 4617 1384 4658 ISSA
1395 4644 1408 4657 .

1965 3387 2159 3442 messis
2190 3395 2456 3456 assurgat.
2489 3384 2706 3453 Quanto
2728 3393 2812 3440 est
2841 3385 3004 3455 igitur
3047 3383 3234 3440 labore
3275 3395 3565 3454 procurans

1965 3478 2114 3545 dum,
2161 3486 2218 3532 ut
2260 3477 2499 3534 cmlestia
2531 3477 2670 3533 dona
2703 3493 2808 3532 non
2843 3475 3104 3548 pereant?
3129 3475 3319 3542 Quieta
3349 3480 3433 3530 est
3469 3486 3567 3529 ne-

1967 3571 2280 3640 gligentium
2324 3570 2456 3638 vita,
2494 3571 2588 3626 sed
2634 3585 2743 3625 non
2778 3570 2891 3625 voti
2929 3569 3186 3639 opulenta
3217 3566 3518 3624 substantia
3549 3581 3570 3621 :

1966 3665 2170 3736 Dignus
2212 3674 2286 3720 est
2317 3664 2624 3735 aperarius,
2672 3672 2729 3717 ut
2783 3665 3014 3734 fructum
3057 3661 3305 3716 mercedis
3351 3658 3571 3729 accipiat

1969 3757 2119 3830 (Luc.
2157 3760 2239 3826 x).
2271 3757 2567 3812 lndiscrete
2585 3756 2784 3826 passim
2807 3758 2980 3826 pietas
3006 3771 3130 3810 cum
3159 3755 3433 3824 impietate
3460 3753 3575 3806 lan-

1966 3861 2276 3922 guesceret,
2311 3851 2355 3904 si
2394 3851 2721 3907 examinatio
2745 3849 2916 3906 bonos
2943 3864 2974 3904 a
2998 3849 3155 3904 malis
3178 3847 3419 3903 divisura
3445 3859 3572 3902 ces-

1966 3952 2135 3999 saret.
2194 3943 2417 3998 Gratum
2471 3943 2760 3998 admodum
2815 3941 3182 4013 spectaculum
3239 3940 3467 3996 Domino
3513 3940 3576 3998 in

1967 4053 2138 4109 agone
2159 4038 2422 4107 iustorum
2451 4057 2462 4092 :
2497 4053 2596 4093 nec
2617 4037 2909 4108 quidquam
2935 4037 3008 4092 ita
3033 4050 3320 4105 supernam
3346 4033 3578 4105 gratiam

1969 4132 2224 4188 conciliat
2254 4131 2490 4199 homini,
2517 4134 2654 4187 sicut
2681 4130 3032 4187 adversorum
3053 4129 3283 4200 impetus
3307 4128 3578 4199 patienter

1971 4223 2354 4294 excepti.Quis
2379 4224 2578 4280 milites
2609 4224 2708 4279 sub
2738 4225 2884 4293 pacis
2915 4223 3205 4279 securitate
3225 4221 3450 4276 miretur
3471 4214 3581 4291 (a)?

1970 4317 2088 4373 Non
2116 4328 2199 4373 est
2227 4319 2451 4374 arduum
2486 4320 2540 4373 in
2571 4319 2716 4373 sicco
2746 4331 2938 4374 secura
2972 4313 3172 4371 lixisse'
3193 4314 3446 4384 vestigia;
3477 4326 3583 4369 nec

1972 4423 2145 4468 artem
2205 4395 2602 4482 gubernatoris
2634 4411 2870 4466 ostendit
2931 4411 3137 4464 marina
3191 4407 3583 4480 tranquillitas.

1973 4513 2112 4568 Satis
2141 4523 2222 4569 est
2265 4513 2589 4583 intrepidum
2638 4512 2779 4566 inter
2809 4511 2946 4566 bella
2977 4510 3300 4581 procedere,
3336 4510 3478 4565 inter
3508 4507 3584 4566 lu-

1975 4604 2127 4661 brica
2155 4621 2260 4660 non
2291 4605 2503 4671 labare,
2535 4603 2726 4659 lluctus
2771 4603 2825 4658 in
2854 4610 3173 4673 tempestate
3205 4610 3584 4659 contemnere.

271 4696 481 4752 Laudat
521 4711 696 4748 eorum
742 4695 792 4749 in
823 4695 928 4764 ﬁde
972 4697 1347 4765 constantiam,
1376 4709 1422 4752 et
1448 4698 1515 4751 ad
1535 4713 1710 4768 pacem
1750 4713 1873 4751 con-
1904 4692 1955 4754 D
1982 4699 2216 4763 Saeviat,
2266 4707 2319 4753 et
2346 4706 2525 4754 motus
2565 4710 2694 4751 suos
2729 4704 2982 4752 exerceat
3032 4695 3299 4750 mundana
3331 4693 3584 4763 tentatio,

349 4790 629 4844 riliandam
659 4807 689 4841 a
721 4806 773 4844 se
804 4792 995 4862 legatos
1032 4791 1199 4845 denuo
1229 4791 1727 4862 Constantinopolim
1761 4792 1884 4845 mis-

345 4904 428 4940 sos
459 4903 567 4940 esse
593 4887 785 4940 scribit.

349 4977 636 5032 llormisda
667 4979 937 5048 episcopis
966 4977 1300 5035 orthodoxis.

351 5070 446 5125 Est
475 5071 689 5140 quidem
723 5071 960 5126 ﬁdelium
993 5072 1229 5142 speciale
1259 5072 1510 5128 solatium
1559 5072 1696 5127 Deus
1717 5113 1730 5137 ,
1778 5087 1878 5128 nec

269 5165 684 5234 unquam'inter
717 5165 968 5235 quaelibet
991 5165 1124 5219 dura
1148 5164 1404 5220 deliciunt
1421 5208 1433 5230 ,
1456 5166 1544 5236 qui
1570 5180 1628 5220 se
1652 5167 1718 5219 ad
1751 5181 1874 5221 eum

270 5269 394 5312 toto
445 5259 644 5314 mentis
699 5259 878 5315 studio
931 5262 1292 5315 contulerunt.
1340 5260 1724 5317 Verumtamen
1775 5262 1876 5317 hoc

268 5360 459 5403 votum
497 5353 776 5421 proposito
811 5364 990 5408 vestro
1031 5353 1228 5408 debere
1261 5370 1346 5408 me
1397 5353 1586 5421 fateor,
1634 5363 1691 5408 ut
1740 5355 1878 5409 sicut

265 5443 490 5498 exsulto
529 5445 596 5518 de
640 5445 949 5500 sinceritate
995 5445 1116 5501 ﬁdei
1163 5455 1387 5510 vestrae,
1419 5447 1488 5500 ita
1530 5446 1595 5500 de
1626 5447 1876 5502 [inusitate

267 5552 490 5591 rnerear
512 5536 748 5606 gaudere
772 5538 1108 5593 constantiae.
1131 5537 1281 5593 Unde
1305 5549 1357 5593 et
1377 5548 1594 5607 aspectu
1619 5539 1875 5595 interiore

262 5645 374 5684 vos
428 5629 673 5696 intuens,
718 5629 784 5684 ad
825 5630 1150 5684 desiderium
1201 5631 1539 5699 colloquendi
1596 5629 1871 5684 vobiscum

267 5731 559 5791 promptus
609 5737 866 5792 assurgo,
929 5733 987 5778 ut
1034 5733 1084 5778 et
1132 5723 1472 5778 dilectionem
1512 5723 1651 5777 circa
1703 5722 1870 5777 Deum

266 5827 514 5872 vestram
545 5817 808 5872 litterario
831 5833 1084 5891 sermone
1115 5827 1442 5882 remuneret,
1477 5827 1527 5872 et
1553 5833 1700 5886 spem
1726 5819 1871 5887 pagi-

1987 4792 2111 4846 dum
2135 4790 2407 4846 manifesti
2426 4799 2720 4860 appareant
2735 4789 2825 4859 qui
2845 4788 3160 4859 probantur.
3176 4787 3304 4842 Haec
3325 4788 3582 4852 scientes,

1987 4883 2248 4939 carissimi
2281 4885 2504 4950 fratres,
2537 4882 2658 4938 lidei
2693 4893 2885 4938 vestrze
2915 4891 3096 4938 tenete
3125 4881 3502 4944 constantiam,
3528 4888 3584 4937 et

1986 4977 2102 5046 ipsa
2137 4975 2332 5043 etiam,
2375 4977 2419 5030 si
2451 4975 2758 5046 inciderint,
2810 4974 3092 5030 militantia
3136 4975 3344 5030 meritis
3388 4974 3584 5028 vestris

1985 5077 2163 5122 amate
2195 5067 2457 5138 pericula.
2506 5067 2836 5122 Annuntiate
2863 5083 2982 5137 qua:
3033 5066 3241 5132 Colitis,
3289 5074 3342 5121 et
3368 5061 3585 5136 partici-

1985 5172 2110 5233 pate
2147 5162 2307 5217 etiam
2334 5177 2429 5230 per
2461 5163 2767 5216 universum
2793 5162 2980 5216 orbem
3003 5159 3250 5216 mandata
3274 5156 3582 5228 evangelica

1982 5272 2102 5326 quae
2135 5254 2328 5310 tenetis
2361 5272 2372 5306 :
2401 5269 2559 5322 supra
2601 5253 2866 5324 stipendia
2915 5262 3123 5318 vestra,
3155 5250 3416 5306 correctio
3447 5260 3582 5315 quo-

1983 5365 2087 5420 que
2121 5349 2271 5403 vobis
2317 5349 2621 5404 ascribatur
2665 5348 2839 5403 aliena
2875 5367 2885 5399 :
2924 5349 3060 5402 inter
3091 5356 3406 5400 caeterorum
3448 5356 3580 5395 enu-

1983 5443 2375 5508 merationem,
2435 5441 2630 5512 quibus
2687 5442 2787 5496 sibi
2841 5441 3075 5495 divinam
3121 5437 3346 5507 gratiam
3389 5435 3581 5503 plenus

1983 5538 2174 5606 Spiritu
2203 5535 2298 5591 Dei
2322 5537 2581 5606 pt0plteta
2620 5534 2874 5591 conciliat
2901 5531 3074 5602 (Psal.
3107 5530 3180 5596 ι),
3210 5530 3344 5582 inter
3374 5543 3436 5582 ea
3463 5527 3581 5598 qui-

1986 5633 2085 5684 bus
2108 5627 2530 5684 misericordiam
2553 5667 2568 5692 ,
2594 5642 2695 5696 qua
2723 5631 3091 5688 conservetur,
3117 5631 3310 5678 exorat
3343 5639 3356 5676 :
3382 5621 3581 5676 docere

1981 5735 2041 5775 se
2075 5721 2288 5790 iniquos
2321 5720 2434 5773 vias
2463 5718 2710 5779 Domini,
2737 5725 2785 5770 et
2819 5717 3230 5770 conversionem
3256 5730 3350 5785 per
3376 5730 3432 5768 se
3462 5713 3578 5769 ﬁeri

1983 5813 2235 5882 przedicat
2286 5810 2592 5881 impiorum.
2653 5809 2796 5863 Ueati
2847 5808 3042 5876 quibus
3097 5811 3204 5864 vita
3264 5808 3581 5864 innocenter

353 5931 435 6004 (α)
466 5931 609 5990 Εάιι.
635 5931 792 5990 Rom.
827 5932 984 5990 habet
1009 5950 1021 5988 :
1053 5931 1177 5998 Quis
1207 5931 1348 5988 utiles
1371 5933 1460 5987 sub
1499 5930 1639 6004 pacis
1667 5929 1935 5985 securitate
1963 5936 2188 5981 meretur
