3974 6366
1484 377 1839 440 ΕΡΙΒΤΟΙΑΕ
1882 379 1972 442 ET
2010 381 2354 446 DECRETA.

3459 399 3568 461 £06

257 498 328 542 ne
353 483 496 543 forte
521 498 667 546 esset
695 491 839 561 quod
868 491 934 548 ad
967 492 1369 551 instructionem
1402 499 1665 553 mandatae
1705 500 1859 554 vobis
1885 501 1947 565 Α,
1965 512 2015 557 et
2050 502 2466 573 predecessoris
2493 505 2572 564 sui
2597 504 2795 568 bonum
2815 512 3125 586 exemplum
3143 528 3397 588 sequens,
3423 535 3558 580 con-

259 576 546 646 legationis
569 581 811 653 adjicere
831 585 1152 642 deberemus
1179 605 1192 641 :
1225 587 1364 657 quod
1397 597 1449 642 ct
1473 591 1858 647 rationabiliter

257 671 458 727 factum
492 678 607 741 ipsa
629 690 720 732 res
747 677 1028 733 evidenter
1053 682 1306 736 ostendit.
1341 682 1542 738 Obtulit
1583 684 1724 738 enim
1758 700 1857 739 no-

255 763 338 821 bis
382 767 673 835 epistolam
717 768 940 826 Joannis
971 774 1206 844 episcttpi
1253 775 1355 842 sui,
1396 783 1452 830 et
1480 776 1636 830 aliam
1666 776 1857 850 synodi

255 860 359 918 sibi
387 861 722 932 subiacentis
757 865 1012 920 Ecclesizn
1048 867 1456 935 NICOpttiilatta‘,
1486 886 1585 940 qua
1614 886 1853 940 querun-

259 964 346 1009 tur
374 957 445 1009 ab
492 958 749 1028 episeopo
782 959 1248 1016 Thessalonicensi
1281 963 1538 1017 excitatas
1567 963 1851 1018 adversum

254 1063 314 1104 se
343 1061 452 1104 tam
479 1051 807 1120 principales
849 1069 1006 1123 quam
1028 1055 1338 1123 judiciarias
1367 1066 1657 1126 potcsmtes
1683 1075 1695 1111 :
1720 1074 1854 1112 con-

252 1141 600 1200 ettssittnibus
632 1145 1012 1214 et'dispcmliis
1056 1162 1114 1202 se
1145 1144 1493 1204 vc'ltettten-tet‘
1522 1148 1683 1220 afﬂigi
1733 1166 1854 1219 pro-

251 1242 372 1304 pter
401 1234 528 1300 hoc,
559 1237 682 1306 quia
714 1221 781 1293 de
813 1238 1152 1296 ordinatione
1187 1255 1283 1296 sua
1318 1242 1380 1296 ad
1413 1258 1459 1308 e;
1483 1241 1724 1312 iseopum
1767 1260 1852 1300 re-

253 1325 511 1382 lationem
541 1330 835 1385 secundum
869 1333 1038 1402 prisca
1067 1335 1308 1404 exempla
1346 1353 1448 1391 non
1488 1337 1711 1392 miserit.
1746 1337 1852 1393 Pro

254 1431 360 1486 qua
386 1433 551 1473 causa
581 1434 954 1488 Speravernut,
989 1435 1041 1478 ut
1071 1426 1138 1480 de
1171 1429 1406 1482 rentedio
1434 1429 1669 1499 cogitare
1697 1431 1851 1487 debe-

254 1524 462 1571 remus.
494 1513 836 1568 consulentes
865 1517 1026 1570 etiam
1060 1534 1176 1584 nos,
1208 1530 1262 1573 ut
1296 1521 1546 1577 daremus
1577 1521 1656 1577 eis
1689 1522 1850 1579 lieen-

254 1599 383 1654 ti.=m
412 1602 728 1660 rel‘ttionem
757 1605 820 1661 ad
845 1607 1176 1677 designatum
1206 1615 1333 1681 epist
1353 1629 1512 1681 opum
1546 1616 1846 1672 secundum

251 1695 697 1750 consuemdinem
724 1697 1045 1755 destinandi.
1079 1700 1228 1758 Unde
1270 1707 1714 1775 ιτιιςιίινίιιιιιειοι
1735 1711 1848 1777 epi-

250 1799 476 1855 sc0pum
505 1790 721 1856 quidem
751 1792 1177 1864 Nicopolitanum
1213 1799 1608 1869 admonuimus,
1642 1820 1709 1860 ne
1739 1805 1846 1862 tale

1967 597 2239 655 demnatis
2270 599 2543 660 hmreticis
2569 604 2654 660 vel
2678 609 3163 680 transgressoribus
3189 611 3254 666 ad
3285 611 3486 669 sedem’
3500 617 3560 674 Β.

1965 688 2112 746 Petri
2163 695 2371 758 apostol
2438 693 2605 761 misit,
2649 706 2705 752 et
2752 711 3034 771 susceptus
3085 711 3172 759 est
3209 721 3223 758 :
3263 704 3384 762 huic
3413 724 3558 771 nunc

1963 778 2468 840 Thessalonicensis
2495 789 2782 859 episcopus
2813 791 3116 863 insidiatur,
3132 805 3188 852 et
3212 813 3332 853 eum
3359 815 3556 859 concu-

1962 873 2059 940 tit;
2095 877 2364 930 contraria
2414 877 2498 932 his
2541 895 2662 950 qua:
2711 882 2840 940 fecit
2877 886 2944 940 ab
2981 903 3048 943 eo
3082 891 3296 959 exigere
3341 895 3550 951 volens.

1967 962 2102 1018 llinc
2133 978 2288 1036 pater
2320 979 2518 1039 vester,
2551 981 2605 1028 ct
2627 988 2815 1032 omnes
2838 977 3122 1035 orthodoxi
3150 994 3336 1053 rogant
3364 997 3418 1040 ut
3439 986 3553 1056 jus~

1962 1056 2206 1112 sionibus
2237 1062 2431 1118 vestris
2457 1078 2796 1124 removeatur
2822 1070 2891 1125 ab
2916 1086 2982 1126 co
3012 1071 3112 1128 ista
3157 1076 3431 1142 molestia;
3485 1095 3552 1132 ne

1961 1149 2208 1207 videatur
2240 1154 2548 1213 hominibus
2576 1171 2796 1230 propter
2817 1163 2918 1219 hoc
2941 1163 3092 1221 illum
3120 1171 3551 1236 persecutionem

1960 1241 2095 1312 pati,
2127 1245 2250 1316 quia
2280 1248 2346 1302 ad
2374 1252 2809 1310 communionem
2838 1256 2982 1312 sedis
3014 1261 3320 1329 apostolicae
3351 1263 3501 1316 rediit
3533 1279 3547 1328 ;

1959 1343 2015 1387 et
2042 1335 2131 1404 qui
2161 1341 2478 1409 exspectant
2509 1359 2600 1410 per
2628 1359 2721 1400 vos
2764 1349 3022 1404 unitatem
3057 1351 3201 1418 lieri,
3249 1350 3389 1406 a'iud
3421 1354 3552 1407 ioci-

1959 1427 2108 1496 piant
2136 1434 2382 1498 credere,
2414 1435 2458 1489 si
2484 1435 2733 1505 pietatem
2767 1452 2996 1496 vestram
3039 1444 3272 1499 viderint
3319 1445 3417 1498 hoe.
3448 1447 3550 1502 dis-

1957 1523 2233 1591 simulare,
2270 1526 2370 1582 hoc
2407 1532 2738 1602 negligenter
2764 1536 3028 1610 accipere.
3070 1538 3252 1593 Visum
3285 1551 3365 1596 est
3394 1542 3547 1596 nobis

1955 1616 2237 1684 expedire,
2289 1629 2338 1673 ut
2389 1623 2591 1678 litteras
2637 1644 2770 1696 quas
2811 1631 2875 1683 ad
2909 1621 3442 1688 Tltessainniceuscm
3495 1635 3546 1690 in

1957 1724 2118 1764 causa
2168 1712 2536 1783 Nicttpnlitnna
2572 1720 2884 1787 direximus,
2932 1724 3176 1794 quolibet
3204 1726 3392 1780 ordine
3425 1743 3547 1796 pru-

1954 1799 2136 1856 dentia
2170 1816 2342 1858 veStrn
2389 1808 2617 1864 diversis
2667 1811 2718 1866 in
2763 1811 2895 1868 locis
2938 1814 3097 1870 faciat
3127 1817 3408 1886 publicari,
3444 1835 3545 1872 ma-

244 1879 450 1952 aliquid
477 1885 678 1940 audere
704 1896 953 1955 tenttrct,
985 1890 1026 1943 si
1056 1891 1330 1947 nobiseum
1361 1895 1485 1948 velit
1518 1895 1568 1950 in
1603 1912 1834 1954 commu-

1951 1908 2186 1964 gnnpcre
2235 1906 2411 1955 tamen
2462 1903 2511 1956 in
2543 1904 2758 1962 civitate
2801 1907 3387 1976 'l'ltes~alonicensimn,
3422 1913 3544 1981 quia

243 1975 409 2030 nione
430 1977 749 2051 persistere;
777 1995 843 2035 ne
869 1997 965 2050 per
994 1982 1164 2050 illum,
1189 1987 1230 2040 si
1260 1987 1412 2041 abeo
1431 1989 1518 2058 qui
1549 2005 1579 2044 a
1602 2004 1840 2046 commu-

243 2068 411 2126 nione
441 2080 629 2127 neSIra
672 2073 876 2128 alienus
917 2085 1040 2140 est,
1069 2080 1534 2138 conﬁrmationem
1576 2085 1839 2154 petiisset,

241 2171 431 2218 nostra
459 2179 676 2236 quoque
706 2169 1014 2225 communio
1034 2174 1338 2244 contagium
1373 2179 1685 2235 sustineret.
1719 2181 1843 2238 ":r'c

240 2269 360 2320 vos,
396 2266 456 2310 ut
476 2259 658 2314 omnia
687 2261 920 2327 sciretis,
945 2263 1318 2324 instruximus.
1353 2272 1488 2338 Quid
1517 2283 1693 2328 autem
1720 2289 1844 2343 pro-

242 2348 376 2416 pitio
408 2347 521 2404 Deo
544 2353 699 2407 tvobis
726 2353 792 2408 de
835 2354 934 2410 hac
962 2358 1036 2428 (α)
1063 2363 1326 2428 agendum
1355 2364 1442 2427 sit,
1474 2366 1715 2436 subjecta
1742 2369 1840 2422 de-

240 2439 474 2498 claram.
510 2444 640 2500 Data
669 2446 843 2518 pridie
877 2449 994 2506 idus
1021 2455 1238 2520 Aprilis,
1273 2456 1499 2530 Λεξιρίιο
1523 2461 1764 2520 consule.

770 2539 1097 2598 EPISTULA
1126 2545 1309 2602 XVIII.

751 2643 756 2650 “
883 2630 949 2669 AD
975 2628 1202 2673 EOSDEN.

241 2695 384 2764 Quid
409 2700 464 2754 in
489 2717 650 2759 causa
676 2702 1045 2778 Nicopolitana
1073 2723 1188 2763 cum
1216 2711 1656 2773 Tltessafonicensi
1679 2734 1836 2790 agen-

767 2801 891 2855 dum
921 2805 985 2857 sit
1009 2808 1308 2873 praescribit.

313 2885 600 2946 llormisda
635 2890 883 2948 Ennadio
912 2905 966 2951 et
995 2895 1284 2968 Peregrino
1310 2901 1600 2973 episcOpis.

292 2978 366 3034 "in
402 2984 624 3038 nomine
649 2983 845 3052 Patris,
867 2998 921 3042 et
946 2987 1086 3057 Filii,
1119 2999 1175 3047 et
1201 2993 1434 3064 Spiritus
1456 2999 1646 3066 sancti,
1674 3001 1841 3055 inter-

232 3073 556 3132 cedentibus
587 3087 641 3133 et
671 3079 1051 3149 adjuvantibus
1085 3089 1456 3160 sanctis,_quid
1487 3094 1751 3163 agendum
1769 3095 1840 3150 sit

231 3166 304 3222 de
330 3182 497 3222 causa
528 3168 916 3241 Neapolitana:
960 3176 1238 3234 Ecclesim.
1273 3182 1510 3238 Primum
1543 3186 1630 3239 ubi
1670 3186 1839 3242 Thes-

1951 1988 2053 2046 ltoc
2083 1990 2244 2057 facto,
2277 2004 2330 2048 et
2353 2012 2379 2051 τι
2409 2002 2782 2065 persecutione
2808 2014 3119 2061 nostrorum
3155 2019 3328 2079 potest
3358 2025 3542 2064 cessa-

1946 2073 2019 2150 ri,
2050 2095 2104 2139 et
2129 2087 2194 2140 ad
2228 2087 2412 2155 ipsius,
2439 2089 2484 2144 si
2515 2108 2572 2146 se
2599 2098 2920 2164 correxerit,
2953 2099 3224 2158 credimus
3261 2102 3530 2170 pertinere

1944 2176 2194 2232 salutem.

2493 2255 2825 2315 EPISTOLA
2855 2260 2995 2318 XIX.

2369 2362 2436 2400 ΔΙ)
2463 2364 2790 2407 ANASTASICI
2819 2368 3120 2410 Αυῦυετιηι.

2159 2433 2414 2490 Joannem
2463 2438 2886 2510 Nicopolitimum
2917 2445 2964 2499 ei
2987 2449 3325 2506 commendat.

2021 2525 2304 2582 Homiisda
2346 2532 2632 2588 Anastasio
2687 2533 2946 2606 Augusto,
2994 2536 3090 2607 per
3139 2541 3436 2599 Ennodium
3485 2552 3538 2603 et

1947 2615 2298 2686 Peregrinum
2331 2623 2631 2692 episcopos.

2020 2707 2155 2764 Dum
2191 2713 2465 2779 sapientia:
2496 2727 2708 2780 vestrae,
2753 2721 3175 2793 clementissime
3217 2723 3535 2796 imperator,

1944 2801 2209 2870 pro-frmda
2233 2803 2537 2867 considero.
2563 2809 2909 2877 providentes
2926 2814 3082 2870 saluti
3107 2818 3359 2885 propria,
3383 2818 3536 2876 vobis

1945 2890 2236 2962 displicere
2266 2911 2368 2949 non
2412 2901 2642 2954 tl‘Slitltt).
2694 2900 2877 2970 Neque
2911 2905 3054 2958 enim
3084 2917 3174 2960 aut
3211 2908 3390 2964 divina
3423 2925 3538 2966 mo-

1943 2984 2078 3052 nita,
2101 2997 2194 3040 aut
2216 2985 2446 3042 ltunt'arta
2472 2991 2749 3046 continent
2793 2994 3061 3062 instituto,
3099 3005 3157 3052 ut
3181 2999 3270 3068 qui
3302 3001 3536 3058 consulit

1942 3076 2098 3132 bonae
2128 3079 2266 3148 spei,
2300 3082 2537 3150 qualibet
2581 3084 2773 3140 debeat
2818 3087 3244 3157 reprehensione
3287 3093 3532 3162 culpari:

1942 3185 2062 3225 cum
2094 3173 2325 3228 maxime
2357 3175 2524 3243 pietas
2554 3194 2768 3250 quoque
2794 3191 2968 3236 vestra
3001 3183 3194 3238 affectu
3226 3200 3286 3240 se
3319 3185 3535 3243 unitatis

232 3261 558 3330 salenicam,
592 3263 702 3321 Deo
728 3267 972 3336 juvante,
1010 3274 1283 3338 veneritis,
1311 3277 1565 3344 epistolas
1596 3267 1827 3349 nostras,
1857 3274 1906 3340 ο
1941 3273 1996 3318 ei
2045 3266 2190 3332 Ρίδοίδ
2221 3266 2447 3336 Πῧετίπθ
2483 3269 2733 3324 [amatur-
2774 3274 2905 3338 0⁸³³⁵
2951 3289 3036 3328 res
3069 3290 3154 3329 me
3195 3292 3416 3357 ιιιιυίιιιε,
3445 3276 3534 3333 Vel

231 3355 453 3420 quas'in
485 3355 586 3412 huc
605 3372 767 3414 eausa
797 3362 1063 3430 misimus,
1091 3364 1344 3436 episeopo
1361 3367 1832 3430 TlteSsalonicensi

232 3445 450 3514 tradite,
507 3449 654 3505 illum
699 3454 915 3522 quidem
961 3457 1204 3514 ordinem
1257 3463 1309 3516 in
1349 3461 1464 3533 ejus
1511 3465 1831 3523 salutatione

229 3551 538 3610 servantes,
573 3559 732 3614 quem
777 3549 925 3604 scitis
956 3565 986 3603 a
1018 3553 1170 3608 nobis
1198 3569 1318 3610 esse
1353 3558 1657 3614 mandatum
1686 3562 1828 3618 circa

229 3649 324 3690 eos
350 3639 443 3707 qui
476 3653 600 3693 cum
624 3640 754 3697 sede
790 3645 1106 3712 apostolica,
1134 3648 1233 3704 hoc
1264 3661 1340 3705 est
1377 3651 1616 3710 Ecclesia
1646 3657 1831 3712 catho-

229 3725 330 3784 lica
359 3746 472 3786 non
505 3735 926 3792 communicant.
968 3739 1204 3796 Traditls
1230 3754 1409 3798 autem
1439 3747 1700 3815 epistolis,
1748 3751 1830 3805 in-

229 3831 441 3878 stanter
472 3840 636 3895 agere
662 3826 872 3884 debetis
898 3841 955 3885 ut
981 3847 1038 3887 se
1065 3837 1132 3887 ab
1169 3836 1286 3902 ejus
1314 3837 1570 3894 Ecclesize
1601 3856 1829 3898 concus-

227 3914 380 3971 sione
409 3919 712 3986 suspendat
743 3937 758 3974 :
792 3922 1052 3979 rationem
1102 3918 1410 3995 redde‘utes,
1443 3933 1563 3999 quia
1599 3949 1702 3987 non
1731 3950 1829 4004 po-

229 4007 328 4060 tuit
351 4024 614 4066 reversus
639 4014 704 4068 ad
729 4017 1162 4076 communionem
1187 4006 1236 4076 et
1261 4023 1326 4077 ad
1350 4040 1544 4094 corpus
1573 4027 1827 4086 Ecclesia

227 4113 346 4154 cum
376 4101 491 4157 illis
524 4104 614 4174 qui
638 4106 866 4161 necdum
900 4113 1104 4167 reversi
1139 4121 1265 4167 sunt
1306 4117 1592 4190 quidqutm
1626 4119 1826 4177 habere

227 4197 608 4263 coniunctum,
639 4215 736 4256 nos
764 4217 873 4258 non
907 4193 1172 4261 solveres
1206 4211 1691 4278 prmdeccssoribus
1723 4234 1824 4274 no-

222 4285 352 4340 stris
370 4302 635 4344 concessa
667 4293 966 4365 priviiegia,
995 4297 1040 4352 si
1062 4298 1174 4368 ipse
1197 4303 1559 4360 ecclesias'ica
1581 4307 1824 4374 instituta

222 4390 332 4432 non
357 4380 601 4436 deserat.
635 4382 792 4441 Certe
831 4388 1016 4443 redeat
1053 4392 1120 4445 ad
1164 4395 1445 4463 unitatem,
1492 4407 1546 4452 et
1580 4415 1676 4454 nos
1703 4418 1822 4458 cum

221 4482 291 4522 eo
322 4471 663 4549 insistemus,
687 4486 742 4529 ut
763 4479 940 4534 omnia
974 4481 1247 4553 privilegia
1279 4502 1610 4560 quascunque
1634 4508 1826 4550 consc-

221 4571 348 4614 euta
399 4573 489 4618 est
525 4577 555 4617 ι
595 4569 727 4621 sede
771 4571 1063 4634 apostolica
1116 4574 1353 4631 Ecclesia
1393 4579 1535 4648 ejus.
1571 4581 1820 4639 inviolata

1940 3370 2040 3424 pro
2071 3357 2262 3413 fiducia
2296 3363 2641 3417 conscientias
2667 3375 2880 3433 veStrat,
2909 3369 2992 3423 vel
3024 3386 3118 3438 pro
3148 3372 3366 3426 credita:
3396 3387 3531 3442 quo-

1938 3465 2041 3520 que
2071 3452 2202 3508 mihi
2233 3453 2650 3523 dispensationis
2679 3460 2884 3528 oftieio,
2918 3475 3229 3534 emergente
3269 3469 3532 3537 compulit

1938 3560 2047 3604 non
2073 3538 2427 3618 supersedere
2459 3553 2689 3622 negotio.
2720 3554 2955 3612 Joannes
2985 3557 3151 3615 frater
3179 3571 3231 3615 et
3253 3561 3532 3632 coepisco-

1939 3657 2038 3712 pus
2064 3658 2214 3700 meus
2235 3644 2621 3717 Nieopolitana:
2643 3650 2872 3707 cititatis
2894 3655 3138 3718 antistes,
3168 3657 3532 3726 pra-decesso-

1937 3735 2011 3789 ris-
2039 3737 2124 3792 sui
2155 3748 2354 3817 sancta:
2374 3743 2763 3798 recordationis
2787 3748 3069 3817 Afcysonis
3099 3761 3316 3805 secutus
3341 3766 3528 3807 exem-

1935 3825 2107 3896 plum,
2129 3828 2271 3884 beati
2291 3811 2436 3887 Petri
2467 3837 2692 3903 apostoli
2718 3839 3152 3896 communionem
3175 3858 3295 3897 cum
3319 3845 3529 3916 synodo

1936 3936 2054 3986 sua,
2084 3923 2354 3981 damnatis
2385 3926 2470 3980 his
2491 3943 2626 3997 quos
2667 3929 2907 3987 Ecclesia
2930 3932 3246 4000 detestatur,
3279 3937 3525 4004 expetiit.

1935 4011 1986 4068 is
2008 4031 2149 4072 nunc
2180 4019 2430 4086 gravibus
2454 4021 2706 4092 fatigatur
2732 4025 2963 4082 insidiis.
2986 4027 3187 4085 Precor
3217 4040 3526 4088 mansuetu-

1934 4103 2115 4162 dinem
2140 4120 2394 4178 vestram,
2426 4113 2603 4184 iniqua
2631 4117 2976 4175 molientibus
3005 4121 3244 4192 obviate,
3273 4132 3327 4178 et
3350 4139 3527 4180 remo-

1931 4203 2058 4257 vete
2101 4195 2396 4276 molestias,
2431 4219 2485 4263 et
2506 4192 2804 4267 correctum
2835 4213 3040 4283 fovete,
3073 4217 3182 4282 cui,
3213 4227 3267 4272 ut
3291 4219 3528 4290 corrige-

1934 4304 2104 4360 retur,
2134 4298 2409 4356 debuisset
2439 4303 2632 4360 insisti.
2665 4307 2848 4362 Scient
2876 4310 3020 4364 enim
3053 4312 3145 4381 qui
3173 4311 3525 4384 tardaverint,

1935 4400 1995 4440 se
2019 4402 2140 4442 reos
2174 4387 2406 4454 futuros,
2440 4409 2560 4448 cum
2585 4411 2613 4449 a
2642 4398 2792 4453 vobis
2824 4399 2990 4456 foveri
3031 4401 3262 4458 viderint
3284 4404 3395 4474 jam
3438 4423 3526 4462 re-

1933 4494 2138 4536 versos.
2164 4482 2377 4550 Fateor,
2405 4488 2822 4546 clementis~ime
2848 4492 3164 4564 imperator,
3194 4497 3358 4554 miror
3391 4500 3525 4555 insi-

1933 4569 2196 4626 diantium
2226 4578 2573 4644 pertinaciam
2609 4598 2781 4652 neque
2808 4583 2901 4640 Dei
2931 4601 3108 4657 neque
3128 4597 3308 4654 vestro
3330 4591 3524 4649 intuitu

215 4665 538 4710 serventur.
574 4656 748 4714 Dicite
778 4665 940 4716 etiam
979 4677 1163 4732 aperte
1211 4667 1361 4723 ίιιιιιη
1405 4676 1693 4730 ost-cudere
1723 4676 1825 4732 ξηί-
1851 4673 1907 4737 τι)
1935 4669 2259 4731 permoveri.
2300 4669 2429 4725 Nam
2471 4674 2557 4740 qui
2589 4675 2819 4732 oderunt
2843 4680 2894 4733 in
2924 4678 3144 4739 homine
3173 4684 3406 4740 studium
3432 4686 3500 4744 de

221 4749 428 4804 micum
483 4767 544 4808 se
580 4768 701 4810 esse
741 4755 888 4825 fidei,
929 4759 973 4814 si
1023 4760 1325 4833 insequitur
1372 4785 1508 4838 quos
1540 4771 1732 4828 viderit
1759 4775 1823 4832 ad

216 4848 552 4905 catholicam
613 4856 1047 4912 communionem
1103 4863 1323 4917 reverti.
1375 4864 1526 4932 Quod
1583 4870 1828 4938 poteritis

213 4956 448 4998 causam
482 4945 556 5000 ibi
587 4946 695 5003 Deo
722 4951 954 5020 propitio
983 4968 1331 5027 componere,
1377 4961 1595 5030 scriptis
1623 4963 1690 5018 ad
1715 4968 1828 5034 epi-

213 5029 454 5105 s'c0pum
477 5038 909 5111 Nicopolitanum
937 5047 1149 5114 litteris,
1182 5052 1307 5120 quid
1341 5067 1517 5109 vestra
1545 5073 1828 5126 promove-

213 5129 290 5183 rit
318 5145 491 5198 Opera
520 5134 786 5194 nuntiate.
816 5137 873 5194 Si
901 5155 1032 5195 vero
1062 5143 1367 5200 obstinatus
1409 5148 1585 5221 fuerit,
1619 5167 1718 5209 nec
1756 5151 1824 5210 ab

212 5220 569 5284 insecutione
594 5227 711 5300 ejus
739 5244 956 5288 cessare
987 5236 1250 5303 voluerit,
1283 5243 1577 5298 secundum
1617 5246 1825 5304 litteras

212 5327 360 5384 quas
387 5318 455 5372 ad
481 5320 962 5381 clementissimum
990 5327 1367 5398 imperatorem
1393 5337 1659 5406 misimus,
1684 5342 1824 5410 apud

212 5407 535 5478 principem
584 5427 802 5470 causam
835 5417 1088 5475 Ecclesia:
1119 5421 1503 5494 Nicopo’litanse
1526 5432 1628 5486 .sic
1657 5407 1820 5502 agite,

214 5510 278 5555 ut
300 5503 504 5560 dicatis
530 5522 546 5560 :
577 5507 809 5581 Alcyson
827 5513 1112 5582 episcopus
1139 5516 1538 5587 Nicopohtanus
1561 5525 1822 5582 ss‘isfecit

196 5595 494 5653 Ecclesia:
524 5599 826 5670 catholicte,
863 5617 1143 5678 susceptus
1181 5623 1287 5678 εει,
1317 5625 1370 5668 et
1395 5617 1460 5669 ad
1487 5621 1827 5676 communio-

209 5703 357 5744 nem
390 5689 644 5749 reductus
675 5712 686 5746 :
712 5695 876 5764 huius
900 5700 1180 5756 successor
1206 5704 1444 5760 Joannes
1466 5709 1750 5777 episcenos
1773 5721 1830 5769 et

211 5783 407 5839 venit.
435 5795 560 5840 ante
589 5801 774 5844 οοιιιυε
813 5790 1036 5862 habens,
1066 5805 1119 5850 et
1149 5796 1216 5853 de
1246 5799 1418 5855 salute
1444 5816 1540 5860 sua
1563 5803 1826 5877 cogitans,

301 5894 391 5968 (a)
418 5893 538 5952 Edit
593 5898 746 5956 Rom.
779 5904 943 5971 addit,
982 5924 1154 5965 causa.

1933 4757 2118 4813 siderii
2149 4762 2295 4828 boui,
2325 4766 2463 4833 quod
2488 4766 2553 4821 de
2582 4784 2640 4823 se
2669 4785 2743 4825 tes
2770 4771 2940 4828 imant
2959 4774 3218 4845 judicari,
3240 4776 3502 4851 insequun

1935 4860 2043 4919 tur,
2079 4853 2142 4908 ad
2169 4868 2309 4909 recta
2344 4860 2602 4926 reduces;
2629 4862 2748 4929 jure
2779 4865 3053 4935 culpandi,
3076 4869 3123 4924 si
3155 4885 3262 4926 non
3296 4887 3527 4928 conver~

1937 4944 2103 4999 teriut
2133 4947 2431 5005 deviamcs.
2467 4951 2595 5007 Date
2628 4953 2751 5011 ﬁdei
2783 4968 2976 5015 vestras
3006 4961 3148 5016 clara
3179 4963 3524 5029 documenta.

1935 5035 1981 5090 si
2003 5035 2194 5093 adfore
2223 5043 2432 5095 cunctis
2455 5048 2517 5094 ad
2553 5047 2810 5104 uuitatern
2848 5051 3083 5110 reductis
3107 5063 3162 5110 et
3181 5055 3357 5115 ofﬁtio
3377 5061 3522 5117 omni

1939 5136 1994 5182 et
2022 5127 2394 5187 adhortatione
2426 5136 2692 5202 cogiteti~.

2491 5225 2818 5284 EPlS‘I‘OLA
2845 5230 2963 5287 XX.

2165 5328 2232 5366 AD
2255 5329 2490 5370 JUANSEM
2523 5333 2809 5375 EPISCitPUﬂ
2839 5339 3284 5381 NICOPOLITAWI.

1934 5400 2114 5469 Equo
2139 5405 2334 5484 _urt_in_to
2363 5427 2617 5484 (erumnas
2657 5430 2748 5482 pro
2789 5414 2892 5482 ﬁde
2929 5418 3270 5484 sustinendae,
3314 5427 3362 5472 et
3404 5417 3518 5474 ἰώ*

2000 5477 2340 5613 grumam/es
2381 5477 2751 5552 episcopos-ml
2789 5477 2916 5554 ﬁdei
2946 5489 3194 5542 unitatem
3219 5477 3282 5543 αὖ
3311 5505 3372 5544 eo
3396 5506 3523 5548 con-

2041 5562 2184 5600 rman
2227 5565 2300 5602 os.

2041 5562 2300 5602 rmanaos.

2006 5634 2291 5694 llormisda
2321 5641 2512 5696 Joauni
2539 5644 2790 5712 episcopo
2817 5645 3208 5714 Nicopolitano.

2003 5725 2301 5792 lietneaute
2334 5733 2550 5788 Pulione
2581 5734 2912 5791 subdiacono
2942 5751 3150 5808 nosne,
3195 5743 3404 5802 litteras
3431 5760 3521 5804 ce-

1933 5818 2106 5876 ritatis
2135 5831 2328 5878 vestra».
2359 5825 2714 5891 suscepimus,
2739 5827 2808 5885 de
2827 5831 3132 5892 constantia
3159 5833 3308 5908 ﬁdei,
3335 5852 3424 5898 ve.
3448 5838 3513 5900 de
