3974 6366
422 336 514 405 to't
1766 313 2012 395 nonius

2127 335 2136 390 ἒ
2177 334 2381 391 ΡΑΡΑΞ
3607 340 3718 401 ωε

424 439 744 506 intentione,
768 449 929 509 quam
958 435 1100 492 circa
1137 434 1575 490 communionem
1623 432 1768 489 sedis
1796 443 2011 504 aposto—
2040 435 2089 492 Α
2124 438 2295 485 vestra
2331 428 2672 486 tribulatione
2705 428 2977 497 remediis,
3002 440 3259 501 quantum
3283 432 3334 488 in
3354 433 3573 492 ιιοηιίηε
3590 453 3714 493 esse

424 532 543 591 lica:
565 532 773 606 geritis,
795 529 1130 601 gratulantes
1155 548 1165 582 :
1187 527 1280 584 sed
1305 526 1609 584 contristati
1639 541 1846 592 sumus,
1870 523 2013 596 quod
2120 527 2313 595 potuit,
2347 541 2449 580 non
2473 526 2677 597 quievi.
2708 524 2841 581 Nam
2866 541 2960 595 per
2990 526 3193 595 legatos
3216 527 3280 580 ad
3310 529 3541 586 Orientis
3564 528 3714 602 prin-

424 644 519 683 vos
547 629 753 697 aliquas
774 623 1043 681 sustinere
1065 621 1341 677 molestias
1364 619 1553 692 perhib
1589 619 1676 675 tis.
1711 618 1811 673 Ista
1836 627 2013 674 tamen

422 722 727 776 diuturnam
752 732 859 772 non
894 722 1119 787 possunt
1140 714 1343 769 habere
1374 712 1726 769 substantiam
1745 727 1759 778 ;
1778 710 1901 781 quia
1921 708 2013 765 ubi

423 816 564 872 Dens
594 829 726 885 pure
762 813 977 879 colitur,
1023 813 1124 868 etsi
1155 810 1377 866 adversa
1409 808 1763 880 contigerint,
1798 808 1849 862 in
1891 820 2015 878 pro-

422 925 576 979 spera
601 916 1022 974 commutantur,
1039 905 1334 963 secundum
1353 904 1674 975 Apostolum
1702 902 1971 958 dicentem
1996 917 2011 958 :

424 1006 554 1075 Spes
604 1020 706 1058 non
754 1003 963 1071 decipit-
997 1001 1174 1074 (Rom.
1207 1000 1281 1071 v).
1339 1000 1599 1055 Dubitans
1644 998 2015 1068 apostolorum

422 1098 669 1167 princeps
693 1095 950 1152 incedens
976 1109 1073 1164 per
1100 1092 1321 1164 pelagus
1344 1091 1609 1148 laboravit
1627 1090 1839 1162 (Matth.
1865 1089 1975 1159 stv)
1999 1105 2015 1143 :

423 1207 543 1247 mox
597 1200 775 1245 tamen
819 1189 1069 1244 invocato
1109 1186 1340 1241 Domino
1378 1200 1501 1252 suo,
1534 1193 1776 1255 paratum
1831 1182 2018 1237 habuit

421 1287 512 1356 qui
546 1301 664 1341 eum
698 1296 947 1355 porrecta
978 1299 1137 1338 manu
1170 1297 1277 1337 non
1306 1288 1578 1351 pateretur
1610 1279 1877 1334 sustinere
1901 1276 2017 1332 dis-

422 1381 646 1433 crimen.
673 1376 815 1447 Ergo
837 1385 1116 1431 auctorum
1162 1382 1470 1429 nostrorum
1508 1378 1797 1443 sequentes
1833 1383 2018 1425 exem-

422 1473 533 1540 pla,
564 1480 617 1527 et
642 1470 694 1526 in
722 1470 961 1541 ipsorum
990 1468 1095 1524 ﬁde
1125 1476 1526 1536 permanentes,
1557 1465 1702 1519 illius
1734 1474 2018 1534 poscamus

423 1564 705 1629 auxilium,
734 1562 804 1620 de
829 1577 937 1634 quo
984 1561 1241 1632 scriptum
1268 1569 1351 1615 est
1382 1577 1395 1613 :
1432 1559 1531 1627 Qui
1562 1575 1653 1613 nos
1676 1574 1777 1611 non
1808 1556 2019 1610 dimittit

422 1662 603 1717 tentari
630 1678 792 1733 supra
815 1676 932 1732 qua:
958 1675 1224 1730 possumus
1248 1656 1295 1728 (ι
1328 1655 1446 1712 Cor.
1475 1654 1552 1726 χ).
1588 1653 1751 1724 igitur
1780 1654 2020 1707 salutan-

422 1768 503 1811 tes
520 1756 800 1812 caritatem
830 1765 972 1809 tuam
1002 1753 1279 1807 hortamur
1307 1758 1384 1817 ut,
1410 1745 1859 1819 quemadmodum
1882 1760 2015 1814 prte-

2120 619 2295 687 cipem
2340 617 2660 685 destinatos,
2709 628 2763 675 et
2792 618 3331 676 Thessalonicensem
3378 622 3717 693 episc0putn,

2123 719 2181 764 ut
2208 710 2276 763 ab
2308 709 2649 767 infestatione
2682 720 2854 767 vestra
2885 722 3147 779 cessaret,
3190 713 3479 782 admonui;
3508 726 3562 773 et
3584 730 3725 786 pru-

2120 802 2322 870 rogatis
2380 802 2609 873 pagin's,
2667 812 2723 857 ut
2780 804 3093 874 imperatori
3147 806 3558 877 suppiicaretur,
3620 812 3719 865 ad-

2114 910 2290 965 jﬂﬂXL

2198 989 2321 1045 "th
2345 1000 2600 1062 quantum
2644 990 2708 1046 ad
2752 994 3036 1062 pranentia
3065 1004 3191 1050 sunt
3220 994 3429 1065 provisa
3464 996 3605 1057 :scd
3634 994 3719 1050 ilia

2121 1096 2241 1149 quae
2288 1080 2355 1135 ad
2399 1097 2547 1152 spem
2600 1081 2835 1137 futuram
2868 1084 3160 1155 pertinent,
3208 1085 3323 1141 haec
3372 1096 3496 1141 sunt
3540 1088 3742 1157 potius-

2123 1171 2392 1227 mentibus
2425 1172 2702 1228 intuendi.
2731 1173 2874 1230 Sane
2903 1176 3003 1231 hoc
3037 1193 3122 1233 me
3152 1176 3322 1232 fateor
3353 1178 3515 1233 fuisse
3558 1180 3721 1231 mira-

2126 1276 2256 1331 tum,
2284 1266 2427 1336 quod
2459 1267 2602 1323 inter
2652 1268 3003 1339 allegationes
3049 1254 3415 1342 angustiarum
3450 1272 3721 1341 religiosa:

2124 1359 2425 1430 prudentia:
2464 1369 2657 1416 vestras
2692 1361 2806 1417 haec
2848 1362 3020 1431 potuit
3059 1378 3184 1418 cura
3218 1363 3541 1433 subrepere,
3587 1373 3644 1417 ut
3689 1377 3720 1417 a

2124 1467 2210 1507 me
2240 1452 2342 1508 sub
2367 1454 2751 1511 consolationis
2803 1458 2984 1514 colore
3014 1457 3278 1529 dirigendi
3321 1457 3386 1512 ad
3429 1457 3720 1513 Thessalo-

2125 1546 2398 1601 nicensem
2430 1547 2740 1618 episcopum
2764 1550 2965 1605 solidas
2993 1550 3197 1607 litteras
3227 1550 3438 1606 licentia
3468 1565 3721 1620 poscere«

2126 1649 2231 1694 tur.
2284 1640 2466 1710 Egone
2496 1641 2654 1714 hujus
2700 1643 2774 1699 rei
2803 1653 2987 1699 auctor
3014 1645 3331 1712 existerem,
3362 1660 3519 1713 quam
3548 1646 3593 1698 si
3637 1646 3721 1699 in-

2123 1736 2239 1790 scio
2260 1750 2346 1789 me
2377 1750 2758 1806 cognoscerem
2805 1736 2995 1792 factam
3024 1753 3165 1805 esse,
3213 1738 3529 1807 culparem?
3563 1737 3721 1795 Absit

421 1851 675 1908 diximus.
705 1849 761 1904 in
791 1846 874 1901 bis
897 1861 1017 1917 quae
1048 1845 1185 1901 bene
1214 1843 1467 1899 inchoata
1503 1850 1628 1895 sunt
1656 1851 1972 1910 perseveres
1999 1853 2012 1890 :
2046 1831 2097 1893 B
2123 1831 2223 1886 ista
2256 1832 2599 1902 perversitas.
2630 1833 2823 1889 Audite
2846 1833 3197 1904 apostolicam
3229 1847 3438 1899 vocem,
3470 1832 3565 1887 sed
3599 1846 3721 1902 per-

421 1944 541 2015 qnia
592 1942 679 2013 qui
727 1939 998 2011 perstiterit
1046 1953 1209 2008 usque
1238 1936 1290 1991 in
1334 1934 1509 2006 liuent,
1564 1932 1647 1986 hic
1699 1931 1873 1985 salvus
1918 1929 2016 1984 erit

422 2033 633 2103 (Matth.
666 2032 743 2104 ι).
772 2032 1108 2102 Frequenter
1139 2028 1385 2099 alloquiis
1414 2027 1521 2082 tuis
1543 2035 1782 2081 nostram
1815 2021 2017 2078 sollici-

423 2126 659 2182 tudinem
688 2125 929 2181 relevare
952 2140 1059 2178 non
1081 2122 1320 2177 desinas.
1346 2119 1673 2176 Parmciales
1694 2132 1906 2189 quoque
1931 2132 2018 2173 sa-

423 2220 673 2275 cerdotes
694 2227 814 2274 tuos
835 2217 1165 2287 competenti
1192 2214 1569 2271 adhortatione
1586 2214 1869 2279 conﬁrma,
1890 2211 2017 2283 quia

424 2314 523 2369 ista
558 2312 825 2379 faciendo,
878 2309 1137 2366 talentum
1172 2309 1267 2364 tibi
1297 2307 1564 2364 creditum
1608 2305 1811 2377 poteris
1839 2304 2020 2361 multi-

426 2407 628 2477 plicare
654 2405 913 2477 quotidie.
946 2404 1023 2460 De
1050 2403 1139 2458 illa
1169 2417 1383 2474 quoque
1403 2410 1576 2472 parte,
1607 2416 1766 2472 quam
1797 2400 2018 2457 dilectio

424 2512 513 2555 tua
543 2502 798 2572 postulat,
826 2500 1153 2570 cogitamus,
1187 2506 1246 2553 ut
1275 2498 1340 2553 ad
1372 2499 1753 2568 imperatorem
1775 2497 2047 2575 clemen-.

424 2595 687 2649 tissimum
715 2609 811 2662 pro
839 2591 1211 2662 generalitatis
1242 2589 1422 2661 quiete
1451 2604 1639 2660 preces
1670 2596 1869 2645 nostra:
1897 2603 2017 2659 per-

424 2689 657 2745 veniant.
692 2687 922 2741 Tantum
961 2694 1046 2741 est
1075 2694 1133 2740 ut
1178 2694 1358 2741 votum
1388 2683 1736 2754 studiumque
1775 2692 2017 2739 nostrum

423 2783 677 2853 congruis
705 2780 1043 2836 orationibus
1078 2778 1269 2848 juvare
1298 2794 1405 2833 non
1442 2791 1643 2843 cesses,
1676 2776 1803 2847 quia
1834 2790 1932 2831 nos
1962 2775 2019 2830 in

428 2878 512 2932 Itis
539 2878 648 2932 Deo
674 2886 895 2931 auctore
927 2872 1272 2943 perﬁciendis
1297 2886 1486 2927 vacare
1518 2870 1743 2926 minime
1776 2869 2016 2941 potueri—

425 2988 564 3027 mus.
598 2971 727 3028 Data
759 2985 789 3023 v
832 2982 1001 3026 nonas
1044 2967 1280 3035 Martias,
1312 2966 1539 3037 Agapito
1569 2965 1688 3021 viro
1715 2962 2019 3019 clarissimo

423 3065 641 3121 consule
666 3063 830 3135 (anno
857 3062 1069 3118 Domini
1095 3061 1247 3129 517).

966 3151 1309 3239 ΕΡιδΤοιᾼγ
1330 3150 1473 3239 XXI.

920 3240 987 3278 AD
1017 3239 1234 3278 EUMDEI
1257 3237 1521 3278 'JOANNEH.

498 3315 795 3376 Hormisda‘
822 3315 1016 3372 Joanni
1071 3315 1325 3386 episcopo
1362 3314 1743 3387 Nicopolitauo
1772 3329 1893 3372 cum
1923 3329 2017 3388 sy-

423 3412 585 3469 nodo.

494 3506 837 3574 Optaremus,
889 3498 1221 3557 dilectissimi
1268 3498 1481 3567 fratres,
1522 3500 1590 3556 ab
1632 3499 1881 3557 omnibus
1923 3517 2018 3559 vos

422 3596 797 3652 molestiarum
836 3593 1086 3649 ﬂuctibus
1114 3592 1343 3660 alienos,
1378 3594 1542 3649 vitam
1575 3594 1676 3650 sub
1717 3594 2020 3665 tranquilli-

423 3689 551 3742 tatis
596 3687 889 3745 serenitate
940 3686 1257 3758 transigere,
1307 3697 1362 3743 et
1404 3686 1515 3743 Deo
1558 3697 1766 3757 nostro,
1809 3699 2017 3745 remota

421 3782 813 3840 mundanarum
849 3791 1231 3853 tempestatum
1259 3781 1455 3839 mentis
1486 3781 2010 3853 perturbatione.....

420 3890 741 3935 moverunt:
775 3878 899 3949 quia
937 3893 1059 3949 qua:
1084 3878 1202 3934 ﬁeri
1236 3876 1505 3948 nolumus,
1555 3892 1781 3934 necesse
1808 3884 1912 3945 est,
1956 3885 2016 3933 ut

418 3974 560 4030 facta
588 3974 886 4029 doleamus.
921 3971 1029 4030 Sed
1058 3972 1293 4029 abundat
1322 3970 1555 4027 mundus
1583 3970 1939 4027 incommodis
1958 3979 2015 4027 et

422 4066 809 4123 tentationibus
841 4084 853 4119 :
878 4064 1135 4120 steculum
1168 4064 1334 4130 istud,
1360 4064 1413 4119 in
1443 4078 1550 4135 quo
1578 4065 2010 4135 peregrinamur,

418 4160 725 4219 expositum
751 4167 835 4212 est
860 4157 1084 4225 passim,
1105 4157 1270 4212 veluti
1294 4169 1482 4226 magna
1510 4155 1703 4223 moles,
1728 4165 2011 4212 ventorum

419 4251 693 4319 procellis.
723 4251 798 4305 lta
820 4249 1057 4306 ﬁdelium
1080 4238 1288 4305 mentes
1316 4248 1601 4305 diabolicis
1628 4249 1906 4321 pulsantur
1930 4250 2015 4305 in-

418 4343 590 4409 sidiis,
614 4355 689 4411 et,
706 4342 845 4399 sicut
863 4343 1066 4398 dictum
1080 4352 1184 4411 est,
1198 4342 1285 4413 qui
1308 4342 1481 4397 volunt
1502 4343 1583 4414 pie
1603 4343 1763 4397 vivere
1784 4343 1836 4397 in
1863 4340 2015 4397 Chri-

417 4448 517 4504 sto,
552 4441 921 4508 persecutiones
951 4438 1215 4508 patiuntur
1240 4434 1326 4509 (II
1374 4435 1509 4491 Tim.
1542 4436 1645 4507 tn).
1680 4436 1785 4492 Sed
1820 4450 2015 4491 conso-

416 4532 561 4585 latur
588 4546 712 4600 spes
738 4545 769 4585 a
790 4531 940 4600 justo
975 4530 1301 4585 retributore
1329 4530 1595 4599 promissa
1631 4546 1645 4584 :
1678 4529 1799 4593 quia
1839 4528 2013 4584 beatus

2122 1940 2272 1981 sonte
2308 1940 2445 1982 mea
2474 1926 2855 1982 convenienter
2884 1927 3191 1997 aptandam.
3226 1924 3288 1983 Si
3314 1942 3428 1998 qut:
3454 1925 3717 1991 destrui,

2122 2016 2232 2071 huc
2273 2019 2460 2073 iterum
2507 2020 2786 2089 rewdiﬁco,
2848 2020 3291 2089 prtevuricatorem
3333 2034 3414 2071 me
3463 2018 3719 2073 constitue

2123 2109 2269 2180 (Gal.
2294 2111 2375 2184 ιι).
2406 2110 2606 2180 Nolite,
2634 2112 2882 2180 obsecro,
2912 2114 2977 2168 ad
3001 2114 3201 2169 evitata
3224 2112 3311 2168 vix
3331 2111 3509 2168 redire
3530 2120 3721 2167 cantas

2123 2204 2239 2273 gia;
2288 2219 2387 2259 nec
2432 2202 2595 2275 pedes
2636 2205 2768 2271 luto,
2802 2221 2909 2275 quo
2951 2205 3293 2273 tenebantur,
3337 2203 3573 2269 avulsos,
3618 2218 3721 2274 pa-

2126 2295 2333 2352 tiamini
2363 2298 2502 2352 male
2530 2312 2715 2353 rursus
2746 2298 3010 2369 immergi.
3057 2297 3232 2355 Sinite
3258 2297 3568 2353 oblitterata
3599 2309 3721 2353 esse

2129 2396 2416 2444 transacta.
2448 2387 2617 2444 Nemo
2649 2390 2850 2443 mittens
2880 2406 3088 2445 manum
3126 2406 3271 2444 suam
3299 2390 3353 2444 in
3384 2399 3641 2458 aratrum,
3672 2398 3723 2445 et

2124 2482 2376 2553 aspiciens
2418 2491 2555 2536 retro
2598 2492 2749 2551 aptus
2788 2490 2861 2537 est
2891 2497 3051 2551 regno
3095 2480 3188 2535 Dei
3227 2480 3378 2553 (Luc.
3413 2479 3512 2551 ts).
3548 2480 3722 2549 impe-

2126 2573 2344 2629 diuntur
2364 2589 2393 2628 a
2425 2588 2682 2645 processu
2709 2574 2966 2645 propositi
2989 2573 3220 2641 itineris,
3243 2573 3333 2645 qui
3354 2571 3571 2629 reﬂexis
3593 2586 3722 2627 ocuc

2125 2666 2192 2722 lis
2223 2666 2521 2737 respiciunt
2562 2668 2703 2738 quod
2734 2669 3063 2737 relinquunt.
3090 2667 3208 2723 Non
3250 2676 3435 2724 amant
3459 2666 3722 2723 ecclesias

2125 2761 2277 2816 sticm
2307 2760 2607 2831 disciplina:
2634 2776 2730 2816 eos
2768 2761 2820 2816 in
2850 2761 3044 2831 quibus
3070 2770 3315 2817 remanet
3342 2760 3606 2816 memoria
3630 2758 3721 2819 illa

2129 2854 2366 2924 perﬁdia!
2394 2870 2407 2909 :
2443 2863 2583 2909 totos
2611 2853 2679 2909 ab
2708 2854 3013 2922 errantibus
3044 2862 3261 2923 oportet
3284 2852 3526 2909 abscindi
3553 2868 3566 2905 :
3596 2852 3721 2923 quia

2130 2947 2185 3000 in
2209 2954 2414 3000 tantum
2442 2944 2790 3001 detestabiles
2812 2946 3191 3002 existimantur
3206 2946 3272 3001 ad
3294 2955 3473 3017 spreta
3489 2944 3722 3001 redeun~

2129 3048 2233 3105 tes,
2268 3048 2322 3093 ut
2351 3037 2413 3093 Β.
2454 3039 2732 3108 apostolus
2763 3038 2953 3095 Petrus
2983 3036 3070 3112 (11
3110 3038 3254 3095 Petr.
3290 3038 3349 3109 tt)
3383 3038 3577 3095 melius
3613 3037 3722 3095 il.is

2127 3146 2249 3187 esse
2272 3130 2665 3202 prazdicaverit,
2695 3139 2750 3185 ut
2767 3146 2873 3186 non
2900 3139 3294 3201 cognoscerent
3315 3131 3453 3185 viam
3470 3129 3721 3201 justitias,

2046 3230 2096 3295 ρ
2128 3239 2287 3295 quam
2318 3233 2708 3295 cognoscentes
2739 3231 3035 3280 retrorsum
3066 3222 3273 3280 reﬂecti
3303 3226 3354 3278 in
3384 3221 3584 3278 tradito
3614 3220 3722 3277 sibi

2131 3328 2319 3373 sancto
2350 3316 2623 3373 mandato.
2656 3316 2712 3372 In
2738 3328 2927 3387 aperto
2956 3326 3041 3372 est
3060 3332 3161 3386 qua
3195 3316 3486 3387 pertinacia
3510 3314 3725 3371 tradita

2131 3412 2257 3470 ﬁdei
2289 3412 2485 3469 debeat
2512 3412 2817 3468 constantia
2860 3411 3148 3479 custodiri,
3179 3412 3228 3465 si
3271 3408 3607 3465 tolerabilius
3642 3416 3725 3463 est

2129 3508 2182 3563 in
2214 3522 2403 3564 errore
2424 3507 2737 3578 persistere,
2755 3522 2916 3578 quam
2943 3504 3467 3577 coinquinationibus
3484 3517 3726 3565 rursum.
3826 3566 3831 3571 η

2128 3613 2263 3671 quas
2283 3600 2403 3671 quis
2434 3599 2652 3673 fugerit,
2678 3600 2963 3670 implicari.
3001 3600 3131 3654 Data
3165 3597 3335 3668 pridie
3365 3596 3484 3653 idus
3499 3596 3725 3666 Aprilis,

2126 3692 2355 3764 Agapito
2386 3692 2503 3749 viro
2529 3692 2833 3749 clarissimo
2854 3693 3091 3747 consule.

2658 3785 2994 3843 EPISTULA
3018 3784 3184 3841 XXll.

2259 3896 2327 3934 AD
2353 3894 2678 3935 υοιιοτιιευιι
2716 3894 3001 3935 κριεεορωι
3031 3892 3580 3934 τιιεεελιοκιεεκεεκ.

2197 3968 2489 4027 Hortnisda
2517 3970 2803 4043 episcopus
2836 3970 3109 4027 Dorotheo
3139 3970 3395 4043 episc0po
3426 3968 3723 4025 Thessalo-

2125 4062 2350 4119 nicensi.

2194 4154 2432 4211 Joannes
2476 4153 2642 4211 frater
2675 4164 2729 4212 et
2759 4155 3111 4227 coepiscopus
3141 4169 3295 4211 meus
3324 4152 3723 4224 Nicopolitante

2125 4248 2274 4305 urbis
2301 4248 2527 4305 antistes
2555 4264 2675 4305 cum
2703 4248 2913 4321 synodo
2944 4264 3039 4305 sua
3069 4248 3228 4303 variis
3257 4263 3319 4304 se
3351 4245 3725 4303 concussioni-

2120 4340 2222 4397 bus
2253 4349 2415 4413 atque
2439 4342 2738 4415 dispendiis
2771 4342 3009 4414 graviter
3040 4351 3292 4398 causatur
3321 4339 3525 4410 afﬂigi;
3576 4338 3725 4409 quod

2120 4448 2150 4486 a
2182 4442 2647 4506 transgressoruns
2680 4436 2939 4493 societate
2978 4435 3205 4499 divisus,
3248 4442 3534 4504 postquam
3566 4446 3725 4487 com-

2123 4526 2438 4584 munionem
2483 4528 2628 4584 sedis
2656 4530 2967 4600 apostolica:
2992 4528 3246 4594 emeruit,
3279 4527 3345 4583 ad
3375 4525 3726 4582 Thessaloni-

417 4632 511 4688 est,
540 4624 626 4692 qui
657 4638 758 4676 non
780 4623 932 4693 fuerit
951 4621 1327 4676 scandalizatus
1350 4622 1404 4675 in
1422 4618 1645 4675 Domina
1670 4619 1882 4690 (Matth.
1909 4620 2008 4688 xl).
2037 4651 2097 4714 Β
2121 4623 2365 4679 censium
2386 4623 2679 4679 Ecclesiam
2697 4622 3055 4679 ordinationis
3072 4636 3185 4677 suae
3206 4620 3358 4676 initia
3378 4634 3484 4675 non
3499 4618 3725 4674 direxit.

418 4715 533 4771 Non
564 4713 820 4785 dejiciant
850 4713 1049 4771 milites
1079 4716 1172 4770 Dei
1212 4715 1445 4785 impetus
1472 4714 1686 4786 fragiles
1717 4724 1774 4770 et
1799 4713 2009 4771 caduci.

416 4809 517 4876 Qui
549 4810 753 4865 assistit
780 4810 1036 4877 strenuis,
1078 4824 1184 4865 non
1225 4809 1526 4866 delectatur
1567 4809 1793 4880 ignavis.
1832 4808 2014 4866 Facile

416 4912 834 4958 contemnuntur
865 4902 967 4957 ista
996 4917 1118 4974 qua:
1163 4910 1464 4969 transeunt,
1511 4903 1555 4958 si
1592 4902 1679 4958 illa
1722 4919 1844 4975 qua:
1884 4912 2012 4959 sunt

417 5010 669 5050 mansura
699 4995 1023 5065 cogitentur.
1049 4994 1435 5065 Amplectendo
1464 5004 1546 5050 est
1569 4994 1897 5063 probationis
1919 5010 2013 5051 oc-

415 5089 565 5145 casio
599 5108 610 5142 :
643 5090 766 5160 quia
796 5089 924 5144 licet
959 5088 1069 5144 sint
1094 5088 1227 5144 dura
1265 5103 1430 5144 onera
1476 5087 1746 5154 laborum,
1788 5088 2011 5159 praemia

416 5194 593 5238 tamen
626 5183 829 5252 majora
870 5182 1146 5243 virtutum.
1195 5181 1656 5250 Quemadmodum
1698 5196 1792 5250 par
1822 5182 1926 5237 erit
1956 5181 2011 5237 ei

415 5276 801 5342 remuneratio,
836 5274 928 5345 qui
956 5258 1016 5332 se
1047 5276 1307 5346 imparem
1339 5282 1603 5329 monstrat
1633 5274 1865 5329 examini
1894 5274 1918 5329 ?

490 5368 605 5425 Non
636 5371 807 5424 simus
837 5382 1032 5438 segnes
1054 5367 1120 5423 ad
1150 5368 1333 5433 fortia,
1379 5369 1423 5422 si
1456 5368 1738 5437 pervenire
1764 5368 2013 5438 cupimus

412 5465 481 5520 ad
515 5463 800 5533 promissa.
832 5460 963 5528 Quis
993 5475 1157 5530 super
1188 5459 1287 5513 hoc
1317 5468 1601 5529 exspectet
1625 5473 1811 5515 vocem
1844 5459 2014 5514 homi-

414 5557 517 5615 stis,
550 5570 671 5607 cum
706 5552 947 5623 quotidie
978 5550 1135 5607 nobis
1179 5551 1393 5606 insonet
1433 5550 1699 5605 sententia
1734 5552 2008 5607 veritatis:

415 5648 559 5702 Beati
590 5650 675 5719 qni
706 5650 967 5718 passiones
996 5651 1265 5719 patiuntur
1286 5660 1492 5721 prapter
1504 5650 1766 5721 justitiam
1789 5648 2003 5722 (Matth.

415 5742 505 5807 v)?
534 5740 638 5795 Sed
670 5757 737 5796 ne
775 5756 881 5806 me,
916 5743 1106 5798 fratres
1137 5744 1421 5808 carissimi,
1457 5744 1608 5812 (licet
1638 5744 1777 5807 apud
1812 5744 2006 5799 ﬁdeles

413 5849 604 5905 magna
634 5833 762 5902 sint)
790 5834 1085 5904 spiritualia
1114 5846 1319 5892 tantum
1349 5849 1539 5893 vestra:
1588 5838 1851 5893 exhibere
1875 5854 2001 5893 cre-

411 5928 550 5987 datis
600 5928 1020 5992 conﬁrmationis
1075 5931 1295 5996 solatia;
1342 5932 1684 5997 providendis
1726 5932 1867 5990 enim
1896 5947 1999 6001 pro

2126 4716 2397 4771 Potuisset
2451 4715 2729 4787 neglectus
2771 4731 2894 4773 esse
2922 4714 3231 4785 culpabilis,
3280 4714 3325 4770 si
3375 4728 3543 4769 unum
3574 4721 3730 4771 esset

2124 4809 2265 4865 inter
2290 4824 2480 4864 omnes
2510 4811 2826 4880 mysterium
2868 4808 3128 4865 caritatis.
3162 4811 3233 4864 At
3259 4823 3381 4883 cum
3418 4806 3574 4865 multi
3607 4821 3670 4862 se
3695 4820 3730 4861 a

2126 4912 2294 4974 petra:
2323 4884 2639 4975 illium-quae
2672 4902 2921 4959 Christus
2947 4911 3051 4966 est.
3092 4901 3363 4957 soliditate
3387 4898 3680 4982 diviserint
3710 4914 3729 4965 ;

2116 4984 2245 5068 quis
2276 5012 2382 5052 non
2422 4997 2548 5052 velit
2575 4994 2644 5050 ab
2686 4995 2983 5051 errantium
3013 4995 3396 5065 conjunctione
3424 4991 3631 5061 dirimi,
3670 5000 3734 5047 ut

2114 5080 2401 5147 mereatur
2429 5106 2550 5146 cum
2579 5088 2664 5144 bis
2685 5091 2776 5159 qui
2807 5088 3114 5145 consistunt
3144 5088 3196 5142 in
3226 5087 3452 5142 veritate
3493 5086 3734 5153 conjun-

2126 5184 2222 5255 gi?
2254 5182 2368 5239 Non
2420 5184 2579 5254 igitur
2607 5184 2941 5238 consuetudo
2971 5190 3056 5236 est
3096 5180 3336 5251 neglecta
3360 5222 3374 5245 ,
3416 5177 3510 5231 sed
3558 5178 3733 5229 vitata

2129 5258 2395 5347 contagia.
2429 5274 2572 5346 Ergo
2598 5273 2835 5343 objicere
2865 5273 2984 5343 quis
3013 5272 3182 5341 possit
3213 5284 3475 5334 errorem,
3505 5268 3591 5322 ubi
3628 5282 3735 5322 co-

2126 5371 2349 5441 gitatam
2376 5368 2666 5425 salubriter
2691 5367 2941 5437 intelligit
2960 5365 3306 5422 cautionem?
3334 5364 3401 5418 At
3423 5376 3543 5427 nOs,
3576 5361 3736 5431 quod

2128 5464 2394 5520 debueras
2425 5462 2628 5532 primus
2655 5476 2951 5525 assumere,
2981 5459 3334 5515 eredebamus
3362 5466 3411 5512 te
3439 5454 3591 5525 sequi
3617 5454 3736 5508 sal-

2129 5569 2234 5611 tem
2273 5565 2388 5623 post
2435 5554 2607 5609 aliena
2661 5554 2907 5624 exempla
2955 5552 3211 5623 potuisw.
3258 5548 3372 5605 Non
3423 5547 3627 5603 suflicit
3670 5546 3738 5604 in

2088 5714 2095 5730 ι
2124 5647 2363 5717 lapsibus
2389 5662 2559 5712 mora,
2581 5646 2682 5702 nisi
2707 5646 2774 5701 ad
2794 5646 3228 5717 reprehensionis
3250 5644 3549 5707 cumulum,
3576 5641 3736 5695 circa

2122 5758 2219 5793 tos
2247 5754 2455 5809 quoque
2495 5740 2585 5810 qui
2637 5740 2703 5793 ad
2753 5740 2891 5795 viam
2946 5739 3173 5795 redeunt
3220 5736 3442 5792 accedat
3473 5726 3736 5788 invidia?

2121 5832 2259 5899 Quid
2289 5832 2451 5897 aliud,
2479 5849 2635 5901 quam
2664 5833 2799 5886 beati
2830 5832 2971 5886 Petri
2999 5828 3163 5900 (quod
3181 5829 3298 5885 sine
3320 5828 3599 5897 impietate
3616 5818 3741 5877 dici

2114 5941 2230 6015 tton
2267 5926 2462 5996 potest)
2506 5925 2676 5997 ipsum
2708 5923 2848 5996 quod
2875 5939 2903 5980 tt
2939 5923 3164 5991 Domino
3188 5921 3370 5981 datum
3400 5930 3480 5977 est
3526 5930 3741 5973 nomen
