3974 6366
231 379 322 434 609

1441 375 1801 433 ΕΡΙὸἸῸΙηΕ
1841 375 1929 432 ΕΤ
1968 374 2310 434 DECRETA.

3410 386 3517 440 “0

231 493 482 555 oderunt,
513 490 602 561 qui
623 502 719 546 eos
736 489 827 561 qui
852 488 921 545 ad
937 488 1080 545 sedis
1104 488 1269 557 ipsius
1291 487 1477 578 altaria
1501 489 1821 562 confugiunt
1848 494 1902 554 Α
1927 508 2049 548 nam
2079 510 2174 564 per
2196 494 2612 553 inobedientiant
2641 498 2866 569 implere
2886 498 3224 557 dissimulant
3250 517 3265 569 ;
3300 502 3516 574 ignora-

232 581 581 652 insequuntur
600 583 622 634 ἲ

253 670 264 681 ’
295 673 412 741 Quo
443 672 672 742 pudore,
709 688 859 743 rogo.
894 673 1167 743 privilegia
1198 673 1341 728 circa
1381 682 1432 729 te
1462 673 1677 729 illorum
1708 689 1824 728 ma-

233 783 354 824 nere
381 766 685 829 desideras,
719 782 946 837 quorum
982 766 1229 820 mandata
1265 782 1370 820 non
1400 766 1624 822 servas?
1653 775 1707 821 et
1736 782 1824 823 re-

230 860 526 915 verentiam
573 873 733 929 quam
769 875 871 913 non
903 857 1126 912 exhibes
1167 856 1310 921 fidei,
1342 858 1492 927 cupis
1524 857 1617 913 tibi
1648 857 1824 913 eccle-

230 953 444 1009 siaatica
503 960 771 1023 potestate
824 951 1059 1007 deferri?
1107 952 1161 1008 Si
1210 952 1262 1006 in
1312 952 1500 1006 iisdem
1561 953 1822 1023 vestigiis,

230 1046 419 1115 quibus
469 1044 723 1099 catholici
757 1045 1017 1109 nituntur,
1075 1043 1371 1109 insisteres,
1417 1044 1822 1101 insectationem

230 1150 403 1197 tamen
435 1141 670 1212 proximi
695 1142 865 1195 vitare
896 1139 1156 1206 deberes;
1183 1140 1358 1195 sciens
1388 1140 1681 1196 secundum
1714 1140 1824 1195 Do-

230 1236 355 1289 mini
388 1234 561 1289 nostri
593 1241 649 1288 et
691 1232 1007 1298 Salvatoris,
1039 1246 1199 1301 quem
1242 1230 1505 1296 colimus,
1559 1231 1823 1297 instituta,

231 1343 348 1383 eum
377 1327 472 1397 qui
501 1325 946 1381 scandalizaverit
967 1341 1131 1380 unum
1162 1324 1230 1379 de
1253 1326 1507 1389 minimis,
1534 1325 1824 1379 obnoxium

231 1419 437 1487 magnis
485 1432 609 1474 esse
640 1418 872 1486 peccatis
903 1414 1099 1484 (Marc.
1155 1416 1249 1485 ts).
1287 1414 1385 1470 Ubi
1432 1423 1539 1487 est,
1577 1415 1824 1478 Domine,

232 1510 535 1574 humilitas,
568 1524 729 1579 quam
760 1508 859 1563 sub
881 1506 1165 1563 occasione
1202 1505 1582 1575 discipulorum
1614 1516 1825 1560 tuorum

232 1606 554 1660 certantium
600 1601 820 1659 de.loci
858 1603 1114 1673 qualitate
1158 1600 1418 1655 docuisti?
1462 1599 1543 1655 Tu
1583 1600 1827 1655 ostendis

231 1701 377 1756 illum
401 1715 526 1756 esse
555 1700 871 1766 maximum,
920 1696 1011 1767 qui
1044 1695 1305 1751 exhibere
1336 1693 1602 1749 studuerit
1630 1707 1688 1748 se
1729 1708 1827 1762 puo

230 1794 431 1856 sillum,
464 1792 683 1861 Respice
724 1791 786 1845 de
816 1790 960 1855 coelo,
1004 1788 1327 1842 uide:visita
1352 1787 1548 1840 vineam
1586 1786 1738 1839 istaut
1778 1793 1828 1839 ts

1928 603 2049 643 mus
2080 588 2167 642 ubi
2207 588 2571 659 magisterium
2605 592 2968 649 misericordis
3012 593 3223 651 Domini
3251 604 3307 653 et
3336 597 3514 666 magni

1930 681 2023 736 Dei
2051 682 2221 741 .nobis
2265 683 2435 753 possit
2470 699 2776 743 occurrere.
2809 686 2919 744 Nos
2949 698 3130 746 autem
3162 706 3269 746 non
3301 706 3367 747 ea
3396 706 3514 748 cre-

1925 773 2103 830 dimus
2129 777 2357 843 ratione,
2399 787 2456 851 ut
2487 778 2939 839 immisericordes
2968 798 3090 841 esse
3119 796 3389 855 putemus,
3422 784 3515 856 qui
3535 770 3549 785 ’

1927 868 2349 924 misericordiam
2371 870 2701 928 didicerunt:
2719 874 2814 930 sed
2840 877 3255 945 postulationem
3273 887 3513 935 nostram

1926 976 1955 1016 a
1990 962 2239 1030 presenti
2272 973 2513 1034 tempore
2543 966 2905 1024 taciturnitate
2927 972 3351 1041 comprimimus,
3377 974 3515 1029 irra-

1928 1055 2186 1113 tionahile
2207 1057 2508 1127 iudicantes
2530 1060 2637 1116 illis
2662 1077 2881 1132 precum
2905 1062 3163 1121 adbibere
3190 1064 3512 1134 bonitatem,

1926 1150 2016 1221 qui
2046 1151 2222 1221 rogari
2254 1167 2312 1208 se
2344 1152 2536 1220 nolint,
2570 1158 2961 1213 contumaciter
2987 1168 3301 1228 respuentes
3330 1178 3343 1217 :
3375 1161 3515 1230 inju-

1929 1244 2055 1299 riari
2102 1248 2245 1302 enim
2284 1258 2338 1304 et
2381 1250 2647 1307 aunullari
2695 1252 2959 1307 sustinere
2994 1268 3301 1323 possumus,
3336 1254 3514 1324 juberi

1931 1352 2036 1391 non
2079 1354 2382 1408 possumus.
2436 1341 2573 1397 Data
2617 1359 2648 1398 v
2685 1344 2804 1400 idus
2843 1345 2967 1402 Julii
3014 1346 3512 1418 Constantinopoli,

1930 1433 2216 1489 Anastasio
2243 1435 2483 1507 Augusto
2510 1454 2562 1492 tv
2587 1449 2641 1494 et
2674 1441 2899 1512 Agapito
2924 1441 3041 1499 viro
3068 1444 3365 1501 clarissimo
3386 1458 3515 1500 con-

1928 1526 2134 1583 sulibus
2164 1528 2327 1599 (anno
2356 1528 2563 1584 Domini
2593 1530 2719 1604 517)

2285 1621 2664 1680 EXESIPLUM
2719 1624 3131 1685 RELATIONIS

2222 1718 2761 1761 ARCHIIANDRITARUH
2831 1724 2898 1763 ετ
2956 1725 3288 1766 οιτειιοιιιῑι

2356 1790 2567 1831 CBORUI
2606 1791 2859 1835 δεειτκοιε
2898 1795 3087 1838 εἴπειε.

1930 1716 2163 1757 ικκοιιυιι
2222 1718 2761 1761 ARCHIIANDRITARUI
2831 1724 2898 1763 ετ
2956 1725 3288 1766 οῶτΕΙίοΙιῐὶΙ
3342 1726 3515 1767 ΙΟΝΔε

232 1886 425 1940 cultore
452 1886 741 1957 plantatam
766 1881 940 1955 (Psal.
974 1879 1166 1950 Lutx)
1194 1897 1207 1931 :
1243 1878 1463 1932 intende
1491 1877 1630 1931 circa
1663 1891 1814 1930 man-

1941 1871 2196 1956 Scribant.
2230 1886 2343 1941 qua:
2381 1886 2486 1957 ‘pro
2534 1870 2638 1954 [ide
2689 1874 2945 1926 catholica
2968 1873 3053 1957 ,αὑ
3088 1872 3516 1944 Eutychianistt's,

232 1981 353 2034 data
384 1989 478 2034 tua
510 1976 786 2041 minimos,
820 1985 874 2029 et
896 1974 1039 2029 circa
1085 1971 1343 2026 ambitum
1380 1968 1601 2024 honoris
1628 1967 1823 2024 elatos.

300 2072 412 2127 Cur
431 2069 676 2127 recentia
699 2068 915 2138 cupitis,
940 2077 994 2123 et
1025 2066 1198 2135 prisca
1230 2062 1659 2129 deseritis,circa
1682 2076 1824 2116 sum-

232 2184 316 2225 ma
343 2167 565 2224 desides
599 2175 653 2222 et
692 2180 850 2235 parva
876 2162 1161 2219 curantes?
1191 2160 1379 2215 Nonne
1410 2159 1513 2215 hoc
1534 2166 1619 2214 est
1646 2173 1827 2223 rerum

233 2262 358 2317 vilia
387 2260 697 2324 decimare;
725 2269 779 2314 et
810 2255 943 2327 legis
961 2262 1226 2327 prtecepta
1254 2251 1640 2308 contemnere?
1660 2250 1829 2306 Serva

233 2356 325 2411 illa
367 2370 491 2426 quas
542 2354 653 2409 Deo
703 2335 1036 2421 congruunt;
1069 2358 1121 2403 et
1152 2348 1307 2402 facile
1337 2362 1399 2401 ea
1443 2360 1563 2416 quas
1608 2352 1736 2400 sunt
1761 2344 1831 2400 ab

235 2446 546 2503 hominibus
593 2443 1006 2513 subsequentur.
1052 2439 1192 2507 Quin
1222 2438 1399 2507 pmius
1428 2451 1612 2492 curam
1640 2435 1830 2489 salutis

234 2553 485 2602 assume;
519 2547 569 2592 et
602 2551 697 2590 cur
722 2543 774 2589 te
798 2532 935 2587 alius
968 2529 1285 2601 przevenerit
1310 2528 1362 2583 in
1388 2528 1632 2592 veritate,
1657 2528 1832 2597 suspi-

235 2646 291 2685 ra
324 2649 339 2685 :
372 2645 443 2685 ne
476 2628 522 2687 si
555 2626 809 2683 insectari
846 2638 941 2681 eos
972 2623 1061 2693 qui
1103 2620 1168 2676 ad
1203 2621 1455 2677 Ecc‘esiae
1487 2628 1832 2675 revertuntur

236 2727 482 2781 membra
514 2721 836 2795 perstiteris,
870 2729 923 2774 tu
948 2732 1158 2788 quoque
1179 2731 1299 2772 cum
1326 2716 1407 2770 his
1430 2729 1563 2785 quos
1586 2712 1832 2767 nomina-

235 2819 333 2873 tim
362 2816 691 2873 condemnat
721 2811 1014 2881 apostolica
1048 2808 1337 2873 sententia,
1382 2804 1669 2875 copuleris.
1700 2804 1830 2859 Data

237 2912 412 2983 pridie
442 2911 562 2966 idus
592 2907 813 2980 Aprilis,
859 2904 1027 2975 Agapi
1052 2919 1085 2957 o
1116 2902 1231 2957 viro
1259 2899 1563 2956 clarissimo
1588 2896 1831 2955 consule.

838 3006 865 3035 ι
906 2994 1237 3052 EPISTULA

674 3105 943 3148 ANASTASII
980 3106 1047 3144 AD
1078 3101 1402 3143 ηοῐηιιεωιιι.

477 3185 739 3259 Suggllat
774 3182 1067 3237 Hormisda:
1092 3179 1301 3234 nimiam
1328 3176 1593 3231 duritiam.

307 3303 628 3362 Anastasius
658 3302 929 3371 Augustus
955 3294 1255 3352 Hormisda:
1286 3308 1458 3365 papae.

311 3399 424 3455 Etsi
454 3412 708 3468 magnum
740 3393 935 3463 aliquid
965 3390 1300 3447 taciturnitas
1323 3387 1615 3458 iudicatur,
1648 3395 1825 3441 tamen

234 3490 605 3554 necessarium
636 3496 719 3544 est
746 3485 1073 3541 admirantes
1106 3482 1202 3537 Dei
1232 3478 1652 3536 misericordiam
1695 3474 1829 3529 assi-

233 3586 335 3640 due
368 3585 720 3652 frequeutare
769 3592 1097 3635 sermonem.
1148 3574 1212 3631 Et
1254 3573 1379 3645 quia
1422 3572 1631 3626 initium
1680 3565 1826 3629 fidei.

233 3693 394 3747 quam
452 3692 552 3730 nos
604 3672 862 3728 Dominus
908 3678 963 3725 et
1017 3669 1156 3724 Deus
1186 3667 1434 3723 Salvator
1461 3670 1644 3718 noster
1672 3658 1830 3715 lesus

234 3771 487 3826 Christus
515 3768 719 3832 docuit,
750 3765 802 3819 in
835 3763 1151 3819 remissione
1179 3768 1517 3830 peccatorum
1552 3751 1828 3825 pra-celtit,

233 3866 363 3919 nulli
400 3864 635 3919 habetur
664 3861 921 3931 ignotum.
963 3858 1079 3927 ipse
1111 3856 1252 3911 enim
1287 3869 1383 3925 per
1411 3851 1682 3922 propriam
1710 3862 1831 3918 pas-

233 3958 439 4013 sionem
491 3954 670 4009 omnia
705 3952 869 4005 Adam
905 3958 1119 4021 peccata
1148 3946 1420 4001 mundavit
1452 3961 1465 3999 :
1499 3950 1555 3997 et
1589 3942 1705 3997 hzec
1733 3938 1832 3995 fuit

234 4047 530 4119 negotiatio
558 4043 878 4099 humilitatis
916 4042 1106 4111 ipsius,
1139 4048 1197 4093 ut
1223 4048 1275 4093 et
1309 4035 1592 4107 prrefatuiu
1626 4042 1681 4088 et
1711 4048 1831 4086 om-

234 4158 327 4201 nes
366 4143 568 4197 fratres
597 4139 849 4193 liberaret
883 4152 942 4191 es
979 4135 1242 4190 servitute
1271 4130 1499 4202 peccati,
1532 4126 1835 4185 voluntarie

234 4248 526 4304 personam
560 4230 702 4285 servi
735 4226 1048 4295 suscipiens.
1094 4224 1224 4279 Nam
1258 4224 1443 4278 beatus
1477 4222 1671 4277 Paulus
1706 4235 1838 4289 apo-

233 4329 406 4383 stolus
456 4323 641 4381 docuit
695 4336 792 4375 nos
846 4320 1089 4375 scribens
1136 4317 1202 4371 ad
1245 4316 1517 4370 Romanos
1548 4332 1559 4369 :
1590 4314 1839 4383 Regnavit

234 4437 371 4474 mors
393 4418 457 4472 ab
494 4417 660 4471 Adam
689 4430 845 4484 usque
870 4412 937 4466 ad
964 4409 1199 4481 Moysen,
1218 4416 1262 4463 et
1294 4410 1347 4462 in
1380 4423 1463 4461 eos
1489 4408 1572 4476 qui
1598 4422 1698 4459 non
1719 4420 1838 4475 pec-

233 4520 477 4568 caverunt
525 4506 702 4579 (Rom.
736 4507 787 4575 v)
815 4522 827 4557 :
854 4519 918 4559 ex
951 4519 1056 4573 quo
1086 4510 1167 4556 est
1198 4498 1530 4555 universitati
1566 4496 1832 4567 quodam-

235 4607 400 4663 modo
418 4603 747 4671 declaratum
777 4614 847 4654 ex
878 4596 1115 4667 generali
1141 4593 1512 4662 dispositione,
1537 4588 1652 4644 sive
1677 4589 1832 4643 mira-

233 4702 459 4766 bilibus,
494 4693 747 4767 specialia
789 4704 1018 4761 quaeque
1049 4686 1296 4756 exempla
1326 4684 1527 4739 debere
1557 4682 1636 4753 (a)
1661 4680 1828 4737 semel
1863 4680 1873 4755 l

234 4795 309 4868 (b)
346 4806 451 4848 tam
488 4802 697 4859 magnze
726 4786 857 4855 legis
875 4782 947 4855 (c)
965 4782 1259 4853 jussiones,
1283 4788 1337 4835 et
1362 4787 1470 4833 tam
1494 4778 1576 4847 pia
1603 4776 1838 4832 bonitate

239 4889 321 4959 (ά)
356 4888 607 4950 firmatae,
641 4891 699 4937 ut
727 4878 901 4937 omnis
933 4874 1199 4941 doctrina,
1236 4888 1396 4944 quam
1424 4870 1702 4940 discipulis
1728 4868 1839 4925 suis

236 4980 480 5045 tradidit,
517 4978 573 5031 in
610 4976 712 5030 hoc
745 4974 1082 5029 firmamento
1110 4968 1379 5025 consistit.
1416 4965 1644 5036 Fugavit
1682 4962 1843 5034 aegri-

238 5074 485 5138 tudines,
542 5069 657 5123 sive
701 5064 989 5120 multifaria
1028 5076 1225 5133 genera
1257 5059 1564 5130 passionum
1598 5074 1611 5110 :
1642 5054 1841 5111 nodum

235 5162 446 5233 peccati
480 5158 721 5232 propria,
756 5157 896 5211 sicut
925 5155 1129 5211 dictum
1160 5162 1262 5218 est,
1306 5151 1555 5220 passione
1576 5147 1799 5203 resolvit
1826 5163 1840 5212 ;

234 5268 288 5311 et
321 5262 511 5325 agens,
541 5252 607 5306 ad
637 5249 907 5321 implenda
934 5246 1126 5302 similia
1145 5244 1437 5309 discipulos
1461 5239 1617 5296 lactis
1641 5248 1696 5295 et
1723 5253 1841 5295 ser-

234 5328 490 5403 monibus
520 5344 843 5399 iustruebat.
890 5340 1108 5405 Verum,
1142 5339 1188 5393 si
1220 5338 1358 5393 sicut
1390 5335 1552 5405 aliqui
1584 5334 1831 5389 nituntur

232 5439 553 5508 ostendere,
583 5436 715 5494 certi
746 5451 809 5491 es
842 5436 1010 5505 ipsius
1039 5431 1298 5503 apostolis
1328 5438 1435 5485 tam
1468 5430 1608 5498 piam
1634 5427 1839 5483 doctri-

311 5564 342 5591 ιι
384 5553 496 5609 lloc
549 5563 796 5620 tempore
844 5551 1202 5620 contigerunt
1228 5560 1289 5600 ea
1337 5560 1454 5620 quas
1484 5543 1669 5620 scribit
1708 5542 1850 5620 dna-

232 5628 443 5682 stasius
467 5614 913 5679 Bibliothecarius
938 5614 1138 5675 in'Vita
1167 5614 1487 5677 llormisdm,
1518 5616 1602 5669 his
1624 5614 1804 5670 verbis
1830 5630 1846 5671 :

235 5696 380 5753 Item
406 5696 632 5752 secundo
673 5696 809 5749 misit
853 5691 1172 5755 Ennodium,
1218 5686 1322 5744 etc.
1362 5686 1566 5754 Quibus
1596 5686 1846 5757 peractis,

314 5779 399 5851 (α)
429 5776 575 5851 Edit.
610 5775 771 5831 Rom.
801 5775 950 5829 addit
974 5772 1256 5841 suscipere.

318 5850 397 5919 (li)
428 5850 514 5902 Al.
543 5856 709 5902 tanta.

318 5925 393 5999 (ε)
423 5921 507 5977 Al.
532 5922 790 5995 jussione.

1915 5004 1919 5009 .
1946 4962 2212 5034 synodum
2243 5003 2259 5028 ,

2004 1959 2131 2013 quos
2177 1942 2454 2013 imperator
2492 1942 2700 2014 minime
2730 1946 3037 1998 coercendos
3066 1942 3332 2000 curaberat
3360 1990 3374 2009 ,
3424 1961 3515 2014 pa-

2004 2017 2199 2068 tiantur
2221 2055 2236 2079 ,
2278 2022 2327 2068 et
2359 2014 2498 2083 quod
2524 2014 2587 2067 ab
2616 2013 2922 2082 imperatore
2947 2032 3049 2069 non
3090 2016 3276 2082 auditi,
3330 2014 3517 2071 Roma.
3610 2054 3619 2059 .

2005 2102 2127 2213 ηυῆι
2156 2085 2449 2211 genti/ieeur
2483 2096 2726 2155 tanquam
2774 2102 3092 2141 communem
3141 2097 3338 2157 patrem
3363 2088 3517 2142 inter-

2005 2176 2064 2213 ne
2110 2175 2168 2211 en
2198 2198 2211 2211 .

1938 2228 1939 2231 η
2004 2175 2211 2229 peuent.

2003 2249 2357 2305 Sanctissimo
2403 2258 2458 2305 et
2506 2247 2821 2304 beatissimo
2868 2249 3135 2304 universae
3183 2248 3332 2304 orbis
3363 2257 3519 2308 terra

1936 2343 2252 2415 patriarcha:
2302 2340 2626 2409 llorm‘sdie,
2676 2342 2973 2397 continenti
3027 2341 3209 2398 sedem
3268 2340 3522 2412 principis

1933 2435 2299 2504 apostolorum
2346 2434 2517 2500 Petri,
2564 2433 2873 2503 deprecatio
2915 2443 2969 2488 et
3017 2433 3335 2504 supplicatio
3363 2432 3522 2487 minis

1935 2543 2144 2583 morum
2183 2526 2723 2582 archimandritarum
2768 2534 2822 2582 et
2854 2534 3175 2582 czeterorutn
3236 2521 3521 2579 monacbo~

1934 2637 2050 2678 rum
2082 2620 2331 2675 secunda:
2358 2618 2531 2691 Syrias
2562 2619 2872 2689 provincias.
2977 2613 2986 2620 ’
3236 2686 3241 2689 1

1938 2706 1939 2709 “
2008 2713 2189 2770 Gratia
2212 2712 2506 2770 Salvatoris
2536 2711 2775 2767 omnium
2807 2720 3051 2768 nostrum
3084 2710 3287 2766 Christi
3331 2722 3433 2765 nos
3456 2705 3524 2767 ad

1937 2816 2171 2862 vestram
2227 2790 2612 2861 beatitudinem
2673 2804 2922 2874 refugere
2952 2803 3099 2858 velut
3146 2802 3213 2857 de
3256 2800 3436 2855 hieme
3473 2807 3525 2856 et

1939 2905 2258 2970 tempestate
2287 2896 2355 2951 ad
2405 2905 2618 2966 portum
2664 2894 3066 2966 tranquillitatis
3111 2891 3394 2957 admoniti,
3425 2889 3526 2944 mi-

1941 2994 2085 3049 nime
2136 2988 2665 3047 circumvallantibus
2717 2985 2791 3057 (e)
2849 2986 3019 3041 teneri
3070 2983 3180 3053 jam
3234 2981 3525 3037 credimus.

1938 3087 2073 3143 Nam
2102 3086 2205 3141 etsi
2234 3084 2486 3155 patimur,
2536 3082 2832 3154 gaudentes
2877 3079 3208 3135 sustinemus
3254 3076 3547 3143 scientes,

1940 3180 2064 3253 quia
2113 3193 2215 3231 non
2245 3186 2362 3230 sunt
2390 3174 2659 3246 condigna:
2704 3174 2965 3244 passiones
3010 3171 3165 3242 hujus
3192 3168 3431 3239 temporis
3458 3165 3527 3221 ad

1855 3255 1903 3321 ο
1934 3274 2167 3345 futuram
2190 3269 2435 3342 gloriam,
2465 3284 2580 3339 qua!
2602 3266 2903 3323 revelabitur
2923 3267 2978 3319 in
3009 3264 3152 3319 nobis
3175 3262 3351 3336 (Rom.
3380 3262 3527 3332 vni).

1932 3366 2197 3434 Quoniam
2227 3377 2359 3418 vero
2391 3360 2642 3417 Christus
2690 3360 2833 3416 Deus
2866 3367 3050 3413 noster
3100 3356 3396 3427 principem
3437 3370 3528 3426 pa-

1933 3467 2139 3513 storum
2172 3464 2226 3512 et
2252 3455 2528 3512 doctorem
2548 3462 2604 3510 et
2626 3452 2892 3508 medicum
2921 3452 3221 3506 animarum
3244 3448 3529 3504 constituit

1933 3565 2027 3605 vos
2050 3557 2105 3606 ct
2132 3560 2371 3605 vestrum
2400 3555 2644 3603 sanctum
2692 3545 2966 3616 angelum,
3005 3543 3227 3613 dignum
3281 3551 3364 3598 est
3408 3555 3531 3611 pas—

1934 3645 2136 3712 siones,
2170 3660 2287 3716 qua:
2329 3642 2485 3698 nobis
2510 3640 2874 3711 contigerunt,
2911 3653 3181 3710 exponere
3205 3678 3219 3702 ,
3251 3646 3302 3692 et
3355 3634 3533 3690 immi-

1934 3738 2236 3795 sericordes
2284 3735 2573 3792 ostendere
2626 3730 2939 3803 lupos,qui
3004 3730 3269 3800 dissipant
3314 3742 3531 3799 gregem

1934 3831 2132 3888 Christi
2164 3848 2179 3885 :
2213 3841 2271 3885 ut
2290 3828 2626 3885 auctoritatis
2652 3826 2845 3882 baculo
2874 3838 2968 3879 eos
2990 3823 3223 3892 expellat
3253 3822 3321 3877 de
3354 3821 3534 3877 medio

1936 3926 2141 3990 ovium,
2170 3922 2335 3979 verbo
2366 3931 2543 3977 autem
2567 3919 2832 3975 doctrinas
2861 3916 3096 3971 animam
3127 3904 3307 3979 sanet,
3330 3924 3382 3968 et
3411 3929 3534 3968 ora-

1924 4010 2102 4076 tionis
2131 4018 2539 4075 medicamentis
2567 4014 2793 4085 mitiget.
2842 4011 2944 4080 Qui
2973 4019 3148 4066 autem
3180 4009 3289 4065 sint
3339 4008 3447 4074 isti,
3478 4015 3534 4063 et

1937 4118 2029 4188 qui
2062 4119 2159 4170 hos
2200 4113 2485 4170 adversum
2538 4124 2637 4166 nos
2670 4106 3026 4172 armaverint,
3079 4103 3305 4160 audistis
3328 4101 3531 4173 utique,

1938 4209 2250 4268 beatissime
2286 4227 2299 4261 :
2339 4208 2577 4263 Severus
2611 4203 2702 4261 ille
2728 4213 2783 4260 et
2812 4202 3028 4267 Petrus,
3057 4198 3150 4271 qui
3180 4212 3449 4269 nunquam
3481 4198 3534 4252 in

1938 4305 2248 4361 Christiano
2297 4316 2526 4359 numero
2569 4299 2804 4370 reputati
2847 4306 2992 4363 sunt,
3046 4296 3132 4365 qui
3166 4309 3262 4365 per
3292 4290 3538 4361 singulos

1940 4400 2060 4455 dies
2091 4407 2332 4453 sanctam
2374 4393 2870 4449 Chalcedonensem
2926 4386 3214 4459 synodum,
3264 4382 3538 4439 sanctisst~

1942 4508 2085 4549 mum
2121 4499 2327 4562 patrem
2361 4499 2602 4543 nostrum
2655 4484 2894 4540 Leonem
2934 4479 3154 4553 publico
3199 4477 3540 4534 anathemate

1941 4595 2291 4662 impetentes,
2343 4582 2434 4655 qui
2470 4579 2730 4651 judicium
2788 4578 2881 4633 Dei
2926 4575 3062 4632 nihil
3106 4574 3456 4635 aestimantes,
3486 4578 3540 4628 et

1940 4680 2197 4736 colendos
2237 4689 2473 4734 canones
2518 4684 2828 4730 sanctorum
2886 4670 3105 4726 Patrum
3134 4666 3538 4734 conculcantes,

1943 4774 2229 4843 episcopos
2259 4769 2478 4840 quidem
2511 4765 2795 4838 principali
2837 4765 3072 4833 potentia
3106 4762 3359 4817 facientes
3390 4758 3543 4816 exhi~

1946 4871 2081 4934 beri,
2131 4876 2186 4925 et
2223 4881 2322 4923 nos
2372 4872 2628 4935 cogentes
2683 4861 2910 4918 illudere
2943 4858 3250 4929 praedictam
3300 4865 3544 4911 sanctam

2344 4934 2624 5027 suppliciis
2694 4934 3177 5009 intestimabilibns
3221 4948 3540 5019 afﬂigentes.

1950 5053 2102 5110 Unde
2131 5063 2187 5108 et
2211 5050 2427 5122 quidam
2452 5063 2638 5103 eorum
2669 5047 2893 5117 iniectas
2922 5042 3101 5115 plagas
3134 5042 3354 5097 minime
3384 5037 3543 5093 susti-

1952 5156 2142 5202 nentes
2171 5185 2188 5211 ,
2247 5142 2315 5198 de
2354 5141 2456 5196 hoc
2477 5128 2675 5195 saeculo
2725 5140 3073 5201 transierunt,
3134 5145 3185 5189 et
3235 5142 3542 5187 nostrorum

1951 5254 2082 5297 vero
2112 5254 2219 5294 non
2246 5238 2435 5306 exigua
2465 5232 2753 5291 multitudo
2799 5238 3074 5302 perempta
3122 5236 3225 5283 est.
3282 5222 3544 5279 Euntibus

1914 5346 2183 5403 namque
2215 5328 2372 5384 nobis
2419 5328 2483 5383 ad
2529 5325 2807 5381 mandram
2863 5323 3066 5379 domini
3121 5318 3387 5376 Simeonis
3445 5329 3544 5383 pro

1947 5440 2106 5480 causa
2152 5421 2429 5487 Ecclesiae,
2463 5418 2695 5474 insidiati
2740 5426 2863 5472 sunt
2893 5414 3047 5469 nobis
3076 5411 3129 5466 in
3177 5411 3367 5465 itinere
3394 5422 3531 5479 pra:-

1921 5535 1925 5538 ’
1962 5554 2093 5611 quas
2126 5536 2302 5593 caedes
2330 5549 2531 5611 quasve
2562 5526 3124 5611 injurias_or_t_hodox_is
3152 5522 3401 5611 Severus
3443 5524 3545 5611 Αἠη

1963 5596 2260 5671 tiocbeuus,
2307 5596 2908 5673 caeterique'Aeephali
2950 5597 3226 5651 intulerint
3270 5596 3323 5649 in
3371 5596 3545 5668 Syris,

1959 5696 2189 5751 sequens
2209 5669 2436 5749 epistola
2468 5669 2687 5731 indicat.
2717 5672 2843 5726 θεν.
2876 5669 3077 5723 Brutus.

2031 5764 2111 5833 (d)
2139 5760 2225 5815 Al.
2260 5760 2481 5833 ﬁrmata.

2030 5821 2105 5908 (ei
2142 5834 2227 5888 Al.
2258 5821 2327 5885 ad
2351 5844 2441 5883 nos
2463 5821 2805 5883 calamitibus.
