3998 6368
468 397 568 454 Ili
1250 426 1255 433 ~
1786 387 2047 450 BORMIS.

2203 388 2407 446 PAPA!
3642 380 3748 439 419

454 511 585 570 dicti
639 512 989 585 coinquinatl,
1051 518 1107 570 et
1140 510 1583 584 supervenientes
1631 510 1941 568 occiderunt
1982 520 2049 566 es
2079 508 2125 569 Α
2174 509 2179 517 ’
2224 506 2418 563 Petrus
2440 505 2806 563 misericordia
2833 505 2927 562 Dei
2958 506 3243 580 presbyter
3270 512 3330 564 ut
3347 521 3531 576 supra.

454 606 609 661 nobis
647 615 917 662 trecentos
944 604 1326 677 quinquaginta
1348 604 1513 674 viros,
1558 603 1821 677 quosdam
1864 611 2041 659 autem

439 698 897 765 .vulneraverunt;
928 697 1063 753 alios
1084 713 1232 764 vero,
1275 698 1365 770 qui
1391 706 1680 769 potuerunt
1709 696 1774 752 ad
1816 694 2043 752 colenda

456 789 642 845 altaria
672 788 981 861 confugere,
1016 788 1213 845 ibidem
1244 799 1589 861 peremerunt
1611 795 1675 844 et
1716 788 2043 843 monasteria

454 881 830 950 incenderunt,
866 899 960 954 per
990 891 1200 940 noctem
1232 883 1506 939 mittentes
1542 882 1940 939 multitudinem
1966 882 2045 936 in-

452 975 751 1045 quictorum
794 976 1069 1032 hominum
1117 977 1627 1048 redemptorumque
1656 990 1871 1030 omnem
1908 989 2040 1044 pau-

452 1075 716 1139 pertatem
744 1069 1168 1125 ecclesiasticam
1200 1068 1507 1139 huiusmodi
1535 1067 1773 1135 pestiferi
1798 1067 2046 1123 homines

452 1166 856 1218 consumentes.
902 1160 985 1217 Ad
1013 1161 1221 1232 singula
1253 1168 1432 1216 autem
1462 1160 1653 1217 delatae
1697 1160 1764 1214 ad
1811 1168 2044 1214 vestram

453 1250 840 1309 beatitudinem
873 1254 1142 1310 instruent
1185 1253 1386 1310 charta:
1431 1269 1461 1307 a
1512 1251 1909 1309 vcnerabilibus
1939 1249 2047 1304 fra-

455 1344 627 1400 tribus
662 1344 869 1401 Joanne
894 1357 948 1402 et
975 1346 1187 1418 Sergio,
1229 1361 1366 1416 quos
1397 1346 1717 1402 miseramus
1740 1344 2047 1401 Constanti-

456 1438 716 1507 nopolim,
749 1448 1029 1509 sperantes
1054 1440 1345 1495 vindictam
1392 1440 1511 1496 tleri
1540 1438 1608 1495 de
1636 1439 1720 1494 his
1750 1454 1871 1509 qua:
1893 1452 2045 1493 com-

456 1528 621 1585 missa
661 1540 808 1587 sunt.
853 1531 960 1587 Sed
989 1549 1082 1589 eos
1110 1548 1210 1589 ncc
1241 1533 1405 1589 verbo
1429 1534 1677 1601 dignatus
1709 1542 1792 1588 est
1817 1534 2050 1602 impera-

458 1630 562 1688 tor,
593 1624 687 1679 sed
718 1625 878 1680 etiam
920 1640 1042 1681 cum
1069 1625 1260 1695 grandi
1299 1626 1622 1681 contumelia
1654 1625 1881 1692 expulit,
1903 1638 2051 1678 com-

457 1719 689 1774 minatus
721 1720 801 1776 eis
848 1724 937 1791 qui
983 1720 1079 1777 ista
1110 1720 1468 1790 porrigerent.
1508 1718 1658 1779 Unde
1691 1720 1815 1773 hinc
1841 1728 2049 1774 estnos

457 1810 542 1865 vei
573 1825 697 1869 sero
738 1826 1089 1883 cognoscere,
1140 1814 1396 1884 quoniam
1439 1820 1583 1867 tanta
1614 1811 1929 1885 pravitaset
1954 1826 2049 1865 au-

455 1898 605 1959 dacia
656 1903 846 1959 talium
892 1904 1154 1961 malorum
1207 1904 1472 1962 adversus
1534 1904 1804 1962 Ecclesias
1862 1904 1997 1959 facta
2026 1945 2041 1970 ,
2077 1901 2123 1963 Β

357 2026 371 2034 ο
455 1990 622 2060 ipsius
652 1993 982 2050 immissione
1007 1996 1308 2063 composita
1338 2001 1446 2052 est.
1497 1995 1859 2063 Deprecamur
1884 2010 2042 2066 ergo,

454 2082 765 2141 beatissime
803 2094 977 2157 pater,
1027 2086 1393 2157 supplicantes
1440 2096 1498 2143 et
1538 2097 1807 2157 rogantes,
1859 2097 1916 2143 ut
1954 2102 2044 2142 ex-

456 2178 709 2246 surgatis,
743 2192 864 2233 Clllll
902 2179 1114 2235 fervore
1154 2189 1209 2235 et
1259 2181 1399 2248 zelo,
1432 2188 1488 2236 et
1532 2180 1862 2237 condoleatis
1905 2180 2049 2250 juste

456 2278 555 2339 pro,
581 2283 805 2337 corpore
830 2269 1028 2325 laniato
1049 2271 1194 2339 (nam
1217 2280 1381 2342 caput
1409 2272 1543 2328 estis
1563 2254 1831 2343 omnium)
1853 2281 1908 2328 et
1931 2275 2050 2328 vino

456 2360 647 2417 dicetis
679 2363 837 2417 iidem
866 2374 1255 2433 contemptam,
1284 2380 1521 2421 canones
1547 2366 1912 2429 conculcatos,
1942 2365 2048 2420 Pa-

457 2462 567 2510 tres
614 2454 1035 2527 blaSphetnatos,
1088 2465 1144 2512 et
1187 2458 1348 2512 talem
1398 2458 1662 2529 synodum
1711 2458 2050 2515 anathemate

458 2544 780 2615 impolitam.
806 2544 972 2601 Vobis
996 2563 1028 2601 a
1058 2546 1171 2603 Deo
1196 2548 1320 2603 data
1354 2558 1436 2605 cst
1460 2559 1699 2621 potestas
1738 2558 1792 2606 et
1819 2550 2052 2606 auctori-

459 2647 543 2697 tas
586 2639 754 2711 ligare
783 2646 835 2694 et
878 2638 1113 2703 solvere.
1151 2638 1274 2694 Non
1303 2656 1431 2710 opus
1459 2638 1645 2695 habent
1668 2642 1759 2713 qui
1792 2642 1905 2695 sani
1934 2650 2052 2696 sunt

467 2730 677 2784 medicis
705 2770 723 2798 ,
745 2729 834 2784 sed
855 2730 989 2787 maic
1017 2730 1254 2788 habentes
1298 2731 1513 2802 (Matth.
1556 2733 1688 2805 xw).
1743 2733 2049 2805 Exsurgite,

465 2820 653 2877 Patres
685 2822 880 2890 sancti,
909 2823 1192 2880 venientes
1221 2821 1288 2897 ad
1316 2824 1608 2880 salvandos
1648 2839 1777 2893 nos;
1821 2826 2054 2881 imitato-

462 2930 549 2970 res
572 2924 747 2971 estote
776 2916 991 2972 Domini
1022 2917 1219 2984 nostri,
1257 2921 1348 2988 qui
1376 2917 1444 2974 de
1488 2920 1629 2975 casio
1656 2933 1818 2988 super
1846 2929 2049 2975 terram

460 3008 676 3067 advenit
710 3026 954 3080 quaerere
998 3021 1267 3068 errantem
1294 3027 1448 3068 ovem
1482 3031 1495 3066 :
1531 3012 1751 3069 Petrum
1797 3012 1945 3069 illum
1967 3031 2055 3072 re-

459 3101 649 3172 spicite
678 3103 977 3173 principem
1001 3104 1389 3174 apostolorum,
1420 3105 1577 3176 cujus
1608 3106 1794 3162 sedem
1825 3110 2050 3172 ornatis,

461 3202 516 3249 et
561 3192 782 3249 Paulum
829 3194 919 3266 qui
946 3202 1031 3251 est
1058 3211 1151 3252 vas
1180 3196 1482 3266 cleationis,
1516 3199 1606 3269 qui
1636 3199 2052 3267 circumeuntes,

463 3284 649 3341 orbem
680 3296 943 3344 terrarum
972 3288 1432 3346 illuminaverint:
1465 3307 1591 3347 nam
1620 3307 1808 3362 magna
1838 3291 2057 3348 vulnera
2083 3284 2132 3350 C

463 3379 755 3453 majoribus
797 3381 1038 3455 indigent
1083 3384 1429 3456 adiumentis.
1461 3386 1780 3442 Merccnarii
1815 3385 2058 3441 videntes

466 3488 618 3544 lupos
643 3475 924 3540 venientes
949 3476 1212 3535 adversus
1238 3492 1369 3533 oves
1392 3477 1667 3533 dimittunt
1695 3493 1788 3533 eas
1809 3476 2058 3546 dissipari

464 3563 531 3619 ab
553 3554 659 3620 itlis
691 3583 706 3621 :
733 3566 883 3623 vobis
908 3576 1088 3623 autem
1119 3570 1262 3625 veris
1305 3570 1611 3641 pastoribus
1641 3580 1696 3625 et
1723 3569 2055 3637 doctoribus,

466 3660 657 3731 quibus
686 3677 813 3717 cura
841 3678 939 3735 pro
981 3665 1155 3720 salute
1183 3665 1363 3720 ovium
1392 3664 1682 3721 commissa
1713 3673 1816 3730 est,
1862 3678 2058 3719 occur-

465 3752 534 3808 rit
564 3752 678 3822 ipse
730 3770 857 3825 grex
900 3770 1227 3829 cognoscere
1270 3771 1425 3815 suum
1460 3766 1751 3828 pastorem,
1784 3757 1852 3812 ab
1882 3755 2062 3812 immi-

466 3848 685 3905 tissimis
718 3849 904 3906 bestiis
938 3849 1217 3919 liberatus,
1260 3860 1314 3906 et
1340 3866 1527 3906 vocem
1553 3864 1784 3921 sequens
1807 3850 2059 3920 pastoris,

463 3940 601 3997 sicut
631 3940 890 3999 Dominus
922 3944 999 3999 ait
1031 3960 1045 3998 :
1080 3942 1209 4000 Oves
1228 3960 1351 4000 mea:
1388 3959 1558 3998 vocem
1604 3958 1771 3998 meam
1815 3943 2059 4009 audiunt,

462 4043 509 4085 et
535 4048 627 4102 ego
666 4048 920 4100 cognosco
952 4049 1054 4099 eas,
1091 4043 1139 4086 et
1178 4043 1455 4103 sequuntur
1501 4050 1580 4088 me
1607 4033 1791 4101 (Joan.
1822 4032 1901 4103 ι).
1944 4032 2059 4087 Non

463 4137 591 4191 ergo
620 4122 929 4191 deSpiciatis
959 4138 1078 4188 nos,
1115 4126 1475 4189 sanctissime,
1508 4125 1599 4195 qui
1648 4140 1680 4179 a
1703 4124 1891 4179 bestiis
1914 4123 2063 4179 fero-

463 4214 612 4269 cibus
644 4215 878 4285 quotidie
905 4200 1270 4271 vulneramur.
1306 4216 1384 4270 Ad
1416 4216 1707 4287 perlectam
1740 4228 1919 4272 autem
1951 4230 2056 4271 no-

464 4305 635 4362 titiam
658 4311 821 4365 vestri
847 4310 1017 4365 sancti
1050 4311 1247 4381 angeli,
1295 4309 1815 4365 anathematizamus
1868 4310 1921 4363 in
1969 4324 2064 4364 ea-

464 4400 585 4455 dem
636 4414 822 4458 nostra
865 4402 1249 4475 deprecatione
1294 4404 1552 4459 virtutem
1603 4402 1837 4458 habente
1891 4400 2061 4456 libelli

464 4509 649 4550 omnes
678 4498 943 4569 projectos
967 4506 1022 4554 et
1048 4498 1546 4555 escommunicatos
1572 4511 1604 4552 a
1634 4505 1812 4552 vestra
1839 4503 2059 4565 aposto-

464 4584 566 4641 l’ira
595 4588 741 4644 sede.
789 4580 1236 4645 Dicimus‘autem
1286 4587 1617 4654 Nestorium,
1660 4587 1750 4657 qui
1795 4587 1892 4641 fuit
1919 4583 2067 4641 Con-

382 4698 389 4705 ~
444 4679 964 4748 ‘stantinopolitanus
1025 4683 1344 4753 episcopus,
1394 4678 1781 4750 Eutychete'm,
1842 4675 2140 4741 Diosco-D

463 4783 603 4837 rum,
633 4780 686 4826 et
713 4765 927 4827 Petrum
955 4774 1398 4838 Alexandrinum,
1433 4771 1524 4843 qui
1546 4768 1953 4842 cognominatus
1978 4783 2064 4832 est

465 4861 676 4928 Balbus,
709 4874 761 4920 et
791 4864 1029 4941 Petrum,
1078 4869 1168 4938 qui
1216 4867 1495 4923 dicebatur
1542 4864 1737 4931 Fullo,
1764 4862 2058 4917 Antioche-

465 4971 590 5010 num
645 4954 993 5013 nihilominus
1029 4967 1085 5015 et
1116 4960 1399 5025 Aeacium,
1430 4958 1520 5029 qui
1560 4956 1656 5011 fuit
1685 4954 2063 5011 Constantino-

464 5047 732 5119 politanus
777 5049 1059 5120 episcopus
1092 5091 1108 5118 ,
1159 5065 1344 5106 eorum
1398 5049 1948 5115 communicatorem,
2006 5057 2064 5102 et

462 5154 649 5198 omnes
679 5141 769 5212 qui
802 5156 966 5198 unum
997 5132 1212 5197 illorum
1245 5144 1619 5198 haereticorum
1651 5140 1970 5197 defendunt.

1030 5238 1487 5280 SUBSCMPTIONBB.

534 5302 651 5375 Ego
684 5302 990 5361 Alexander
1011 5306 1379 5373 misericordia
1430 5302 1523 5359 Dei
1575 5302 1857 5375 presbyter
1882 5310 1937 5356 et
1975 5313 2063 5356 er-

462 5392 817 5449 ebimandrit'a
843 5395 1013 5451 sancti
1050 5395 1286 5452 Maronis
1313 5382 1637 5464 deprecatus
1666 5408 1813 5451 sum.

534 5483 750 5541 Siiueon
791 5486 1159 5543 misericordia
1192 5485 1287 5542 Dei
1333 5484 1617 5557 presbyter
1653 5492 1707 5540 et
1754 5481 2063 5539 archiman-

462 5572 603 5627 drita
632 5584 691 5629 ut
712 5591 895 5643 supra.

508 5653 770 5786 tJoannes
808 5657 1177 5714 misericordia
1206 5656 1303 5713 Dei
1333 5655 1594 5712 diaconus
1629 5661 1688 5709 et
1720 5652 2067 5722 dispensator

557 5750 737 5786 supra.
1063 5780 1069 5786 .

472 5749 527 5787 ut
557 5750 737 5797 supra.

545 5780 838 5874 Procopius
861 5780 1227 5867 misericordia
1257 5806 1355 5867 Dei
1374 5804 1663 5879 presbyter
1687 5804 2069 5863 etarcbintan-

504 5896 610 5959 rita
636 5905 697 5956 ut
717 5911 900 5969 supra.

1234 6002 1295 6019 ’δι

2222 600 2495 671 Eugenius
2520 598 2885 655 misericordia
2914 599 3008 656 Dei
3038 600 3319 674 presbyter
3336 608 3393 654 ut
3417 612 3602 669 supra.

2220 690 2474 747 Geladius
2506 690 2873 746 miSericordia
2906 691 2996 746 Dei
3034 691 3314 762 presbyter
3337 697 3398 746 ut
3420 704 3603 760 supra.

2224 784 2420 838 8a~sus
2462 783 2826 838 mi-ericordia
2870 783 2962 837 Dei
2996 784 3281 854 presbyter
3323 793 3379 836 ut
3420 797 3606 851 supra.

2225 874 2484 929 Romulus
2516 874 2881 929 misericordia
2909 873 3001 928 Dei
3033 876 3312 944 presbyter
3338 884 3393 928 ut
3419 888 3602 939 supra.

2224 967 2502 1024 Eusealius
2529 966 2892 1022 misericordia
2922 966 3013 1021 Dei
3044 968 3324 1039 presbyter
3356 979 3405 1021 ιιι
3438 982 3623 1036 supra.

2223 1061 2457 1116 Malchus
2490 1060 2857 1115 misericordia
2896 1060 2987 1113 Dei
3032 1059 3312 1130 presbyter
3341 1072 3392 1111 ul
3416 1076 3603 1127 supra.

2224 1153 2478 1209 Leontius
2506 1152 2875 1207 misericordia
2909 1151 3001 1206 Dei
3036 1152 3294 1209 diaconus
3336 1162 3393 1205 ut
3421 1166 3609 1219 supra.

2224 1244 2527 1315 Stephanus
2553 1243 2918 1298 misericordia
2953 1242 3041 1298 Dei
3077 1243 3358 1314 presbyter
3390 1252 3443 1295 ιιι
3470 1254 3661 1311 supra.

2223 1335 2447 1393 Carul'as
2478 1338 2563 1391 dia
2587 1350 2736 1390 onus
2763 1348 2817 1389 ut
2849 1350 3032 1405 supra.
3362 1341 3379 1355 '

2223 1430 2461 1485 Thomas
2500 1430 2781 1502 presbyter
2814 1438 2873 1483 ut
2899 1444 3058 1498 supra

2226 1523 2443 1577 Samuel
2473 1522 2730 1577 diaconus
2758 1530 2814 1575 ut
2834 1535 3019 1589 supra.

2228 1615 2545 1671 Theodorus
2575 1615 2856 1685 presbyter
2884 1621 2940 1667 ut
2967 1625 3148 1680 supra.

2228 1706 2463 1763 Joannes
2494 1705 2862 1761 misericordia
2896 1704 2987 1757 Dei
3026 1702 3307 1774 presbyter
3338 1708 3395 1755 ut
3424 1712 3612 1770 supra.

2227 1802 2465 1860 Joannes
2502 1802 2782 1872 presbyter
2804 1809 2861 1855 ut
2892 1814 3073 1867 supra.

2222 1895 2461 1951 Thomas
2483 1894 2739 1947 diaconus
2765 1901 2821 1946 ut
2852 1904 3035 1959 supra.

2222 1990 2461 2046 Joannes
2484 1985 2743 2041 diaconus
2769 1995 2827 2039 ut
2855 1998 3035 2052 supra.

2223 2081 2526 2139 Simeonius
2554 2079 2816 2134 diaconus
2844 2087 2898 2131 ut
2926 2089 3109 2144 supra.

2225 2176 2441 2233 Solinus
2466 2172 2885 2228 archimandrita
2918 2178 2975 2224 ut
3001 2183 3183 2238 supra.

2225 2267 2489 2325 Eusebius
2522 2266 2805 2337 presbyter
2836 2272 2894 2318 ιιι
2920 2275 3104 2330 supra.

2225 2360 2501 2432 Mucymus
2530 2357 2819 2429 presbyter
2847 2366 2903 2409 ut
2927 2366 3111 2422 supra.

2227 2452 2532 2510 Simeonius
2561 2451 2847 2522 presbyter
2881 2455 2940 2502 ut
2968 2458 3152 2517 supra.

2226 2548 2463 2603 Thomas
2493 2546 2779 2618 presbyter
2807 2553 2865 2598 ut
2896 2556 3078 2610 supra.

2226 2638 2458 2697 Jacobus
2492 2639 2777 2708 presbvtcr
2808 2645 2864 2690 ut
2888 2648 3069 2702 supra.

2228 2731 2464 2789 Joannes
2496 2730 2775 2801 presbyter
2796 2736 2855 2783 ut
2893 2740 3078 2794 supra.

2228 2823 2433 2878 Paulus
2463 2822 2744 2891 presbyter
2767 2828 2823 2874 ut
2853 2833 3037 2885 supra.

2228 2914 2443 2971 Priscus
2460 2911 2740 2985 presbyter
2767 2925 2824 2967 ut
2853 2926 3035 2981 supra.

2231 3010 2498 3066 Antonius
2528 3009 2811 3079 presbyter
2846 3016 2904 3061 ut
2927 3020 3111 3076 supra.

2231 3101 2467 3156 Joannes
2491 3099 2775 3169 presbyter
2798 3110 2852 3152 ut
2879 3107 3069 3169 supra.

2234 3192 2469 3249 Thomas
2502 3192 2782 3262 presbyter
2813 3200 2869 3244 ut
2910 3205 3091 3257 supra.

2236 3283 2479 3339 Julianus
2502 3283 2783 3353 presbyter
2806 3291 2864 3334 ιιι
2890 3295 3075 3350 supra.

2218 3379 2545 3436 Simeonius
2564 3379 2848 3447 presbyter
2878 3386 2933 3428 ut
2962 3388 3144 3444 supra.

2168 3488 2171 3491 '
2233 3474 2472 3528 Thomas
2502 3474 2786 3541 presbyter
2825 3482 2882 3526 ut
2920 3484 3101 3539 supra.

2234 3564 2540 3620 Simeonius
2568 3564 2845 3633 presbyter
2876 3571 2932 3616 ut
2961 3575 3129 3631 supra

2235 3658 2493 3713 Zachreus
2524 3658 2803 3726 presbyter
2841 3663 2899 3709 ut
2927 3669 3109 3723 supra.

2236 3750 2470 3807 Thomas
2501 3748 2781 3820 presbyter
2810 3758 2866 3800 ut
2886 3761 3070 3817 supra.

2237 3843 2545 3901 Simeonius
2579 3841 2856 3910 presbyter
2890 3849 2949 3892 ut
2971 3850 3153 3906 supra.

2212 3934 2477 3992 Thomas
2510 3934 2791 4003 presbyter
2818 3938 2875 3984 ιιι
2902 3944 3085 3999 supra.

2238 4033 2546 4090 Simeonius
2571 4030 2850 4100 presbyter
2883 4040 2937 4083 ut
2971 4044 3151 4097 supra.

2239 4127 2473 4182 Thomas
2506 4124 2786 4193 presbyter
2818 4132 2874 4175 ut
2902 4137 3081 4191 supra.

2239 4216 2456 4288 Sergius
2485 4217 2764 4286 presbyter
2810 4224 2867 4269 ut
2896 4229 3078 4282 supra.

2239 4308 2473 4365 Thomas
2503 4306 2782 4377 presbyter
2814 4315 2869 4359 ut
2900 4319 3082 4374 supra.

2190 4424 2195 4427 -
2242 4399 2507 4457 Eusebius
2540 4397 2825 4468 presbyter
2850 4407 2907 4450 ut
2932 4410 3118 4465 supra.

2177 4504 2180 4507 '
2244 4494 2443 4548 Paulus
2472 4492 2753 4562 presbyter
2787 4497 2843 4541 ut
2866 4502 3048 4555 supra.

2239 4586 2476 4642 Joannes
2501 4582 2780 4654 presbyter
2809 4590 2869 4635 ut
2900 4595 3083 4651 supra.

2236 4681 2457 4751 Sergius
2480 4679 2739 4733 diaconus
2766 4685 2825 4733 ut
2865 4690 3046 4745 supra.

2242 4776 2368 4831 Item
2406 4772 2627 4842 Sergius
2656 4770 2914 4825 diaconus
2937 4780 2995 4823 ut
3020 4783 3199 4839 supra.

2241 4868 2486 4923 Julianus
2513 4863 2794 4937 presbyter
2822 4871 2882 4915 ιιι
2903 4876 3081 4930 supra.

2244 4958 2467 5029 Sergius
2495 4957 2777 5026 presbyter
2806 4963 2862 5008 ut
2894 4954 3081 5022 supra.

2248 5050 2565 5106 Ammonius
2594 5046 2853 5102 diaconus
2884 5053 2940 5099 ut
2974 5048 3157 5111 supra.

2246 5146 2484 5201 Thomas
2510 5140 2793 5212 presbyter
2818 5148 2874 5192 ιιι
2907 5152 3089 5207 supra.
3144 5166 3147 5169 ν

2248 5239 2419 5293 Lucas
2448 5234 2731 5305 presbyter
2760 5240 2820 5287 ut
2846 5245 3029 5302 supra.

2243 5332 2479 5387 Thomas
2507 5329 2763 5384 diaconus
2784 5336 2842 5383 ut
2865 5340 3048 5396 supra.

2240 5419 2548 5481 Simeonius
2574 5420 2859 5490 presbyter
2887 5426 2943 5474 ut
2969 5432 3148 5489 supra.

2240 5515 2533 5574 Flavianus
2558 5510 2979 5568 archimandrita
2999 5521 3056 5568 ut
3079 5524 3256 5579 supra.

2240 5621 2505 5676 Monimus
2531 5619 2788 5674 diaconus
2821 5623 2878 5670 ut
2897 5630 3057 5685 supra

2242 5724 2475 5778 Joannes
2505 5718 2760 5774 diaconus
2782 5727 2839 5775 ut
2864 5732 3027 5789 supra

2244 5818 2477 5872 Joannes
2509 5814 2787 5884 presbyter
2816 5823 2873 5866 ut
2903 5826 3087 5881 supra.

2246 5909 2507 5967 Antonius
2532 5906 2789 5966 diaconus
2824 5916 2880 5963 ιιι
2904 5920 3088 5974 supra.
