3998 6368
234 385 318 444 ll!

286 503 522 559 Thomas
567 501 825 558 diaconus
857 509 913 556 ut
949 515 1128 572 supra.

290 592 497 648 Eliseus
531 594 814 665 presbyter
832 601 891 648 ut
918 607 1100 663 supra.

287 684 502 755 Sergius
530 684 790 749 diaconus
831 693 887 741 ut
922 699 1105 757 supra.

288 778 525 835 lsaacius
548 781 833 851 presbyter
860 790 917 838 ut
941 794 1122 852 supra.

290 872 510 943 Sergius
549 875 833 946 presbyter
859 884 920 929 ut
942 888 1130 943 supra.

289 969 524 1025 Thomas
543 969 805 1027 diaconus
831 979 886 1025 It
908 985 1091 1039 supra.

286 1060 525 1117 Joannes
549 1062 834 1133 presbyter
861 1072 919 1119 ut
943 1077 1126 1131 supra.

288 1154 566 1226 Philippus
592 1155 852 1214 diaconus
882 1165 939 1212 ut
963 1170 1124 1223 supra

288 1248 522 1307 Jacobua
552 1248 835 1319 presbyter
860 1257 915 1304 ut
941 1263 1126 1319 supra.

286 1339 851 1414 Zertobiuapresbyter
874 1350 933 1398 ut
951 1355 1137 1412 supra.

286 1430 461 1489 Horas
488 1431 747 1488 diaconus
774 1440 832 1489 ut
854 1447 1035 1503 supra.

286 1520 515 1578 lsaacius
543 1523 825 1595 presbyter
850 1532 905 1579 ut
929 1539 1112 1593 supra.

288 1615 523 1670 Ananias
543 1615 827 1687 presbyter
847 1623 905 1671 ut
925 1630 1111 1687 supra.

282 1705 507 1779 Sergius
533 1707 816 1780 presbyter
844 1716 903 1763 ut
925 1723 1111 1777 supra.

276 1797 506 1855 Simeon
535 1800 817 1872 presbyter
837 1809 895 1855 ιιι
914 1814 1100 1871 supra.

285 1892 342 1945 TE
367 1908 521 1953 amas
549 1892 825 1964 presbyter
853 1902 910 1947 ιιι
942 1908 1126 1963 supra.

277 1981 519 2044 Joannes
545 1987 825 2057 presbyter
851 1996 909 2041 ut
938 1999 1124 2055 supra.

280 2078 505 2137 S-nteon
526 2076 810 2150 presbyter
834 2086 889 2133 ut
910 2091 1094 2147 supra.

274 2163 517 2225 Thomas.
538 2182 591 2237 pi
606 2167 822 2243 esbyter
843 2178 901 2225 ut
922 2183 1107 2237 supra.

271 2261 513 2321 Joannes
538 2262 820 2335 presbyter
850 2273 905 2319 ut
932 2278 1117 2335 supra.

272 2354 496 2411 Simeou
527 2355 811 2427 presbyter
840 2364 897 2412 ut
927 2370 1113 2426 supra.

272 2445 438 2504 David
473 2446 599 2502 tbos
619 2446 877 2507 diaconus
906 2457 965 2503 ut
992 2463 1173 2521 supra.

271 2536 509 2594 Thomas
528 2537 789 2595 diaconus
817 2548 874 2597 ut
896 2555 1080 2610 supra.

268 2628 512 2687 J-»annes
552 2630 816 2688 diaconus
845 2642 901 2688 ut
928 2647 1113 2699 supra.

269 2722 539 2782 Latnneus
566 2726 849 2797 presbyter
873 2735 931 2785 ut
957 2741 1140 2797 supra.

269 2814 455 2875 Daniel
486 2818 907 2878 archimandrita
939 2832 995 2877 ut
1030 2837 1213 2892 supra.

266 2908 495 2969 Simeon
523 2912 944 2971 archimandrita
968 2925 1025 2973 ut
1051 2929 1234 2986 supra.

269 3004 557 3061 Abramius
595 3007 874 3078 presbyter
904 3017 963 3065 ut
991 3024 1171 3078 supra.

266 3095 431 3155 David
478 3100 759 3173 presbyter
780 3110 835 3157 ut
848 3115 1030 3171 supra.

270 3187 576 3245 ltorotlteus
605 3190 884 3262 presbyter
918 3199 973 3246 ut
1002 3206 1181 3261 supra.

267 3282 577 3337 Antoninus
606 3284 885 3355 presbyter
916 3294 972 3339 ut
1000 3300 1179 3354 supra.

271 3371 511 3431 Thomas
535 3374 815 3447 presbyter
835 3385 892 3431 ut
912 3391 1091 3445 supra.

267 3462 565 3524 Darsumas
622 3466 806 3536 (Forte
834 3466 1130 3525 Barsamas.
1185 3468 1379 3539 Hann.)
1423 3470 1700 3543 presbyter
1732 3480 1786 3529 ut

228 3571 377 3625 upra.

263 3649 485 3722 Sergius
519 3655 801 3723 presbyter
830 3663 887 3710 ut
928 3670 1105 3725 supra.

264 3741 531 3799 Eusebius
560 3745 841 3819 presbyter
870 3755 927 3802 ut
952 3761 1135 3817 supra.

262 3832 579 3893 Simeonius
610 3838 892 3912 presbyter
918 3849 977 3895 ut
996 3855 1178 3911 supra.

265 3913 556 3987 Marcellus
589 3929 865 4001 presbyter
896 3938 952 3986 ut
971 3926 1154 4003 supra.

270 4015 491 4075 Priscus
525 4020 802 4092 pre-byter
831 4032 888 4079 ut
926 4035 1109 4093 supra.

265 4109 444 4167 Maras
468 4111 750 4185 presbyter
777 4124 835 4169 ut
857 4130 1037 4185 supra.

264 4202 489 4276 Sergius
515 4209 797 4280 presbyter
829 4220 883 4264 ut
910 4223 1092 4281 supra.

261 4294 502 4353 Jacobus
535 4301 815 4373 presbyter
846 4313 901 4356 ut
924 4317 1109 4373 supra.

264 4386 507 4445 Thomas
530 4392 813 4465 presbyter
842 4404 895 4447 ut
929 4408 1112 4464 supra.

264 4478 398 4535 Item
430 4480 668 4553 Thomas
696 4485 975 4557 presbyter
1002 4495 1057 4540 ut
1100 4500 1284 4556 supra.

263 4571 508 4630 Thomas
534 4576 813 4647 presbyter
843 4586 901 4632 ut
927 4592 1107 4645 supra.

261 4662 487 4721 Selinus
530 4668 812 4739 presbyter
842 4679 896 4723 ιιι
932 4684 1113 4739 supra.

260 4754 507 4812 Thomas
535 4759 814 4832 presbyter
842 4771 896 4816 ut
933 4776 1112 4830 supra.
1144 4834 1147 4838 _

262 4848 505 4906 Joannes
538 4852 816 4923 presbyter
842 4868 896 4908 ut
927 4871 1106 4927 supra.

263 4941 595 4999 Varasaldas
624 4946 902 5021 presbyter
930 4957 987 5003 ut
1023 4941 1204 5020 supra.

259 5034 503 5093 Joannes
524 5037 783 5094 diaconus
808 5050 863 5094 ut
892 5057 1071 5111 supra.

260 5126 555 5187 Marcellus
584 5130 843 5187 diaconus
867 5124 922 5188 ut
949 5150 1129 5205 supra.

258 5218 577 5279 Simeonius
609 5226 889 5297 presbyter
915 5236 971 5281 ut
995 5242 1160 5299 supra

257 5310 584 5370 Gennadius
614 5317 893 5390 presbyter
925 5329 979 5373 ut
1000 5334 1181 5390 supra.

254 5403 515 5462 Thomas"
548 5406 828 5481 presbyter
858 5422 913 5465 ut
942 5409 1124 5483 supra.
1194 5407 1212 5413 ”

254 5496 571 5556 Simeonius
598 5502 878 5573 presbyter
902 5514 957 5559 ιιι
988 5520 1171 5577 supra.

256 5589 553 5647 Abramius
581 5594 863 5667 presbyter
892 5608 942 5651 ut
973 5614 1155 5668 supra.

255 5682 576 5740 Simeonius
608 5688 890 5760 presbyter
918 5702 971 5745 ut
994 5706 1179 5763 sopra.
1242 5750 1243 5753 η

250 5773 498 5831 Iacobus
538 5778 817 5850 presbyter
846 5799 874 5834 ιι
889 5790 907 5834 ι
924 5797 981 5837 su
990 5800 1103 5854 pra,

252 5868 495 5929 Joannes
527 5874 812 5944 presbyter
845 5884 911 5930 ut
925 5892 1106 5949 supra.

1388 373 1736 437 ιιιηδτοιιι
1777 379 1786 432 1

1956 376 2242 435 KCIITA.
3386 381 3492 437 ιιι

1832 498 1887 557 Α
1983 495 2217 552 lsidorus
2245 496 2685 556 archimandrita.

1977 586 2224 645 Julianus
2254 590 2532 663 presbyter
2560 602 2616 647 ut
2639 567 2826 662 supra.
3146 660 3154 667 _

1974 680 2208 739 Joannes
2231 695 2283 739 et
2304 683 2631 743 Romanuset
2662 686 2900 743 Thomas
2921 686 3211 760 presbyteri
3235 696 3292 746 ut
3310 703 3486 762 supra.

1979 776 2278 833 Antoninus
2304 775 2564 835 diaconus
2595 789 2653 834 ut
2689 793 2871 849 supra.

1977 871 2247 951 Abraham
2287 873 2589 945 presbyter,
2619 873 2794 932 tiaras
2832 874 3089 935 diaconus
3118 886 3175 933 et
3216 876 3492 939 Abraham

1910 963 2188 1036 presbyter
2216 973 2276 1023 ut
2301 980 2483 1035 supra.
3148 1012 3153 1015 -

1978 1057 2246 1116 Zenobius
2266 1070 2321 1116 et
2344 1060 2651 1130 Stephanus
2678 1062 2977 1133 presbyteri
3006 1071 3068 1118 ut
3090 1077 3274 1134 supra.

1974 1150 2278 1209 Simeonius
2303 1164 2356 1207 et
2387 1152 2685 1208 Demetrius
2708 1154 3005 1227 presbyteri
3042 1164 3099 1211 ut
3129 1170 3307 1226 supra.

1978 1240 2214 1299 Thomas
2239 1254 2290 1297 et
2312 1243 2547 1298 Domnus
2575 1244 2873 1317 presbyteri
2909 1256 2965 1301 ut
2985 1260 3169 1315 supra.

1980 1336 2283 1393 Simeonius
2309 1348 2363 1396 et
2392 1340 2532 1398 Elias
2562 1341 2863 1414 presbyteri
2893 1352 2949 1397 ut
2984 1356 3167 1413 supra.

1980 1427 2263 1485 Ahramius
2292 1440 2343 1487 et
2377 1431 2695 1504 Pelagianus
2724 1434 3023 1507 presbyteri
3058 1442 3115 1488 ut
3140 1448 3320 1505 supra.

1978 1520 2253 1578 Romanus
2282 1532 2337 1583 et
2361 1524 2559 1579 Abram
2590 1526 2891 1596 presbyteri
2917 1537 2969 1580 ut
2999 1540 3181 1595 supra.
3400 1596 3403 1597 ν

1977 1605 2281 1673 Simeonius
2313 1618 2591 1691 presbyter
2617 1628 2669 1675 et
2694 1619 2918 1676 Cat-uias
2946 1620 3204 1677 diaconus
3228 1628 3285 1676 ut
3303 1633 3485 1690 supra.

1974 1704 2277 1763 Simeonius
2302 1716 2355 1763 et
2377 1706 2611 1765 Joannes
2642 1710 2938 1783 presbyteri
2970 1721 3029 1767 ut
3049 1728 3233 1781 supra.

1973 1796 2277 1855 Simeonius
2307 1806 2361 1853 et
2385 1800 2631 1857 Julianus
2660 1802 2957 1875 presbyteri
2987 1814 3045 1858 ut
3068 1819 3251 1873 supra.

1973 1889 2336 1961 Eutycbianus
2362 1901 2417 1948 et
2444 1891 2680 1949 Joannes
2701 1893 2959 1949 diaconus
2982 1904 3042 1951 ut
3064 1909 3245 1965 supra.

1970 1984 2205 2039 Thomas
2234 1995 2289 2039 et
2313 1986 2443 2041 item
2482 1985 2717 2043 Thomas
2742 1988 3039 2061 presbyteri
3072 1999 3127 2043 ut
3161 2002 3339 2058 supra.

1972 2077 2241 2131 Romanus
2271 2076 2531 2134 diaconus
2560 2090 2613 2134 et
2641 2080 2877 2135 Joannes
2907 2081 3188 2151 presbyter
3221 2087 3281 2135 ut
3301 2093 3482 2150 supra.
3518 2123 3535 2138 .

1958 2168 2232 2232 Eum-hius
2260 2169 2675 2225 architnaudrita
2708 2182 2759 2225 et
2785 2172 3062 2226 Eustasius
3087 2168 3389 2241 presbyteri
3428 2177 3483 2224 ut

1898 2273 2078 2329 supra.

1966 2349 2198 2407 Jaconus
2226 2363 2279 2409 et
2313 2352 2573 2408 Eusebius
2596 2352 2903 2427 presbyteri
2935 2364 2991 2410 ut
3020 2370 3199 2425 supra.

1968 2443 2186 2513 Sergius
2211 2456 2265 2501 et
2296 2443 2472 2501 Maras
2494 2448 2793 2519 presbyteri
2828 2458 2881 2501 ut
2911 2462 3095 2518 supra.

1978 2535 2201 2593 Joannes
2221 2548 2272 2593 et
2304 2537 2552 2594 Julianus
2584 2538 2884 2611 presbyteri
2914 2550 2971 2594 ut
2998 2556 3178 2611 supra.

1970 2630 2167 2684 Paulus
2197 2640 2252 2685 et
2274 2629 2469 2685 Ieacius
2499 2632 2797 2704 presbyteri
2830 2644 2883 2686 ut
2911 2649 3093 2701 supra.

1967 2722 2201 2778 Thomas
2228 2735 2281 2780 el
2314 2723 2576 2779 Dasiauus
2606 2724 2905 2796 presbyteri
2931 2736 2986 2780 ut
3014 2741 3191 2797 supra.

1964 2813 2201 2884 Joannes
2230 2824 2283 2869 et
2315 2814 2504 2870 Daniel
2536 2817 2837 2888 presbyteri
2865 2827 2920 2873 ut
2950 2833 3130 2885 supra.

1966 2908 2195 2964 Jeveuas
2237 2910 2510 2980 presbyter
2559 2918 2613 2963 et
2664 2911 2857 2964 Azizos
2903 2910 3158 2965 diaconus
3209 2920 3261 2964 et
3308 2911 3479 2966 archi-

1899 3000 2167 3055 mandrita
2200 3011 2255 3053 ut
2282 3015 2463 3070 supra.

1966 3095 2228 3147 Antonius
2271 3093 2531 3150 diacOnus
2582 3103 2636 3150 et
2682 3093 3106 3151 areltimaudrita
3151 3104 3208 3152 et
3254 3093 3482 3168 Cyrillus

1896 3186 2179 3255 presbyter
2207 3194 2266 3240 ut
2305 3200 2487 3253 supra.

1815 3252 1865 3319 ο
1904 3252 1913 3254 ἡ
1967 3252 2076 3332 Job
2098 3275 2379 3347 presbyter
2403 3289 2457 3337 et
2488 3278 2790 3349 Stephanus
2818 3278 3076 3335 diaconus
3101 3289 3155 3336 et
3183 3278 3485 3334 archiman-

1792 3370 1797 3374 ’
1888 3367 2035 3441 drita
2069 3380 2126 3425 ιιι
2156 3386 2339 3440 supra.

1961 3463 2157 3517 Bassus
2183 3465 2440 3518 diaconus
2470 3471 2525 3518 et
2554 3463 2779 3519 Basilius
2811 3474 3089 3537 presoyter
3121 3476 3174 3520 ut
3206 3479 3387 3536 supra.

1961 3557 2267 3612 Simeonius
2295 3568 2347 3612 et
2368 3556 2603 3613 Joannes
2634 3561 2932 3633 presbyteri
2959 3570 3016 3615 ut
3042 3575 3227 3632 supra.

1956 3647 2188 3703 Jacubus
2234 3650 2515 3722 presbyter
2549 3663 2601 3705 et
2645 3650 2887 3707 Julianus
2934 3651 3192 3709 diaconus
3231 3662 3284 3709 et
3312 3652 3479 3709 archi-

1887 3742 2152 3819 ntandrita
2183 3753 2239 3799 ut
2269 3758 2452 3814 supra.

1957 3835 2261 3891 Simeonius
2294 3845 2348 3890 et
2388 3836 2629 3906 Alpheus
2662 3837 2959 3913 presbyteri
2994 3846 3050 3892 ut
3077 3852 3259 3906 supra.

1958 3924 2194 3981 Joannes
2217 3926 2503 3999 presbyter
2530 3935 2584 3981 et
2616 3927 2805 3983 Petrus
2836 3928 3097 3983 diaconus
3129 3939 3183 3981 ut
3205 3942 3385 3996 supra.

1962 4017 2149 4074 Daniel
2176 4018 2437 4075 diaconus
2468 4031 2515 4071 e:
2549 4018 2731 4074 Eunus
2774 4020 3032 4075 diaconus
3061 4017 3478 4075 archimandrita

1891 4119 1947 4166 ut
1971 4108 2154 4181 supra.

1961 4202 2271 4259 Alexander
2295 4213 2347 4259 et
2373 4203 2698 4276 Epiphanius
2723 4202 3023 4275 pteshyteri
3052 4214 3107 4258 ut
3131 4218 3313 4276 supra.

1963 4297 2145 4353 Zoilus
2173 4307 2227 4353 et
2248 4302 2534 4354 Abrantius
2565 4300 2865 4371 presbyteri
2894 4310 2949 4354 ut
2975 4318 3156 4371 supra.

1961 4390 2206 4445 Julianus
2239 4393 2518 4462 presbyter
2562 4404 2615 4446 et
2656 4391 2892 4449 Joannes
2937 4393 3193 4449 diaconus
3220 4405 3275 4449 et
3302 4394 3477 4452 arebi~

1892 4482 2154 4536 mandrita
2178 4490 2237 4538 ut
2265 4499 2445 4553 supra.

1964 4574 2186 4632 Carufas
2216 4588 2270 4631 et
2297 4574 2603 4633 Simeonius
2635 4579 2933 4650 presbyteri
2962 4594 3015 4634 ut
3046 4596 3228 4651 supra.

1874 4676 1879 4681 ‘
1968 4667 2279 4724 Timotheus
2304 4669 2563 4725 diaconus
2583 4681 2636 4726 et
2670 4670 2859 4726 Petrus
2888 4673 3187 4747 presbyteri
3218 4684 3271 4729 ut
3293 4688 3471 4746 supra.

1906 4816 1909 4817 ν
1967 4760 2308 4819 Macedonius
2355 4764 2633 4835 presbyter
2661 4774 2713 4819 et
2743 4765 3159 4823 arcbimandrita
3191 4780 3247 4823 ut
3291 4783 3473 4841 supra.

1967 4853 2254 4928 Dionysius
2282 4856 2696 4913 arcliitnandrita
2728 4868 2782 4913 ut
2812 4874 2997 4930 supra.

1963 4946 2200 5004 Joannes
2222 4948 2641 5005 archimandrita
2674 4959 2729 5004 ut
2758 4964 2937 5022 supra.

1966 5038 2271 5096 Simeonius
2301 5042 2575 5115 presbyter
2603 5051 2659 5097 et
2682 5043 3103 5102 archimandrita
3133 5055 3189 5101 ut
3220 5060 3403 5118 supra.

1965 5132 2146 5189 Menas
2196 5135 2454 5193 diaconus
2502 5147 2554 5192 et
2579 5137 2994 5196 archimandrita
3039 5150 3097 5197 et
3144 5140 3477 5198 Darabsahas

1894 5229 2175 5303 presbyter
2202 5239 2257 5284 ut
2278 5244 2462 5300 supra.
2720 5217 2731 5223 ’

1966 5322 2191 5394 Sergius
2228 5322 2510 5397 presbyter
2548 5335 2603 5382 et
2628 5324 2947 5383 Theodorus
2977 5323 3387 5383 arebimandrita
3420 5339 3455 5378 ιι

1896 5401 2083 5483 supra.

1966 5505 2243 5578 Benjamin
2293 5508 2711 5566 archimandrita
2758 5520 2816 5567 et
2862 5511 3061 5565 lsacius
3092 5507 3387 5579 presbyteri
3420 5516 3479 5562 ut

1890 5611 2073 5670 supra.

1962 5694 2144 5750 Daniel
2178 5697 2456 5772 presbyter
2481 5710 2534 5752 et
2564 5696 2979 5752 arcliimanorita
3007 5706 3061 5752 et
3087 5695 3355 5754 Abraham
3387 5716 3477 5755 ar-

1885 5788 2246 5846 chimandrita
2279 5804 2335 5848 ut
2355 5806 2533 5856 supra.

1960 5880 2267 5943 Simeonius
2294 5884 2707 5941 archimandrita
2738 5894 2797 5942 ut
2833 5899 3012 5961 supra.
