3998 6368
480 344 585 403 415

1784 348 2153 409 11081118οΕ
2188 346 2393 405 [MPR

3672 350 3772 405 416

1860 471 2188 530 EPISTOLA
2234 470 2423 526 XXIII.

1767 567 1849 620 'to
1879 577 2335 621 ARCHIIANDRITAS
2361 571 2552 617 sum.

1298 656 1428 715 Illos
1452 660 1650 715 solatur
1675 658 2009 728 hortaturque
2036 658 2174 713 utin
2198 656 2302 728 ﬁde
2324 654 2581 711 catholica
2612 664 2949 725 perseverent.

554 754 836 834 Ὀρμίσδας
859 757 1168 823 ἐπίσκοπος,
1192 759 1565 837 πρεσϐυτέροις
1584 803 1598 827 ,
1627 761 1710 814 καί
1737 756 2081 835 ἀρχιμανδρί-

2263 754 2578 811 Hormisdas
2604 759 2622 779 ⁶
2651 755 2935 827 episcopus
2960 755 3308 829 presbyteris,
3338 756 3577 815 diaconis
3602 767 3660 814 et
3684 774 3773 817 ar-

487 870 597 913 ταις
626 859 739 913 τοῖς
770 852 816 905 ἐν
845 850 1059 927 δευτέρᾳ
1094 854 1248 930 Συρίᾳ
1276 848 1421 920 οὖσι,
1459 856 1547 909 καί
1574 854 1764 915 λοιποῖς
1805 851 2085 931 ὀρθοδὸξοις

487 944 533 997 ἐν
563 943 847 1023 οίῳδήποτε
871 946 1147 1001 ἀνατολικῶ
1176 946 1381 1019 κλίματι
1412 946 1680 1023 διάγουσι,
1712 952 1795 1003 καί
1824 949 1872 1002 ἐν
1901 957 1961 1022 τῇ
1990 955 2084 1011 τῆς

488 1030 841 1098 ’Λποστολικῆς
867 1036 1117 1114 καθέδρας
1146 1040 1379 1115 κοινωνίᾳ
1408 1038 1747 1114 διαμένουσιν.

555 1145 1003 1226 Ἀνάγνωσθέντων
1031 1156 1348 1229 γραμμάτων
1368 1157 1728 1231 τῆςίύμετέρας
1755 1156 1983 1229 ἀγάπης,
2015 1153 2082 1211 δι’

488 1240 553 1297 ὧν
582 1252 680 1298 τῶν
708 1247 907 1321 ἐχθρῶν
934 1252 1025 1302 τοῦ
1056 1253 1187 1303 Θεοῦ
1216 1246 1476 1323 ἀφροσύνη
1521 1250 1801 1324 ἐφανερώθη
1820 1290 1834 1313 ,
1867 1252 1953 1303 καί
1979 1255 2080 1304 τῶν

491 1340 724 1394 ἀπίστων
753 1343 783 1399 ἡ
806 1342 1043 1415 ἐπίμονος
1072 1344 1227 1413 μανία
1255 1342 1494 1420 λυπηρῶς
1512 1342 1633 1402 δήλη
1654 1345 1868 1417 γέγονεν,
1903 1344 2083 1403 οἵτινες

489 1432 665 1493 ἐπειδὴ
692 1443 764 1504 τῷ
800 1443 963 1497 κακῶς
994 1440 1142 1501 ζῶντι
1168 1438 1423 1509 πνεύματι
1458 1438 1710 1508 ἐμίσησαν
1744 1437 1829 1492 τὸν
1863 1434 2045 1511 Κύριον
2065 1476 2080 1502 ,

488 1529 555 1581 τὰ
591 1526 713 1598 μέλη
739 1528 923 1582 ἐκείνου
956 1529 1154 1588 ἀσεϐῶς
1174 1527 1473 1594 διώκουσιν,
1504 1526 1624 1584 ὅσον
1655 1528 1755 1583 ἀπὸ
1780 1536 1871 1589 τῆς
1898 1528 2083 1596 ύμετέο

488 1624 582 1693 ρας
610 1618 938 1691 βεϐαιότητός
974 1623 1085 1676 ἐστι
1122 1628 1307 1694 γνῶναι
1327 1660 1340 1683 ,
1374 1621 1624 1691 ηύλὸγησα
1661 1622 1742 1677 τὸν
1773 1621 1965 1693 κύριον,
1998 1620 2084 1675 τὸν

489 1714 578 1769 τὴν
606 1713 782 1766 πίστιν
809 1720 907 1766 τῶν
936 1712 1120 1767 ἐαυτοῦ
1148 1721 1480 1787 στρατιωτῶν
1507 1713 1693 1784 μεταξύ
1724 1719 1823 1767 τῶν
1853 1713 2083 1767 ἐναντίων

487 1802 821 1874 φυλάττοντα.
854 1806 938 1858 καί
962 1806 1108 1860 πάλιν
1134 1812 1233 1860 τῶν
1262 1805 1539 1865 ἐκκλησιῶν
1562 1805 1645 1861 τὸν
1678 1805 1851 1873 σάλον,
1883 1808 2083 1861 καὶτῶν

486 1892 679 1950 δούλων
707 1902 799 1950 τοῦ
825 1904 953 1952 Θεοῦ
982 1900 1075 1960 τὰς
1100 1899 1405 1970 ἐπαχθείας,
1440 1902 1525 1953 καί
1554 1900 1677 1958 τούς
1705 1896 1894 1959 κόπους
1925 1920 2083 1954 κατα·

486 1992 935 2055 νοήσαςστενάζων
952 1994 1085 2047 κατά
1103 1994 1187 2048 τὸν
1206 1996 1486 2067 προφήτην,
1508 1993 1773 2067 ἐκέκραξα”
1800 2010 1816 2042 ε
1842 1990 2084 2060 ’Δνάστα,

488 2082 632 2159 κύριε
651 2124 665 2148 ,
696 2083 900 2140 δίκασον
926 2091 1017 2145 τήν
1055 2084 1195 2145 δίκην
1225 2108 1343 2152 σου,
1377 2087 1627 2158 μνήσθητι
1652 2093 1751 2142 τῶν
1794 2083 2091 2157 ὀνειδισμῶν

487 2196 604 2242 σου,
635 2185 736 2232 τῶν
765 2179 866 2235 ύπό
897 2176 1112 2257 ἄφρονος
1147 2179 1261 2239 ὅλην
1295 2185 1384 2239 τήν
1412 2181 1617 2256 ἡμέραν.
1647 2198 1664 2231 ι
1698 2177 1877 2240 Ἧδίως
1915 2182 1995 2233 καὶ
2024 2181 2090 2235 τὰ

487 2270 599 2335 ἐξῆς
619 2270 804 2342 ὁμοίως
834 2274 1025 2347 ἐπάγω,
1065 2291 1083 2325 ε
1107 2278 1184 2333 Μὴ
1216 2274 1423 2347 ἐπιλάϐῃ
1450 2281 1542 2334 τῆς
1566 2279 1726 2343 ςωνῆς
1750 2278 1851 2327 τῶν
1881 2272 2091 2336 ζητούν-

487 2386 586 2421 των
606 2385 685 2430 σε,
709 2368 739 2425 ἡ
763 2364 1106 2441 ὑπερηφάνεια
1126 2375 1227 2423 τῶν
1249 2368 1535 2439 μισούντων
1556 2386 1613 2421 σε
1636 2365 1789 2424 ἀνέϐη
1811 2362 2090 2425 διαπαντὸς

488 2459 616 2535 πρὸς
657 2460 735 2514 σέ.
772 2477 793 2509 ι
831 2462 919 2514 Καί
962 2461 1061 2538 γὰρ
1107 2460 1284 2536 ὥσπερ
1330 2464 1439 2536 χρη
1484 2462 1619 2531 ἡμᾶς
1660 2459 1718 2514 τὸ
1760 2456 1961 2534 ἐδραῖον
1998 2467 2091 2518 τῆς

488 2552 716 2613 πίστεως
746 2550 1006 2622 φυλάττειν
1026 2594 1039 2614 ,
1071 2551 1233 2613 οὕτως
1260 2554 1359 2624 ούχ
1388 2548 1601 2629 ἁρμόζει
1638 2554 1759 2627 περί
1784 2560 1875 2611 τῆς
1904 2548 2088 2605 δικαιο-

490 2644 649 2705 σύνης
668 2652 760 2706 τῆς
781 2647 914 2707 θείας
934 2648 1151 2722 κρίσεως
1172 2648 1428 2703 ἀπιστεῖν.
1452 2646 1553 2700 Ούκ
1572 2643 1687 2701 ἔστι
1706 2646 1837 2710 νέος,
1860 2642 2084 2718 ἀδελφοὶ.

489 2744 580 2796 τῆς
603 2736 863 2799 ἐκκλησίας
891 2734 1043 2800 οὗτος
1063 2738 1088 2794 ὁ
1112 2738 1264 2800 κόπος
1281 2755 1294 2769 °
1325 2736 1461 2812 ὅμως
1489 2740 1539 2794 ἐν
1564 2740 1701 2812 αὐτῷ
1726 2745 1799 2809 τῷ
1819 2744 2088 2793 ταπεινοῦ·

490 2828 639 2891 σθαι,
672 2828 916 2899 ὑψοῦται,
950 2833 1037 2885 καί
1058 2828 1121 2887 δι’
1150 2832 1368 2896 ἐκείνων,
1401 2829 1468 2886 δι’
1497 2827 1564 2884 ὦν
1594 2832 1889 2901 πτωχεύειν
1921 2827 2085 2896 δοκεῖ,

489 2921 831 2987 πλουτίζεται.
861 2933 936 2978 Ἐν
966 2926 1120 3001 πείρᾳ
1142 2925 1254 2980 ἐστὶ
1283 2933 1390 2985 τοῖς
1420 2932 1628 2985 πιστοῖς
1656 2930 1747 2980 τοῦ
1773 2930 1903 2980 Θεοῦ
1927 2925 1984 2979 τὸ
2008 2922 2092 2979 διὰ

489 3022 579 3070 τοῦ
604 3016 821 3072 θανάτου
846 3024 947 3072 τῶν
978 3018 1232 3089 σωμάτων
1260 3023 1351 3077 την
1387 3021 1516 3087 ζωήν
1548 3014 1822 3091 κερδαίνειν
1852 3023 1951 3071 τῶν
1983 3015 2087 3086 ibu-

490 3113 602 3178 χῶν
621 3123 634 3138 ⁵
667 3108 1040 3165 ἀποϐάλλονται
1068 3112 1158 3182 μὲν
1188 3110 1252 3166 τά
1280 3110 1475 3187 ῥέοντα,
1504 3108 1608 3163 ἀλλ’
1629 3109 1997 3187 ἐμπορεύονται
2019 3108 2088 3161 τά

2186 848 2563 906 chimandritis
2602 851 2855 906 secunda:
2884 850 3077 923 Syriae,
3107 860 3163 908 et
3200 852 3420 924 reliquis
3460 852 3773 910 orthodoxi:

2185 942 2240 998 in
2287 956 2609 1014 quocunque
2656 942 2916 998 Orientali
2969 942 3186 1000 climate
3233 942 3587 1014 degentibus,
3629 955 3685 1003 et
3725 946 3773 1001 in

2187 1040 2492 1111 apostolica:
2518 1041 2664 1097 sedis
2689 1042 3072 1098 communione
3098 1040 3561 1114 permanentibus.

2258 1158 2275 1191 ⁸
2306 1158 2481 1215 Lectis
2521 1158 2714 1215 litteris
2752 1158 3056 1215 dilectionis
3101 1168 3319 1226 vestrae,
3350 1158 3550 1230 quibus
3596 1157 3774 1214 inimi-

2184 1266 2369 1307 corum
2401 1252 2492 1308 Dei
2525 1251 2789 1323 patefacta
2836 1254 3055 1308 vesania
3091 1263 3205 1322 est,
3233 1262 3289 1309 et
3323 1252 3624 1309 inﬁdelium
3651 1266 3776 1323 νοτε

2186 1344 2333 1399 tinax
2381 1343 2530 1400 furor
2571 1343 2818 1401 dolenter
2864 1345 3174 1415 expositus,
3225 1346 3315 1417 qui
3362 1344 3487 1400 dum
3538 1342 3778 1402 redivivo

2185 1435 2376 1505 spiritu
2406 1435 2636 1492 oderunt
2665 1436 2981 1502 Dominum,
3013 1436 3254 1493 membra
3293 1435 3439 1492 illius
3466 1435 3633 1507 impie
3656 1447 3771 1507 per-

2186 1537 2503 1599 sequuntur,
2532 1538 2792 1600 quantum
2840 1528 2906 1584 ad
2936 1527 3255 1585 constantiae
3304 1537 3503 1585 vestrm
3542 1528 3771 1600 agnitio-

2188 1636 2310 1677 nem
2353 1621 2601 1678 benedixi
2642 1622 2843 1691 Deum,
2888 1621 3047 1677 ﬁdem
3090 1622 3321 1678 militum
3363 1636 3587 1677 suorum
3638 1622 3777 1679 inter

2191 1712 2419 1769 adversa
2467 1722 2798 1770 servantem.
2837 1714 2945 1772 Sed
2986 1730 3201 1771 rursum
3245 1715 3612 1772 Ecclesiarum
3651 1729 3777 1773 ωει-

2120 1835 2164 1895 B
2190 1807 2496 1862 cussionem
2538 1816 2593 1863 et
2638 1822 2915 1863 servorum
2965 1807 3058 1863 Dei
3106 1807 3409 1875 molestias,
3459 1808 3779 1881 laboresque

2191 1898 2562 1965 considerans,
2596 1900 2854 1970 pr0pbeta
2883 1900 3116 1971 gemitus
3143 1914 3295 1956 meos
3344 1899 3633 1972 adiuvante
3675 1905 3777 1959 cla-

2190 1990 2370 2047 mavi:
2405 1989 2665 2064 Exsurge,
2702 1990 2940 2058 Domine,
2964 1994 3152 2065 judico
3196 2008 3409 2049 causam
3453 2002 3596 2050 tuam
3622 2012 3641 2051 :
3674 2011 3777 2051 mc-

2190 2100 2303 2138 mor
2330 2095 2435 2139 esto
2465 2086 2898 2156 improperiorum
2939 2094 3177 2155 tuorum,
3206 2103 3385 2142 eorum
3411 2104 3527 2159 qua
3557 2089 3625 2143 ab
3656 2089 3779 2144 insi-

2189 2179 2359 2249 piente
2386 2187 2508 2235 sunt
2532 2188 2638 2234 tota
2667 2180 2751 2234 die
2782 2177 2954 2252 (Psal.
2985 2178 3151 2250 Lxxn)
3180 2198 3191 2233 :
3226 2179 3455 2238 libenter
3478 2194 3540 2237 ea
3570 2195 3781 2253 quoque

2192 2281 2313 2343 qua:
2366 2282 2666 2344 sequuntur
2716 2272 3011 2344 adjungens
3052 2290 3066 2326 :
3119 2270 3203 2328 Ne
3250 2271 3564 2327 obliviscaris
3613 2266 3780 2327 vocent

2187 2370 2525 2439 querentium
2552 2376 2630 2424 te:
2656 2369 2895 2441 superbia
2918 2382 3116 2434 eorum,
3138 2367 3227 2439 qui
3256 2375 3303 2421 te
3331 2367 3569 2436 oderunt,
3604 2381 3781 2421 ascert-

2191 2461 2267 2515 dit
2293 2476 2494 2528 semper
2522 2461 2591 2515 ad
2622 2469 2689 2517 te.
2719 2459 2851 2516 Nam
2894 2461 3032 2516 sicut
3058 2468 3269 2531 oportet
3299 2472 3399 2516 nos
3429 2458 3781 2515 stabilitatem

2192 2552 2315 2608 ﬁdei
2363 2553 2665 2620 custodire,
2706 2554 2777 2609 ita
2817 2567 2924 2609 non
2966 2551 3222 2609 convenit
3265 2551 3335 2609 de
3374 2550 3542 2607 divini
3590 2549 3778 2621 iudicii

2192 2647 2445 2717 aequitate
2475 2645 2741 2702 difﬁdere.
2769 2644 2886 2701 Non
2917 2658 3087 2701 novus
3118 2643 3235 2711 hic,
3267 2643 3483 2710 fratres,
3517 2642 3781 2699 Ecclesia

2194 2738 2370 2805 labor,
2394 2748 2450 2795 et
2481 2750 2658 2795 tamen
2684 2738 2812 2794 dum
2844 2737 3178 2805 bumiliatur,
3208 2736 3457 2809 erigitur,
3496 2750 3561 2793 ac
3601 2750 3700 2807 per
3724 2750 3783 2793 ca

2192 2830 2387 2903 quibus
2428 2832 2587 2886 atteri
2617 2830 2874 2899 creditur,
2917 2829 3111 2886 damna
3142 2830 3399 2885 vitantur.
3450 2828 3530 2884 Ex
3563 2844 3671 2883 usu
3707 2834 3784 2883 est

2195 2924 2442 2981 ﬁdelibus
2475 2924 2598 2991 Dei,
2634 2934 2692 2981 ut
2722 2940 2817 2995 per
2847 2932 3048 2981 mortes
3084 2923 3374 2995 corporum
3404 2920 3542 2978 vitas
3573 2921 3785 2977 lucren«

2197 3031 2282 3075 tur
2324 3020 2623 3075 animarum
2649 3036 2664 3074 :
2694 3021 2945 3076 amittunt
2972 3017 3194 3091 quidem
3238 3016 3475 3085 caduca,
3513 3014 3614 3072 sed
3647 3030 3785 3071 mer-

2193 3126 2384 3172 cantur
2410 3123 2647 3183 aeterna,
2675 3124 2731 3171 et
2771 3114 2899 3171 dum
2932 3114 3236 3186 persecutio
3263 3114 3405 3169 viam
3436 3110 3567 3168 facit
3599 3111 3787 3183 proba-

491 3202 685 3267 ιιέὡνια,
717 3204 800 3257 κειί
822 3203 873 3256 ἐν
894 3210 968 3276 τῷ
994 3205 1080 3258 τὸν
1111 3201 1329 3277 διωγμὸν
1354 3201 1598 3258 ὁδοποιεῖν
1628 3209 1690 3277 τῇ
1714 3200 1914 3276 δοκιμῇ,
1947 3202 2089 3256 αέτία

2196 3207 2322 3263 ιίοηί
2343 3250 2358 3276 ,
2389 3208 2634 3280 probatio
2663 3223 2822 3264 causa
2855 3207 2915 3263 ﬁt
2943 3207 3117 3264 meriti
3142 3225 3158 3265 :
3186 3205 3331 3261 stulti
3360 3214 3415 3262 et
3444 3206 3499 3260 in
3538 3206 3787 3261 excitato

490 3284 680 3365 γίνεται
705 3303 797 3355 τῆς
826 3296 971 3359 ἀξίας
999 3298 1029 3355 ἡ
1059 3294 1233 3367 δοκιμὰ
1254 3312 1265 3324 ’
1301 3297 1507 3354 ἀνόητοι
1548 3298 1631 3350 καί
1662 3295 1709 3348 ἐν
1738 3303 1799 3371 τῇ
1838 3295 2090 3368 τυφλὼσει

489 3389 777 3460 μαινόμενοι
823 3392 1091 3460 ἀγνοοῦσιν
1107 3419 1136 3456 ,·
1173 3387 1253 3446 ὅτι
1300 3389 1390 3450 ούς
1433 3392 1487 3444 ἐκ
1528 3397 1618 3449 τῆς
1663 3396 1765 3445 τῶν
1813 3389 2090 3464 ἀνθρώπων

490 3481 812 3556 ἀναστροφῆς
842 3484 1085 3557 χωρίζεν
1128 3481 1377 3539 δύνασθαι
1418 3484 1712 3556 νομίζουσι.
1756 3482 1976 3543 τούτους
2021 3485 2092 3545 εἰς

492 3576 579 3629 την
618 3572 881 3643 βασιλείαν
911 3571 1095 3646 ἄγουσι
1123 3581 1215 3630 τοῦ
1245 3580 1403 3630 Θεοῦ·
1447 3575 1666 3629 ἐντεῦθεν
1698 3574 1747 3627 ἐν
1776 3570 1950 3636 αῦτοῖς
1984 3582 2090 3636 τοῖς

492 3662 727 3725 κινδύνοις
759 3666 811 3720 αί
839 3668 1139 3741 εὐφροσύναι
1159 3709 1172 3731 ,
1204 3670 1341 3727 καὶὴ
1369 3668 1567 3740 περίτό
1598 3664 1829 3738 πάσχειν
1852 3664 2085 3725 σπουδή*

491 3754 757 3829 ἐκδέχεται
792 3760 888 3835 γάρ
933 3762 1053 3820 τούς
1096 3762 1292 3834 ἀγῶνας
1332 3767 1431 3815 τῶν
1472 3758 1637 3825 ἰδίων,
1669 3758 1694 3814 ὁ
1731 3766 1832 3815 τῶν
1864 3759 2092 3831 μεγάλων

491 3848 692 3927 δωρεῶν
723 3850 1096 3917 ἀνταποδότης.
1132 3858 1220 3915 Τίς
1255 3856 1354 3931 γάρ
1394 3856 1479 3909 οὐκ
1510 3849 1569 3909 ἂν
1609 3854 1863 3909 ὀκλάσειεν
1901 3856 1950 3908 ἐν
1982 3862 2092 3915 τοῖς

490 3953 682 4011 κακοῖς,
716 3947 759 4000 εἱ
779 3953 847 4018 μὴ
873 3945 955 4002 διά
980 3956 1079 4002 τῶν
1100 3949 1328 4002 ἐπάθλων
1358 3949 1746 4023 παραμυθηθείη
1770 3951 1835 4003 τὰ
1857 3945 2091 4012 ἐναντίας

490 4037 645 4095 ἐκείνη
675 4038 811 4092 ἐστίν
837 4041 867 4096 ri
903 4039 1039 4100 ἐλπίς
1070 4042 1100 4097 ἡ
1129 4046 1197 4109 μή
1229 4047 1593 4111 συγχωροῦσα
1625 4041 1675 4093 ἐν
1701 4048 1762 4114 τῇ
1792 4040 2093 4115 ἀνελπιστίᾳ

490 4129 623 4197 ἡμᾶς
647 4128 836 4181 ἀτονεῖν
857 4145 866 4155 ·
896 4129 1149 4183 ἀποκλείει
1174 4138 1274 4184 τῶν
1306 4130 1520 4202 θλίψεων
1542 4132 1600 4186 τὸ
1621 4133 1803 4208 πικρὸν
1826 4133 1857 4190 ἡ
1886 4132 2092 4205 γλυκεῖα

492 4228 666 4295 γεῦσις
696 4232 794 4278 τῶν
823 4227 1033 4303 ἀρετῶν.
1065 4228 1151 4289 Τίς
1178 4228 1280 4303 γὰρ
1326 4221 1384 4282 ἀν
1415 4229 1601 4287 οἰηθείη
1632 4230 1696 4284 τά
1726 4226 1963 4301 παρόντα
2001 4252 2092 4302 με·

493 4315 614 4387 γάλα
634 4360 647 4384 ,
680 4318 851 4371 ἐννοῶν
888 4321 951 4373 τά
979 4320 1248 4389 μέλλοντας
1280 4323 1359 4381 τίς
1388 4323 1472 4376 τὸν
1504 4322 1715 4377 θάνατον
1747 4325 2052 4402 ἀπαρνεῖται
2071 4363 2088 4390 ,

494 4405 535 4459 εί
562 4413 658 4461 τῶν
687 4408 961 4477 μελλόντων
990 4416 1078 4469 τήν
1120 4409 1375 4467 ἀντίδοσιν
1404 4416 1788 4477 κατανοήσειενς
1820 4410 2086 4476 Ἐνστητε.

493 4499 744 4570 ἀγαπητοί
769 4523 890 4572 μου,
921 4506 1004 4556 καί
1031 4505 1312 4560 ἀσάλευτον
1334 4510 1426 4565 τήν
1449 4508 1623 4561 πίστιν
1647 4506 1841 4578 βεϐαίῳ
1863 4514 2089 4579 λογισμῷ

494 4592 843 4663 φυλάττοντες,
886 4604 977 4657 τῆς
1020 4599 1278 4669 ὑπομονῆς
1320 4602 1403 4654 τὸν
1440 4598 1676 4662 ἔπαινον,
1710 4602 1759 4655 ἐν
1874 4598 2018 4655 ἐστιν
2059 4603 2087 4661 ἡ

493 4687 750 4759 σωτηρία,
783 4690 868 4740 καί
907 4696 1004 4742 τῶν
1044 4691 1243 4762 ἀγαθῶν
1287 4690 1444 4766 ἔργων
1482 4694 1538 4747 τὸ
1579 4692 1843 4767 βραϐεῖον,
1876 4701 2089 4769 καρπῷ-

495 4780 675 4836 σασθε.
701 4781 899 4853 Μεγάλα
925 4785 1044 4836 εἰσὶν
1072 4788 1139 4846 si;
1167 4786 1197 4839 ἀ
1222 4782 1507 4856 καλούμεθα
1534 4786 1578 4839 oi
1604 4786 1794 4849 ἀνάξιοι
1812 4824 1824 4838 .
1860 4790 1934 4843 Μὴ
1959 4786 2091 4861 βρκ-

494 4867 692 4926 δυνάτω
731 4875 760 4931 ἡ
792 4873 1054 4939 ἀσθένεια,
1101 4872 1179 4930 ὅτι
1221 4874 1246 4929 ὁ
1292 4877 1454 4930 καλῶν
1494 4872 1841 4937 ἀνταποδότης
1871 4878 2085 4945 πιστὸς,

494 4964 578 5014 καί
608 4961 820 5024 δυνατὸς
858 4964 1035 5035 βοηθός
1069 4967 1207 5021 ἐστι·
1242 4973 1311 5037 μὴ
1347 4977 1409 5043 τῇ
1442 4977 1539 5023 τῶν
1579 4970 1896 5042 καταθυμίων
1932 4968 2092 5026 ἐλπίδι

494 5056 856 5126 ἀπατηθὼμεν,
900 5062 1024 5129 μήτε
1070 5067 1168 5114 τῶν
1218 5058 1405 5128 ἡδίων,
1460 5067 1585 5133 μήτε
1631 5070 1982 5140 προκρίνωμεν
2026 5066 2091 5119 τά

493 5149 715 5223 εύχερῆ’
754 5152 811 5203 ού
841 5151 1067 5225 τρυφηλά
1098 5154 1215 5223 ἡμῖν
1243 5152 1268 5208 ὁ
1292 5157 1462 5231 κύριος
1485 5158 1645 5229 ἡμῶν,
1678 5159 1733 5210 ού
1764 5158 2092 5212 κολακευτικά

493 5242 848 5314 ἐπηγγείλατο*
882 5244 1065 5304 ἐκεῖνος
1097 5242 1285 5301 ἔπαθλα
1319 5248 1619 5319 ὑπέσχετο,
1650 5251 1735 5303 ούκ
1774 5251 1977 5325 ἀργίας.
2014 5249 2086 5301 Ού

494 5336 860 5417 συμϐαίνουσιν
894 5333 1102 5399 ἔπαινος
1132 5342 1215 5393 καί
1241 5340 1480 5414 ῥᾳθυμία.
1510 5344 1595 5401 Τίς
1624 5351 1715 5402 τῆς
1738 5341 2090 5414 ἀνταμείφεως

497 5424 675 5485 ἔσεται
702 5433 883 5499 τόπος,
910 5435 952 5487 εί
974 5431 1180 5506 οὐδεμία
1209 5436 1320 5489 ἐστί
1340 5440 1543 5512 φροντὶς
1572 5445 1661 5497 τῆς
1690 5437 1868 5512 ἀρετῆς
1893 5455 1907 5503 ;
1938 5443 2090 5499 στενή

496 5526 525 5579 ἡ
566 5526 730 5590 πύλη,
778 5528 900 5583 ἀλλά
936 5528 1131 5583 πλάτεα
1171 5527 1235 5584 τά
1266 5529 1524 5601 βασίλεια·
1567 5530 1748 5600 ὀλίγοις
1786 5532 1815 5588 ἠ
1857 5528 2089 5598 εἴσοδος,

496 5614 740 5699 ἀλλάτοῖς
766 5617 1008 5691 δοκίμοις.
1038 5622 1153 5693 ούχ
1181 5617 1323 5676 οὗτοί
1351 5622 1477 5675 εἰσιν
1501 5621 1544 5675 οί
1574 5628 1769 5692 πρῶτοι
1796 5619 1934 5695 λόγοι
1962 5622 2091 5697 πρὸς

499 5708 706 5771 ἐκείνους
734 5712 820 5772 οῦς
854 5713 1067 5781 ἐδίδαξε,
1104 5734 1121 5767 ε
1152 5717 1420 5783 Διώξουσι,
1452 5718 1529 5771 καί
1552 5716 1599 5768 ἐν
1629 5722 1736 5775 ταῖς
1766 5723 2091 5788 συναγωγαῖς

568 5824 583 5901 ξ
617 5825 689 5901 ξι
714 5826 816 5881 alia
847 5827 1134 5887 Latinitate
1160 5831 1354 5898 legitur
1379 5832 1516 5901 apud
1552 5831 1904 5890 liarduinum.

568 5898 587 5919 '
620 5895 903 5954 [Ss-veteri
951 5902 1134 5957 codice
1165 5895 1440 5965 vaticinii.
1474 5919 1728 5964 expressa
1759 5904 1814 5961 in
1843 5902 2084 5960 editione

2194 3303 2480 3361 saevientes
2520 3305 2797 3369 nesciunt,
2831 3301 2957 3374 quia
2997 3316 3134 3373 quos
3163 3299 3559 3357 conversationi
3610 3286 3787 3354 homi-

2195 3409 2322 3449 num
2348 3394 2663 3451 subtrahere
2689 3410 2747 3451 se
2774 3409 2931 3466 posse
2952 3394 3182 3450 credunt
3200 3436 3217 3463 ,
3239 3393 3305 3450 ad
3340 3393 3437 3450 Dei
3469 3408 3637 3464 regna
3672 3406 3788 3463 per-

2195 3486 2433 3543 ducunt:
2470 3487 2594 3543 hinc
2635 3489 2687 3543 in
2728 3488 2857 3558 ipsis
2901 3488 3158 3559 periculis
3201 3486 3422 3559 gaudia,
3470 3496 3523 3543 et
3554 3486 3793 3543 ambitus

2195 3580 2546 3651 passionum:
2578 3589 2856 3652 exspeth
2883 3582 3026 3638 enim
3062 3595 3265 3652 agones
3302 3594 3523 3636 suorum
3550 3579 3649 3652 qui
3681 3592 3791 3635 ma-

2194 3687 2422 3743 gnorum
2480 3672 2775 3729 retributor
2820 3681 2904 3729 est
2962 3687 3268 3729 munerum.
3317 3671 3449 3728 Nam
3497 3672 3628 3743 quis
3688 3685 3795 3727 non

2194 3765 2537 3837 frangeretur
2582 3768 2771 3836 malis,
2819 3767 2922 3823 nisi
2972 3768 3385 3824 consolarentur
3432 3764 3674 3822 adversa
3729 3765 3795 3820 de

2196 3858 2467 3930 praemiis?
2499 3858 2635 3930 Spes
2682 3860 2770 3915 illa
2819 3868 2929 3925 est,
2960 3876 3078 3930 qua:
3110 3876 3218 3915 non
3251 3860 3379 3914 sinit
3426 3858 3480 3914 in
3530 3859 3798 3931 desperas

2196 3952 2343 4007 tione
2371 3950 2641 4007 deﬁcere:
2672 3951 2907 4007 excludit
2934 3950 3199 4023 siquidem
3229 3951 3656 4009 amaritudinem
3703 3952 3797 4008 tri-

2197 4043 2529 4099 bulationum
2562 4044 2732 4099 dulcis
2762 4059 2925 4114 sapor
2952 4045 3235 4101 virtutum.
3263 4044 3394 4113 Quis
3429 4044 3575 4100 enim
3612 4042 3799 4116 magni

2198 4135 2388 4192 habeat
2437 4137 2649 4207 (magna
2690 4136 2880 4207 ducat)
2925 4137 3240 4209 prmsentia,
3287 4138 3467 4194 sciens
3511 4140 3798 4197 aestimare

2195 4229 2457 4284 ventura?
2488 4229 2618 4295 Quis
2663 4229 2941 4300 dispendia
2988 4230 3112 4285 vitae
3155 4240 3379 4295 renuat,
3405 4230 3449 4286 si
3498 4247 3631 4301 qua:
3675 4237 3801 4287 sunt

2196 4320 2505 4390 recipienda
2535 4321 2876 4377 considerat?
2904 4320 3208 4389 Persistite,
3249 4322 3510 4378 carissimi
3542 4324 3719 4391 mihi,
3749 4333 3801 4380 et

2195 4413 2565 4469 inconcussam
2595 4414 2752 4469 ﬁdem
2782 4414 2884 4468 ﬁxa
2914 4414 3077 4469 animi
3106 4414 3302 4470 virtute
3332 4425 3643 4485 servantes,
3676 4431 3800 4488 per-

2195 4508 2511 4561 severantiae
2537 4505 2771 4571 laudem,
2796 4507 2849 4561 in
2871 4521 2973 4575 qua
3003 4515 3085 4561 est
3103 4507 3245 4561 salus
3262 4514 3316 4561 et
3332 4505 3603 4563 bonorum
3627 4508 3802 4563 homi-

2117 4612 2170 4690 D
2197 4612 2321 4651 num
2346 4596 2540 4667 palma,
2571 4603 2899 4666 prmsumlte.
2928 4598 3116 4668 Magna
3144 4608 3268 4654 sunt
3299 4599 3363 4654 ad
3385 4615 3505 4671 qua:
3531 4616 3802 4657 vocamur

2197 4692 2397 4762 indigni
2422 4710 2437 4748 :
2468 4708 2573 4747 non
2604 4693 3165 4758 retardetinlirmitas,
3187 4694 3308 4765 quia
3333 4694 3423 4764 qui
3445 4704 3615 4750 vocat
3644 4697 3805 4751 retri-

2194 4783 2355 4839 butor
2387 4784 2577 4851 ﬁdelis,
2610 4795 2662 4840 et
2693 4784 2846 4840 fortis
2871 4785 3089 4855 adjutor
3116 4795 3218 4842 est.
3252 4785 3366 4842 Non
3399 4802 3805 4858 prosperorum

2195 4892 2292 4947 spe
2320 4877 2656 4945 decipiamur
2698 4888 2789 4933 aut
2829 4878 3111 4937 mollium:
3144 4896 3243 4935 nec
3294 4880 3469 4935 facilia
3521 4896 3805 4951 propona-

2198 4988 2357 5028 mus:
2393 4988 2499 5029 nou
2544 4972 2799 5029 deliciosa
2840 4974 2995 5030 nobis
3028 4974 3283 5030 Dominus
3314 4983 3520 5042 noster,
3553 4989 3673 5029 non
3719 4982 3805 5028 est

2199 5066 2392 5120 blanda
2441 5066 2745 5135 pollicitus:
2790 5068 3007 5135 praemia
3059 5054 3304 5137 premisit
3346 5066 3466 5131 ille,
3508 5081 3629 5120 non
3668 5066 3803 5120 otia.

2196 5156 2312 5212 Non
2337 5159 2473 5213 bene
2497 5159 2637 5213 laudi
2668 5158 2921 5213 convenit
2951 5168 3006 5215 et
3033 5159 3220 5229 quieti.
3246 5156 3375 5225 Quis
3399 5159 3553 5212 locus
3582 5157 3696 5213 erit
3724 5174 3809 5213 re-

2197 5254 2576 5315 munerationi,
2600 5254 2643 5307 si
2678 5253 2821 5307 nulla
2849 5262 2930 5308 est
2961 5268 3089 5308 cura
3122 5252 3373 5307 virtutis?
3397 5252 3651 5321 Angusta
3686 5268 3810 5321 pur-

2197 5355 2279 5411 ta,
2309 5344 2400 5399 sed
2444 5360 2604 5413 regna
2650 5344 2878 5399 diﬁ‘nsa:
2922 5346 3106 5415 paucis
3154 5345 3347 5411 aditus,
3391 5345 3484 5398 sed
3522 5345 3809 5413 probatis.

2195 5436 2383 5493 Nonne
2418 5438 2533 5492 haec
2560 5448 2685 5492 sunt
2717 5438 2780 5491 ad
2814 5453 2908 5492 eos
2939 5439 3132 5507 prmvia
3168 5437 3362 5503 verba,
3390 5451 3525 5507 quos
3568 5437 3772 5491 docuit
3799 5457 3812 5490 :

2208 5530 2603 5600 Persequcntnr,
2627 5532 2749 5586 etin
2769 5532 3045 5603 synngogis
3087 5530 3417 5601 ﬂagellabant
3440 5545 3524 5583 vos
3576 5528 3813 5601 (Matth.

2204 5624 2343 5696 xv)?
2374 5623 2476 5679 Per
2506 5625 2815 5694 patientiam
2836 5666 2851 5691 ,
2878 5625 3017 5679 sicut
3056 5626 3315 5695 scriptum
3361 5631 3476 5690 est,
3508 5622 3816 5693 possidea-

2200 5732 2320 5772 tnus
2340 5717 2545 5773 animas
2576 5727 2807 5784 nostras,
2842 5732 2909 5773 ne
2938 5733 3030 5772 eas
3060 5732 3154 5787 per
3188 5715 3586 5787 impatientiam
3624 5715 3816 5772 dolea-

2200 5830 2429 5888 Roman.
2460 5831 2621 5900 1591,
2652 5832 2814 5904 epist.
2839 5829 2937 5901 21,
2960 5844 3025 5889 ac
3044 5831 3300 5903 deinceps
3330 5831 3383 5887 in
3406 5828 3550 5888 aliis.
