3998 6368
223 316 313 375 il?

1429 315 1790 378 EPISTOLA‘J
1834 317 1923 378 ΕΤ
1962 315 2306 376 θεοιιετλ.

3386 326 3493 384 418

221 438 632 508 μαστιγίοσουσιν
670 431 838 505 ὐμᾶς;
878 450 895 483 t
926 432 1014 488 Διά
1043 441 1132 494 τῆς
1175 434 1462 509 ὑπομονῆς,
1511 436 1669 496 καθὼς
1715 437 1802 511 γέ-

1911 450 2029 521 mus
2054 435 2301 491 amissas.
2335 432 2548 492 Primus
2576 449 2790 495 crucem
2823 437 3078 498 Dominus
3108 451 3293 501 noster
3319 456 3372 505 et
3401 464 3491 521 pa-

220 546 457 605 γραπται,
484 529 794 599 κτησώμεθα
814 526 905 587 τάς
928 526 1123 582 ἑαυτῶν
1152 526 1357 599 ψυχάς,
1388 532 1583 600 μήποτε
1614 530 1807 589 ταύτας

220 620 293 678 διά
319 630 411 683 τῆς
441 619 562 693 οὐχ’
590 622 852 691 ὑπομονῆς
881 620 1176 694 άλγήτωμεν
1212 621 1565 683 ἀπολέσαντες.
1605 629 1808 698 Πρῶτος

218 720 284 777 είς
312 715 395 771 τόν
420 716 649 792 σταυρὸν
674 714 699 769 ό
724 716 899 791 Κύριος
924 716 1083 788 ἡμῶν,
1116 718 1200 769 καί
1229 724 1319 775 τῆς
1342 715 1596 786 ὐπομονῆς
1620 714 1805 769 ἑαυτοῦ

217 805 534 870 διδάσκαλος,
568 805 775 865 άνῆλθεν
801 806 851 860 έν
880 812 951 861 τῶ
982 804 1091 877 ἰδίῳ
1117 813 1291 861 τυπῶν
1317 804 1649 878 ὑποδείγματι
1674 805 1804 859 έκεί·
1836 878 1837 881 η

217 921 347 965 νιυς,
385 894 459 959 οἷς
490 896 668 971 ἔμελλε
700 899 917 970 βοηθεῖν.
949 899 1103 958 Αὐτός
1130 900 1318 962 μεταξύ
1348 905 1447 952 τῶν
1478 900 1691 973 ἀρετῶν,
1722 899 1805 953 καί

216 1000 307 1046 τῶν
336 990 520 1053 κόπων,
564 990 649 1046 τόν
675 990 826 1062 ζυγόν
853 990 1095 1061 κατέχει,
1125 990 1393 1060 ἱστάμενος
1422 992 1553 1061 μετά
1586 995 1685 1044 τῶν
1710 986 1801 1047 δη·

215 1081 455 1153 λητηρίων
482 1088 583 1137 τῶν
618 1082 940 1154 μεμηνότων,
969 1083 1054 1137 ⁴ίνα
1084 1083 1211 1138 κατά
1239 1089 1329 1143 τὴν
1359 1084 1511 1158 5.671%!
1534 1089 1623 1138 τοῦ
1652 1081 1802 1156 διωγ-

214 1184 328 1247 μοῦ,
362 1178 544 1239 αὐτὸς,
577 1180 662 1232 καί
699 1187 791 1239 τῆς
830 1179 1031 1234 αἰωνίου
1056 1178 1318 1250 βασιλείας
1364 1180 1482 1239 τούς
1524 1174 1801 1252 στεφάνους

215 1271 491 1343 παράσχῃ.
524 1267 941 1343 Ἀναλογίσασθε,
965 1273 1085 1323 ποία
1108 1275 1205 1323 τῶν
1231 1270 1538 1324 Μακαϐαίων
1558 1271 1587 1327 ἦ
1611 1266 1801 1335 ἔξοδος,

149 1360 154 1365 ’
214 1371 319 1422 τοῖς
346 1372 670 1440 καρτερικοῖς
699 1366 729 1422 ἧ
752 1364 913 1429 πάλη,
946 1364 1148 1439 ἱστορία
1167 1372 1266 1419 τῶν
1298 1365 1506 1419 έπαίνων
1536 1364 1797 1435 ἐφέπεται,

213 1459 328 1530 ποία
356 1454 592 1526 Ἰούδας,
638 1458 835 1515 κάκείνη
872 1464 971 1511 τῶν
1010 1455 1229 1529 ἀδελφῶν
1265 1458 1295 1515 ἠ
1332 1456 1542 1529 φάλαλξ,
1580 1458 1797 1511 θανάτου

212 1555 328 1620 τιμῇ
358 1547 754 1622 ἀναγορεύεταις
796 1549 845 1602 ἓν
870 1549 1029 1608 ποίοις
1069 1548 1179 1603 έστί
1207 1547 1457 1620 στόμασιν
1483 1547 1508 1602 ό
1538 1549 1658 1608 λαὸς
1688 1546 1713 1602 ό
1752 1549 1801 1601 έν

212 1647 277 1711 τῷ
304 1635 412 1709 ὄρει
442 1638 741 1699 άναλωθείς·
773 1641 860 1693 καί
899 1624 1051 1694 αὗται
1094 1643 1263 1693 πᾶσαι
1304 1638 1357 1693 αί
1392 1637 1628 1710 δυνάμεις
1667 1639 1797 1714 ύπέρ

210 1741 293 1792 τῆς
328 1738 419 1785 τοῦ
447 1730 601 1802 νόμου
630 1731 867 1803 φυλακῆς,
908 1728 1206 1805 ὃμοιώματα
1226 1773 1240 1797 ,
1276 1734 1361 1785 καί
1388 1734 1527 1785 σκιαί
1557 1738 1655 1785 τῶν
1680 1732 1799 1804 μελ-

1912 520 2115 582 tiéntize
2160 526 2327 597 ipsius
2368 527 2624 598 magister
2656 532 2928 599 ascendit,
2968 549 3067 590 suo
3107 520 3495 601 informatum:

1910 619 2179 689 exemplo,
2209 634 2343 688 quos
2371 630 2489 676 erat
2516 620 2795 692 adiuturus
2822 626 3043 683 auxilio.
3077 629 3193 701 Ipse
3223 631 3363 691 inter
3388 638 3494 694 vir-

1909 724 2051 769 tutes
2076 713 2282 769 lancem
2312 714 2509 771 retinet
2536 724 2589 771 et
2620 716 2854 787 labores,
2882 730 3030 779 stans
3073 733 3259 782 contra
3290 744 3495 789 venena

1908 804 2240 873 furentium,
2289 814 2350 861 ut
2400 807 2693 864 secundum
2754 817 3142 880 persecutionis
3193 820 3334 887 iras,
3386 824 3494 881 illis

1906 901 2092 955 aeterni
2131 900 2339 971 imperii
2368 900 2460 957 det
2484 916 2731 959 coronas.
2766 905 3069 975 Revolvite,
3104 926 3236 983 quas
3271 915 3485 974 Macha-

1907 992 2144 1049 bzeorum
2175 993 2352 1051 exitus
2382 995 2683 1065 pertinaces
2715 1008 2871 1054 vetus
2899 1000 3121 1059 historia
3159 1006 3343 1065 laudes
3373 1028 3494 1079 per-

1905 1087 2186 1157 sequitur:
2219 1102 2325 1157 quo
2353 1087 2519 1143 Judas
2549 1096 2604 1144 et
2637 1088 2726 1144 illa
2770 1106 3021 1164 suprema
3072 1097 3306 1157 fidelium
3354 1104 3491 1175 pha-

1904 1176 2027 1232 lanx
2079 1179 2271 1235 mortis
2317 1179 2522 1235 honore
2568 1182 2879 1240 referatur:
2927 1187 2982 1242 iu
3031 1200 3232 1258 quanto
3278 1209 3373 1251 ore
3422 1198 3494 1255 sit

1904 1280 2159 1327 constans
2190 1273 2415 1344 populus
2444 1275 2498 1330 in
2542 1284 2725 1333 monte
2768 1291 3157 1352 consumptus:
3184 1294 3239 1342 et
3266 1287 3348 1344 hze
3377 1306 3494 1347 om-
3557 1261 3565 1272 ’

1905 1376 2000 1417 nes
2033 1378 2130 1433 pro
2158 1366 2511 1422 custodienda
2560 1368 2675 1439 lege
2710 1372 2923 1429 virtutis
2968 1378 3178 1445 species
3207 1388 3262 1437 et
3304 1384 3491 1441 umbra

1903 1454 2202 1511 futurorum
2236 1466 2378 1514 tanta
2410 1461 2656 1531 exempla
2707 1475 3060 1523 meruerunt:
3094 1484 3192 1527 nos
3233 1471 3286 1528 in
3319 1474 3492 1531 Patri-

1902 1544 2001 1600 bus
2038 1546 2300 1614 vidimus,
2334 1550 2687 1621 palpavimus,
2722 1556 3067 1625 probavimus
3094 1576 3252 1631 quem
3291 1579 3489 1635 sequa-

1903 1652 2042 1693 mur.
2069 1638 2205 1707 Quid
2237 1655 2343 1695 non
2389 1642 2731 1699 referendum
2758 1655 2842 1702 est
2880 1650 2987 1714 rei,
3021 1652 3164 1721 quod
3208 1652 3487 1728 denegan-
3526 1692 3531 1695 <

1902 1728 2029 1783 dum
2058 1738 2142 1785 est
2181 1732 2429 1789 veritati:
2462 1734 2587 1803 quid
2639 1752 2744 1792 non
2791 1738 3031 1796 debitum
3082 1744 3491 1818 Redemptoris?

210 1820 384 1877 λόντων
414 1820 584 1888 οὖσαι,
609 1824 892 1887 ἠξιώθησαν
911 1821 1338 1898 παραδειγμάτων
1357 1824 1631 1884 τοσούτων,
1656 1824 1799 1893 ἡμεῖς

1905 1820 2135 1877 libenter
2181 1827 2695 1883 communicavimus
2740 1829 2992 1900 dogmata
3036 1834 3137 1891 ista
3187 1839 3487 1899 vobiscum.

209 1922 253 1973 ἰν
281 1927 387 1978 τοῖς
416 1918 680 1990 πατράσιν
710 1916 1018 1993 ἑωράκαμεν,
1053 1916 1459 1990 έψηλαφήσαμιν,
1493 1914 1800 1985 έδοκιμάσα·

211 2032 289 2082 μεν
312 2013 361 2065 έν
389 2013 488 2067 τίνι
512 2010 933 2081 άκολουθὸσομεν.
960 2011 1019 2063 Τί
1045 2010 1135 2063 οὐκ
1160 2007 1422 2085 έςκιρμόζει
1446 2015 1509 2084 τῇ
1535 2007 1796 2071 ύποθέσει;

972 2101 989 2119 1
1066 2101 1078 2117 9
1166 2101 1177 2115 ι
1251 2104 1257 2111 ι

212 2195 532 2266 καταθυμίως
567 2198 894 2262 κοινωνοῦμεν
934 2191 982 2243 έν
1015 2192 1214 2250 τούτοις
1252 2189 1370 2260 ύμῖν
1407 2195 1520 2248 τοῖς
1555 2186 1795 2259 δόγμασι.
1827 2183 1839 2196 ’

212 2288 346 2357 Λέγει
379 2287 480 2361 γάρ
512 2305 613 2339 που
642 2283 667 2338 ό
700 2286 991 2356 σοφώτατος
1020 2282 1272 2353 Σολομὼν,
1311 2299 1327 2332 t
1356 2281 1616 2355 Μακάριος
1652 2279 1679 2335 ό
1708 2301 1794 2338 κη-

213 2382 408 2458 ρύσσων
452 2378 595 2451 Λόγον
625 2380 695 2437 είς
730 2378 877 2435 άκοην
919 2376 1291 2435 ὑπακούοντος·
1331 2392 1349 2425 ι
1395 2376 1675 2446 εὐφροσμίη
1708 2374 1798 2443 μέν

212 2468 292 2527 οὖν
314 2474 429 2527 ἐστι
453 2470 512 2524 τό
538 2467 856 2541 διαλέγεσθαι
875 2475 981 2527 τοῖς
1006 2468 1250 2528 θέλουσιν,
1285 2468 1517 2539 καὶπρὸς
1541 2470 1629 2523 τήν
1651 2464 1799 2539 ὀρθήν

212 2564 316 2623 ἱδὸν
345 2567 473 2625 τούς
504 2567 573 2633 μή
614 2561 1025 2621 άντιπαλαῖοντας
1064 2560 1460 2635 προτρέπεσθαι.
1510 2558 1799 2627 ιατέγομιν

211 2661 295 2735 γὰρ
327 2662 583 2731 ένειυοον
617 2666 710 2719 τῆς
738 2652 963 2718 πίστεως
1003 2663 1095 2715 τῆς
1131 2656 1405 2729 ὑμετέρας,
1445 2658 1534 2711 την
1562 2654 1662 2707 ἀπὸ
1700 2659 1799 2707 τῶν

210 2762 521 2829 γραμμάτων
548 2746 945 2825 όμίολογηθεῖσαν
980 2748 1226 2806 ἔνστασιν
1245 2792 1258 2811 ,
1301 2748 1365 2803 δι’
1395 2746 1453 2809 ἧς
1490 2749 1540 2800 ἐκ
1570 2756 1660 2807 τῆς
1699 2753 1801 2801 τῶν

211 2848 517 2922 παραϐατῶν
541 2846 705 2919 λύμης
746 2845 1089 2921 χωρισθέντες
1130 2844 1201 2903 είς
1226 2841 1292 2897 τά
1321 2850 1411 2901 τῆς
1439 2838 1799 2898 ’Δποστολικῆς

210 2938 446 3015 ωιθέδρας
486 2936 754 3011 δόγματα,
800 2940 885 2992 καί
925 2936 1123 2996 ἐντολάς
1166 2933 1547 3009 ἐπανέρχεσθε,
1591 2929 1683 3001 ὀφέ

211 3026 288 3084 οὖν
317 3030 591 3089 ἐπιϐάντες
627 3036 720 3090 τῆς
761 3026 880 3083 ὁδοῦ
916 3037 1007 3087 τῆς
1042 3027 1304 3086 ἀληθείας·
1338 3023 1443 3079 ἀλλ’
1469 3022 1734 3095 εὐλογητὸς
1772 3020 1799 3078 ὁ

209 3126 326 3186 θεὸς
354 3126 444 3179 οὐκ
469 3126 542 3186 εἷς
565 3123 707 3185 τέλος
736 3122 1130 3183 έπιλανθάνεται,
1156 3119 1210 3181 ὃς
1234 3118 1494 3186 παιδεύει,
1524 3122 1607 3174 καί
1635 3121 1795 3183 ἰᾶται,

1905 1912 2044 1968 Dicit
2066 1914 2210 1971 enim
2240 1917 2672 1987 sapientissimus
2698 1921 2955 1980 Salomon
2975 1968 2991 1994 ,
3020 1926 3211 1985 Beatus
3237 1935 3329 2003 qui
3358 1952 3489 2004 pm.

1902 2004 2040 2095 (licet
2082 2006 2287 2060 uerbum
2329 2008 2383 2062 in
2431 2027 2609 2065 aurem
2646 2012 2923 2070 obedientis
2952 2016 3143 2089 (Eccli.
3168 2022 3331 2095 xxv):
3360 2042 3487 2095 gau-

1902 2093 2047 2150 dium
2095 2105 2180 2152 est
2219 2098 2485 2169 siquidem
2535 2101 2779 2160 volentes
2815 2108 3042 2179 alloqui,
3081 2121 3137 2167 et
3168 2114 3241 2169 ad
3273 2093 3486 2176 rectam

1904 2188 2043 2241 viam
2086 2202 2201 2256 eos,
2249 2190 2337 2259 qui
2389 2207 2495 2247 non
2544 2195 2894 2264 reluctentur,
2950 2201 3173 2260 hortari.
3222 2205 3490 2267 Tenemus

1854 2354 1857 2357 ν
1902 2278 2045 2335 enim
2088 2279 2332 2337 obsidem
2364 2282 2485 2339 fidei
2532 2297 2756 2353 vestrae,
2800 2289 2901 2344 sub
2943 2291 3239 2353 litterarum
3278 2303 3487 2370 proles-

1901 2371 2055 2429 sione
2084 2375 2476 2442 constantiam,
2500 2392 2603 2448 qua
2629 2393 2657 2432 a
2687 2389 3140 2452 transgressorum
3171 2393 3489 2462 contagione

1902 2463 2089 2530 divisi,
2117 2464 2182 2520 ad
2226 2468 2537 2536 apostolica:
2574 2470 2720 2527 sedis
2748 2472 2995 2544 dogmata
3026 2488 3079 2534 et
3111 2482 3362 2540 mandata
3403 2501 3490 2543 re-

1902 2559 2149 2625 curritis,
2198 2574 2324 2617 sero
2362 2562 2577 2633 quidem
2627 2565 2768 2622 viam
2818 2572 3059 2628 veritatis
3105 2575 3361 2646 ingressi;
3392 2581 3487 2637 sed

1906 2651 2219 2709 benedictus
2251 2655 2414 2723 Deus,
2444 2658 2537 2727 qui
2587 2674 2693 2714 non
2722 2660 2775 2715 in
2808 2662 2967 2721 tinem
3011 2666 3362 2742 obliviscitur,
3399 2675 3487 2745 qui

1904 2745 2158 2815 corripit,
2184 2753 2242 2802 et
2268 2748 2532 2817 medetur,
2561 2758 2673 2808 nec
2710 2756 2967 2813 continue
3011 2763 3191 2832 gregis
3236 2767 3314 2819 sui
3359 2781 3488 2825 oves

1904 2838 2104 2908 patitur
2156 2839 2522 2897 insidiantium
2574 2844 2821 2915 luporum
2871 2853 3166 2919 rapacitate
3216 2856 3484 2930 discerpi,

1903 2932 1993 3001 qui
2020 2946 2116 3000 per
2137 2931 2490 2989 districtionis
2516 2938 2925 3005 temperantiam
2944 2980 2959 3006 ,
2985 2956 3084 2997 nec
3106 2944 3487 3007 coercitionem

1904 3038 2122 3079 suorum
2171 3024 2425 3097 negligit,
2458 3041 2558 3084 nec
2595 3028 2845 3085 salutem.
2890 3031 2995 3087 Sal
3044 3035 3172 3104 quid
3214 3038 3407 3095 mirum
3437 3044 3486 3098 si

1903 3130 2033 3172 oves
2062 3117 2251 3173 relicto
2280 3118 2357 3175 ttli
2387 3134 2514 3185 uno,
2546 3128 2602 3177 et
2628 3136 2757 3177 vero
2797 3132 3012 3194 pastore
3058 3127 3350 3198 dispersas,
3380 3134 3489 3189 cal-
3520 3172 3521 3175 η

210 3220 284 3269 καί
314 3215 428 3270 οὐδέ
448 3222 545 3277 τῆς
571 3217 826 3288 ἡνωμένης
853 3216 1007 3269 αὐτοῦ
1033 3217 1245 3287 ποίμνης
1266 3215 1331 3268 τά
1357 3213 1594 3285 πρόϐατα
1620 3231 1801 3286 καρτε-

1906 3208 2077 3276 lidus,
2106 3218 2364 3266 cruentus
2399 3220 2453 3267 et
2484 3225 2648 3283 rapax
2688 3215 2923 3271 turbavit
2950 3217 3192 3274 insidiis?
3217 3221 3317 3289 Qui
3348 3232 3489 3280 tute-

208 3316 287 3381 ρεῖ
314 3315 417 3363 τῶν
457 3306 882 3362 ἐπιϐουλευόντων
914 3306 1074 3359 λύκων
1109 3313 1172 3376 τῇ
1218 3303 1421 3382 ἁρπαγῇ
1452 3301 1797 3366 διασπᾶσθαι,

209 3398 258 3461 ὃς
286 3400 371 3456 διά
396 3409 491 3461 τῆς
518 3402 827 3476 κεκραμένης
849 3401 1129 3474 αὐστηρίας
1152 3397 1265 3454 οὐδὲ
1288 3406 1379 3457 τῆς
1404 3398 1680 3471 ἀσφαλείας
1702 3405 1800 3453 τῶν

208 3493 345 3550 ἰδίων
373 3494 628 3573 ύπερορᾷ,
661 3490 777 3547 οὐδέ
804 3502 896 3557 τῆς
925 3496 1201 3569 σωτηρίας.
1235 3493 1376 3548 Ἀλλά
1406 3494 1456 3547 τί
1481 3494 1797 3564 θαυμαστόν,

210 3590 253 3639 εί
276 3590 339 3640 τά
364 3586 609 3662 πρόϐατα
637 3585 1044 3657 καταλειφθέντος
1075 3586 1257 3641 ἐκείνου
1307 3591 1397 3641 τοῦ
1430 3585 1535 3644 ένός
1565 3588 1645 3638 καὶ
1681 3585 1798 3643 άλη-

208 3679 332 3732 θινού
374 3678 616 3750 ποιμένος
655 3675 1116 3751 δασκορπισθέντα
1148 3677 1173 3732 ό
1208 3685 1523 3752 πανοῦργος,
1558 3676 1580 3731 ό
1619 3678 1801 3747 αἵμασι

209 3774 543 3846 πεφυρμένος,
575 3773 659 3825 καί
684 3769 855 3848 ἅρπαξ
874 3811 889 3834 ,
920 3778 1040 3832 ταῖς
1070 3768 1290 3840 ἐνέδραις
1323 3771 1591 3843 ἐτάραξενς
1624 3770 1683 3823 Oi
1710 3775 1801 3827 την

208 3866 485 3937 ἀσφάλειαν
514 3869 605 3924 τὴν
631 3862 761 3919 ἰδίαν
782 3864 1262 3935 καταλιμπάνοντες,
1294 3865 1437 3919 αὐτοὶ
1458 3863 1670 3922 έαυτούς
1691 3869 1799 3922 τοῖς

207 3953 451 4016 κινδύνοις
490 3954 571 4028 ὐφ’
607 3952 672 4009 ὧν
710 3955 1094 4029 σπαράττονται
1134 3954 1484 4025 ἐμϐάλλουσιν.
1514 3950 1673 4008 Ὠστε
1716 3955 1801 4007 καί

208 4054 290 4100 νῦν
323 4054 446 4121 γοῦν
478 4048 713 4124 στερροῖς
743 4048 971 4117 βήμασιν
1003 4048 1047 4099 ἐν
1069 4055 1131 4119 τῇ
1157 4045 1257 4119 ὁδῷ
1290 4054 1387 4101 τῶν
1410 4047 1643 4120 πατέρων
1671 4046 1801 4118 πρὸς

207 4140 259 4197 ἦν
283 4138 597 4217 ἆνεδράρετι
616 4183 627 4204 ,
662 4137 870 4197 ἴνστητε
891 4156 903 4171 ⁵
934 4136 1145 4195 δύναται
1169 4140 1267 4214 γάρ
1295 4138 1353 4193 τό
1382 4145 1473 4193 τοῦ
1503 4144 1631 4193 Θεοῦ
1662 4135 1801 4196 ἕλεος

205 4233 289 4286 καὶ
320 4237 410 4291 τήν
440 4238 543 4287 τῶν
566 4226 724 4287 ἄλλων
755 4230 940 4303 ὁμοίως
966 4229 1231 4304 διόρθωσιν
1256 4239 1328 4305 τῷ
1358 4232 1587 4306 ύμετέρῳ
1613 4232 1798 4301 μισθῷ,

205 4324 247 4377 εί
276 4322 403 4397 παρ’
428 4324 574 4392 ὐμῶν
596 4323 725 4399 πρός
748 4324 803 4378 τὸ
824 4323 959 4383 εὐθές
982 4321 1268 4395 ὁδηγηθεῐεν
1291 4364 1305 4387 ,
1336 4322 1656 4393 λογίσασθαι.
1681 4322 1803 4377 Ἀλλ’

204 4416 424 4476 έαυτοῦς
465 4416 678 4471 καθόλου
721 4417 823 4470 άπὸ
862 4422 952 4470 τοῦ
990 4416 1271 4491 βορϐόρου.
1312 4418 1363 4469 έν
1483 4417 1529 4470 οἱ
1558 4417 1802 4487 αἶρετικοί

205 4508 578 4567 καταποθέντες
602 4509 951 4579 κεκράτηνται,
972 4508 1338 4572 άποσπάσατε,
1358 4509 1439 4560 καί
1461 4507 1801 4571 έκτινὰξαντες

1904 3301 2011 3357 lam
2040 3317 2191 3361 suam
2222 3302 2507 3371 deserunt,
2544 3305 2643 3375 ipsi
2672 3319 2733 3362 se
2758 3308 3033 3377 periculis,
3064 3310 3259 3380 quibus
3290 3313 3491 3372 lanien-

1904 3402 2014 3460 tur,
2041 3404 2337 3465 exponunt.
2361 3396 2501 3467 Ergo
2532 3412 2674 3453 nunc
2710 3398 2889 3454 saltim
2928 3401 3119 3459 solidis
3151 3405 3394 3473 passibus
3436 3408 3491 3465 in

1902 3486 2045 3541 viam
2078 3486 2325 3553 Patrum,
2357 3488 2424 3543 ad
2452 3504 2610 3559 quam
2637 3491 2961 3559 recurristis,
2995 3493 3268 3552 insistite:
3300 3507 3493 3568 potens
3526 3541 3532 3547 η

1902 3577 2008 3632 erit
2059 3578 2427 3635 misericordia
2477 3580 2603 3645 Dei,
2652 3582 2883 3639 aliorum
2934 3600 3147 3656 quoque
3196 3590 3492 3647 correctio-

1905 3687 2027 3726 nem
2070 3672 2305 3728 meroedi
2348 3683 2565 3738 vestras,
2612 3675 2656 3729 si
2698 3690 2727 3727 a
2768 3676 2919 3731 vobis
2956 3679 3023 3733 ad
3066 3690 3271 3737 rectum
3314 3682 3531 3740 dedu-.

1904 3772 2114 3831 cantur,
2145 3765 2438 3820 ascribere.
2482 3764 2589 3821 Sed
2634 3766 2688 3820 in
2735 3775 2905 3822 totum
2948 3783 3046 3823 vos
3082 3786 3113 3825 a
3168 3787 3356 3839 cauo,
3386 3790 3494 3845 quo

1904 3856 2145 3913 immersi
2176 3856 2415 3913 haeretici
2464 3866 2733 3927 tenentur,
2781 3860 3017 3929 avellite,
3058 3873 3113 3917 et
3159 3866 3494 3923 excutietttes

1904 3954 2299 4011 immunditiam
2318 3955 2547 4025 pulveris
2571 3954 2905 4021 inhaerentis,
2929 3958 3257 4027 generaliter
3274 3960 3493 4017 univer-

1904 4060 1997 4103 sos
2038 4046 2108 4101 ab
2149 4046 2459 4115 apostolicis
2492 4046 2831 4117 dogmatibus
2870 4048 3205 4105 declinantes
3242 4051 3491 4122 religiosa

1903 4136 2258 4194 detestatione
2282 4138 2553 4194 damnate.
2585 4136 2750 4193 Nulla
2791 4140 3006 4195 tenebris
3046 4156 3163 4194 cum
3201 4143 3314 4196 luce
3356 4159 3494 4197 cont-

1904 4231 2080 4285 munia
2110 4228 2161 4300 (ι
2192 4227 2312 4284 Cor.
2341 4230 2443 4299 vt);
2477 4244 2578 4287 nec
2602 4230 2690 4299 qui
2724 4245 2819 4300 per
2846 4240 2990 4287 recta
3018 4232 3208 4288 itinera
3239 4234 3494 4304 gradiun-

1907 4332 2015 4389 tur,
2046 4323 2267 4392 vestigia
2294 4336 2388 4376 sua
2414 4337 2536 4376 eum
2566 4321 2891 4377 deviantium
2920 4338 3105 4379 errore
3133 4325 3488 4397 coniungunt.

1904 4414 2219 4471 Tenendum
2249 4424 2334 4469 est
2373 4414 2496 4469 lidei
2526 4413 2827 4479 vinculum,
2867 4423 2915 4469 et
2950 4414 3224 4471 vitandum
3263 4416 3331 4474 de
3370 4433 3494 4489 per-

1905 4506 2013 4561 lida
2040 4505 2296 4565 societate
2316 4506 2620 4576 contagium
2644 4521 2659 4560 :
2688 4507 2811 4576 quia
2834 4506 3126 4561 secundum
3150 4506 3490 4578 Apostolutn,
3522 4538 3529 4543 -

204 4604 292 4657 τήν
325 4600 558 4671 άκαθαρσ
572 4603 644 4651 ἀν
671 4604 759 4653 τοῦ
792 4605 1049 4672 κονιορτοῦ
1087 4606 1175 4654 τοῦ
1215 4599 1561 4664 κολληθέντος,
1598 4608 1802 4673 γενικῶς

1907 4597 2358 4668 quemadmodum
2380 4597 2468 4668 qui
2491 4597 2716 4652 adhaeret
2745 4596 2966 4651 Domino
2987 4614 3118 4652 unus
3146 4600 3360 4664 spiritus
3379 4610 3450 4655 est
3470 4616 3493 4657 :

203 4690 445 4751 ἅπαντας
478 4693 601 4751 τούς
640 4691 742 4743 άπὸ
778 4698 877 4745 τῶν
905 4689 1264 4745 ’Δποστολικῶν
1294 4688 1562 4763 δογμάτων
1598 4691 1801 4746 ἀποκλί-

202 4803 424 4848 ναντας,
471 4783 680 4838 εὐσεϐεῖ
712 4785 1013 4862 ἀποκηρύξει
1052 4784 1401 4855 κατακρίνατε.
1438 4800 1457 4833 ε
1482 4782 1705 4855 Οὐδεμία
1729 4792 1802 4857 τῷ

201 4874 387 4932 σκότει
422 4878 555 4950 πρὸς
585 4877 643 4930 τό
674 4883 774 4948 φῶς
803 4878 1052 4941 κοινωνία,
1086 4896 1103 4927 ι
1134 4874 1251 4931 οὔτε
1281 4878 1325 4931 οἱ
1361 4874 1445 4932 διά
1474 4884 1572 4931 τῶν
1608 4878 1803 4933 εὐθειῶν

200 4966 333 5022 ὁδῶν
364 4965 665 5038 βαδίζοντες
695 4968 759 5023 τά
786 4968 980 5022 έαυτών
1005 4965 1130 5039 ἴχνη
1158 4970 1289 5040 μετά
1316 4974 1413 5021 τῶν
1444 4967 1800 5023 άποκλινόντων

197 5062 402 5121 πλάνης
428 5062 764 5115 συνάπτουσι.
788 5063 1160 5133 Κατασχετέος
1186 5065 1297 5117 ἐστί
1320 5070 1412 5122 τῆς
1434 5064 1654 5125 πίστεως
1681 5065 1803 5118 σύν-

195 5150 429 5223 δεσμος,
475 5157 561 5207 καὶ
607 5156 930 5229 παραιτητέα
973 5157 1003 5213 ἡ
1044 5156 1097 5212 ἐκ
1140 5164 1230 5215 τῆς
1279 5157 1501 5211 άπίστου
1550 5158 1803 5217 κοινωνίας

194 5242 373 5315 λύμη,
423 5241 500 5299 ὅτι
542 5246 673 5299 κατά
702 5247 788 5299 τὸν
822 5246 1127 5303 ’Δπόστολον
1148 5289 1160 5311 ,
1210 5264 1227 5297 ε
1253 5244 1305 5301 δν
1342 5248 1530 5321 τρόπον
1562 5246 1588 5302 ό
1624 5247 1804 5303 ἑαυτὸν

193 5336 533 5414 προσκολλῶν
561 5345 635 5409 τῷ
664 5341 836 5413 κυρίῳ
866 5337 914 5392 ἓν
953 5340 1153 5412 πνεῦμά
1185 5341 1347 5402 έστιν,
1381 5339 1593 5402 ούτωςό
1625 5341 1807 5395 κολλώ-

192 5453 356 5503 μενος
487 5432 647 5509 πόρνη
676 5430 723 5485 ἓν
757 5434 941 5502 γίνεται
973 5440 1153 5501 σῶμα’
1188 5452 1204 5484 ι
1238 5434 1505 5505 ἀγαπῶσιν
1533 5434 1585 5488 αί
1621 5432 1811 5513 άρεταί’

192 5533 293 5590 τάς
325 5527 551 5587 ἀλλήλων
580 5531 863 5589 κοινωνίας,
896 5532 981 5583 καί
1009 5532 1130 5589 τούς
1156 5529 1489 5599 κολλωμένους
1529 5531 1656 5606 αὐτῇ
1699 5532 1806 5600 μεθ’

191 5626 400 5683 εαυτῆς
420 5623 450 5679 ἧ
467 5622 678 5678 ἀσέϐεια
698 5623 749 5677 έν
768 5629 841 5695 τῷ
863 5623 1004 5697 βυθῷ
1025 5626 1392 5686 καταποντίῖει.
1416 5620 1494 5675 Ἐν
1517 5624 1805 5696 ὀφθαλμοῖς,

195 5721 248 5771 έν
275 5726 362 5790 τῷ
398 5718 613 5789 στόματι
631 5758 644 5780 ,
676 5716 727 5769 έν
757 5718 939 5777 αὐταῖς
968 5725 1079 5776 ταῖς
1112 5719 1294 5790 χερσίν
1324 5720 1422 5772 εἰσι
1449 5724 1550 5770 τῶν
1578 5717 1808 5790 πατέρων

194 5812 264 5883 τά
294 5809 558 5874 der/uasta,
590 5808 619 5862 ά
643 5810 909 5869 φυλάττειν
936 5806 1280 5876 {mmma-
1312 5809 1421 5863 καθ’
1444 5810 1660 5868 ἑκάστην
1680 5810 1805 5881 πρὸς

1906 4692 1985 4747 ita
2011 4690 2098 4759 qui
2114 4689 2337 4745 adhaeret
2360 4690 2629 4755 meretrici,
2648 4706 2807 4743 utrum
2834 4706 3018 4758 corpus
3043 4691 3253 4761 eﬂicitur
3270 4690 3491 4764 (lbid.):

1908 4794 2091 4841 amant
2132 4783 2359 4838 virtutes
2388 4782 2609 4852 collegia
2640 4796 2733 4836 sua
2762 4800 2774 4834 :
2809 4792 2863 4837 et
2904 4782 3244 4840 adhaerentes
3273 4785 3375 4840 sibi
3407 4801 3493 4844 se-

1906 4893 2030 4935 cum
2071 4875 2321 4947 impietas
2360 4876 2411 4930 in
2442 4874 2704 4945 profunda
2734 4874 3038 4947 demergit:
3072 4877 3124 4929 iu
3164 4887 3490 4949 conspectu,

1908 4970 1961 5027 in
1990 4968 2183 5037 oculis,
2215 4968 2268 5023 in
2298 4981 2416 5034 ore,
2445 4966 2498 5022 in
2531 4967 2663 5037 ipsis
2699 4967 2943 5022 manibus
2985 4976 3112 5022 sunt
3158 4968 3375 5025 Patrum
3404 4970 3494 5025 do-

1906 5070 2084 5135 gmata
2114 5076 2234 5130 qua:
2258 5059 2612 5116 custodienda
2643 5061 2961 5118 mandamus
2986 5078 3000 5115 :
3031 5062 3271 5132 quotidie
3302 5078 3399 5120 nos
3424 5063 3491 5120 ad

1906 5153 2374 5210 conservationem
2440 5153 2521 5208 sui
2591 5153 2817 5209 concilia
2868 5153 3170 5209 veneranda
3217 5156 3490 5211 constrin-

1907 5254 2055 5319 gunt.
2083 5246 2326 5316 Longum
2350 5254 2435 5302 est
2458 5246 2726 5316 sigillatim
2750 5246 2998 5301 universa
3026 5256 3272 5302 retexere
3296 5263 3312 5301 :
3336 5247 3492 5301 Chal-
3539 5291 3542 5294 .

1908 5341 2265 5398 cedonensem
2310 5339 2601 5412 synodum.
2651 5340 2701 5395 in
2744 5356 2846 5410 qua
2897 5340 3135 5395 omnium
3189 5338 3529 5397 reverentia

1910 5434 2233 5501 continetur,
2260 5448 2355 5488 seu
2382 5441 2435 5487 et
2459 5432 2751 5488 venerandi
2793 5430 2988 5487 Leonis
3018 5432 3221 5501 prolata
3249 5431 3317 5485 de
3363 5431 3492 5499 ipsis

1910 5528 2273 5601 apostolorum
2306 5528 2613 5599 praecordiis
2646 5527 2885 5582 instituta
2932 5534 2985 5579 et
3016 5540 3177 5579 nosse
3219 5539 3317 5579 nos
3359 5540 3489 5580 con-

1910 5622 2088 5688 venit,
2115 5632 2168 5677 et
2195 5622 2371 5677 tueri:
2406 5622 2456 5675 in
2486 5620 2569 5674 his
2609 5619 2857 5674 vexillum
2892 5616 3009 5669 ﬁdei
3031 5655 3045 5679 ,
3079 5616 3130 5669 in
3164 5616 3247 5671 his
3294 5634 3489 5688 propu-

1908 5713 2192 5786 gnaculum
2238 5714 2514 5769 veritatis:
2546 5711 2597 5766 in
2639 5711 2721 5765 bis
2763 5707 3010 5763 Christus
3059 5710 3391 5779 agnoscitun‘;
3437 5712 3489 5767 in

1911 5807 1995 5864 liis
2029 5804 2414 5877 redemptionis
2444 5810 2639 5859 nostra:
2670 5815 2792 5871 spes
2820 5809 2873 5855 et
2897 5814 3057 5856 causa
3086 5812 3348 5859 servatur.
3381 5802 3492 5863 lloc
