3998 6368
503 293 610 358 ηδ
1823 276 2081 336 HORMIS

2190 272 2201 330 Ξ
2236 272 2439 330 ΡᾹΡᾹΞ
3667 265 3769 326 ω

505 407 718 466 abunde
744 404 976 463 decretis
998 395 1372 458 ecclesiasticis
1397 408 1491 451 vos
1520 390 1809 458 docebunt,
1836 402 1891 445 ut
1920 403 2077 459 agno-
2106 390 2157 447 Δ
2185 391 2277 455 put
2305 380 2555 437 Ecclesiae
2583 380 2847 447 Christus,
2885 378 3083 437 Christi
3102 386 3280 436 autem
3306 380 3485 437 vicarii
3510 376 3771 436 sacerdo-

505 512 717 560 sceutes
751 508 807 556 et
832 498 1113 567 impiorum
1144 491 1644 562 transgressionem,
1688 500 1739 543 et
1780 484 2087 556 apostolica:
2193 488 2290 543 tes,
2322 476 2399 531 sic
2420 475 2549 530 etin
2579 475 2838 546 eligendis
2862 476 2944 530 his
2966 487 3147 528 curam
3178 483 3393 545 oportet
3419 487 3538 529 esse
3568 470 3776 543 perspi-

507 592 653 649 sedis
681 605 882 653 curam,
916 601 1013 658 pro
1044 587 1256 641 Patrum
1284 583 1482 654 regulis
1504 580 1880 644 excubantem,
1908 586 2090 632 osten-
2188 589 2363 630 cuam.
2406 571 2914 643 lrreprehensibiles
2953 573 3097 629 enim
3155 586 3278 628 esse
3322 572 3594 634 convenit,
3643 581 3779 638 quos

507 685 644 739 datis
675 696 768 736 vos
799 692 1017 750 perosos
1052 678 1267 749 (perosa
1299 673 1520 743 habere)
1550 672 1921 726 damnatorum
1957 682 2088 723 con-
2188 678 2426 737 praeesse
2455 678 2679 720 necesse
2725 672 2811 720 est
2851 664 3184 735 corrigendis
3215 682 3225 715 :
3260 677 3358 717 nec
3401 660 3661 733 quidquid
3705 659 3779 715 illi

506 776 694 839 sortia,
724 782 777 827 et
802 786 983 827 amare
1014 769 1271 826 ﬁdelium.
1304 768 1367 822 Et
1401 766 1525 836 quia
1548 779 1643 832 per
1674 760 2088 817 insinuationem
2189 758 2378 813 deesse
2406 764 2667 825 persona,
2702 772 2865 827 penes
2893 773 3053 828 quam
3081 764 3167 813 est
3192 756 3437 827 religioni
3474 769 3685 810 summa
3724 763 3780 809 et

506 869 804 925 dilectionis
846 877 949 923 ture
978 867 1134 935 huius
1164 864 1320 920 nobis
1346 871 1427 918 est
1471 860 1571 916 via:
1611 858 1870 929 patefacta
1905 856 2089 927 Provi-
2190 851 2489 908 substantia
2516 850 2834 921 disciplima.
2880 850 3137 906 )Estimet
3182 850 3303 920 quis
3330 849 3558 919 pretium
3604 847 3784 902 domi-

506 962 683 1016 deutia
712 960 806 1028 (al.
824 959 1127 1033 prudentia.
1160 953 1379 1025 Hann),
1410 966 1815 1008 remuneramus
1836 949 2092 1006 sollicitu-
2194 944 2297 1001 nici
2342 945 2542 1016 gregis,
2579 952 2637 998 ut
2674 944 2807 999 sciat
2836 944 2976 1014 quod
3005 946 3254 1000 meritum
3286 942 3646 999 constituendi
3691 941 3787 997 de-

506 1051 684 1109 dinem
714 1060 878 1119 tuam,
909 1060 964 1106 et
990 1048 1217 1106 servatis
1238 1044 1526 1114 privilegiis
1555 1042 2090 1113 metropolitanorum
2193 1047 2313 1093 ceat
2336 1053 2457 1093 esse
2482 1037 2735 1108 pastoris.
2760 1037 2874 1092 Hoc
2904 1038 2974 1093 ita
3002 1037 3115 1106 fiet,
3143 1039 3188 1092 si
3219 1052 3325 1092 non
3354 1036 3640 1093 sacerdotii
3667 1052 3788 1107 gra-

506 1144 650 1199 vices
678 1143 828 1199 vobis
856 1141 1163 1213 apostolicae
1208 1138 1352 1211 sedis
1393 1144 1615 1192 eatenus
1655 1134 1983 1204 delegamus,
2034 1142 2095 1188 ut
2192 1130 2295 1186 dus
2319 1131 2455 1186 saltu
2489 1129 2721 1199 quodam
2755 1130 2952 1200 passim
2982 1129 3132 1185 laicis
3163 1129 3579 1186 transferantur.
3606 1129 3787 1200 Longa

506 1236 764 1305 inspectis
793 1235 932 1302 istis,
960 1235 1077 1290 sive
1116 1247 1178 1289 ea
1228 1246 1349 1301 quae
1396 1229 1461 1283 ad
1511 1242 1744 1283 canones
1793 1225 2089 1298 pertinent,
2193 1224 2353 1281 debet
2380 1224 2544 1278 vitam
2574 1238 2725 1278 suam
2752 1221 3066 1293 probatiOue
3096 1231 3421 1289 monstrare,
3454 1223 3541 1277 cui
3584 1222 3787 1292 gubcr’

507 1327 623 1383 sive
648 1342 707 1382 ea
736 1341 853 1397 qua:
882 1340 911 1379 a
943 1323 1098 1379 nobis
1133 1331 1259 1377 sunt
1286 1335 1456 1389 nuper
1486 1316 1756 1382 mandata,
1790 1322 2090 1381 serventur,
2192 1316 2382 1371 naenia
2413 1314 2824 1371 committuntur
2851 1313 3130 1370 Ecclesize.
3153 1314 3268 1369 Non
3294 1329 3552 1385 negamus
3582 1325 3708 1368 esse
3739 1313 3788 1367 iu

507 1419 622 1474 sive
647 1432 710 1473 ea
751 1432 872 1488 qua:
901 1416 967 1471 de
996 1412 1380 1471 ecclesiasticis
1409 1410 1588 1465 causis
1632 1417 1735 1463 tuae
1780 1405 2089 1461 revelationi
2193 1406 2343 1461 laicis
2375 1407 2482 1463 Deo
2509 1406 2735 1476 placitos
2772 1421 2973 1473 mores,
3003 1406 3097 1461 sed
3142 1406 3339 1461 milites
3368 1420 3496 1461 suos
3527 1398 3792 1474 probatos

507 1509 845 1581 contigerint,
892 1508 991 1563 sub
1041 1514 1128 1560 tua
1176 1504 1329 1559 nobis
1380 1502 1739 1557 insinuatione
1769 1497 2091 1568 pandantur.
2194 1496 2297 1553 sibi
2337 1506 2588 1568 quaerunt
2620 1497 2857 1552 instituta
2892 1496 3086 1553 fidelia.
3134 1498 3353 1554 Discere
3396 1500 3543 1569 prius
3567 1498 3793 1568 quisque

508 1601 622 1658 Erit
647 1602 747 1657 hoc
782 1598 942 1655 studii
970 1612 1034 1652 ac
1071 1592 1448 1650 sollicitudinis
1486 1599 1610 1658 tute,
1659 1598 1717 1645 ut
1768 1588 1926 1642 talem
1959 1595 2009 1642 te
2038 1587 2091 1641 in
2194 1589 2354 1644 debet
2379 1599 2666 1661 antequam
2697 1591 2925 1654 doceat;
2957 1598 3011 1644 et
3040 1589 3345 1659 exemplum
3372 1590 3643 1660 religiosae
3665 1604 3793 1644 con-

507 1692 591 1749 his
616 1710 734 1765 quae
763 1691 1105 1762 iniunguntur
1131 1687 1406 1751 exhibeas,
1438 1692 1497 1739 ut
1525 1682 1681 1737 fidem
1706 1680 2093 1750 integritatem-
2194 1682 2511 1737 versationis
2528 1683 2596 1737 de
2622 1697 2679 1737 se
2706 1683 2881 1752 potius
2908 1682 3028 1737 aliis
3057 1692 3349 1752 praestare,
3379 1698 3536 1753 quam
3553 1687 3791 1738 sumere.

508 1800 613 1855 que
642 1783 780 1854 ejus,
807 1783 957 1853 cujus
1002 1794 1184 1836 curam
1233 1775 1487 1847 suscipis,
1560 1774 1801 1829 imiteris.
1860 1773 1989 1827 Data
2039 1787 2091 1827 tv
2121 1776 2171 1839 Β
2198 1773 2647 1829 Emendationem
2676 1789 2799 1829 esse
2839 1776 3091 1830 convenit
3121 1776 3340 1844 populo,
3371 1789 3531 1844 quem
3574 1789 3794 1830 necesse

510 1894 678 1933 nonas
706 1876 920 1947 Aprilis,
944 1876 1169 1946 Agapito
1188 1872 1256 1930 Ἴ.
1280 1872 1342 1928 C.
1369 1870 1592 1927 consule
1615 1868 1767 1941 (Era
1792 1884 1912 1925 nev.
1938 1868 2093 1923 Anno
2199 1876 2282 1922 est
2309 1881 2465 1921 orare
2491 1881 2586 1935 pro
2619 1866 2838 1936 p0pulo.
2884 1866 3066 1936 Longa
3096 1867 3471 1922 observatione
3511 1866 3793 1936 religiosus

508 1972 635 2028 Chr.
672 1969 774 2025 517
808 1970 858 2024 iu
888 1983 992 2025 ms.
1024 1966 1257 2036 codice).
2200 1959 2373 2015 cultus
2411 1958 2671 2024 tradatur,
2706 1968 2762 2013 ut
2793 1959 2988 2023 luceat,
3030 1966 3085 2013 et
3130 1958 3470 2013 clericalibus
3521 1957 3795 2028 obsequiis

1030 2058 1363 2117 EPISTOLA
1404 2057 1571 2114 XXV.
2200 2049 2523 2107 erudiendus
2549 2050 2821 2115 inserviat,
2850 2060 2906 2105 ut
2928 2050 2997 2105 ad
3030 2048 3322 2105 venerandi
3352 2048 3551 2120 gradus
3581 2063 3794 2104 summa

785 2172 850 2210 an
890 2167 1173 2210 UNIVERSOS
1212 2163 1492 2207 EPISCOPOS
1532 2161 1814 2202 ntsmvut.
2201 2144 2525 2214 perductus,
2555 2144 2644 2213 qui
2680 2141 2974 2198 sitfructus
3023 2140 3340 2198 humilitatis
3385 2142 3659 2197 ostendat.
3689 2140 3796 2195 Nec

521 2248 573 2305 1.
618 2245 694 2315 De
723 2244 1066 2300 sacerdotibus
1087 2247 1242 2315 juxta
1272 2249 1465 2295 statuta
1491 2253 1744 2292 canonum
1773 2235 2095 2291 ordinandis.
2172 2234 2319 2289 ‘leve
2348 2234 2446 2288 nec
2477 2248 2701 2288 vacumn
2756 2232 2875 2298 fuit,
2906 2232 3047 2302 quod
3098 2246 3197 2287 nec
3241 2230 3380 2302 apud
3410 2242 3623 2287 veteres
3672 2232 3796 2301 qui-

614 2314 698 2390 ῘΙ.
743 2333 809 2390 Ut
850 2350 940 2405 pro
962 2314 1249 2402 episcopatu
1271 2330 1533 2402 praemium
1558 2344 1659 2381 non
1686 2327 1991 2395 accipiatur.
2201 2326 2349 2392 dem,
2372 2325 2472 2380 nisi
2499 2323 2722 2380 Levitici
2746 2327 2959 2395 generis
2986 2323 3109 2392 viri,
3135 2323 3202 2378 ad
3230 2332 3415 2378 sancta
3439 2320 3797 2378 admitteban-

612 2424 731 2480 111.
774 2423 850 2477 De
881 2424 1095 2477 concilio
1120 2439 1206 2491 per
1231 2438 1392 2475 annos
1421 2420 1645 2491 singulos
1676 2417 2000 2472 celebrando.
2205 2427 2289 2472 tur
2318 2416 2526 2481 altaria,
2548 2431 2616 2471 ne
2643 2418 2897 2486 pessime,
2933 2415 3139 2471 meritis
3179 2416 3524 2485 contemptis,
3551 2423 3645 2469 aut
3676 2429 3799 2484 pre-

578 2514 953 2570 Dilectissintis
986 2513 1237 2568 fratribus
1268 2511 1532 2565 universis
1559 2508 1829 2579 episcopis
1862 2522 1957 2578 per
1988 2506 2100 2562 His-
2204 2511 2299 2577 tio,
2331 2517 2422 2563 aut
2468 2511 2886 2578 prtesumptione
2916 2508 2981 2562 ad
3021 2522 3205 2562 sacros
3230 2507 3406 2562 cultus
3447 2507 3618 2576 impar
3643 2522 3799 2562 acce-

509 2609 719 2680 pauiam
744 2606 1047 2662 constitutis
1076 2603 1378 2659 llortnisda.
2202 2601 2376 2656 deret.
2423 2599 2574 2655 Tunc
2600 2600 2902 2670 migrabant
2939 2616 3035 2670 per
3065 2601 3211 2655 illam
3258 2600 3671 2671 praerogativam
3720 2602 3802 2653 fa.

581 2699 869 2756 Benedicta
913 2696 1154 2753 Trinitas
1204 2696 1344 2751 Deus
1392 2702 1594 2759 noster,
1638 2693 1726 2764 qui
1770 2707 1864 2763 per
1891 2691 2101 2748 miseri—
2205 2693 2470 2747 miliarum
2504 2690 2569 2745 ad
2620 2691 2865 2754 instituta
2908 2692 3173 2746 cultorum
3208 2708 3223 2747 :
3272 2705 3413 2746 nunc
3440 2701 3521 2747 est
3553 2691 3800 2751 doctrina

511 2792 746 2850 cordiam
806 2806 958 2848 suam
1012 2790 1266 2844 Romana:
1326 2786 1634 2856 reipublicae
1683 2799 1777 2855 per
1824 2784 2100 2838 universas
2206 2801 2303 2856 pro
2330 2800 2550 2855 genere.
2600 2785 2755 2851 Quod
2785 2785 2892 2840 illis
2932 2785 3032 2840 fuit
3061 2787 3233 2853 nasci,
3282 2787 3385 2841 hoc
3414 2786 3570 2842 nobis
3601 2787 3798 2843 imbui.

510 2896 686 2958 partes
716 2899 829 2939 suae
854 2884 998 2954 pacis
1022 2880 1406 2950 tranquillitate
1442 2878 1656 2943 diliusa,
1702 2877 1857 2932 nobis
1886 2890 2100 2947 quoque
2182 2877 2329 2932 'lllos
2352 2876 2697 2932 tabernaculo
2718 2875 2880 2931 dabat
2908 2886 3119 2943 natura,
3152 2892 3251 2932 nos
3277 2878 3533 2934 altaribus
3564 2879 3800 2946 parturit

509 2979 646 3031 viam
690 2974 1125 3030 demonstranda:
1162 2973 1300 3025 circa
1344 2986 1441 3024 nos
1484 2969 1711 3024 invicem
1742 2968 1983 3023 caritatis
2013 2965 2098 3022 in-
2204 2970 2507 3036 disciplina.
2529 2968 2637 3025 Nec
2656 2978 2858 3024 tantum
2884 2972 2949 3024 de
2972 2970 3123 3025 laicis
3144 2972 3447 3026 consecrari
3471 2972 3799 3037 iuhibemus,

509 3066 691 3130 dulsit,
719 3063 778 3119 ut
815 3064 903 3133 qui
936 3062 1271 3116 coltmremus
1318 3058 1569 3112 firmitate
1608 3056 1762 3121 fidei,
1812 3058 2100 3127 iungamur
2203 3064 2297 3119 sed
2327 3079 2425 3119 nec
2456 3063 2523 3119 de
2548 3062 2926 3134 penitentibus
2956 3064 3172 3134 quidem
3201 3069 3484 3134 quisquam
3510 3066 3579 3121 ad
3607 3067 3800 3137 huius.

510 3173 720 3228 quoque
764 3155 939 3209 votiva
988 3152 1325 3222 iucunditate
1372 3150 1645 3219 colloquii,
1704 3165 1810 3220 quo
1856 3150 2095 3217 facilius,
2124 3164 2169 3226 ο
2206 3157 2347 3212 modi
2393 3156 2613 3227 gradum
2659 3155 2918 3225 profanus
2947 3165 3239 3212 temerator
3282 3159 3500 3229 aspiret.
3541 3160 3691 3216 Satis
3721 3161 3801 3219 illi

510 3251 633 3305 qu...
668 3262 760 3318 per
782 3248 1075 3300 litterarum
1105 3243 1398 3298 ministeria
1444 3242 1509 3296 ad
1542 3258 1639 3297 vos
1668 3257 1837 3312 usque
1882 3255 2097 3312 perten-
2200 3253 2494 3325 postulanti
2524 3254 2594 3308 sit
2619 3253 2794 3308 venia.
2828 3253 2943 3321 Qua
2969 3255 3298 3310 conscientia
3332 3256 3579 3312 absolvat
3619 3275 3801 3323 reum,

510 3340 704 3405 dimus,
739 3339 901 3396 etiam
932 3337 1093 3391 corda
1126 3343 1299 3390 veslra
1321 3334 1387 3389 ad
1410 3335 1716 3405 religiosum
1743 3337 1944 3391 θυὶιυῐη
1967 3352 2098 3405 ano-
2198 3347 2286 3418 qui
2316 3360 2375 3401 se
2401 3356 2619 3416 peccata
2652 3361 2745 3401 sua
2778 3346 2973 3417 populo
3001 3347 3102 3403 scit
3128 3357 3263 3403 teste
3291 3350 3640 3405 confessum?
3669 3352 3803 3419 Quis

510 3432 711 3488 stolicis
749 3429 1203 3486 admonitionibus
1234 3429 1518 3483 incitemus
1546 3446 1557 3480 :
1590 3438 1644 3484 et
1682 3430 1808 3484 dum
1849 3430 2095 3486 dileétio-
2197 3443 2369 3518 (ωειλ)
2400 3440 2566 3509 enim,
2610 3455 2768 3510 quem
2799 3441 2958 3509 paulo
2987 3450 3113 3497 ante
3137 3439 3273 3496 vidit
3312 3444 3605 3512 iacentem,
3633 3459 3803 3498 νεηο.

510 3526 592 3579 nis
620 3534 813 3577 nostra:
838 3523 1029 3593 pignus
1060 3521 1332 3576 reddimus
1356 3522 1501 3576 velut
1528 3522 1797 3591 quoddam
1834 3523 2094 3590 debitum,
2199 3542 2345 3588 retur
2375 3533 2709 3587 antistitem?
2768 3530 3067 3587 meerens
3118 3534 3457 3604 (perferens)
3505 3535 3803 3595 miserandi

510 3619 725 3689 plenum
749 3616 890 3669 circa
921 3615 1084 3668 Deum
1120 3624 1480 3670 monstremus
1510 3614 1777 3669 allectum.
1805 3616 2099 3685 Jungamus
2200 3625 2440 3680 criminis
2470 3625 2664 3691 labem,
2694 3640 2800 3680 non
2834 3624 2993 3680 liabet
3030 3625 3257 3682 lucidam
3300 3627 3587 3683 sacerdotii
3619 3630 3803 3703 digni-

511 3712 691 3780 igitur,
746 3707 1077 3763 dilectissimi
1137 3708 1360 3775 fratres,
1419 3709 1702 3763 continuas
1757 3717 1811 3764 et
1866 3710 2097 3767 humiles
2204 3728 2387 3773 tatem.

509 3818 718 3873 preces,
747 3811 801 3855 et
842 3801 1124 3856 Dominum
1150 3811 1392 3856 nostrum
1424 3803 1533 3857 oris
1561 3812 1615 3858 et
1642 3804 1818 3859 cordis
1846 3804 2096 3876 lacrymis
2329 3862 2335 3876 ,
2972 3813 3039 3869 ll.

509 3897 867 3969 supplicantes
892 3895 1002 3965 jugi
1028 3893 1407 3964 deprecatione
1437 3910 1740 3967 poscamus,
1774 3907 1831 3952 ut
1860 3907 1910 3954 et
1939 3897 2095 3953 iusti-
2274 3878 2383 3959 "6c
2409 3917 2622 3974 quoque
2669 3903 2735 3959 ad
2779 3903 3058 3973 praemissa
3088 3903 3446 3973 adiungimus,
3478 3919 3545 3959 ne
3576 3905 3806 3960 benedi.

508 3990 713 4045 tutione
745 3996 798 4041 et
829 4001 993 4056 Opere
1020 3983 1093 4040 illi
1121 3985 1271 4055 cujus
1294 4001 1413 4041 esse
1448 3989 1687 4042 membra
1710 3989 1956 4058 cupimus
1989 3990 2096 4045 hae-
2198 3996 2453 4059 stionem,
2488 4009 2607 4064 qua:
2650 3994 2827 4048 divina
2858 4008 2977 4049 esse
3002 3994 3238 4049 creditur
3288 4010 3381 4063 per
3405 3996 3808 4064 impositionent

508 4095 723 4138 reamus
754 4097 765 4133 :
818 4094 916 4134 nec
946 4095 1174 4149 unquam
1222 4080 1291 4135 ab
1323 4081 1411 4135 illa
1457 4082 1537 4135 via
1580 4100 1700 4152 qua:
1742 4083 1986 4139 Christus
2015 4096 2098 4141 est
2219 4100 2428 4151 manus,
2454 4085 2573 4154 quis
2594 4087 2765 4155 pretio
2792 4095 3067 4154 comparet
3098 4103 3113 4140 :
3151 4086 3402 4156 quoniam
3444 4095 3570 4140 ante
3608 4087 3807 4142 oculos

509 4174 664 4229 devio
702 4172 913 4226 tramite
942 4171 1290 4250 declinemus,
1342 4187 1409 4227 ne
1440 4173 1507 4225 ab
1533 4187 1598 4226 co
1637 4173 1780 4243 juste
1812 4190 1966 4245 quem
2000 4192 2096 4232 nos
2197 4194 2316 4234 esse
2342 4178 2612 4243 convenit,
2646 4179 2785 4248 quod
2817 4178 3001 4234 Simon
3043 4178 3300 4247 Spiritum
3330 4188 3575 4233 sanctum
3615 4181 3811 4236 volens

510 4263 669 4331 impie
712 4262 1065 4332 relinquimus
1114 4265 1446 4317 descramur.
1497 4266 1649 4331 Quod
1704 4282 1823 4321 cum
1878 4271 2093 4336 superni
2206 4270 2575 4338 redemptione
2623 4270 2873 4337 mercari,
2926 4270 3156 4339 apostoli
3225 4270 3385 4325 fuerit
3443 4270 3813 4328 detestatione

511 4353 709 4409 favoris
738 4353 937 4408 auxilio
965 4367 1025 4407 ea
1054 4353 1208 4409 nobis
1236 4365 1411 4422 potest
1437 4358 1643 4411 ratione
1662 4412 1663 4415 η
1684 4362 2016 4430 contingere,
2049 4362 2094 4416 si
2205 4376 2487 4434 percussus
2514 4361 2651 4434 (Act.
2675 4360 2811 4430 vtn).
2836 4360 2986 4417 Tunc
3013 4360 3207 4417 deinde
3226 4362 3347 4431 quis
3380 4377 3485 4418 non
3519 4364 3628 4420 vile
3656 4372 3811 4433 putat

510 4448 802 4518 apostolica
853 4447 1122 4515 dogmata,
1174 4449 1216 4501 si
1251 4446 1464 4503 Patrum
1499 4452 1745 4506 mandata
1793 4468 2090 4509 servemus.
2201 4471 2323 4511 esse
2350 4454 2488 4523 quod
2534 4455 2820 4508 venditur?
2861 4455 3020 4510 Istam
3068 4456 3439 4511 sacerdotibus
3486 4458 3815 4514 ordinandi:

512 4540 647 4593 Dicit
673 4539 813 4593 enim
855 4538 1112 4593 Dominus
1152 4548 1334 4593 noster
1363 4560 1375 4594 :
1414 4542 1515 4607 Qui
1559 4541 1724 4612 diligit
1754 4560 1833 4598 me
1856 4584 1869 4607 ,
1911 4561 2105 4600 sermo-
2133 4547 2186 4609 D
2213 4548 2562 4605 reverentiam
2595 4557 2771 4602 servet
2806 4547 3020 4613 electio,
3052 4557 3109 4602 ut
3139 4550 3188 4601 in
3221 4548 3370 4617 gravi
3398 4563 3678 4605 murmure
3706 4566 3815 4619 po-

511 4650 625 4686 nem
676 4648 841 4685 meum
870 4632 1115 4698 servabit,
1159 4643 1206 4686 et
1240 4631 1395 4685 Pater
1426 4650 1565 4687 meus
1592 4636 1769 4706 diliget
1797 4654 1930 4701 eum,
1957 4649 2002 4691 et
2033 4640 2101 4691 ad
2208 4642 2454 4710 pulcrum
2486 4639 2723 4694 divinum
2772 4639 3021 4694 credatur
3060 4656 3180 4696 esse
3220 4641 3505 4710 judicium.
3557 4642 3637 4697 lbi
3666 4643 3820 4704 enim

512 4744 626 4781 cum
673 4726 927 4778 veniemus
989 4766 1002 4788 ,
1034 4736 1081 4779 et
1137 4727 1449 4779 mansionem
1501 4728 1639 4795 apud
1695 4744 1809 4780 eum
1858 4731 2102 4799 faciemus
2212 4735 2372 4796 licus,
2403 4732 2491 4787 ubi
2529 4733 2756 4800 simplex
2795 4733 2912 4787 sine
2954 4734 3215 4802 pravitate
3259 4748 3577 4792 consensus.
3616 4736 3822 4795 Verum

516 4819 695 4887 (Joan.
728 4816 863 4887 nv).
919 4816 982 4869 Et
1028 4816 1154 4871 licet
1206 4818 1321 4870 haec
1376 4820 1579 4887 possint
1608 4819 1930 4888 generaliter
1965 4823 2103 4877 dicta
2209 4841 2307 4879 nec
2336 4826 2471 4878 hanc
2501 4825 2715 4894 quidem
2757 4836 2963 4894 partem
2988 4826 3369 4882 sollicitudinis
3397 4837 3453 4882 et
3482 4829 3825 4885 admonitio-

513 4911 763 4965 suflicere
793 4919 848 4963 ut
879 4910 961 4963 vel
1003 4909 1331 4965 declinemus
1374 4921 1569 4976 errata,
1621 4913 1704 4966 vel
1743 4914 2105 4969 custodiamus
2212 4920 2292 4973 nis
2322 4919 2645 4983 omittimus,
2671 4934 2737 4972 ne
2760 4921 2841 4973 vel
2871 4922 2965 4974 ille
2987 4934 3045 4974 se
3073 4922 3279 4991 aculpa
3296 4922 3527 4977 aestimet
3554 4924 3827 4992 alienum,

466 5058 469 5063 ,
513 5002 775 5059 catholica
823 5000 1136 5063 constituta,
1190 5008 1363 5054 tamen
1412 5002 1531 5071 quia
1578 5000 1799 5057 Joannis
1838 5001 2018 5060 fratris
2049 5016 2104 5060 et
2210 5012 2321 5081 qui,
2354 5011 2457 5065 etsi
2488 5011 2603 5079 ipse
2632 5012 2848 5080 quidem
2896 5015 3314 5083 arcdemptioue
3343 5013 3498 5080 liber,
3550 5017 3828 5074 initiave-

514 5095 817 5165 coepiscopi
868 5092 1038 5149 nostri
1087 5091 1242 5147 nobis
1291 5092 1650 5148 insinuatione
1679 5096 1945 5167 vulgatum
1996 5106 2098 5163 est,
2213 5104 2277 5158 tit
2310 5104 2683 5160 benedictione
2708 5106 2929 5176 mystica
2955 5107 3312 5173 sacerdotem,
3348 5118 3402 5164 et
3429 5118 3611 5165 tamen
3636 5110 3706 5163 ad
3738 5112 3831 5164 al.

514 5200 699 5245 contra
721 5202 982 5242 canonum
1011 5187 1364 5241 reverentiam
1394 5188 1643 5241 nonnulla
1664 5190 1937 5258 prtesumi,
1966 5193 2103 5261 peri-
2213 5196 2381 5249 terius
2433 5196 2694 5266 redempti
2744 5198 3071 5253 voluntatem
3120 5201 3201 5254 vel
3253 5210 3447 5271 sponte
3496 5200 3555 5255 iu
3601 5201 3704 5257 hoc
3730 5203 3833 5257 vel

513 5284 709 5348 culum,
742 5281 882 5349 quod
912 5281 1219 5336 doctoribus
1249 5280 1490 5336 imminet
1514 5281 1580 5337 de
1614 5284 1973 5340 taciturnitate
2004 5286 2099 5342 de-
2214 5290 2534 5344 necessitate
2574 5292 2930 5346 consenserit.
2964 5292 3100 5359 Quid
3133 5295 3361 5362 prodest
3391 5294 3467 5349 illi
3500 5309 3831 5352 suoerrore

517 5375 741 5439 clinaus,
774 5383 827 5429 ct
858 5374 1163 5445 prophetica
1187 5388 1319 5430 voce
1342 5386 1714 5445 compunctus,
1744 5393 1846 5446 qua
1873 5379 2095 5435 dicitur:
2215 5394 2320 5433 non
2371 5379 2555 5450 pollui,
2602 5382 2691 5451 qui
2724 5398 3046 5438 consensum
3096 5395 3317 5455 praestat
3342 5386 3583 5442 erranti?
3616 5387 3838 5446 Procul

517 5465 775 5537 Loquere,
807 5483 871 5521 ne
912 5476 1077 5521 tacens
1110 5464 1269 5529 (Isai.
1303 5465 1477 5537 xvtu),
1507 5468 1846 5536 generalibus
1888 5470 2100 5526 edicen-
2213 5471 2372 5525 dubio
2404 5484 2587 5527 contra
2616 5474 2866 5529 mandata
2888 5477 3178 5531 committit
3210 5486 3265 5532 et
3286 5478 3378 5548 qui
3429 5479 3591 5535 habet
3620 5494 3838 5548 pecca~

513 5557 641 5611 dum
671 5558 877 5612 credidi
906 5559 1233 5613 conStitutis.
2211 5572 2319 5616 tum
2350 5565 2652 5632 proprium,
2687 5577 2741 5620 et
2789 5568 2878 5635 qui
2935 5579 3210 5634 peccatum
3260 5569 3506 5637 sequitur
3548 5571 3840 5628 alienum.

1284 5654 1321 5705 Ι.
2211 5659 2479 5712 Incassum
2526 5661 2736 5714 animus
2791 5662 2993 5717 resistit
3045 5664 3345 5731 cupiditati,
3375 5665 3558 5718 sinon
3606 5666 3840 5725 resistit

590 5739 659 5794 Ut
708 5744 757 5793 in
789 5744 1156 5797 sacerdotibus
1195 5742 1531 5805 ordinandis,
1573 5759 1692 5811 qua:
1720 5754 1840 5797 sunt
1869 5761 1899 5799 a
1934 5748 2105 5804 l’atri-
2210 5762 2259 5801 ct
2312 5749 2509 5803 timori.
2562 5753 2840 5807 Adversus
2899 5756 3013 5809 haec
3061 5754 3289 5822 facilius,
3344 5757 3453 5811 Deo
3498 5748 3841 5825 adjuvante,

516 5828 614 5885 ltus
636 5835 939 5896 praescripta
968 5844 1019 5888 et
1042 5834 1257 5888 delinita
1285 5835 1530 5905 cogitetis
1560 5852 1570 5887 :
1601 5836 1722 5906 quia
1752 5838 1885 5892 sicut
1908 5852 1986 5894 est
2017 5856 2106 5896 ca-
2214 5841 2599 5911 providebitur,
2658 5844 2702 5899 si
2757 5844 2900 5902 circa
2960 5848 3406 5919 metropolitanos
3456 5849 3749 5920 privilegia
3786 5866 3825 5905 a
