3998 6368
201 310 369 379 ,tzs

1486 321 1835 377 κιηςτοῐηε
1877 323 1961 377 ΕΤ
2004 323 2334 379 DECIlbITA.

3431 333 3533 386 42b

272 424 461 475 sanctis
492 423 739 478 Patribus
764 428 1049 481 constituta
1098 440 1438 497 permaneant
1465 447 1478 491 ;
1518 430 1561 484 si
1592 441 1857 501 tuetropo-
1890 440 1932 495 Α
1964 434 2084 487 disti
2117 436 2257 488 enim
2291 436 2411 488 boni
2444 436 2759 494 documenta
2808 441 3103 510 pontificis,
3135 442 3260 497 dum
3300 452 3354 498 et
3395 458 3534 513 pra:-

273 512 414 565 litaui
452 512 593 566 circa
630 517 906 583 parochias
938 534 1061 571 suas
1090 520 1332 574 ordinem
1362 536 1516 574 suum
1548 537 1607 575 ea
1633 538 1735 588 qtta
1759 522 1851 576 tle-

272 612 353 655 cet
381 604 732 657 veneratione
776 608 1100 675 custodiam,
1146 623 1200 661 ut
1248 626 1345 663 nec
1386 611 1575 664 electio
1606 613 1849 676 praesulis

272 702 445 761 empta
470 693 629 748 detur
676 698 880 764 pretiis,
929 711 1107 752 etnec
1134 701 1476 769 obsequentis
1524 705 1594 756 sit
1632 705 1849 771 quzesita

272 784 539 849 operibus,
558 786 651 839 sed
679 788 749 840 ita
778 788 878 842 lixa
909 789 1203 844 habeantur
1225 792 1277 844 in
1298 794 1570 856 cordibus,
1600 791 1853 859 quemad-

272 876 479 929 modum
509 878 818 947 releguntur
840 880 890 933 in
913 880 1222 948 Scripturis.
1249 882 1305 935 Si
1337 884 1479 935 nulla
1508 883 1616 936 sint
1637 884 1687 935 itt
1714 892 1853 936 tem-

273 966 370 1033 plis
398 968 730 1034 entptionum
760 971 982 1033 semina,
1018 972 1157 1024 nulla
1186 984 1344 1025 erunt
1381 973 1614 1027 fomenta
1646 974 1849 1028 discor-

273 1058 372 1110 diae
396 1075 411 1121 ;
442 1059 563 1124 sed,
589 1069 845 1128 regnante
867 1064 1113 1128 caritate,
1141 1064 1241 1116 sub
1260 1065 1349 1117 illa
1370 1080 1528 1135 quam
1557 1065 1711 1119 nobis
1736 1080 1854 1133 pro-

274 1150 414 1203 ntisit
442 1150 583 1203 Deus
613 1160 669 1204 et
697 1152 940 1206 retribuit
962 1169 1091 1223 pace
1120 1155 1346 1209 vivatur.

340 1354 421 1406 Ob
463 1354 563 1409 hoc
618 1352 803 1410 Patres
852 1357 1191 1412 Providentia
1234 1374 1334 1428 qua
1376 1360 1606 1430 Spiritus
1640 1369 1855 1414 sant-tus

274 1446 504 1496 cultores
541 1461 671 1498 suos
705 1460 1060 1514 cotupungere
1088 1447 1335 1515 dignatus
1366 1458 1448 1501 est
1486 1450 1687 1503 incitati
1716 1491 1731 1510 ,
1777 1450 1854 1502 his

275 1535 324 1586 itt
363 1551 506 1587 anno
559 1551 653 1603 per
681 1538 959 1604 parochias
1011 1538 1242 1607 singulas
1271 1540 1495 1593 Concilio
1529 1540 1715 1593 haberi
1763 1541 1855 1595 de-

276 1625 397 1677 bere
426 1626 742 1692 docuerunt,
792 1636 849 1680 ut
895 1627 945 1680 itt
975 1643 1135 1681 ttnum
1164 1631 1313 1697 juxta
1357 1631 1585 1684 salubtis
1631 1631 1846 1686 institu-

276 1716 429 1768 tionis
471 1715 718 1784 dogmata
766 1720 1092 1787 congregati,
1131 1736 1225 1787 prn
1255 1722 1634 1775 ecclesiasticis
1678 1725 1854 1776 causis

1954 522 2175 577 dicanda
2211 525 2371 589 facis,
2405 536 2459 579 et
2489 542 2549 579 ea
2580 529 2805 584 suadere
2835 546 2938 585 non
2976 531 3179 585 differs.
3218 533 3543 603 Prterogatid

1956 631 2072 669 vam
2104 618 2169 671 de
2211 620 2377 671 nostri
2423 622 2745 687 sumpsimus
2787 624 3050 679 electione
3074 624 3254 692 judieii
3281 666 3296 690 ,
3326 629 3539 694 quando

1958 706 2007 759 id
2058 718 2109 760 te
2156 718 2349 777 Sponte
2380 711 2624 778 amplecti
2658 713 2912 781 (operari)
2945 713 3227 768 didicimus
3266 715 3408 783 quod
3436 729 3539 768 cm-

1959 799 2086 851 teris
2115 799 2460 866 imperamus.
2494 803 2721 857 Oramus
2748 806 3010 873 siquidem
3040 808 3271 860 divinam
3304 808 3539 862 clemen-

1960 889 2088 944 tiam
2125 891 2325 961 (divina
2382 893 2697 961 beneficia),
2741 909 2963 951 cunctos
2995 908 3047 952 et
3095 898 3208 953 haec
3252 899 3315 952 ad
3364 900 3539 954 studia

1957 982 2332 1038 ecclesiasticae
2350 986 2491 1051 pacis
2515 986 2861 1039 instrumenta
2879 991 3291 1044 transmisimus.
3308 990 3390 1045 'I‘u
3414 1000 3536 1045 vota

1959 1083 2137 1125 nostra
2192 1084 2246 1127 et
2304 1075 2444 1129 ﬁdeli
2502 1077 2846 1146 intelligentia
2901 1094 3073 1147 percet
3096 1080 3214 1143 isti,
3270 1089 3326 1135 et
3375 1083 3536 1136 officii

1960 1163 2200 1228 protinus
2223 1164 2509 1221 devotiOue
2534 1172 2807 1237 complest-
2827 1209 2841 1232 ,
2872 1170 3077 1225 cunctis
3108 1172 3356 1225 fratribus
3386 1174 3536 1226 innoo

1960 1262 2167 1306 tescens
2208 1270 2326 1321 qua:
2358 1271 2451 1324 per
2477 1259 2750 1312 cmlestem
2781 1258 3007 1327 gratitm
3057 1261 3265 1314 cunctis
3294 1260 3535 1328 profutu-

1961 1360 2016 1398 ra
2045 1360 2390 1414 Cognoveras.
2431 1348 2856 1417 Sull‘ragantihus
2889 1350 3048 1416 igitur
3084 1350 3179 1403 tibi
3222 1359 3297 1405 tot
3332 1352 3536 1405 meritis

1962 1436 2060 1503 pie
2100 1437 2475 1492 sollicitudinis
2513 1450 2567 1493 et
2606 1440 2805 1493 laboris
2829 1481 2843 1501 ,
2886 1449 3032 1494 certe
3056 1441 3164 1509 jam
3192 1441 3420 1496 delectat
3450 1442 3537 1497 in-

1956 1529 2175 1597 jungcre
2196 1547 2314 1597 quae
2336 1532 2401 1585 ad
2426 1533 2589 1585 nostri
2614 1548 2796 1586 curam
2821 1541 3031 1587 constat
3062 1533 3220 1587 ofticii
3250 1534 3537 1601 pertinere,

1961 1628 2017 1670 nl
2052 1620 2338 1687 provinciis
2378 1632 2522 1675 tanta
2560 1624 2942 1693 lenginquitate
2982 1623 3290 1692 disjuncris,
3334 1633 3389 1677 et
3417 1638 3539 1678 nos-

1963 1722 2094 1765 tratu
2136 1714 2309 1778 possis
2349 1714 2601 1771 exhibere
2646 1732 2966 1785 personam,
2997 1727 3048 1771 et
3092 1718 3308 1773 Patrum
3342 1720 3541 1789 regulis

276 1807 558 1859 tractandis
585 1808 750 1862 libere
776 1810 1144 1876 cttnvenirettt,
1182 1820 1239 1864 ut
1283 1811 1327 1864 si
1355 1814 1502 1879 juxta
1533 1824 1712 1866 vntum
1740 1816 1854 1867 uni-
1893 1812 1931 1869 Β
1960 1805 2214 1859 adhibere
2243 1808 2561 1860 ειιὸιοάἱιιιιι.
2596 1808 2750 1862 Vices
2778 1809 2956 1878 itaque
2991 1818 3201 1862 nostras
3225 1824 3333 1876 .per
3375 1810 3541 1863 Bacti-

278 1910 422 1949 versa
466 1899 790 1963 consistunt,
825 1900 987 1953 Deum
1014 1901 1211 1968 junctis
1253 1903 1488 1970 vocibus,
1523 1903 1611 1970 qni
1643 1916 1856 1972 prteStat

276 1988 595 2053 desiderata,
639 1991 962 2045 collaudent.
1017 1992 1241 2047 Difficile
1270 2004 1353 2047 est
1395 1997 1534 2047 enitn
1580 2007 1635 2048 ut
1680 1997 1857 2064 tujus-

276 2096 426 2145 quam
458 2096 555 2134 cor
583 2084 755 2149 pravis
784 2084 859 2137 sic
882 2084 1293 2153 cogitationibus
1338 2085 1637 2151 induretur,
1664 2095 1720 2139 ut
1744 2104 1771 2138 a
1802 2103 1860 2140 se

278 2177 546 2238 patiantur
575 2173 832 2242 culpanda
877 2178 1012 2242 fieri,
1057 2191 1177 2230 cum
1212 2185 1418 2230 noverit
1459 2177 1578 2247 (sibi
1630 2177 1859 2231 subcun-

277 2264 421 2332 dutn)
446 2279 507 2317 se
528 2264 784 2331 judicium
807 2266 1100 2319 subiturum
1128 2281 1246 2321 esse
1272 2281 1335 2319 co
1376 2267 1504 2321 cilii.
1542 2268 1860 2321 Prteciuctos

276 2353 339 2407 ad
366 2354 504 2406 hanc
536 2357 677 2407 viam
717 2371 927 2424 semper
969 2358 1176 2411 lumbos
1225 2358 1475 2419 habeant,
1508 2360 1744 2413 scientes
1777 2374 1859 2412 ra-

276 2445 472 2496 tionem
508 2454 722 2499 actuum
753 2460 968 2500 suorutn
998 2461 1118 2501 esse
1140 2446 1483 2501 reddendam.
1520 2447 1859 2515 Suspendan-

276 2543 362 2587 tur
380 2535 448 2587 ab
475 2534 676 2589 illicitis
708 2551 801 2603 per
829 2536 1188 2599 formidinem,
1216 2547 1269 2591 et
1289 2538 1374 2606 qui
1401 2538 1737 2606 nequiverint
1761 2554 1857 2606 per

277 2625 553 2690 pudorem.
584 2625 656 2679 De
682 2627 1047 2682 conveniendo
1076 2628 1154 2681 bis
1187 2628 1237 2681 itt
1268 2644 1407 2681 anno
1435 2637 1617 2681 notum
1661 2639 1739 2681 est
1772 2642 1860 2681 ca-

276 2732 442 2769 nones
478 2726 698 2772 sanctos
726 2719 1094 2782 constituisse;
1150 2730 1205 2772 et
1251 2718 1567 2787 prtcfinitunt
1618 2717 1858 2784 quidem,

276 2809 317 2859 si
356 2808 612 2877 possibile
635 2819 736 2874 est,
770 2811 1150 2865 inviolabiliter
1177 2811 1424 2864 convenit
1446 2810 1724 2862 custodiri.
1750 2807 1858 2863 Sed

275 2900 319 2949 si
349 2906 442 2952 aut
462 2910 764 2967 temporum
801 2902 1173 2965 necessitates,
1199 2912 1289 2953 attt
1317 2910 1657 2969 enm-gentes
1686 2912 1862 2953 causa:

278 2991 379 3045 hoc
426 3008 533 3044 non
584 2993 854 3061 patiuntur
888 2992 1117 3061 impleri,
1152 2992 1319 3047 semel
1375 2991 1561 3045 saltem
1604 2998 1866 3060 (quamvis

275 3098 381 3135 non
418 3084 654 3148 licuerit)
697 3086 811 3138 sine
843 3084 945 3137 ulla
976 3084 1319 3137 excusatione
1364 3082 1701 3151 praecipimus
1735 3096 1863 3135 con-

1965 1913 2080 1951 cattt
2115 1897 2545 1966 Lusitaniamque
2576 1899 2892 1967 provincias,
2924 1899 3085 1953 salvis
3106 1899 3395 1970 privilegiis
3420 1914 3541 1968 qua

1965 1988 2385 2055 tuetr0politanis
2429 1990 2696 2058 episc0pis
2741 1991 2982 2045 decrevit
3028 1992 3352 2059 antiquitas,
3394 2004 3536 2060 prae-

1962 2078 2101 2132 senti
2137 2078 2227 2132 tihi
2249 2081 2561 2133 auctoritate
2596 2081 3018 2145 committimus,
3085 2088 3355 2153 augentes
3390 2089 3533 2133 tuam

1967 2175 2123 2242 hujus
2147 2176 2550 2244 participatione
2573 2176 2853 2231 ministerii
2879 2175 3212 2245 dignitatem.
3239 2176 3543 2231 relevantes

1964 2274 2172 2319 nostras
2221 2266 2459 2333 ejusdem
2517 2264 2754 2320 remedio
2809 2263 3223 2334 dispensationis
3269 2263 3539 2333 excubias.

1968 2355 2033 2410 Et
2061 2356 2186 2409 licet
2224 2358 2290 2409 de
2318 2356 2538 2426 singulis
2565 2372 2669 2410 non
2692 2357 2929 2423 indigeas
2955 2354 3203 2421 edoceri,
3242 2370 3398 2421 quem
3431 2354 3543 2422 jam

1968 2448 2309 2517 probavimus
2338 2450 2547 2504 cautius
2576 2449 2819 2503 universa
2854 2462 3107 2509 scrvare,
3137 2446 3339 2517 gratius
3367 2454 3543 2499 tamen

1964 2552 2083 2592 esse
2120 2537 2294 2603 solet,
2338 2538 2385 2591 si
2407 2538 2600 2592 iterum
2643 2547 2838 2591 trames
2872 2538 3217 2601 ostendatur,
3253 2547 3307 2590 et
3346 2536 3544 2591 laboris

1965 2625 2225 2694 injunctio
2282 2627 2531 2695 superius
2590 2626 2815 2680 formata
2884 2635 3233 2679 monstretur.
3290 2626 3545 2681 Paternat

1966 2718 2125 2788 igitur
2156 2718 2365 2788 regulas
2400 2728 2452 2772 et
2474 2718 2687 2773 decreta
2717 2733 2743 2769 τι
2798 2720 2997 2773 sanctis
3044 2720 3259 2773 definita
3303 2720 3545 2776 conciliis

1966 2810 2211 2863 omnibus
2259 2809 2519 2863 servanda
2575 2808 2911 2862 mandamus.
2972 2810 3027 2861 ltt
3085 2809 3166 2861 his
3221 2808 3543 2873 \‘igiltttliatn

1971 2912 2146 2965 tuam,
2177 2899 2229 2952 in
2272 2899 2353 2953 Itis
2393 2914 2576 2952 curam
2619 2897 2867 2953 fraternae
2910 2898 3115 2952 monitu
3159 2898 3547 2952 exhortationis

1968 2988 2324 3043 extendimus.
2360 2987 2452 3041 llis
2481 3001 2545 3040 ea
2587 3002 2690 3056 qua
2722 2988 2937 3057 dignum
2970 2996 3053 3041 est
3093 2988 3388 3042 reverentia
3427 3003 3545 3041 cus-

1972 3078 2181 3140 toditis,
2210 3076 2410 3131 nullum
2444 3076 2696 3143 relinquit
2721 3076 2892 3143 culpa:
2934 3076 3137 3139 locum,
3185 3092 3282 3130 nec
3325 3091 3523 3131 sancta:

276 3173 480 3227 venire.
516 3172 660 3236 Ilaec,
710 3174 901 3227 fratres
945 3174 1231 3239 carissimi,
1263 3183 1317 3227 et
1348 3174 1452 3226 alia
1501 3188 1618 3241 qttte
1649 3173 1865 3226 Patrum
1897 3180 1940 3241 ρ
1971 3168 2360 3222 observationis
2388 3166 2738 3220 obstacolum.
2764 3165 2838 3219 lbi
2876 3165 2955 3219 fas
2986 3166 3235 3237 nefasque
3267 3171 3547 3237 prtescrip-

277 3270 476 3339 regulis
514 3270 878 3333 continentur,
918 3270 967 3322 itt
1012 3269 1163 3322 labiis
1194 3279 1243 3321 et
1296 3268 1345 3321 itt
1378 3267 1628 3320 cordibus
1670 3269 1864 3320 IIOSII'IS

278 3362 444 3413 invisa
470 3362 853 3415 retractatione
872 3360 1186 3412 meditemur
1205 3374 1218 3419 ς
1243 3368 1315 3424 et,
1337 3358 1734 3423 sicutscriptum
1749 3364 1831 3410 est
1848 3401 1861 3422 ,

277 3468 539 3505 narremus
562 3468 622 3505 ea
649 3452 770 3519 ﬁliis
793 3451 997 3513 nostris,
1032 3458 1084 3501 ut
1115 3466 1174 3503 ea
1205 3451 1513 3502 meditemur
1542 3449 1595 3500 in
1623 3448 1859 3500 cordibus

275 3542 403 3603 suis,
420 3542 647 3593 sedentes
677 3543 728 3592 in
748 3541 920 3601 domo,
948 3539 1264 3591 ambulantes
1286 3540 1336 3590 in
1360 3538 1554 3599 itinere,
1590 3537 1849 3589 dormien-

275 3639 349 3682 tes
375 3638 523 3699 atque
551 3645 613 3681 su
632 3638 813 3696 ‘getttes
841 3627 1123 3695 (Deut.-VI)
1152 3644 1164 3679 :
1196 3629 1315 3696 quia
1337 3628 1509 3680 beatus
1529 3630 1582 3678 in
1616 3625 1856 3688 Domino,

273 3720 365 3784 qui
387 3719 439 3770 in
458 3721 569 3786 lege
592 3718 703 3787 ejus
726 3716 1050 3768 meditabitur
1076 3717 1169 3775 die,
1195 3731 1256 3766 ac
1286 3724 1429 3766 nocte
1461 3712 1632 3783 (Psal.
1663 3716 1728 3783 t).
1757 3712 1865 3765 Huc

274 3819 328 3863 et
364 3811 618 3877 magister
646 3808 897 3876 gentium,
923 3807 1244 3875 discipulum
1283 3822 1434 3859 suum
1466 3816 1680 3859 secutus
1716 3806 1866 3859 insti-

274 3901 399 3965 tuit,
431 3900 767 3954 admonens:
804 3898 930 3952 Hatc
968 3899 1227 3965 meditare,
1253 3899 1305 3950 in
1352 3898 1427 3949 Itis
1454 3894 1631 3967 esto(l
1681 3895 1856 3950 Thess.

275 3994 367 4063 ut)
399 4004 490 4047 :et
522 3992 815 4060 subjiciens
842 3990 1251 4059 plenitudinem,
1307 3992 1522 4043 Attende
1562 3989 1651 4040 tibi
1692 3998 1739 4040 et
1772 3988 1866 4041 do-

276 4087 475 4147 ctrinae,
523 4083 715 4152 inquit,
762 4082 883 4150 quia
937 4082 980 4135 si
1021 4080 1264 4134 fidelibus
1305 4080 1421 4132 sine
1466 4078 1866 4132 intermissione

276 4177 643 4231 incumbimus
690 4173 965 4234 institutis,
1005 4187 1317 4241 separamur
1360 4187 1389 4224 a
1417 4172 1562 4224 vitiis
1592 4171 1716 4224 dum
1769 4172 1866 4223 im-

276 4283 448 4337 pensa
475 4283 603 4322 cura
635 4267 816 4318 divino
843 4264 991 4331 operi
1024 4265 1256 4317 humano
1282 4263 1456 4315 locum
1478 4276 1583 4315 non
1611 4261 1866 4329 relinquit

277 4361 476 4414 errori.
512 4361 639 4413 Dat:
667 4374 717 4411 tv
738 4372 902 4411 nonas
920 4356 1139 4424 Aprilis,
1173 4355 1394 4425 Agapito
1418 4356 1537 4409 viro
1563 4355 1869 4408 clarissimo

275 4452 507 4505 consule
533 4458 698 4519 (anno
727 4447 932 4502 Domini
968 4448 1120 4514 517).

805 4558 1123 4614 EPISTULA
1168 4556 1353 4611 XXVI.

832 4668 896 4704 AD
933 4666 1250 4703 sumcsrmu
1292 4654 1328 4702 ‘.

280 4745 574 4801 Sallustius
630 4743 921 4813 apostolica:
969 4740 1117 4813 sedis,
1154 4740 1371 4791 vicarius
1400 4738 1744 4813 constituitur
1791 4754 1879 4807 per

533 4811 783 4866 Breucum
809 4820 855 4864 et
888 4811 1205 4863 Lusitaniam
1238 4812 1608 4879 (provincias).
1801 4837 1804 4841 ~

361 4927 657 4983 Carissimo
683 4924 1089 4994 (Dilectissimo)
1114 4922 1263 4976 fratri
1290 4922 1545 4977 Sallustio
1575 4920 1877 4976 llormisda.

362 5019 733 5087 Suscipientes
774 5016 928 5083 plena
977 5014 1318 5068 fraternitatis
1351 5023 1453 5066 tua:
1494 5014 1667 5065 votiva
1703 5023 1878 5080 gratu-

280 5114 499 5168 latione
534 5110 830 5175 collaqttia,
863 5124 979 5177 quze
1010 5122 1107 5161 nos
1144 5108 1366 5176 gentitne
1397 5108 1585 5158 salutis
1614 5116 1716 5158 tute
1747 5105 1879 5158 lasti-

278 5206 595 5258 ficaverunt
642 5199 840 5253 indicio
864 5197 1149 5269 (siquidem
1194 5196 1491 5250 retulerunt
1527 5204 1578 5247 te
1619 5194 1879 5262 corporali

278 5312 425 5352 cum
473 5292 843 5363 spiritualtbus
893 5290 1085 5345 officiis
1140 5288 1501 5343 incolumitate
1550 5288 1881 5349 subnixum),

283 5403 592 5456 congruum
666 5399 789 5437 esse
851 5384 1220 5452 perspeximus
1290 5382 1426 5434 lianc
1498 5380 1666 5458 ipsam
1727 5394 1882 5445 quam

288 5490 484 5536 tuente
522 5478 760 5548 gerimus
787 5475 863 5544 (a)
890 5474 1149 5542 expedire
1181 5473 1438 5542 (aperire)
1470 5472 1726 5525 ltetitiam.
1765 5469 1883 5521 Edi-

367 5613 457 5681 (η)
480 5612 619 5665 Edit.
657 5609 913 5681 Romana,
930 5605 1101 5681 barbis
1126 5605 1387 5672 expedire.

371 5676 460 5745 (b)
492 5682 632 5735 Edit.
664 5681 818 5732 Ilum.
842 5676 989 5727 addit
1009 5690 1201 5745 sacras.

375 5742 396 5774 ⁸
444 5742 762 5819 Spalt-usetn
781 5747 979 5814 episc.:
1006 5744 1073 5797 ita
1108 5759 1207 5795 tus.
1238 5758 1288 5796 c.
1311 5742 1446 5795 Just.

758 5838 1023 5897 ΡΑτιιυι..
1066 5833 1282 5893 LXIII.

1972 3268 2080 3313 tum
2109 3268 2221 3320 est,
2258 3258 2330 3312 ibi
2365 3257 2689 3325 prohibitum
2727 3257 2791 3309 ad
2834 3259 2973 3326 quod
3007 3259 3180 3310 nullus
3226 3260 3421 3313 audeat
3462 3275 3547 3312 as-

1971 3352 2166 3421 pirare,
2203 3350 2275 3404 ibi
2305 3365 2616 3406 concessum
2647 3349 2774 3420 quid
2811 3349 3003 3404 debeat
3046 3364 3198 3404 mens
3238 3350 3345 3405 Deo
3389 3350 3547 3420 placi-

1971 3453 2082 3498 tttra
2110 3457 2452 3513 praesumere.
2482 3443 2701 3511 Quaties
2732 3441 3050 3495 universalis
3083 3441 3249 3511 poscit
3277 3442 3549 3512 religionis

1968 3552 2159 3601 causa,
2191 3536 2255 3590 ad
2288 3536 2570 3592 concilium
2603 3544 2653 3589 te
2680 3534 2855 3589 cuncti
2898 3534 3090 3589 fratres
3133 3545 3388 3590 evocante
3418 3550 3546 3590 con-

1969 3628 2185 3682 veniant
2227 3645 2243 3681 :
2279 3637 2333 3681 et
2371 3627 2415 3680 si
2453 3639 2588 3695 quos
2626 3640 2811 3679 eorum
2859 3625 3108 3691 specialis
3150 3626 3347 3694 negotii
3380 3626 3550 3695 pulsat

1969 3714 2237 3770 contentio
2256 3715 2735 3785 (intentio),jurgia
2756 3716 2895 3768 inter
2910 3730 3003 3769 eos
3022 3717 3209 3769 oborta
3229 3728 3510 3782 compesce
3531 3754 3548 3780 ,

1969 3809 2207 3863 discussa
2268 3810 2437 3863 sacris
2508 3808 2715 3877 legibus
2762 3808 3170 3861 determinando
3228 3810 3539 3862 certamina.

1970 3899 2238 3968 Quidquid
2268 3911 2444 3955 autem
2475 3900 2583 3955 illis
2616 3915 2711 3968 pro
2742 3900 2843 3953 fide
2871 3901 3221 3975 etvcteribus
3247 3901 3551 3955 constitutis

1972 3992 2051 4044 vel
2070 3990 2285 4059 provida
2300 3990 2651 4059 dispositione
2669 3991 2965 4060 praecipies,
2988 3991 3067 4045 vel
3088 4006 3331 4059 personae
3355 4000 3553 4046 nostra:

1969 4082 2286 4137 auctoritate
2336 4082 2587 4136 formabis
2620 4084 2928 4153 (firmabis),
2963 4092 3128 4136 totum
3179 4083 3245 4136 ad
3275 4084 3553 4139 scientiam

1973 4187 2205 4230 nostram
2241 4177 2513 4230 instructae
2563 4177 2834 4230 relationis
2871 4176 3211 4231 attestatione
3254 4177 3550 4244 perveniat,

1973 4272 2083 4321 ut“
2109 4277 2291 4321 noster
2305 4268 2517 4321 animus
2546 4268 2709 4321 officii
2741 4268 2962 4321 caritate
2988 4267 3187 4330 dati,et
3211 4279 3330 4322 tuus
3356 4271 3556 4323 securi-

1975 4372 2081 4415 tate
2104 4362 2402 4427 perfruatur
2424 4361 2647 4429 accepti.
2677 4360 2813 4412 Deus
2837 4370 2887 4413 te
2910 4358 3229 4412 incolumem
3259 4360 3553 4425 custodiat,

1975 4453 2142 4507 frater
2170 4451 2466 4505 ειιτίεεὶιηθ.

2606 4540 2889 4595 EPISTUL
2903 4543 2933 4591 λ

2266 4647 2460 4685 JOSTINI
2495 4646 2835 4685 IIPERATORIS
2864 4648 2929 4684 AD
2957 4646 3278 4687 ηοιυιιευη.

2188 4723 2256 4778 Se
2297 4722 2652 4791 imperatorem
2689 4720 2899 4773 electum
2941 4738 3044 4774 esse
3084 4722 3357 4791 signiﬁcat.

2056 4817 2297 4871 Justinus
2328 4817 2594 4882 Augustus
2624 4811 2919 4865 llormisdze
2950 4828 3119 4880 papzc.

2061 4909 2151 4963 Dei
2182 4908 2436 4961 beneficia
2472 4907 2597 4959 licet
2626 4904 2839 4967 multis,
2875 4904 3104 4957 maxime
3136 4910 3312 4956 tamen
3343 4899 3562 4955 summis

1990 5000 2332 5068 pontiﬁcibus
2356 4999 2604 5052 convenit
2628 4996 2869 5050 indicari.
2900 4995 3131 5049 Proinde
3154 4993 3415 5047 sanctitati
3443 5007 3565 5046 ves-4

1990 5103 2084 5145 me
2114 5106 2206 5158 per
2237 5089 2331 5143 has
2362 5090 2432 5159 (b)
2466 5087 2797 5141 declaramus
2854 5085 3110 5151 epistolas
3146 5082 3286 5152 quod
3336 5085 3563 5151 primum

1987 5181 2225 5251 quidem,
2274 5177 2647 5248 inseparabilis
2684 5176 2961 5229 Trinitatis
3001 5174 3201 5238 favore,
3233 5171 3424 5226 deinde
3454 5186 3565 5223 am~

1990 5273 2351 5343 plissimorum
2384 5283 2662 5339 procerum
2690 5267 2824 5320 sacri
2859 5266 3025 5319 nostri
3062 5263 3236 5333 palatii
3264 5271 3318 5315 et
3343 5258 3561 5313 sanctis-

1989 5366 2107 5419 simi
2140 5373 2375 5423 seuatus,
2396 5375 2492 5415 uec
2522 5376 2626 5414 non
2655 5360 2919 5414 electione
2953 5354 3241 5413 firmissimi
3270 5352 3556 5414 exercitus,

1988 5456 2053 5509 ad
2086 5456 2366 5523 imperium
2399 5466 2525 5517 nos,
2548 5452 2687 5505 .Iicet
2716 5450 2957 5502 uolentes
2987 5461 3048 5499 ac
3079 5449 3413 5505 recusantes,
3448 5442 3560 5494 ele-

2065 5600 2101 5618 "
2136 5593 2446 5647 Voluntarie
2480 5602 2598 5643 tttus
2624 5591 2831 5641 an'tnus
2856 5584 3045 5637 officiis
3068 5582 3290 5635 caritate
3320 5581 3463 5636 datis
3507 5592 3559 5635 ct

1990 5684 2054 5720 ex
2084 5666 2240 5732 ltujus
2260 5664 2459 5717 decreti
2491 5660 2773 5712 securitate
2805 5654 3106 5721 perfruatur
3141 5656 3392 5721 acceptis.

3058 5806 3129 5865 1's
