3998 6368
316 352 409 407 4‘29

315 484 398 523 mo
425 468 798 523 desideramus
839 469 1029 523 ardore
1071 468 1341 538 perveniri
1382 466 1744 521 concordiam.
1796 455 1884 515 Fi-
1916 466 1960 521 Α

315 565 691 632 ιὶιιειιινπιιιτειι
714 572 894 617 noster
917 564 996 615 vir
1022 562 1353 615 clarissimus
1378 559 1572 613 Gratus
1601 556 1737 610 sacri
1761 570 1889 607 con-

313 654 515 708 m
544 669 737 709 eomes
756 666 814 708 et
836 657 1089 723 magister
1121 654 1302 707 scrinii
1343 654 1615 705 tnemuria-
1646 647 1894 703 ostendit-

315 748 361 799 in
387 760 448 800 se
474 760 718 801 vestrum
738 746 1073 815 emptionis
1101 762 1217 801 suae
1243 748 1546 800 maturitate
1582 742 1841 811 judicium
1868 758 1883 796 :

313 836 457 905 cujus
474 852 623 890 mora
655 838 898 891 sensibus
923 839 1140 901 vestris,
1166 854 1233 893 eo
1258 839 1555 900 referente,
1572 838 1766 891 melius
1800 850 1887 887 as-

316 938 516 981 seretur
549 930 714 998 (anno
746 929 955 983 Domini
984 930 1136 997 5I8).

668 1084 1047 1141 EXEMI‘LUM
1092 1084 1503 1139 RELA'I‘IDNIS

319 1190 519 1230 ιολιςκις
567 1192 799 1231 ενιδοορι
859 1192 1460 1231 (Ξοιιετικτικοιιοιιτλκι
1517 1191 1617 1229 PER
1668 1189 1890 1229 GBATUI

1017 1265 1048 1300 ιι
1057 1264 1200 1304 ιὸδέῖ.

321 1360 386 1414 th
419 1361 825 1415 communionem
871 1362 1115 1414 Romanae
1157 1359 1402 1414 Ecclesia:
1449 1360 1679 1429 impetret
1735 1358 1889 1409 mittit

382 1431 606 1484 libellum
635 1450 736 1500 quo
766 1434 915 1499 ﬁdem
957 1432 1258 1485 catholicam
1298 1432 1597 1498 proﬁtetur;
1647 1439 1692 1481 et
1728 1430 1888 1495 ipsius

384 1503 638 1570 pontiﬁcis
666 1520 696 1555 a
725 1521 777 1556 se
798 1520 975 1555 nomen
1022 1507 1074 1555 in
1105 1502 1357 1571 diptgcliis
1389 1501 1699 1569 descriptum
1738 1514 1886 1559 esse;

382 1573 575 1641 legatos
597 1588 686 1640 per
698 1590 826 1642 quos
853 1590 957 1641 pax
980 1575 1316 1627 constituatur
1344 1571 1698 1624 destinando»

385 1683 609 1736 Domino
629 1694 685 1737 et
715 1699 810 1752 per
832 1685 1012 1737 omnia
1058 1684 1150 1737 Dei
1176 1683 1400 1736 amatori
1426 1681 1766 1737 sanctissimo
1789 1680 1893 1733 fra-

317 1776 379 1829 tri
411 1784 463 1829 et
489 1774 860 1829 connninistro
883 1776 1179 1830 ilormisdm
1206 1776 1443 1830 Joannes
1474 1774 1526 1828 in
1555 1774 1784 1827 Domino
1811 1786 1895 1826 sa-

318 1871 498 1923 Intern.

380 1964 566 2016 Saluto
587 1972 822 2016 vestram
872 1961 1240 2026 sanctitatem,
1288 1958 1644 2014 carissimein
1676 1956 1892 2011 Christo

317 2051 500 2119 frater,
535 2062 591 2108 et
620 2053 858 2107 saltt'ans
900 2051 1151 2120 praedico,
1183 2050 1431 2119 quoniam
1465 2057 1608 2103 recta
1633 2047 1763 2100 ﬁdes
1791 2048 1894 2099 sal-

316 2160 376 2198 va
401 2156 503 2208 est,
530 2146 726 2199 caritas
758 2144 1099 2197 fraternitatis
1130 2143 1332 2195 firtuata
1366 2149 1468 2194 est.
1504 2141 1614 2193 Hoc
1650 2139 1789 2192 Deus
1807 2154 1895 2190 su—

318 2241 397 2292 lus
418 2248 608 2309 poti-ns
634 2253 727 2304 per
756 2236 986 2289 studium
1002 2236 1427 2289 Christianorum
1444 2242 1498 2287 et
1523 2233 1890 2301 piissimormn

317 2332 696 2397 imperatorum
740 2329 852 2383 ﬁeri
890 2328 1074 2380 voluit.
1120 2328 1365 2381 Scribere
1410 2327 1572 2393 igitur
1606 2325 1895 2393 apostolice

316 2435 370 2477 et
392 2427 645 2494 rescripta
677 2425 953 2491 Suscipere
980 2422 1211 2475 fraterne
1247 2420 1337 2475 Dei
1367 2436 1552 2473 amore
1577 2418 1891 2487 dignemini.

318 2517 429 2586 Ego
455 2518 599 2571 enim
641 2515 930 2586 inqttisihili
961 2516 1166 2567 ratione
1200 2512 1499 2566 doctrinam
1531 2510 1897 2563 sanctissimo-

316 2624 430 2661 rum
472 2607 840 2676 aposulorum
880 2604 1170 2659 secundum
1205 2604 1543 2657 traditionem
1586 2611 1894 2654 sanctorum

318 2703 535 2755 Patrum
566 2711 777 2765 tenens,
812 2700 1058 2753 similiter
1095 2700 1348 2751 honorem
1377 2694 1817 2751 consubstantiali
1845 2702 1899 2748 et

318 2808 412 2858 per
431 2791 612 2846 omnia
658 2800 858 2844 sancta:
890 2789 1138 2843 'I'riuitati
1192 2786 1388 2849 ollero,
1438 2788 1575 2839 sicut
1624 2783 1675 2837 in
1723 2783 1894 2837 Nica-a

313 2900 541 2939 cccxvut
592 2894 761 2939 cmtus
786 2882 1161 2950 promulgavit,
1189 2891 1241 2933 et
1265 2881 1316 2933 iit
1344 2879 1802 2943 Constantinopoli
1833 2890 1895 2929 CL

314 2988 618 3032 conventus
643 2979 892 3039 ﬁrmavit,
931 2987 986 3030 et
1018 2976 1071 3028 in
1097 2975 1363 3041 Ephesina
1394 2987 1455 3027 cc
1488 2970 1736 3035 ﬁrmavit,
1767 2979 1819 3021 et
1847 2969 1897 3021 in

312 3071 653 3124 Chalcedone
679 3083 975 3123 CDIIVCIIYIIS
1011 3083 1180 3121 ncxxx
1219 3066 1433 3119 Patrum
1475 3064 1726 3117 ﬁrmavit.
1754 3061 1899 3115 Ilanc

312 3178 444 3231 ergo
474 3161 629 3215 ﬁdem
663 3177 828 3230 usque
857 3162 921 3213 ad
960 3159 1201 3212 ultimum
1232 3158 1522 3210 anhelitum
1558 3171 1650 3222 per
1675 3158 1896 3223 gratiam

317 3253 412 3306 Dei
432 3250 766 3311 custodiens.
783 3250 1145 3320 spiritualibus
1165 3247 1518 3314 amplexibus,
1537 3255 1644 3299 tam
1664 3255 1892 3299 vestram
1924 3220 1969 3282 (ἶ

310 3345 660 3397 sanctitatem
692 3358 850 3410 quam
871 3344 1032 3397 etiam
1056 3341 1380 3395 orthodoxas
1408 3339 1678 3394 Ecclesias
1698 3354 1762 3391 ex
1788 3337 1897 3390 aui-

311 3454 404 3492 mo
434 3438 768 3508 amplector,
822 3454 923 3491 una
963 3448 1134 3491 tet-tim
1180 3439 1233 3491 in
1269 3437 1495 3491 veritate
1534 3436 1799 3500 sentiens,
1848 3444 1903 3489 et

310 3548 417 3586 una
467 3542 644 3586 tecum
703 3546 929 3599 sperans
969 3531 1060 3584 illo
1103 3530 1190 3583 die
1226 3545 1321 3599 per
1354 3530 1490 3583 hanc
1524 3530 1679 3581 ﬁdem
1706 3528 1900 3582 salvari

312 3627 456 3679 bona
513 3626 787 3677 voluntate
840 3622 1028 3685 l‘atris,
1070 3632 1125 3677 et
1157 3622 1296 3687 Filii,
1340 3632 1392 3677 et
1447 3621 1678 3690 Spiritus
1707 3621 1899 3674 sancti.

308 3716 781 3771 Consubstantiali
808 3716 949 3769 enim
978 3713 1226 3768 Trinitati
1267 3715 1445 3766 omnis
1473 3714 1640 3781 gloria
1680 3712 1905 3766 debetur

312 3825 461 3863 nunc
484 3809 610 3862 etin
640 3808 834 3861 sa~cu|a
857 3807 1195 3860 stet-alonim.
1221 3806 1445 3858 Omnem
1468 3805 1519 3857 in
1549 3804 1763 3857 Christo
1795 3803 1903 3855 fra-

309 3902 653 3962 ternitatem,
675 3914 795 3964 qtttt‘.
824 3912 944 3951 cum
962 3907 1138 3950 vestra
1164 3907 1249 3950 est
1278 3898 1580 3958 sanctitate,
1612 3909 1713 3962 ego
1742 3901 1796 3947 et.
1816 3892 1904 3961 qui

312 4005 536 4043 mecum
569 3990 854 4057 plurimum
880 3989 931 4040 in
967 3987 1193 4041 Domino
1223 3986 1536 4040 salutamus.
1588 3986 1815 4039 Tantum
1840 3983 1904 4036 ad

306 4080 763 4135 satisfaciendum
796 4080 1141 4146 scripsimus,
1194 4089 1251 4132 ιιι
1293 4090 1344 4131 et
1376 4078 1681 4131 venerabile
1714 4091 1907 4130 nomen

307 4188 525 4231 sancta:
562 4175 949 4230 recerdationis
991 4173 1217 4238 Leonis,
1252 4174 1519 4239 quondam
1544 4172 1694 4224 urbis
1726 4170 1909 4223 linunt:

304 4266 739 4336 archiepiscopi,
777 4266 827 4318 in
853 4264 1313 4332 sacrisdiptychis
1340 4276 1578 4330 tempore
1620 4277 1909 4315 con~ecra-

307 4361 483 4413 tionis
512 4369 730 4427 pr0pter
751 4356 1090 4411 concordiam
1115 4357 1448 4423 al'ligcretur,
1482 4362 1537 4406 et
1563 4363 1793 4406 vestrum
1819 4353 1911 4406 be-

304 4450 596 4503 nedictum
646 4460 841 4499 nomen
874 4446 1121 4498 similiter
1165 4445 1217 4497 iii
1248 4443 1523 4513 diptychis
1567 4443 1911 4510 praedicatur.

304 4541 379 4595 Ut
407 4542 487 4594 de
517 4538 767 4592 omnibus
788 4547 965 4589 autem
996 4537 1220 4589 satisfiat
1251 4550 1441 4588 νοειηιξ
1457 4534 1725 4588 sancﬁlau
1760 4534 1912 4605 (τωο,

304 4635 464 4687 niam
494 4646 681 4702 pacem
716 4641 945 4683 vestram
974 4629 1363 4696 amplectimur,
1389 4638 1442 4681 et
1469 4628 1534 4681 de
1558 4630 1761 4680 unitate
1785 4642 1910 4679 sau-

304 4739 537 4779 ctarum
572 4725 664 4778 Dei
695 4723 1057 4776 Ecclesiarum
1089 4724 1382 4788 curamus),
1414 4736 1661 4789 rogamus
1692 4737 1785 4773 vos
1821 4736 1910 4787 pa-

303 4820 515 4872 ciﬁcos
545 4818 688 4869 viros
710 4814 1001 4878 destinare,
1044 4824 1095 4868 et
1146 4824 1338 4868 vestra:
1363 4814 1551 4882 dignos
1601 4815 1913 4882 apostolica:

302 4907 494 4968 Sedis,
531 4906 619 4975 qui
653 4906 883 4959 debeant
911 4904 1250 4967 satisfacere,
1283 4913 1337 4957 et
1365 4905 1782 4958 satisfactionem
1816 4920 1913 4956 nn-

284 4996 492 5057 'stram
541 5001 851 5068 suscipere,
899 5011 954 5053 ut
983 5009 1033 5052 et
1084 5000 1132 5051 in
1180 5001 1275 5051 hac
1312 5010 1458 5065 parte
1486 4999 1733 5051 Lliristtts
1774 4997 1911 5051 Deus

300 5103 514 5147 noster
543 5091 906 5161 gloriﬁcetur,
962 5091 1051 5160 qui
1086 5105 1180 5158 per
1210 5105 1302 5143 vos
1332 5105 1513 5157 pacem
1549 5091 1683 5141 hanc
1718 5088 1915 5141 tumido

297 5187 587 5241 servavit.
641 5188 873 5252 Accepta
906 5199 1001 5237 xm
1043 5182 1292 5236 Calendas
1334 5182 1568 5237 Januarii
1602 5183 1766 5253 (anno
1803 5183 1911 5235 Do-

299 5278 447 5331 mini
476 5275 638 5343 5l8),
677 5284 799 5343 post
817 5275 1149 5329 consulatum
1180 5274 1410 5341 Agapiti.

855 5411 1185 5466 EPISTULA
1217 5412 1405 5466 XXIX.

410 5523 494 5563 AD
542 5521 779 5559 JOANNEI
810 5519 1471 5557 CONSTAN‘I'INHI'DLITANUH
1527 5519 1813 5559 ιξριδειιιδιηι

944 5589 1312 5627 ιιιιὶρῐιοθιδοιιιλ.

295 5676 439 5727 Com
466 5669 668 5722 nendat
695 5666 945 5721 Joannem
993 5668 1306 5736 episropnm,
1362 5678 1405 5718 it
1436 5668 1618 5733 gaudet
1646 5670 1917 5721 concilium

375 5740 823 5796 (.‘halcedoncnse
843 5747 886 5789 et
918 5734 1031 5788 divi
1054 5734 1236 5788 Leonis
1253 5738 1492 5807 epistolas
1513 5739 1573 5788 ab
1603 5755 1659 5791 eo
1690 5742 1914 5807 complc-

372 5830 514 5866 τας.
580 5810 651 5861 Ad
691 5807 930 5860 Ecclesitr
950 5809 1351 5860 communionem
1393 5808 1762 5860 admittendum
1796 5815 1913 5877 pol-

1518 348 1863 408 EI‘IS'IOlmE
1903 345 1988 400 ΕΤ
2029 342 2361 399 DECRETA.

3466 348 3569 401 £30

2062 457 2257 518 licetur,
2275 457 2319 508 si
2340 472 2518 509 nomen
2542 458 2711 509 Acncii
2731 475 2757 511 ,ι
2783 459 3037 529 diptycln's
3063 460 3219 513 sacris
3244 461 3569 525 cxpnnxerit.

2065 547 2343 601 Ilormisda
2374 546 2561 600 Joanni
2593 548 2845 617 episcopo
2876 549 3487 619 Constantinopolitano.

2060 638 2345 705 Spirituale
2367 637 2621 705 gaudium
2654 640 2873 693 directis
2904 641 3102 695 caritas
3134 650 3221 694 tua
3253 641 3573 710 significavit

1992 730 2257 792 allatibtts,
2283 729 2527 782 docendo
2554 740 2611 782 ut
2636 731 2914 785 catholica:
2937 734 3210 799 religionis
3230 736 3570 804 disciplinam

1990 823 2179 877 ordine
2203 835 2301 875 suo
2327 821 2485 874 vestri
2528 833 2785 888 pastores,
2829 823 2937 877 Deo
2981 834 3162 878 nostro
3199 826 3441 893 juvante,
3474 843 3565 882 re-

1993 912 2253 979 ceperint.
2308 911 2431 964 llic
2464 926 2585 965 esse
2626 912 2884 965 beneﬁcia
2919 914 3031 966 misi
3055 916 3298 969 ricordia:
3326 932 3573 984 superna:

1996 1005 2115 1073 quis
2146 1003 2393 1056 dubitet?
2426 1002 2550 1055 lltnc
2577 1005 2695 1070 quis
2728 1002 2935 1057 dubitet
2964 1006 3285 1059 venerabilis
3320 1008 3573 1075 principis

1994 1095 2209 1163 tropeis
2246 1092 2509 1161 adjungi?
2561 1094 2658 1158 Qui
2693 1092 2926 1162 ambigat
2952 1093 3073 1161 quia
3118 1096 3284 1161 major
3304 1096 3352 1148 ei
3378 1096 3442 1149 de
3474 1097 3573 1149 hac

1997 1201 2127 1253 pare
2155 1200 2315 1253 quam
2356 1184 2424 1239 de
2456 1183 2783 1252 quibuslibet
2825 1184 3022 1252 praeliis
3061 1185 3359 1252 triumphus
3394 1188 3574 1255 acqnh

1996 1278 2173 1332 ritur?
2202 1277 2291 1330 Isti
2317 1292 2362 1330 .s
2392 1275 2589 1331 laboris
2620 1275 2790 1343 gloria
2823 1285 2990 1329 neseit
3012 1291 3259 1329 occasum
3293 1293 3305 1328 :
3334 1279 3455 1342 quia
3481 1279 3571 1330 ubi

2000 1372 2139 1425 Deus
2168 1382 2312 1424 recte
2338 1370 2551 1432 colitur,
2598 1384 2865 1437 utinquam
2918 1369 3345 1422 adversariorum
3381 1372 3580 1428 crescit.

1998 1462 2271 1530 iniquitas.
2300 1460 2616 1515 Dilectionis
2648 1470 2754 1513 tua:
2770 1460 3162 1514 conlessioncm
3186 1472 3458 1528 gratanter
3488 1477 3576 1515 τιοε

1996 1554 2277 1622 cepimus,
2333 1568 2428 1621 per
2460 1567 2620 1621 quam
2661 1562 2864 1606 sancta:
2903 1552 3092 1621 synodi
3138 1552 3574 1619 comprobantur,

1998 1646 2137 1699 inter
2155 1659 2288 1713 quas
2317 1644 2706 1697 instauratione
2718 1644 3130 1696 constitutorum
3156 1643 3396 1696 omnimn
3419 1642 3578 1696 Chal:

1998 1736 2302 1789 cedonense
2348 1734 2638 1788 concilium
2701 1734 3049 1802 prmdicastis,
3089 1746 3143 1787 et
3189 1733 3577 1788 catholicorum

1928 1837 1973 1897 Β
2001 1842 2224 1881 nutnero
2253 1827 2468 1895 adjungi
2517 1826 2829 1879 desiderans
2875 1828 3043 1881 sancti
3091 1843 3238 1895 pap:e
3288 1828 3483 1881 Leonis
3524 1829 3578 1897 in

1999 1918 2267 1987 diptychis
2302 1934 2496 1971 nomen
2528 1932 2808 1972 asseveras
2849 1918 3126 1989 scriptum.
3179 1918 3280 1973 Ista
3316 1920 3578 1975 laudanda

1997 2023 2142 2074 sunt,
2176 2011 2221 2064 si
2251 2010 2592 2078 perfectionis
2627 2013 2985 2079 subsequatur
3020 2013 3240 2067 ellectus
3275 2032 3287 2066 :
3335 2016 3454 2084 quia
3496 2030 3580 2069 τοι.

1997 2101 2635 2167 cipereChalcedOnense
2665 2101 3044 2163 concilium,et
3073 2105 3221 2169 sequi
3252 2106 3422 2161 sancti
3447 2106 3583 2159 Leo-

2003 2195 2088 2247 nis
2133 2193 2423 2259 epistolas,
2478 2203 2532 2247 et
2583 2195 2757 2246 adhuc
2807 2208 3000 2246 nomen
3042 2195 3222 2247 Acacii
3267 2194 3580 2255 defendere.

2000 2284 2101 2337 hoc
2143 2294 2227 2337 est
2275 2284 2415 2337 inter
2464 2300 2523 2336 se
2568 2284 2927 2349 discrepantia
2962 2284 3250 2338 vindicare.
3301 2286 3429 2353 Quis
3462 2287 3584 2341 Dio-

1998 2389 2209 2427 scorum
2252 2384 2308 2429 et
2370 2373 2719 2443 Eutyihctem
2773 2374 3181 2441 condemnatis,
3244 2376 3583 2430 innocentem

2001 2462 2288 2516 ostendere
2321 2471 2491 2530 possit
2527 2462 2819 2516 Acacium?
2856 2462 2985 2529 Quis
3023 2464 3363 2518 Timotheum
3398 2475 3451 2518 et
3480 2466 3584 2519 Pe—

2001 2567 2140 2609 trum
2170 2556 2612 2617 Alexandrinum,
2648 2564 2703 2608 et
2729 2557 2889 2609 alium
2927 2558 3138 2610 l’ctrum
3170 2558 3583 2623 Antiocheuum.

1998 2662 2046 2702 et
2103 2662 2360 2714 sequaces
2389 2662 2574 2700 eorum
2621 2648 2919 2712 declinans,
2976 2650 3115 2702 sicut
3169 2651 3426 2714 diximus,
3472 2668 3578 2704 non

2000 2740 2338 2793 abominetur
2370 2739 2645 2803 Acacium,
2672 2740 2760 2807 qui
2803 2754 2989 2793 eorum
3026 2742 3460 2795 communionem
3493 2758 3585 2796 se-

2005 2840 2164 2884 cutus
2195 2831 2316 2883 est?
2358 2829 2431 2881 De
2486 2828 2709 2881 caritate
2764 2829 3026 2895 siquidem
3080 2838 3165 2881 tua
3224 2834 3447 2887 meliora
3492 2832 3585 2891 Dei

2003 2920 2388 2974 omninoteutis
2416 2928 2794 2988 exspectamus
2824 2920 3043 2981 auxilio,
3079 2921 3335 2974 habentes
3366 2924 3583 2988 optimm

2005 3008 2377 3078 promissionis
2424 3022 2598 3074 Spem,
2642 3009 2779 3083 sicut
2811 3008 2875 3060 ad
2924 3024 3021 3062 nos
3049 3026 3167 3078 qua:
3212 3012 3453 3065 direxisti
3496 3022 3585 3065 tua

2004 3101 2198 3168 scripta
2228 3098 2543 3159 ostendunt.
2583 3110 2756 3152 tecum
2798 3101 2847 3151 iii
2888 3101 3113 3155 veritate
3141 3103 3399 3167 sentiens,
3434 3110 3488 3157 et
3511 3103 3587 3171 ip-

2005 3189 2398 3255 sadelendetts,
2422 3204 2649 3257 sperans
2679 3191 2730 3243 iu
2765 3190 3074 3258 illajudii-iu
3095 3206 3186 3258 per
3211 3192 3320 3260 ipsa
3348 3201 3398 3246 te
3428 3208 3589 3262 posse

2006 3282 2218 3337 Silvari.
2267 3281 2391 3336 Post
2437 3282 2689 3348 htecqnid
2741 3289 2931 3349 restat,
2986 3283 3087 3336 nisi
3118 3294 3172 3336 ut
3202 3284 3344 3337 sedis
3375 3297 3589 3352 aposto-

2009 3375 2149 3437 licar,
2181 3374 2335 3442 cujus
2373 3373 2529 3426 Iidem
2568 3384 2619 3427 te
2648 3372 2784 3425 dicis
2834 3374 3117 3441 amplecti,
3148 3375 3387 3441 sequaris
3430 3376 3590 3429 etiam

2005 3464 2124 3517 sine
2149 3463 2508 3532 trepidatione
2541 3462 2743 3530 judicia
2771 3463 2794 3515 ?
2840 3462 3005 3532 Igitur
3033 3464 3273 3533 partibus
3302 3466 3590 3520 Orientali—

2012 3556 2109 3607 bus
2138 3554 2361 3608 ostende
2417 3568 2511 3620 per
2552 3564 2603 3606 te
2631 3554 2770 3622 quod
2819 3566 3117 3622 sequantur
3168 3557 3504 3624 exemplum,
3536 3566 3593 3609 ιιι

2008 3649 2252 3701 omnium
2299 3647 2415 3701 latis
2442 3687 2457 3711 ,
2493 3648 2583 3716 qui
2615 3648 2840 3701 c’orrccti
2890 3647 3117 3712 iuerint,
3178 3650 3280 3701 tuis
3324 3650 3593 3703 laboribus

2008 3740 2320 3807 applicetur.
2365 3738 2501 3806 Ergo
2523 3742 2642 3791 cuu’i
2660 3752 2846 3806 magna
2870 3737 3176 3801 denunties,
3196 3748 3249 3792 et
3273 3739 3429 3793 ﬁdem
3454 3740 3592 3793 beati

2009 3830 2235 3897 apostoli
2291 3828 2432 3882 l’etri
2462 3836 2514 3881 te
2544 3828 2793 3893 amplecti
2817 3828 3084 3895 signiﬁces
3110 3868 3124 3890 ,
3180 3838 3326 3881 recte
3367 3830 3593 3882 credens

2010 3922 2063 3974 in
2095 3936 2154 3972 ea
2188 3920 2415 3973 salutem
2462 3928 2697 3972 nostram
2740 3933 2898 3986 posse
2949 3920 3278 3985 subsis‘tere,
3334 3919 3593 3981 libellum,

2010 4014 2162 4079 cujus
2188 4012 2514 4066 continentia
2541 4013 2727 4065 subter
2769 4027 2977 4065 annexa
3023 4020 3139 4075 cst,
3192 4028 3219 4063 a
3249 4014 3469 4065 caiitate
3507 4021 3592 4064 tua

2013 4104 2376 4171 subscriptum
2402 4102 2466 4156 ad
2498 4118 2594 4156 nos
2622 4103 2824 4172 dirige,
2874 4114 2931 4156 tit
2970 4103 3083 4157 sine
3112 4103 3454 4157 conscientiae
3491 4103 3596 4159 for-

2014 4194 2214 4246 midine
2245 4208 2400 4247 unam
2431 4194 2904 4261 communionem,
2958 4195 3096 4247 sicut
3120 4210 3366 4260 oramus,
3403 4197 3597 4250 habere

2019 4284 2310 4352 possimus.
2344 4282 2447 4335 Pro
2478 4299 2705 4351 persmia
2732 4300 2942 4353 quoque
2989 4284 3080 4336 lilii
3117 4284 3285 4337 nostri
3318 4283 3465 4338 Grati
3499 4286 3595 4339 viri

2015 4374 2298 4429 clarissimi
2339 4373 2448 4428 Dei
2481 4388 2664 4427 noStro
2693 4375 2891 4442 gratias
2922 4375 3038 4427 sine
3070 4376 3371 4429 cessatione
3401 4379 3601 4446 persol-

2017 4464 2211 4525 vimus,
2235 4464 2391 4532 cujus
2430 4465 2559 4518 ﬁdes
2606 4475 2658 4517 et
2687 4473 2830 4517 recta
2863 4464 3150 4519 credulitas
3175 4477 3415 4519 nostrum
3458 4472 3599 4523 circa

1946 4589 1993 4649 ο
2020 4570 2078 4609 se
2114 4556 2364 4610 excitavit
2391 4555 2673 4619 aﬁectuin;
2715 4555 2905 4624 dignus
2933 4571 2992 4609 re
3023 4572 3146 4610 vera
3176 4555 3267 4625 qui
3321 4568 3479 4612 tanta:
3509 4575 3601 4613 cu-

2020 4662 2129 4700 ram
2161 4647 2459 4717 susciperet
2487 4647 2735 4707 actionis,
2765 4654 2820 4700 et
2850 4646 3068 4700 maximi
3116 4647 3251 4717 print
3272 4648 3373 4718 ipis
3404 4649 3469 4703 ad
3506 4667 3601 4705 nos

2023 4738 2269 4790 tnandata
2292 4754 2325 4806 p
2360 4740 2575 4791 rl'erri-t.

2656 4851 2989 4909 EPISTULA

2020 4961 2308 5000 JUSTINIAM
2353 4963 2418 5000 AD
2458 4960 2754 4998 IIORNISDAI
2807 4961 2953 4999 lIlSaA
3000 4962 3095 4999 PER
3145 4960 3358 5001 εωιοειι
3387 4962 3601 5002 ςιιΑτυιι

2491 5032 2836 5068 IMPEIlATURIS
2874 5032 3138 5069 LEGA'I‘UM.

2025 5106 2131 5159 Pro
2169 5123 2291 5173 pace
2314 5117 2357 5159 et
2387 5107 2581 5160 unitate
2611 5107 2886 5160 Orientalis
2928 5106 3170 5160 Ecclesia:
3212 5108 3501 5175 ponti/irent
3522 5124 3605 5158 ro-

2090 5189 2207 5246 gat,
2237 5189 2289 5229 ut
2326 5181 2368 5229 si
2402 5180 2566 5230 minus
2594 5196 2646 5231 se
2681 5177 3175 5245 Constantinopolim
3204 5178 3319 5231 velit
3348 5180 3600 5244 conferre,

2093 5251 2284 5319 legatos
2313 5250 2499 5303 mittat.

2094 5361 2430 5415 Justiniauns
2460 5376 2645 5415 comes
2669 5363 2966 5417 llurinisdtc
2991 5379 3154 5432 paper.

2100 5452 2468 5506 Desiderabile
2485 5463 2715 5522 tempus,
2737 5453 2876 5521 quod
2895 5454 3119 5506 summis
3132 5450 3270 5504 votis
3286 5450 3605 5519 optavimus,
3656 5500 3669 5509 .

2025 5542 2203 5596 divina
2229 5544 2547 5609 clementia,
2573 5544 2788 5597 dolores
2809 5543 3029 5611 generis
3061 5540 3272 5594 humani
3290 5541 3606 5610 respiciens.

2026 5632 2204 5702 largiri
2224 5633 2434 5703 dignata
2465 5644 2567 5699 est,
2584 5647 2691 5702 quo
2721 5647 2906 5685 omnes
2921 5630 3164 5685 catholici
3189 5641 3241 5685 et
3258 5630 3367 5686 Deo
3388 5632 3607 5700 perfecti

2026 5725 2212 5779 ﬁdeles
2238 5726 2502 5793 majestati
2544 5725 2661 5793 ejus
2686 5738 2745 5777 se
2772 5724 2949 5778 valent
2978 5724 3371 5779 commendare.
3407 5723 3607 5779 Idcirco

2026 5816 2121 5869 has
2155 5816 2216 5869 ad
2252 5816 2604 5884 apostolatum
2633 5822 2891 5878 vestrum,
2924 5813 3093 5868 libera
3112 5815 3327 5869 licentia
3348 5815 3454 5895 jam
3480 5815 3606 5867 mitti
