3998 6368
1066 299 1118 315 νη

323 362 424 417 ‘33

1546 356 1900 413 Ειίετοωῑ
1943 358 2027 412 ET
2068 358 2401 437 DECRETA.

3485 359 3589 411 454

323 490 625 547 speramus,
650 482 704 527 et
724 474 928 543 legatos
950 472 1245 526 direximus
1276 472 1502 526 Domino
1531 472 1658 528 Jesu
1682 474 1901 529 Christo
1934 474 1977 531 Α
2010 472 2051 523 si
2086 469 2173 539 qui
2203 470 2440 540 episcopi
2471 471 2617 525 vobis
2654 472 3013 537 ocemrerint,
3047 481 3100 527 et
3137 472 3409 539 libellum,
3440 474 3589 542 (ujtts

323 568 620 637 supplicate
667 562 756 636 [ιε’.
778 561 1122 633 suppilcato],
1147 572 1202 617 ut
1228 565 1339 631 ipse
1359 566 1447 633 qui
1475 580 1569 632 pro
1594 566 1786 635 pietate
1810 582 1903 621 sua

323 672 637 726 prosperum
649 656 861 711 donavit
880 656 1104 720 initium,
1120 655 1344 710 similem
1357 658 1651 713 concedere
1664 660 1907 728 dignetur

326 748 590 803 eﬂectum.
610 749 882 805 Urbanum
899 753 1040 805 sedis
1052 752 1357 818 apostolica:
1372 752 1730 816 defensorem,
1745 752 1902 806 etiam

327 839 445 893 huic
460 851 645 908 aptum
670 843 901 911 negotio,
921 844 986 896 ad
1009 846 1285 898 caritatem
1306 853 1447 898 tuam
1465 844 1755 897 direximus
1779 861 1791 895 :
1815 858 1906 911 per

323 947 480 999 quem
522 933 590 987 de
614 937 985 991 universarum
1013 938 1297 993 ell'ectuum
1335 953 1614 993 causarum
1640 951 1903 1007 responso

325 1041 563 1095 congruo
587 1029 833 1097 cupimus
862 1046 980 1097 quat
1009 1042 1134 1085 sunt
1161 1032 1338 1085 votiva
1360 1045 1706 1099 cognoscere.
1762 1031 1905 1085 Deus

327 1131 418 1170 vos
446 1118 742 1172 incolumes
779 1120 1071 1185 custodiat,
1115 1120 1307 1177 fratres
1349 1123 1637 1176 carissimi.
1692 1123 1823 1175 Data
1855 1138 1901 1177 vt

328 1206 443 1259 idus
470 1207 838 1276 Septembres,
872 1209 1145 1265 Florentio
1177 1214 1295 1266 viro
1332 1212 1631 1267 clarissimo
1659 1213 1900 1269 consule.

326 1333 654 1373 OBSttltVATIO
672 1338 1080 1377 LARTOMIPAGI
1112 1342 1176 1378 st)
1202 1340 1372 1379 ANNUII
1401 1325 1744 1389 cuutsn5l5,
1766 1342 1819 1381 tv.
1846 1327 1900 1381 3.

399 1412 475 1463 Ad
505 1426 704 1466 annum
732 1412 928 1468 Christi
959 1415 1064 1469 5l5
1095 1416 1408 1471 revocandze
1438 1418 1627 1471 litterae
1663 1418 1903 1472 llormis-

330 1481 505 1555 dicati
532 1483 827 1537 Ca‘sarium
858 1487 1222 1541 Arelatensem
1248 1490 1560 1555 episcOpum
1589 1490 1821 1555 scripti»,
1849 1490 1899 1542 in

329 1551 522 1627 quibus
553 1554 712 1627 docet
746 1554 1024 1609 llormisda
1059 1551 1339 1611 Dardania:
1380 1551 1658 1627 et'lllyrici
1688 1551 1893 1627 episco-

331 1636 424 1693 pos
450 1622 516 1673 ad
542 1623 688 1677 sedis
714 1626 1019 1683 apostolicae
1047 1629 1478 1681 communionem
1520 1622 1763 1693 rediisse,
1828 1630 1902 1683 si-

330 1690 653 1759 gnilicatque
682 1709 739 1747 se
768 1696 967 1759 legatos
999 1698 1049 1749 in
1080 1698 1351 1751 Orientem
1380 1699 1611 1751 misisse.
1655 1700 1725 1753 Ea
1752 1690 1898 1753 venint

328 1763 548 1834 epistola
569 1763 762 1816 dicitur
788 1768 907 1818 data
940 1783 985 1819 \l
1018 1768 1131 1819 idus
1168 1767 1293 1834 Sept
1316 1769 1509 1831 ‘mbres,
1534 1767 1795 1822 Florentio
1833 1769 1897 1824 V.

2011 562 2388 615 continentiam
2434 563 2781 631 percepistis,
2830 579 2858 616 a
2895 580 2954 619 se
2994 564 3351 633 subscriptum
3396 564 3590 621 oﬂ'ert‘e

2011 659 2307 725 voluerint,
2342 657 2624 725 suscipite.
2662 662 2848 725 eisque
2875 660 3106 725 praebete
3129 671 3328 714 sancta:
3349 676 3589 715 Continu-

2010 748 2184 801 nionis
2212 749 2561 802 consortium.
2603 748 2659 803 Si
2692 765 2822 803 vero
2849 762 3194 806 occurrentes
3229 750 3326 819 ipsi
3364 767 3429 805 eo
3483 768 3591 821 quo

2008 842 2252 907 superius
2279 840 2512 894 diximus
2540 841 2729 895 ordine
2768 842 3003 911 proﬁteri
3046 844 3343 908 noluerint,
3376 859 3405 897 a
3437 845 3592 898 vobis

2008 932 2256 1000 equidem
2297 932 2399 985 sub
2426 932 2742 986 sacerdmali
2786 932 3065 989 allectione
3108 942 3446 989 tractentur:
3492 934 3588 989 sed

2008 1039 2181 1094 neque
2207 1025 2356 1080 vobis
2388 1026 2458 1078 sit
2485 1040 2605 1079 cum
2630 1024 2712 1079 his
2742 1040 2923 1079 mensa
2954 1028 3253 1081 communis
3276 1068 3292 1092 ,
3326 1043 3497 1096 neque
3525 1028 3591 1081 ab

2011 1116 2090 1169 his
2138 1116 2221 1169 vel
2256 1117 2499 1171 victualia
2543 1116 2880 1185 praesumatis
2921 1118 3198 1186 accipere,
3244 1120 3345 1172 nisi
3386 1127 3590 1172 tantum

2007 1208 2437 1275 subvectionem,
2466 1209 2510 1263 si
2537 1223 2697 1262 causa
2729 1209 3052 1277 poposcerit,
3075 1218 3130 1264 et
3151 1209 3588 1277 ImSpitalitatem,

2008 1312 2075 1351 ne
2103 1297 2329 1352 credant
2354 1313 2412 1352 se
2437 1299 2661 1352 omnino
2688 1299 2969 1353 fastidiose
2992 1299 3296 1371 deSpectos.
3328 1301 3461 1354 Cum
3494 1316 3590 1353 au-

2008 1400 2113 1443 tem
2127 1388 2641 1457 ConstantinOpolim
2668 1390 2777 1443 Deo
2795 1389 3082 1459 adjuvante
3104 1391 3375 1453 veneritis,
3396 1392 3446 1444 in
3471 1406 3590 1445 eam
3624 1422 3637 1429 π

2005 1478 2237 1533 secedite
2257 1494 2413 1547 quam
2430 1480 2715 1547 imperator
2729 1481 3013 1547 praebuerit
3027 1482 3354 1536 mansionem
3372 1498 3387 1546 ;
3401 1490 3455 1537 et
3466 1484 3586 1535 nul-

2007 1570 2112 1622 lum
2139 1567 2205 1622 ad
2236 1568 2607 1623 salutationem
2638 1582 2867 1625 vestram
2910 1573 3056 1639 prius
3086 1572 3401 1638 permittatis
3442 1586 3612 1625 acce»

2005 1661 2150 1724 dere,
2166 1664 2409 1731 exceptis
2424 1662 2506 1717 his
2521 1678 2655 1732 quos
2671 1663 2785 1731 ipse
2807 1664 2879 1717 mi
2912 1666 3017 1717 erit
3034 1666 3339 1733 imperator,
3358 1674 3448 1720 aut
3460 1682 3607 1737 quos-
3624 1702 3639 1711 η.

2008 1762 2203 1806 nostra;
2232 1755 2624 1807 communionis
2650 1769 2769 1808 esse
2809 1757 3161 1825 cognoscitis,
3211 1757 3383 1812 donec
3415 1759 3587 1826 ipsum

328 1830 384 1884 ϐ.
421 1848 526 1883 cos.
588 1835 863 1914 Bai-unius
898 1844 951 1889 et
991 1830 1307 1914 cullei-tores
1346 1830 1702 1914 conciliorum
1724 1852 1903 1914 ‘antn-
1939 1842 1984 1901 Β
2014 1844 2305 1913 principem
2335 1844 2588 1910 videatis;
2617 1844 2701 1899 cui
2731 1847 3065 1914 prtesentati,
3097 1848 3417 1912 salutantes,
3452 1849 3592 1903 litte-

331 1912 535 1975 ntattles
563 1919 761 1957 annum
807 1906 1002 1959 Christi
1046 1906 1153 1961 518
1185 1909 1356 1975 Magni
1397 1920 1452 1961 et
1480 1908 1735 1963 Florentii
1774 1924 1905 1963 con-

330 1970 505 2024 sulatu
537 1984 775 2027 notatum
808 1975 988 2037 fuisse,
1022 1978 1237 2030 easdem
1273 1970 1501 2032 ire-tulere
1528 1980 1591 2031 ad
1621 1996 1741 2035 eum
1758 1978 1906 2033 Chri-

330 2039 394 2094 sti
420 2059 644 2117 annum.
680 2044 872 2099 Verum
904 2062 971 2099 eo
998 2049 1384 2117 anno'Magnus
1401 2050 1547 2102 solus
1577 2051 1763 2104 consul
1788 2065 1902 2113 pio-

331 2113 508 2173 cessit,
544 2114 774 2188 ideoque
795 2132 873 2169 ea:
911 2117 1125 2181 litteras,
1158 2113 1279 2171 eum
1308 2119 1502 2186 quibus
1532 2121 1723 2188 aliqum
1750 2122 1904 2173 annis

330 2184 679 2247 sequentbns
715 2191 851 2238 datm
898 2189 1289 2242 connexioncm
1329 2184 1551 2247 habent.
1602 2184 1666 2243 ad
1705 2206 1901 2243 annum

331 2250 430 2303 5l5
458 2254 679 2306 omnino
708 2257 1065 2323 retrahendae,
1093 2269 1144 2311 et
1173 2261 1223 2311 in
1247 2274 1380 2312 nova
1404 2260 1764 2315 Conciliorutn
1790 2261 1904 2316 edi-

334 2323 473 2376 tione
505 2324 557 2377 in
587 2341 741 2378 suum
771 2326 1014 2383 ordinem
1042 2329 1380 2384 restituenda!
1409 2341 1589 2384 erunt.

812 2448 837 2475 °
867 2439 1199 2494 EPISTOLA
1229 2440 1419 2495 XXXI.

736 2548 802 2584 AD
830 2548 1170 2586 JUSTISIANUN
1194 2550 1487 2588 AI'GUSTUN.

333 2616 408 2671 Ad
435 2635 613 2685 pacem
641 2623 1300 2696 assequendamAcacium,
1324 2625 1689 2690 danmnudtmt,
1715 2627 1904 2696 legatos

893 2694 1023 2745 mitti
1058 2696 1332 2763 signiﬁcat.

400 2798 681 2855 Hormisda
705 2802 991 2873 episcopus
1013 2804 1315 2860 Justiniano
1342 2810 1598 2874 Augnso.

396 2890 716 2947 Litterarum
742 2906 1038 2951 vestrarum
1060 2901 1201 2953 serie
1231 2899 1502 2965 religionis
1524 2915 1625 2968 ope
1648 2901 1902 2972 pollente,

331 2978 623 3039 devotionis
654 2989 985 3054 optatissima
1017 2991 1370 3058 gratulatione
1401 3007 1672 3061 suscepta,
1702 2997 1904 3062 gratias

331 3070 589 3129 divinitati
644 3078 953 3142 retulimus,
987 3083 1108 3149 quia
1138 3083 1360 3137 dedistis
1395 3084 1645 3140 indicium
1693 3084 1851 3141 facile
1875 3102 1903 3139 a

330 3163 473 3218 vobis
504 3165 617 3219 lieri
646 3168 785 3236 quod
817 3172 1172 3239 potuissemus
1228 3174 1449 3230 hortari.
1494 3176 1630 3231 Hinc
1663 3179 1901 3248 estquod

330 3256 445 3323 quia
479 3268 674 3324 sponte
714 3258 997 3315 laudabilia
1027 3265 1245 3333 cupitis,
1272 3265 1428 3335 digne
1469 3267 1534 3320 ad
1578 3268 1905 3336 principatus

330 3350 529 3417 apicem
564 3365 717 3419 geuet
735 3352 777 3406 is
811 3356 973 3409 vestri
1026 3368 1309 3411 stemmata
1333 3368 1714 3427 pervenerunt.
1762 3362 1905 3426 Qua-

330 3450 543 3509 propter
584 3443 811 3497 insistite
848 3456 900 3499 et
941 3448 1202 3515 religiosa:
1238 3450 1535 3506 vivacitatis
1573 3453 1765 3507 animis
1807 3454 1909 3507 im-

329 3533 548 3599 minete,
584 3545 639 3588 ut
661 3537 1106 3605 quemadmodum
1141 3557 1235 3610 pro
1259 3542 1411 3596 butue
1438 3544 1728 3599 voluntatis
1756 3544 1906 3599 initfo

329 3639 491 3690 genus
522 3636 759 3681 vestrum
788 3630 983 3683 meruit
1004 3631 1213 3686 culmen
1240 3633 1470 3700 imperii,
1503 3637 1553 3690 in
1576 3647 1775 3691 mlerua
1814 3653 1906 3690 vo-

329 3715 405 3769 bis
431 3717 499 3771 de
528 3719 857 3786 perfectione
900 3723 1066 3791 gloria
1111 3725 1215 3779 sint
1249 3727 1524 3795 triumphi.
1583 3729 1774 3784 Videte
1801 3746 1907 3799 quo

330 3806 593 3862 desiderio
613 3810 678 3863 ad
711 3813 856 3879 pacis
882 3814 1071 3881 gaudia
1105 3814 1408 3871 ludificatus
1436 3821 1527 3873 diu
1561 3821 1789 3875 mundus
1813 3840 1908 3876 ex-

332 3896 501 3954 hortet
525 3900 826 3973 (exsultet).
869 3904 1136 3974 Restiicite
1166 3911 1533 3976 generalitatis
1560 3912 1788 3978 animos,
1817 3930 1905 3968 ve-

331 3994 419 4046 stri
452 3998 872 4065 praesumptione
904 4000 1171 4066 beneficii,
1192 4013 1340 4056 certa
1368 4018 1461 4073 spe
1489 4006 1683 4075 quietis
1713 4008 1903 4072 attolli;

333 4101 432 4139 non
458 4097 545 4141 est
573 4089 712 4156 quod
745 4105 803 4144 se
834 4090 1082 4146 dubietas
1124 4094 1349 4161 inserat,
1393 4112 1496 4150 non
1532 4098 1775 4164 estquod
1806 4099 1907 4151 ali-

333 4194 396 4245 qu
418 4179 451 4233 d
482 4182 851 4251 ambiguitatis
881 4184 1130 4248 accedat,
1164 4202 1285 4240 cum
1336 4190 1602 4245 testamini
1625 4231 1640 4254 ,
1688 4192 1826 4260 quod
1856 4202 1907 4246 et

333 4286 424 4326 nos
452 4274 671 4343 quidem
698 4275 835 4329 bene
864 4278 1130 4343 novimus.
1159 4281 1415 4336 accedere
1444 4282 1509 4336 ad
1546 4282 1905 4337 Ecclesiarum

333 4365 669 4418 concordiam
701 4366 974 4433 religionis
1002 4371 1282 4441 (religiosi)
1314 4373 1566 4441 principis
1586 4383 1728 4427 vota.
1768 4374 1908 4441 Qua-

335 4466 546 4525 propter
570 4466 733 4512 tantte
756 4462 1179 4529 magnanimitati
1206 4465 1405 4533 gratias
1435 4476 1678 4534 agentes,
1705 4476 1900 4536 quanta

2011 1954 2097 1992 ras
2128 1948 2336 1993 nostras
2361 1940 2573 2007 oll‘erte,
2601 1950 2947 2011 suggerentes
2979 1957 3224 2009 magnum
3264 1958 3361 1995 nos
3386 1942 3452 1997 de
3478 1942 3593 2010 ejus

2010 2030 2235 2098 imperio
2274 2031 2523 2100 gaudium
2566 2035 2897 2101 percepisse,
2954 2042 3008 2086 et
3054 2033 3273 2086 nimium
3334 2034 3589 2103 gratulari

2007 2122 2147 2187 quod
2173 2137 2293 2175 eum
2325 2122 2463 2175 Deus
2486 2124 2832 2190 omnipotens
2857 2122 2920 2174 ad
2952 2122 3053 2176 hoc
3076 2124 3280 2188 evexit,
3305 2124 3453 2191 juxta
3477 2125 3593 2191 ejus

2007 2225 2188 2265 sacras
2218 2211 2445 2278 litteras,
2482 2221 2538 2265 ut
2566 2212 2859 2266 secundum
2892 2228 2953 2267 ea
2986 2229 3105 2281 quae
3133 2223 3257 2268 sunt
3284 2215 3352 2267 ab
3379 2224 3592 2283 aposto-

2011 2302 2124 2357 licae
2150 2304 2293 2358 sedis
2322 2306 2605 2360 constituta
2653 2306 2999 2373 praesulibus,
3029 2305 3139 2361 Deo
3161 2316 3378 2362 auctore
3420 2315 3474 2360 et
3505 2322 3589 2362 re-

2006 2407 2112 2461 gno
2136 2394 2254 2461 ejus
2286 2394 2594 2459 adnitente,
2630 2395 2987 2451 Ecclesiarum
3020 2405 3073 2451 et
3102 2412 3200 2466 pax
3229 2406 3282 2451 et
3307 2398 3479 2452 unitas
3512 2398 3593 2451 his

2011 2484 2342 2552 temporibus
2369 2485 2671 2539 desiderata
2706 2488 3002 2554 proveniat.
3032 2486 3129 2553 Qui
3162 2487 3205 2541 si
3230 2503 3322 2539 vos
3348 2486 3589 2543 hortatus

2012 2573 2169 2627 fuerit
2201 2584 2259 2628 ut
2296 2575 2949 2645 Constantinopolitanum
2986 2577 3209 2631 videatis
3244 2578 3592 2647 episcopum,

2010 2663 2251 2717 intimate
2298 2678 2393 2717 vos
2441 2665 2696 2733 prtelinita
2748 2665 2979 2732 habere,
3029 2682 3149 2737 quze
3196 2668 3354 2721 etiam
3405 2669 3471 2723 ab
3512 2672 3631 2722 eis-

2009 2768 2151 2821 sa‘pe
2174 2766 2300 2807 sunt
2323 2758 2557 2823 cognita,
2589 2770 2708 2825 quaa
2735 2758 2802 2809 ab
2828 2760 3088 2812 universis
3113 2760 3381 2829 episcopis
3407 2760 3590 2815 catho—

2009 2844 2165 2898 licam
2190 2846 2619 2900 communioncm
2648 2849 3091 2916 amplectentibus
3119 2852 3376 2918 professio
3398 2853 3590 2909 debeat
3626 2881 3633 2887 -

2008 2935 2287 2989 celebrari.
2316 2937 2440 2992 lla'c
2468 2938 2510 2991 si
2539 2938 2822 3008 episcopus
2843 2939 3457 3010 Constantinopolitanus
3488 2948 3588 2999 im-

2011 3029 2153 3097 plere
2182 3039 2399 3097 paratus
2445 3039 2560 3095 est,
2592 3033 2638 3086 ei
2670 3043 2944 3101 gratanter
2990 3038 3345 3104 occurrimus;
3375 3040 3420 3094 si
3457 3056 3587 3097 vero
3610 3075 3631 3085 ηρ

2011 3120 2153 3175 sedis
2174 3123 2480 3191 apostolicae
2502 3124 2927 3180 adhortationem
2951 3132 3099 3199 sequi
3120 3136 3436 3197 contemnit,
3458 3134 3594 3202 quid

1931 3212 1975 3273 C
2014 3227 2235 3267 necesse
2269 3222 2352 3267 est
2387 3224 2444 3267 ut
2476 3213 2541 3267 ad
2571 3215 2907 3270 occasionem
2948 3219 3306 3274 contentionis
3340 3221 3625 3275 salutatio“

2011 3310 2190 3356 nostra
2220 3303 2479 3372 proficiat,
2506 3305 2700 3373 quibus
2729 3322 2835 3360 non
2857 3315 2940 3361 est
2962 3306 3337 3377 disputationis
3357 3322 3445 3364 aut
3473 3327 3590 3367 cete

2012 3394 2226 3448 tantinis
2270 3409 2430 3449 causa
2476 3396 2528 3449 in
2573 3397 2872 3451 mandatis?
2908 3397 2965 3453 Si
2995 3414 3121 3455 vero
3158 3402 3447 3470 imperator
3486 3402 3590 3458 sibi
3606 3428 3623 3451 υ

2010 3490 2204 3557 aperiri
2232 3489 2454 3545 voluerit
2498 3491 2628 3560 quid
2675 3491 2746 3546 sit
2783 3493 2922 3562 quod
2955 3496 3022 3548 ab
3060 3496 3313 3564 episcopo
3346 3493 3457 3549 ﬁeri
3488 3510 3591 3564 pe.

2009 3579 2239 3643 stuletis,
2270 3577 2493 3633 formam
2518 3579 2681 3634 libelli
2705 3597 2863 3651 quam
2890 3584 3108 3649 portatis
3128 3583 3412 3639 ostendite.
3438 3583 3589 3652 Quod
3614 3598 3615 3603 ‘

2010 3671 2054 3724 si
2099 3671 2168 3725 de
2213 3674 2553 3727 anathemate
2603 3674 2785 3728 Acacii
2833 3676 3202 3741 consentiens,
3249 3690 3592 3732 successores

2010 3760 2125 3828 ejus
2151 3762 2347 3816 dixerit
2382 3764 2715 3829 recitandos,
2750 3765 2821 3817 ob
2861 3765 2959 3819 hoc
2988 3766 3127 3834 quod
3160 3776 3381 3835 promes
3406 3767 3590 3821 defen-

2010 3853 2215 3905 sionem
2251 3852 2705 3907 Chalcedonensis
2735 3855 2923 3924 synodi
2962 3856 3121 3923 aliqui
3147 3870 3332 3909 eorum
3375 3858 3591 3926 (nempe

2012 3942 2340 4010 Euphemius
2368 3954 2423 3997 et
2461 3944 2822 4015 Macedonius)
2849 3945 3041 3999 fuerint
3073 3946 3265 4001 exsilio
3291 3946 3586 4015 deportati,

2010 4034 2349 4093 insinuabitis
2393 4035 2522 4090 nihil
2554 4050 2647 4089 vos
2691 4036 2758 4090 de
2803 4037 2966 4091 libelli
3015 4052 3170 4105 posse
3200 4034 3365 4090 forma
3395 4036 3585 4090 decer—

2014 4141 2163 4195 pere,
2195 4127 2247 4179 in
2278 4141 2380 4195 qua
2412 4141 2667 4194 sequaces
2694 4126 3063 4180 damnatorum
3087 4127 3282 4195 pariter
3310 4126 3587 4180 continen-

2016 4229 2118 4270 tur.
2145 4217 2251 4271 Sed
2274 4217 2320 4271 si
2345 4232 2440 4271 eos
2462 4218 2528 4271 ab
2555 4217 2655 4271 hac
2682 4234 2784 4271 non
2816 4217 3094 4286 potueritis
3119 4218 3411 4271 intentione
3432 4215 3593 4270 delle—

2011 4321 2191 4376 ctere;
2253 4312 2441 4364 saltem
2490 4312 2590 4364 hoc
2641 4311 2996 4380 acquiescite,
3048 4320 3105 4363 ut
3152 4310 3593 4363 anathematizato

2014 4401 2319 4469 specialiter
2350 4416 2443 4466 ter
2478 4400 2744 4465 libellum,
2772 4416 2931 4469 quem
2965 4400 3116 4452 vobis
3143 4398 3414 4463 dedimus,
3456 4403 3592 4453 Aca-

2013 4497 2130 4560 cio,
2186 4495 2253 4550 de
2302 4495 2758 4565 praedecessorum
2815 4494 2932 4563 ejus
2976 4494 3278 4547 nominibus
3327 4502 3590 4557 taceatur,

335 4563 616 4617 ν⁰⁵⁵¹¹¹¹¹⁸¹⁵
669 4553 919 4660 Ennio"?
972 4554 1324 4660 άθντθθξηξυτ
1381 4566 1437 4610 ’⁸⁸
1464 4559 1682 4660 Enim:
1715 4575 1905 4660 "f’mf’"
1941 4584 2224 4643 Dabrasis
2241 4602 2423 4641 eorum
2447 4587 2512 4640 de
2532 4586 2905 4660 diptychorutn
2931 4584 3276 4653 inscriptione
3298 4583 3591 4641 vocabulis.

335 4654 450 4694 cum
481 4644 800 4710 sequacibus
827 4645 937 4698 suis
957 4686 974 4711 ,
1036 4648 1175 4716 quod
1207 4648 1362 4717 plene
1387 4650 1606 4704 unitatis
1645 4650 1881 4704 Ecclesia

338 4748 448 4784 rum
475 4733 696 4802 impedit
720 4736 971 4804 gaudium
990 4779 1004 4803 ,
1036 4740 1393 4794 damnationis
1422 4742 1611 4796 ordine
1637 4743 1707 4797 sit
1737 4760 1911 4798 remo-

339 4830 466 4873 tum.
496 4822 604 4877 Nos
632 4826 773 4879 enim
808 4828 1188 4902 convenientes
1215 4845 1390 4885 causa:
1428 4834 1668 4902 qualitati
1707 4833 1907 4888 direxi-

339 4927 454 4964 mus
485 4912 709 4981 legatos,
741 4915 933 4984 quibus
974 4900 1324 4985 prmsentibus
1354 4900 1561 4975 initium
1589 4924 1728 4991 quod
1760 4924 1910 4978 dedi-

336 5002 401 5051 sti
431 5002 607 5069 gaudii
646 5004 812 5072 possit
852 5008 1143 5061 secundum
1176 5026 1294 5076 qua:
1333 5012 1595 5067 mandatis
1622 5016 1902 5070 continen-

337 5100 425 5145 tur
449 5092 652 5164 impleri
682 5096 844 5165 (anno
874 5098 1083 5152 Domini
1112 5102 1257 5171 517).

949 5190 1305 5249 INDICULUS

460 5292 600 5337 ρυειι
641 5294 982 5333 Λεεερειιυητ
1023 5299 1212 5338 ιεσλη
1248 5301 1583 5342 Λροετοιιειε
1623 5305 1789 5345 δευιδ.

900 5371 1112 5438 Legatos
1142 5377 1361 5430 instruit.

414 5456 539 5511 Cum
563 5459 671 5513 Deo
692 5462 920 5529 propitio
939 5472 1113 5530 partes
1130 5464 1427 5520 Orientales
1444 5468 1547 5522 fuel
1565 5468 1650 5523 itis
1664 5468 1914 5538 ingressi,

414 5584 439 5608 ⁸
471 5574 615 5650 lianc
642 5578 921 5650 cpi-telam
951 5594 1073 5650 cum
1102 5596 1288 5635 novent
1320 5583 1666 5650 sequentibus
1694 5583 1763 5636 de
1788 5597 1917 5647 pace

339 5647 623 5718 etAunitzite
647 5648 935 5702 Orientalis
958 5649 1208 5703 Ecclesia:
1234 5647 1447 5718 scripsit
1474 5652 1755 5707 llormisda
1783 5668 1915 5718 pon-

344 5714 472 5791 tifex
499 5733 639 5769 anno
666 5718 880 5791 Δυειιιιιηι
913 5719 1036 5791 519.
1064 5714 1399 5791 (Συνανὶιμοέιε
1427 5722 1621 5777 deferri
1654 5737 1747 5791 per
1777 5714 1916 5791 lega-

341 5787 545 5840 tionem
584 5789 723 5842 sedi.
755 5788 1057 5854 apostolica!
1086 5830 1097 5853 ,
1145 5805 1242 5855 qua
1275 5789 1571 5847 Germanus
1608 5787 1666 5847 et
1687 5787 1917 5847 Joannes

2017 4681 2133 4746 Quo
2177 4680 2317 4734 farto
2357 4679 2667 4753 episc0pum
2711 4678 3355 4747 ConstantinOpolitanum
3401 4679 3454 4733 in
3500 4694 3593 4734 ve-

2018 4785 2180 4828 stram
2209 4775 2640 4826 communionem
2662 4773 2905 4839 accipite.
2934 4771 3190 4826 Libellum
3214 4787 3341 4826 vero
3368 4770 3447 4825 vel
3476 4772 3594 4840 cpi-

2018 4865 2166 4932 sc0pi
2209 4863 2824 4930 Constantinopolitani,
2881 4862 2963 4916 vel
3010 4862 3275 4925 aliorum,
3324 4877 3459 4930 quos
3502 4877 3597 4917 vos

2017 4958 2289 5025 suscipere
2332 4956 2442 5009 Deo
2488 4956 2699 5010 volente
2741 4956 3053 5024 contigerit,
3100 4956 3273 5024 primo
3316 4954 3491 5024 agite,
3540 4963 3596 5008 ut

2018 5055 2283 5117 priest-nte
2311 5048 2514 5115 pepulo
2544 5048 2811 5102 recitetur.
2836 5046 2985 5114 Quod
3016 5048 3059 5102 si
3095 5048 3196 5102 hoc
3223 5048 3333 5102 fieri
3365 5062 3470 5100 non
3500 5062 3595 5115 po-

2019 5142 2210 5205 tuerit,
2265 5139 2458 5194 saltem
2504 5142 2554 5193 in
2586 5142 2876 5195 secretario
2908 5139 3257 5208 praesentibus
3290 5138 3499 5193 clericis
3542 5150 3596 5191 et

2017 5230 2455 5289 archimandritis
2467 5232 2749 5301 relegatur.
2769 5232 2891 5286 llaec
2910 5232 3085 5286 omnia
3108 5232 3149 5286 si
3165 5231 3275 5283 Deo
3295 5228 3594 5282 fuerintvo-

2020 5322 2163 5375 lente
2174 5321 2461 5390 completa,
2476 5321 2850 5390 imperatorem
2866 5321 3312 5393 rogatu[F.impet
3323 5328 3597 5389 atat-roge-

2023 5408 2151 5480 tur],
2175 5419 2232 5464 ut
2249 5411 2709 5468 destinatissacris
2737 5428 2831 5480 per
2844 5410 3590 5480 metropolitanosepiscOpos,

2020 5500 2283 5569 a-Ijunctis
2297 5502 2460 5569 ipsius
2474 5503 2706 5571 episcopi
2720 5502 3283 5569 Constantinopolitani
3296 5500 3510 5570 litteris,
3524 5502 3596 5557 in-

2022 5591 2283 5657 epismpi,
2315 5591 2546 5645 Blandus
2588 5592 2881 5660 presbyter,
2919 5591 3060 5644 Felix
3091 5600 3143 5643 et
3172 5589 3457 5645 Dioscorus
3482 5592 3595 5647 dia-

2022 5660 2144 5716 coni
2176 5660 2548 5728 fungebantur,
2594 5662 2786 5729 quique
2826 5669 3134 5723 sequentem
3182 5660 3470 5717 indiculum
3513 5680 3600 5722 re-

2023 5746 2139 5785 rum
2171 5727 2493 5800 agendarum
2515 5745 2543 5783 a
2576 5727 2825 5797 pontilice
2850 5740 3190 5797 acceperunt.
3240 5731 3366 5788 ch.
3394 5732 3594 5790 Btmcs.
