  <div class='ocr_page' id='page_1' title='image "/cluster/home/n/w/nwhite01/storage/ocr_20150623/63/hvd.32044015469307/221.png"; bbox 0 0 3998 6368; ppageno 0'>
   <div class='ocr_carea' id='block_1_1' title="bbox 403 359 506 421">
    <p class='ocr_par' dir='ltr' id='par_1_1' title="bbox 403 359 506 421">
     <span class='ocr_line' id='line_1_1' title="bbox 403 359 506 421; baseline -0.049 0"><span class='ocrx_word' id='word_1_1' title='bbox 403 359 506 421; x_wconf 69' lang='grc'><strong>455</strong></span> 
     </span>
    </p>
   </div>
   <div class='ocr_carea' id='block_1_2' title="bbox 1742 336 2352 394">
    <p class='ocr_par' dir='ltr' id='par_1_2' title="bbox 1742 336 2352 394">
     <span class='ocr_line' id='line_1_2' title="bbox 1742 336 2352 394; baseline -0.002 -2"><span class='ocrx_word' id='word_1_2' title='bbox 1742 336 2111 394; x_wconf 62' lang='grc' dir='ltr'><strong>ΙΙΟῐὶΜιὸῡέΕ</strong></span> <span class='ocrx_word' id='word_1_3' title='bbox 2153 336 2352 393; x_wconf 73' lang='grc' dir='ltr'><strong>ΡΑΡιΕ</strong></span> 
     </span>
    </p>
   </div>
   <div class='ocr_carea' id='block_1_3' title="bbox 3560 323 3665 380">
    <p class='ocr_par' dir='ltr' id='par_1_3' title="bbox 3560 323 3665 380">
     <span class='ocr_line' id='line_1_3' title="bbox 3560 323 3665 380; baseline -0.019 0"><span class='ocrx_word' id='word_1_4' title='bbox 3560 323 3665 380; x_wconf 74' lang='grc'><strong>456</strong></span> 
     </span>
    </p>
   </div>
   <div class='ocr_carea' id='block_1_4' title="bbox 403 442 3670 538">
    <p class='ocr_par' dir='ltr' id='par_1_4' title="bbox 403 442 3670 538">
     <span class='ocr_line' id='line_1_4' title="bbox 403 442 3670 538; baseline -0.01 -9"><span class='ocrx_word' id='word_1_5' title='bbox 403 469 968 538; x_wconf 86' lang='lat' dir='ltr'><strong>notescatepiscopum</strong></span> <span class='ocrx_word' id='word_1_6' title='bbox 981 453 1650 524; x_wconf 82' lang='lat' dir='ltr'><strong>Constantinopolitanum,</strong></span> <span class='ocrx_word' id='word_1_7' title='bbox 1670 465 1986 519; x_wconf 88' lang='lat' dir='ltr'><strong>suoquoqne</strong></span> <span class='ocrx_word' id='word_1_8' title='bbox 2015 453 2063 510; x_wconf 78' lang='grc' dir='ltr'><strong>Α</strong></span> <span class='ocrx_word' id='word_1_9' title='bbox 2094 451 2212 503; x_wconf 86' lang='lat' dir='ltr'><strong>dem</strong></span> <span class='ocrx_word' id='word_1_10' title='bbox 2257 448 2547 519; x_wconf 86' lang='lat' dir='ltr'><strong>aliquando</strong></span> <span class='ocrx_word' id='word_1_11' title='bbox 2576 448 2839 503; x_wconf 84' lang='lat' dir='ltr'><strong>divisores</strong></span> <span class='ocrx_word' id='word_1_12' title='bbox 2868 446 3120 501; x_wconf 90' lang='lat' dir='ltr'><strong>dominici</strong></span> <span class='ocrx_word' id='word_1_13' title='bbox 3156 442 3394 512; x_wconf 83' lang='lat' dir='ltr'><strong>corporis</strong></span> <span class='ocrx_word' id='word_1_14' title='bbox 3426 442 3549 495; x_wconf 73' lang='lat' dir='ltr'><strong>ﬁdei</strong></span> <span class='ocrx_word' id='word_1_15' title='bbox 3582 458 3670 495; x_wconf 84' lang='lat' dir='ltr'><strong>ve-</strong></span> 
     </span>
    </p>
   </div>
   <div class='ocr_carea' id='block_1_5' title="bbox 403 542 1979 622">
    <p class='ocr_par' dir='ltr' id='par_1_5' title="bbox 403 542 1979 622">
     <span class='ocr_line' id='line_1_5' title="bbox 403 542 1979 622; baseline -0.016 -4"><span class='ocrx_word' id='word_1_16' title='bbox 403 578 666 621; x_wconf 75' lang='lat' dir='ltr'><strong>rousensu</strong></span> <span class='ocrx_word' id='word_1_17' title='bbox 694 557 956 614; x_wconf 85' lang='lat' dir='ltr'><strong>celebrata</strong></span> <span class='ocrx_word' id='word_1_18' title='bbox 980 548 1314 622; x_wconf 79' lang='lat' dir='ltr'><strong>professione</strong></span> <span class='ocrx_word' id='word_1_19' title='bbox 1339 560 1497 616; x_wconf 81' lang='lat' dir='ltr'><strong>quam</strong></span> <span class='ocrx_word' id='word_1_20' title='bbox 1519 542 1675 598; x_wconf 89' lang='lat' dir='ltr'><strong>sedes</strong></span> <span class='ocrx_word' id='word_1_21' title='bbox 1689 542 1979 610; x_wconf 88' lang='lat' dir='ltr'><strong>apostolica</strong></span> 
     </span>
    </p>
   </div>
   <div class='ocr_carea' id='block_1_6' title="bbox 404 636 1980 714">
    <p class='ocr_par' dir='ltr' id='par_1_6' title="bbox 404 636 1980 714">
     <span class='ocr_line' id='line_1_6' title="bbox 404 636 1980 714; baseline -0.019 -2"><span class='ocrx_word' id='word_1_22' title='bbox 404 657 709 714; x_wconf 88' lang='lat' dir='ltr'><strong>destinavit,</strong></span> <span class='ocrx_word' id='word_1_23' title='bbox 726 652 775 703; x_wconf 93' lang='lat' dir='ltr'><strong>in</strong></span> <span class='ocrx_word' id='word_1_24' title='bbox 790 648 1045 700; x_wconf 88' lang='lat' dir='ltr'><strong>unitatem</strong></span> <span class='ocrx_word' id='word_1_25' title='bbox 1062 638 1455 695; x_wconf 79' lang='lat' dir='ltr'><strong>communionis</strong></span> <span class='ocrx_word' id='word_1_26' title='bbox 1473 636 1636 690; x_wconf 88' lang='lat' dir='ltr'><strong>fuisse</strong></span> <span class='ocrx_word' id='word_1_27' title='bbox 1650 642 1980 700; x_wconf 88' lang='lat' dir='ltr'><strong>susceptum,</strong></span> 
     </span>
    </p>
   </div>
   <div class='ocr_carea' id='block_1_7' title="bbox 405 722 1982 815">
    <p class='ocr_par' dir='ltr' id='par_1_7' title="bbox 405 722 1982 815">
     <span class='ocr_line' id='line_1_7' title="bbox 405 722 1982 815; baseline -0.015 -16"><span class='ocrx_word' id='word_1_28' title='bbox 405 749 596 815; x_wconf 84' lang='lat' dir='ltr'><strong>quibus</strong></span> <span class='ocrx_word' id='word_1_29' title='bbox 629 740 819 797; x_wconf 73' lang='lat' dir='ltr'><strong>litteris</strong></span> <span class='ocrx_word' id='word_1_30' title='bbox 842 738 1000 791; x_wconf 87' lang='lat' dir='ltr'><strong>etiam</strong></span> <span class='ocrx_word' id='word_1_31' title='bbox 1038 733 1184 802; x_wconf 88' lang='lat' dir='ltr'><strong>ipsos</strong></span> <span class='ocrx_word' id='word_1_32' title='bbox 1206 731 1447 783; x_wconf 74' lang='lat' dir='ltr'><strong>hortetur</strong></span> <span class='ocrx_word' id='word_1_33' title='bbox 1479 724 1675 781; x_wconf 80' lang='lat' dir='ltr'><strong>similia</strong></span> <span class='ocrx_word' id='word_1_34' title='bbox 1725 722 1982 792; x_wconf 87' lang='lat' dir='ltr'><strong>proﬁteri.</strong></span> 
     </span>
    </p>
   </div>
   <div class='ocr_carea' id='block_1_8' title="bbox 404 812 1983 905">
    <p class='ocr_par' dir='ltr' id='par_1_8' title="bbox 404 812 1983 905">
     <span class='ocr_line' id='line_1_8' title="bbox 404 812 1983 905; baseline -0.018 -15"><span class='ocrx_word' id='word_1_35' title='bbox 404 812 556 905; x_wconf 65' lang='lat' dir='ltr'><strong>Quod</strong></span> <span class='ocrx_word' id='word_1_36' title='bbox 586 836 628 888; x_wconf 90' lang='lat' dir='ltr'><strong>si</strong></span> <span class='ocrx_word' id='word_1_37' title='bbox 674 833 724 885; x_wconf 92' lang='lat' dir='ltr'><strong>in</strong></span> <span class='ocrx_word' id='word_1_38' title='bbox 759 830 857 882; x_wconf 79' lang='lat' dir='ltr'><strong>hac</strong></span> <span class='ocrx_word' id='word_1_39' title='bbox 896 836 1046 895; x_wconf 90' lang='lat' dir='ltr'><strong>parte</strong></span> <span class='ocrx_word' id='word_1_40' title='bbox 1093 825 1385 890; x_wconf 87' lang='lat' dir='ltr'><strong>imperator</strong></span> <span class='ocrx_word' id='word_1_41' title='bbox 1418 815 1614 885; x_wconf 88' lang='lat' dir='ltr'><strong>aliquid</strong></span> <span class='ocrx_word' id='word_1_42' title='bbox 1660 812 1983 869; x_wconf 83' lang='lat' dir='ltr'><strong>difﬁcultatis</strong></span> 
     </span>
    </p>
   </div>
   <div class='ocr_carea' id='block_1_9' title="bbox 404 903 1986 988">
    <p class='ocr_par' dir='ltr' id='par_1_9' title="bbox 404 903 1986 988">
     <span class='ocr_line' id='line_1_9' title="bbox 404 903 1986 988; baseline -0.017 -6"><span class='ocrx_word' id='word_1_43' title='bbox 404 903 675 987; x_wconf 72' lang='lat' dir='ltr'><strong>attulerit,</strong></span> <span class='ocrx_word' id='word_1_44' title='bbox 744 921 1028 988; x_wconf 80' lang='lat' dir='ltr'><strong>episcopus</strong></span> <span class='ocrx_word' id='word_1_45' title='bbox 1079 908 1722 977; x_wconf 75' lang='lat' dir='ltr'><strong>Coosmntiuopolitanus,</strong></span> <span class='ocrx_word' id='word_1_46' title='bbox 1768 903 1986 958; x_wconf 86' lang='lat' dir='ltr'><strong>directis</strong></span> 
     </span>
    </p>
   </div>
   <div class='ocr_carea' id='block_1_10' title="bbox 408 998 1988 1088">
    <p class='ocr_par' dir='ltr' id='par_1_10' title="bbox 408 998 1988 1088">
     <span class='ocr_line' id='line_1_10' title="bbox 408 998 1988 1088; baseline -0.015 -19"><span class='ocrx_word' id='word_1_47' title='bbox 408 1012 855 1088; x_wconf 70' lang='lat' dir='ltr'><strong>praeceptionibus</strong></span> <span class='ocrx_word' id='word_1_48' title='bbox 882 1007 1152 1076; x_wconf 81' lang='lat' dir='ltr'><strong>episcopis</strong></span> <span class='ocrx_word' id='word_1_49' title='bbox 1188 1003 1300 1057; x_wconf 87' lang='lat' dir='ltr'><strong>suis</strong></span> <span class='ocrx_word' id='word_1_50' title='bbox 1330 999 1737 1071; x_wconf 76' lang='lat' dir='ltr'><strong>partecialibus,</strong></span> <span class='ocrx_word' id='word_1_51' title='bbox 1768 998 1848 1049; x_wconf 88' lang='lat' dir='ltr'><strong>vel</strong></span> <span class='ocrx_word' id='word_1_52' title='bbox 1885 1011 1988 1047; x_wconf 74' lang='lat' dir='ltr'><strong>ca:-</strong></span> 
     </span>
    </p>
   </div>
   <div class='ocr_carea' id='block_1_11' title="bbox 408 1088 1989 1172">
    <p class='ocr_par' dir='ltr' id='par_1_11' title="bbox 408 1088 1989 1172">
     <span class='ocr_line' id='line_1_11' title="bbox 408 1088 1989 1172; baseline -0.015 -9"><span class='ocrx_word' id='word_1_53' title='bbox 408 1110 536 1163; x_wconf 89' lang='lat' dir='ltr'><strong>teris</strong></span> <span class='ocrx_word' id='word_1_54' title='bbox 563 1102 1008 1172; x_wconf 82' lang='lat' dir='ltr'><strong>metrOpolitanis.</strong></span> <span class='ocrx_word' id='word_1_55' title='bbox 1041 1100 1120 1152; x_wconf 90' lang='lat' dir='ltr'><strong>eis</strong></span> <span class='ocrx_word' id='word_1_56' title='bbox 1155 1094 1508 1164; x_wconf 69' lang='lat' dir='ltr'><strong>prmsentibus</strong></span> <span class='ocrx_word' id='word_1_57' title='bbox 1537 1091 1624 1159; x_wconf 90' lang='lat' dir='ltr'><strong>qui</strong></span> <span class='ocrx_word' id='word_1_58' title='bbox 1657 1107 1685 1140; x_wconf 88' lang='lat' dir='ltr'><strong>a</strong></span> <span class='ocrx_word' id='word_1_59' title='bbox 1717 1088 1866 1141; x_wconf 89' lang='lat' dir='ltr'><strong>vobis</strong></span> <span class='ocrx_word' id='word_1_60' title='bbox 1899 1103 1989 1155; x_wconf 89' lang='lat' dir='ltr'><strong>pa-</strong></span> 
     </span>
    </p>
   </div>
   <div class='ocr_carea' id='block_1_12' title="bbox 410 1181 1985 1256">
    <p class='ocr_par' dir='ltr' id='par_1_12' title="bbox 410 1181 1985 1256">
     <span class='ocr_line' id='line_1_12' title="bbox 410 1181 1985 1256; baseline -0.015 -5"><span class='ocrx_word' id='word_1_61' title='bbox 410 1200 536 1252; x_wconf 86' lang='lat' dir='ltr'><strong>riter</strong></span> <span class='ocrx_word' id='word_1_62' title='bbox 573 1195 761 1250; x_wconf 83' lang='lat' dir='ltr'><strong>directi</strong></span> <span class='ocrx_word' id='word_1_63' title='bbox 795 1193 1025 1255; x_wconf 89' lang='lat' dir='ltr'><strong>fuerint,</strong></span> <span class='ocrx_word' id='word_1_64' title='bbox 1061 1186 1187 1256; x_wconf 90' lang='lat' dir='ltr'><strong>quid</strong></span> <span class='ocrx_word' id='word_1_65' title='bbox 1229 1187 1343 1252; x_wconf 89' lang='lat' dir='ltr'><strong>ipse</strong></span> <span class='ocrx_word' id='word_1_66' title='bbox 1387 1183 1607 1243; x_wconf 80' lang='lat' dir='ltr'><strong>iecerit,</strong></span> <span class='ocrx_word' id='word_1_67' title='bbox 1650 1181 1985 1234; x_wconf 81' lang='lat' dir='ltr'><strong>innotescat:</strong></span> 
     </span>
    </p>
   </div>
   <div class='ocr_carea' id='block_1_13' title="bbox 409 1272 1988 1358">
    <p class='ocr_par' dir='ltr' id='par_1_13' title="bbox 409 1272 1988 1358">
     <span class='ocr_line' id='line_1_13' title="bbox 409 1272 1988 1358; baseline -0.014 -15"><span class='ocrx_word' id='word_1_68' title='bbox 409 1288 551 1358; x_wconf 89' lang='lat' dir='ltr'><strong>quod</strong></span> <span class='ocrx_word' id='word_1_69' title='bbox 579 1288 644 1342; x_wconf 92' lang='lat' dir='ltr'><strong>ab</strong></span> <span class='ocrx_word' id='word_1_70' title='bbox 674 1302 737 1342; x_wconf 89' lang='lat' dir='ltr'><strong>eo</strong></span> <span class='ocrx_word' id='word_1_71' title='bbox 775 1283 950 1337; x_wconf 89' lang='lat' dir='ltr'><strong>modis</strong></span> <span class='ocrx_word' id='word_1_72' title='bbox 974 1279 1225 1335; x_wconf 84' lang='lat' dir='ltr'><strong>ornuibus</strong></span> <span class='ocrx_word' id='word_1_73' title='bbox 1251 1292 1346 1329; x_wconf 85' lang='lat' dir='ltr'><strong>vos</strong></span> <span class='ocrx_word' id='word_1_74' title='bbox 1390 1282 1602 1341; x_wconf 79' lang='lat' dir='ltr'><strong>oportet</strong></span> <span class='ocrx_word' id='word_1_75' title='bbox 1646 1272 1882 1335; x_wconf 79' lang='lat' dir='ltr'><strong>exigere,</strong></span> <span class='ocrx_word' id='word_1_76' title='bbox 1932 1277 1988 1322; x_wconf 90' lang='lat' dir='ltr'><strong>ut</strong></span> 
     </span>
    </p>
   </div>
   <div class='ocr_carea' id='block_1_14' title="bbox 413 1360 1988 1448">
    <p class='ocr_par' dir='ltr' id='par_1_14' title="bbox 413 1360 1988 1448">
     <span class='ocr_line' id='line_1_14' title="bbox 413 1360 1988 1448; baseline -0.015 -11"><span class='ocrx_word' id='word_1_77' title='bbox 413 1384 534 1437; x_wconf 89' lang='lat' dir='ltr'><strong>facti</strong></span> <span class='ocrx_word' id='word_1_78' title='bbox 574 1380 729 1448; x_wconf 81' lang='lat' dir='ltr'><strong>huius</strong></span> <span class='ocrx_word' id='word_1_79' title='bbox 770 1374 1077 1431; x_wconf 90' lang='lat' dir='ltr'><strong>testimonio</strong></span> <span class='ocrx_word' id='word_1_80' title='bbox 1109 1376 1455 1438; x_wconf 78' lang='lat' dir='ltr'><strong>peragrante,</strong></span> <span class='ocrx_word' id='word_1_81' title='bbox 1485 1365 1644 1418; x_wconf 88' lang='lat' dir='ltr'><strong>etiam</strong></span> <span class='ocrx_word' id='word_1_82' title='bbox 1680 1360 1988 1422; x_wconf 85' lang='lat' dir='ltr'><strong>universos,</strong></span> 
     </span>
    </p>
   </div>
   <div class='ocr_carea' id='block_1_15' title="bbox 415 1455 1697 1541">
    <p class='ocr_par' dir='ltr' id='par_1_15' title="bbox 415 1455 1697 1541">
     <span class='ocr_line' id='line_1_15' title="bbox 415 1455 1697 1541; baseline -0.016 -16"><span class='ocrx_word' id='word_1_83' title='bbox 415 1474 498 1529; x_wconf 89' lang='lat' dir='ltr'><strong>vel</strong></span> <span class='ocrx_word' id='word_1_84' title='bbox 520 1473 609 1541; x_wconf 91' lang='lat' dir='ltr'><strong>qui</strong></span> <span class='ocrx_word' id='word_1_85' title='bbox 633 1471 787 1539; x_wconf 85' lang='lat' dir='ltr'><strong>longe</strong></span> <span class='ocrx_word' id='word_1_86' title='bbox 816 1476 941 1521; x_wconf 89' lang='lat' dir='ltr'><strong>sunt</strong></span> <span class='ocrx_word' id='word_1_87' title='bbox 971 1462 1150 1532; x_wconf 85' lang='lat' dir='ltr'><strong>positi,</strong></span> <span class='ocrx_word' id='word_1_88' title='bbox 1177 1461 1344 1515; x_wconf 78' lang='lat' dir='ltr'><strong>latere</strong></span> <span class='ocrx_word' id='word_1_89' title='bbox 1370 1472 1475 1510; x_wconf 90' lang='lat' dir='ltr'><strong>non</strong></span> <span class='ocrx_word' id='word_1_90' title='bbox 1509 1455 1697 1524; x_wconf 88' lang='lat' dir='ltr'><strong>possit.</strong></span> 
     </span>
    </p>
   </div>
   <div class='ocr_carea' id='block_1_16' title="bbox 910 1548 1493 1611">
    <p class='ocr_par' dir='ltr' id='par_1_16' title="bbox 910 1548 1493 1611">
     <span class='ocr_line' id='line_1_16' title="bbox 910 1548 1493 1611; baseline -0.021 0"><span class='ocrx_word' id='word_1_91' title='bbox 910 1552 1238 1611; x_wconf 72' lang='lat' dir='ltr'><strong>EI’ISTOLA</strong></span> <span class='ocrx_word' id='word_1_92' title='bbox 1278 1548 1493 1604; x_wconf 74' lang='lat' dir='ltr'><strong>XXXII.</strong></span> 
     </span>
    </p>
   </div>
   <div class='ocr_carea' id='block_1_17' title="bbox 855 1642 1541 1693">
    <p class='ocr_par' dir='ltr' id='par_1_17' title="bbox 855 1642 1541 1693">
     <span class='ocr_line' id='line_1_17' title="bbox 855 1642 1541 1693; baseline -0.022 0"><span class='ocrx_word' id='word_1_93' title='bbox 855 1656 919 1693; x_wconf 80' lang='grc' dir='ltr'><strong>ΑΙ)</strong></span> <span class='ocrx_word' id='word_1_94' title='bbox 952 1648 1203 1691; x_wconf 63' lang='grc' dir='ltr'>ιυδτιδυιι</span> <span class='ocrx_word' id='word_1_95' title='bbox 1244 1642 1541 1684; x_wconf 74' lang='lat' dir='ltr'><strong>AUGUSTUM.</strong></span> 
     </span>
    </p>
   </div>
   <div class='ocr_carea' id='block_1_18' title="bbox 417 1712 1995 1805">
    <p class='ocr_par' dir='ltr' id='par_1_18' title="bbox 417 1712 1995 1805">
     <span class='ocr_line' id='line_1_18' title="bbox 417 1712 1995 1805; baseline -0.02 -11"><span class='ocrx_word' id='word_1_96' title='bbox 417 1740 491 1793; x_wconf 82' lang='lat' dir='ltr'><strong>Ab</strong></span> <span class='ocrx_word' id='word_1_97' title='bbox 527 1739 592 1791; x_wconf 73' lang='lat' dir='ltr'><strong>iis</strong></span> <span class='ocrx_word' id='word_1_98' title='bbox 631 1737 738 1805; x_wconf 88' lang='lat' dir='ltr'><strong>qui,</strong></span> <span class='ocrx_word' id='word_1_99' title='bbox 786 1731 1021 1786; x_wconf 76' lang='lat' dir='ltr'><strong>adm’ssis</strong></span> <span class='ocrx_word' id='word_1_100' title='bbox 1071 1720 1491 1805; x_wconf 65' lang='lat' dir='ltr'><strong>Chalcedone-usis</strong></span> <span class='ocrx_word' id='word_1_101' title='bbox 1528 1716 1730 1805; x_wconf 53' lang='lat' dir='ltr'><strong>concilii</strong></span> <span class='ocrx_word' id='word_1_102' title='bbox 1784 1712 1995 1805; x_wconf 57' lang='lat' dir='ltr'><strong>decretis</strong></span> 
     </span>
    </p>
   </div>
   <div class='ocr_carea' id='block_1_19' title="bbox 487 1786 1995 1863">
    <p class='ocr_par' dir='ltr' id='par_1_19' title="bbox 487 1786 1995 1863">
     <span class='ocr_line' id='line_1_19' title="bbox 487 1786 1995 1863; baseline -0.018 -1"><span class='ocrx_word' id='word_1_103' title='bbox 487 1786 992 1863; x_wconf 79' lang='lat' dir='ltr'><strong>damimre</strong></span> <span class='ocrx_word' id='word_1_104' title='bbox 1022 1799 1343 1851; x_wconf 81' lang='lat' dir='ltr'><strong>recusabant,</strong></span> <span class='ocrx_word' id='word_1_105' title='bbox 1367 1788 1675 1863; x_wconf 67' lang='lat' dir='ltr'><strong>c_pen_du_m;</strong></span> <span class='ocrx_word' id='word_1_106' title='bbox 1705 1786 1995 1863; x_wconf 65' lang='lat' dir='ltr'><strong>legatosque</strong></span> 
     </span>
    </p>
   </div>
   <div class='ocr_carea' id='block_1_20' title="bbox 490 1857 1993 1940">
    <p class='ocr_par' dir='ltr' id='par_1_20' title="bbox 490 1857 1993 1940">
     <span class='ocr_line' id='line_1_20' title="bbox 490 1857 1993 1940; baseline -0.018 -10"><span class='ocrx_word' id='word_1_107' title='bbox 490 1857 549 1932; x_wconf 60' lang='lat' dir='ltr'><strong>Et}</strong></span> <span class='ocrx_word' id='word_1_108' title='bbox 565 1857 745 1940; x_wconf 71' lang='lat' dir='ltr'><strong>pacem</strong></span> <span class='ocrx_word' id='word_1_109' title='bbox 768 1885 813 1927; x_wconf 89' lang='lat' dir='ltr'><strong>et</strong></span> <span class='ocrx_word' id='word_1_110' title='bbox 837 1873 1068 1925; x_wconf 86' lang='lat' dir='ltr'><strong>unionem</strong></span> <span class='ocrx_word' id='word_1_111' title='bbox 1099 1863 1372 1919; x_wconf 78' lang='lat' dir='ltr'><strong>Orientalis</strong></span> <span class='ocrx_word' id='word_1_112' title='bbox 1400 1858 1637 1912; x_wconf 74' lang='lat' dir='ltr'><strong>Ecclesia:</strong></span> <span class='ocrx_word' id='word_1_113' title='bbox 1658 1857 1834 1909; x_wconf 79' lang='lat' dir='ltr'><strong>missos</strong></span> <span class='ocrx_word' id='word_1_114' title='bbox 1855 1869 1993 1906; x_wconf 85' lang='lat' dir='ltr'><strong>com-</strong></span> 
     </span>
    </p>
   </div>
   <div class='ocr_carea' id='block_1_21' title="bbox 489 1948 711 1999">
    <p class='ocr_par' dir='ltr' id='par_1_21' title="bbox 489 1948 711 1999">
     <span class='ocr_line' id='line_1_21' title="bbox 489 1948 711 1999; baseline -0.014 0"><span class='ocrx_word' id='word_1_115' title='bbox 489 1948 711 1999; x_wconf 86' lang='lat' dir='ltr'><strong>mendat.</strong></span> 
     </span>
    </p>
   </div>
   <div class='ocr_carea' id='block_1_22' title="bbox 493 2030 1285 2093">
    <p class='ocr_par' dir='ltr' id='par_1_22' title="bbox 493 2030 1285 2093">
     <span class='ocr_line' id='line_1_22' title="bbox 493 2030 1285 2093; baseline -0.021 -1"><span class='ocrx_word' id='word_1_116' title='bbox 493 2032 773 2092; x_wconf 89' lang='lat' dir='ltr'><strong>llormisda</strong></span> <span class='ocrx_word' id='word_1_117' title='bbox 794 2031 1001 2087; x_wconf 81' lang='lat' dir='ltr'><strong>Justino</strong></span> <span class='ocrx_word' id='word_1_118' title='bbox 1029 2030 1285 2093; x_wconf 85' lang='lat' dir='ltr'><strong>Augusto.</strong></span> 
     </span>
    </p>
   </div>
   <div class='ocr_carea' id='block_1_23' title="bbox 490 2107 1999 2193">
    <p class='ocr_par' dir='ltr' id='par_1_23' title="bbox 490 2107 1999 2193">
     <span class='ocr_line' id='line_1_23' title="bbox 490 2107 1999 2193; baseline -0.017 -9"><span class='ocrx_word' id='word_1_119' title='bbox 490 2131 547 2185; x_wconf 90' lang='lat' dir='ltr'><strong>In</strong></span> <span class='ocrx_word' id='word_1_120' title='bbox 578 2136 779 2182; x_wconf 88' lang='lat' dir='ltr'><strong>tantum</strong></span> <span class='ocrx_word' id='word_1_121' title='bbox 811 2140 906 2193; x_wconf 91' lang='lat' dir='ltr'><strong>pro</strong></span> <span class='ocrx_word' id='word_1_122' title='bbox 936 2125 1100 2193; x_wconf 80' lang='lat' dir='ltr'><strong>gratia</strong></span> <span class='ocrx_word' id='word_1_123' title='bbox 1137 2117 1439 2174; x_wconf 88' lang='lat' dir='ltr'><strong>Divinitatis</strong></span> <span class='ocrx_word' id='word_1_124' title='bbox 1482 2114 1665 2183; x_wconf 75' lang='lat' dir='ltr'><strong>gloria:</strong></span> <span class='ocrx_word' id='word_1_125' title='bbox 1695 2126 1739 2163; x_wconf 56' lang='lat' dir='ltr'><strong>vi</strong></span> <span class='ocrx_word' id='word_1_126' title='bbox 1762 2118 1887 2163; x_wconf 71' lang='lat' dir='ltr'><strong>strte</strong></span> <span class='ocrx_word' id='word_1_127' title='bbox 1922 2107 1999 2160; x_wconf 88' lang='lat' dir='ltr'><strong>fa-</strong></span> 
     </span>
    </p>
   </div>
   <div class='ocr_carea' id='block_1_24' title="bbox 420 2200 2002 2280">
    <p class='ocr_par' dir='ltr' id='par_1_24' title="bbox 420 2200 2002 2280">
     <span class='ocr_line' id='line_1_24' title="bbox 420 2200 2002 2280; baseline -0.018 0"><span class='ocrx_word' id='word_1_128' title='bbox 420 2241 561 2280; x_wconf 87' lang='lat' dir='ltr'><strong>tuam</strong></span> <span class='ocrx_word' id='word_1_129' title='bbox 587 2228 795 2277; x_wconf 79' lang='lat' dir='ltr'><strong>Constat</strong></span> <span class='ocrx_word' id='word_1_130' title='bbox 832 2228 1111 2272; x_wconf 79' lang='lat' dir='ltr'><strong>extensam</strong></span> <span class='ocrx_word' id='word_1_131' title='bbox 1136 2256 1151 2277; x_wconf 96' lang='lat'><strong>,</strong></span> <span class='ocrx_word' id='word_1_132' title='bbox 1199 2221 1251 2266; x_wconf 91' lang='lat' dir='ltr'><strong>et</strong></span> <span class='ocrx_word' id='word_1_133' title='bbox 1291 2210 1361 2264; x_wconf 90' lang='lat' dir='ltr'><strong>ita</strong></span> <span class='ocrx_word' id='word_1_134' title='bbox 1393 2222 1487 2261; x_wconf 89' lang='lat' dir='ltr'><strong>vos</strong></span> <span class='ocrx_word' id='word_1_135' title='bbox 1518 2205 1841 2271; x_wconf 79' lang='lat' dir='ltr'><strong>snﬂ‘ragante</strong></span> <span class='ocrx_word' id='word_1_136' title='bbox 1875 2200 2002 2253; x_wconf 74' lang='lat' dir='ltr'><strong>vita:</strong></span> 
     </span>
    </p>
   </div>
   <div class='ocr_carea' id='block_1_25' title="bbox 421 2298 1999 2370">
    <p class='ocr_par' dir='ltr' id='par_1_25' title="bbox 421 2298 1999 2370">
     <span class='ocr_line' id='line_1_25' title="bbox 421 2298 1999 2370; baseline -0.016 0"><span class='ocrx_word' id='word_1_137' title='bbox 421 2315 611 2370; x_wconf 85' lang='lat' dir='ltr'><strong>merito</strong></span> <span class='ocrx_word' id='word_1_138' title='bbox 644 2309 979 2366; x_wconf 80' lang='lat' dir='ltr'><strong>laudabiliter</strong></span> <span class='ocrx_word' id='word_1_139' title='bbox 1010 2304 1208 2360; x_wconf 89' lang='lat' dir='ltr'><strong>mundo</strong></span> <span class='ocrx_word' id='word_1_140' title='bbox 1236 2299 1458 2368; x_wconf 85' lang='lat' dir='ltr'><strong>contigit</strong></span> <span class='ocrx_word' id='word_1_141' title='bbox 1482 2298 1848 2356; x_wconf 67' lang='lat' dir='ltr'><strong>innotescere,</strong></span> <span class='ocrx_word' id='word_1_142' title='bbox 1876 2303 1999 2360; x_wconf 88' lang='lat' dir='ltr'><strong>pro-</strong></span> 
     </span>
    </p>
   </div>
   <div class='ocr_carea' id='block_1_26' title="bbox 421 2390 1999 2461">
    <p class='ocr_par' dir='ltr' id='par_1_26' title="bbox 421 2390 1999 2461">
     <span class='ocr_line' id='line_1_26' title="bbox 421 2390 1999 2461; baseline -0.015 -1"><span class='ocrx_word' id='word_1_143' title='bbox 421 2403 816 2459; x_wconf 89' lang='lat' dir='ltr'><strong>batissimorutn</strong></span> <span class='ocrx_word' id='word_1_144' title='bbox 859 2397 1133 2453; x_wconf 87' lang='lat' dir='ltr'><strong>hominum</strong></span> <span class='ocrx_word' id='word_1_145' title='bbox 1168 2393 1420 2461; x_wconf 81' lang='lat' dir='ltr'><strong>Opinione</strong></span> <span class='ocrx_word' id='word_1_146' title='bbox 1452 2390 1724 2456; x_wconf 89' lang='lat' dir='ltr'><strong>vulgaute,</strong></span> <span class='ocrx_word' id='word_1_147' title='bbox 1758 2396 1811 2438; x_wconf 92' lang='lat' dir='ltr'><strong>ut</strong></span> <span class='ocrx_word' id='word_1_148' title='bbox 1839 2397 1999 2450; x_wconf 83' lang='lat' dir='ltr'><strong>super</strong></span> 
     </span>
    </p>
   </div>
   <div class='ocr_carea' id='block_1_27' title="bbox 419 2477 1999 2560">
    <p class='ocr_par' dir='ltr' id='par_1_27' title="bbox 419 2477 1999 2560">
     <span class='ocr_line' id='line_1_27' title="bbox 419 2477 1999 2560; baseline -0.014 -12"><span class='ocrx_word' id='word_1_149' title='bbox 419 2512 515 2552; x_wconf 84' lang='lat' dir='ltr'><strong>vos</strong></span> <span class='ocrx_word' id='word_1_150' title='bbox 547 2494 721 2560; x_wconf 88' lang='lat' dir='ltr'><strong>potius</strong></span> <span class='ocrx_word' id='word_1_151' title='bbox 747 2489 997 2546; x_wconf 86' lang='lat' dir='ltr'><strong>credatur</strong></span> <span class='ocrx_word' id='word_1_152' title='bbox 1038 2486 1274 2541; x_wconf 89' lang='lat' dir='ltr'><strong>delatum</strong></span> <span class='ocrx_word' id='word_1_153' title='bbox 1313 2482 1523 2536; x_wconf 87' lang='lat' dir='ltr'><strong>culmen</strong></span> <span class='ocrx_word' id='word_1_154' title='bbox 1567 2477 1803 2545; x_wconf 90' lang='lat' dir='ltr'><strong>imperii,</strong></span> <span class='ocrx_word' id='word_1_155' title='bbox 1838 2488 1999 2545; x_wconf 87' lang='lat' dir='ltr'><strong>quam</strong></span> 
     </span>
    </p>
   </div>
   <div class='ocr_carea' id='block_1_28' title="bbox 424 2570 2001 2658">
    <p class='ocr_par' dir='ltr' id='par_1_28' title="bbox 424 2570 2001 2658">
     <span class='ocr_line' id='line_1_28' title="bbox 424 2570 2001 2658; baseline -0.013 -17"><span class='ocrx_word' id='word_1_156' title='bbox 424 2606 517 2657; x_wconf 81' lang='lat' dir='ltr'><strong>per</strong></span> <span class='ocrx_word' id='word_1_157' title='bbox 545 2588 825 2658; x_wconf 89' lang='lat' dir='ltr'><strong>imperium</strong></span> <span class='ocrx_word' id='word_1_158' title='bbox 852 2598 947 2638; x_wconf 91' lang='lat' dir='ltr'><strong>vos</strong></span> <span class='ocrx_word' id='word_1_159' title='bbox 989 2578 1177 2648; x_wconf 89' lang='lat' dir='ltr'><strong>aliquis</strong></span> <span class='ocrx_word' id='word_1_160' title='bbox 1220 2577 1362 2632; x_wconf 88' lang='lat' dir='ltr'><strong>dicat</strong></span> <span class='ocrx_word' id='word_1_161' title='bbox 1404 2571 1641 2643; x_wconf 83' lang='lat' dir='ltr'><strong>agnosci.</strong></span> <span class='ocrx_word' id='word_1_162' title='bbox 1672 2570 1886 2623; x_wconf 81' lang='lat' dir='ltr'><strong>Certum</strong></span> <span class='ocrx_word' id='word_1_163' title='bbox 1918 2575 2001 2621; x_wconf 90' lang='lat' dir='ltr'><strong>est</strong></span> 
     </span>
    </p>
   </div>
   <div class='ocr_carea' id='block_1_29' title="bbox 422 2659 2001 2748">
    <p class='ocr_par' dir='ltr' id='par_1_29' title="bbox 422 2659 2001 2748">
     <span class='ocr_line' id='line_1_29' title="bbox 422 2659 2001 2748; baseline -0.015 -12"><span class='ocrx_word' id='word_1_164' title='bbox 422 2681 636 2748; x_wconf 78' lang='lat' dir='ltr'><strong>quidem</strong></span> <span class='ocrx_word' id='word_1_165' title='bbox 667 2675 971 2746; x_wconf 76' lang='lat' dir='ltr'><strong>huiusmodi</strong></span> <span class='ocrx_word' id='word_1_166' title='bbox 1003 2670 1347 2742; x_wconf 80' lang='lat' dir='ltr'><strong>prOvectione</strong></span> <span class='ocrx_word' id='word_1_167' title='bbox 1377 2676 1554 2721; x_wconf 87' lang='lat' dir='ltr'><strong>vestra</strong></span> <span class='ocrx_word' id='word_1_168' title='bbox 1580 2661 1802 2732; x_wconf 86' lang='lat' dir='ltr'><strong>pristino</strong></span> <span class='ocrx_word' id='word_1_169' title='bbox 1823 2659 2001 2728; x_wconf 75' lang='lat' dir='ltr'><strong>splen-</strong></span> 
     </span>
    </p>
   </div>
   <div class='ocr_carea' id='block_1_30' title="bbox 421 2752 2001 2825">
    <p class='ocr_par' dir='ltr' id='par_1_30' title="bbox 421 2752 2001 2825">
     <span class='ocr_line' id='line_1_30' title="bbox 421 2752 2001 2825; baseline -0.011 0"><span class='ocrx_word' id='word_1_170' title='bbox 421 2770 538 2825; x_wconf 91' lang='lat' dir='ltr'><strong>dori</strong></span> <span class='ocrx_word' id='word_1_171' title='bbox 564 2768 859 2825; x_wconf 86' lang='lat' dir='ltr'><strong>accessisse</strong></span> <span class='ocrx_word' id='word_1_172' title='bbox 884 2762 1095 2820; x_wconf 88' lang='lat' dir='ltr'><strong>decoris</strong></span> <span class='ocrx_word' id='word_1_173' title='bbox 1120 2760 1423 2821; x_wconf 90' lang='lat' dir='ltr'><strong>cumulum;</strong></span> <span class='ocrx_word' id='word_1_174' title='bbox 1456 2756 1550 2811; x_wconf 89' lang='lat' dir='ltr'><strong>sed</strong></span> <span class='ocrx_word' id='word_1_175' title='bbox 1584 2755 1720 2809; x_wconf 88' lang='lat' dir='ltr'><strong>sicut</strong></span> <span class='ocrx_word' id='word_1_176' title='bbox 1755 2752 2001 2807; x_wconf 86' lang='lat' dir='ltr'><strong>teunistis</strong></span> 
     </span>
    </p>
   </div>
   <div class='ocr_carea' id='block_1_31' title="bbox 424 2851 2001 2927">
    <p class='ocr_par' dir='ltr' id='par_1_31' title="bbox 424 2851 2001 2927">
     <span class='ocr_line' id='line_1_31' title="bbox 424 2851 2001 2927; baseline -0.012 -14"><span class='ocrx_word' id='word_1_177' title='bbox 424 2864 551 2917; x_wconf 90' lang='lat' dir='ltr'><strong>olim</strong></span> <span class='ocrx_word' id='word_1_178' title='bbox 600 2860 838 2916; x_wconf 89' lang='lat' dir='ltr'><strong>moribus</strong></span> <span class='ocrx_word' id='word_1_179' title='bbox 890 2854 1278 2927; x_wconf 73' lang='lat' dir='ltr'><strong>principatum,</strong></span> <span class='ocrx_word' id='word_1_180' title='bbox 1331 2851 1410 2904; x_wconf 89' lang='lat' dir='ltr'><strong>sic</strong></span> <span class='ocrx_word' id='word_1_181' title='bbox 1460 2864 1581 2903; x_wconf 91' lang='lat' dir='ltr'><strong>cum</strong></span> <span class='ocrx_word' id='word_1_182' title='bbox 1628 2862 1724 2900; x_wconf 91' lang='lat' dir='ltr'><strong>vos</strong></span> <span class='ocrx_word' id='word_1_183' title='bbox 1772 2859 1866 2913; x_wconf 91' lang='lat' dir='ltr'><strong>per</strong></span> <span class='ocrx_word' id='word_1_184' title='bbox 1909 2858 2001 2897; x_wconf 88' lang='lat' dir='ltr'><strong>ora</strong></span> 
     </span>
    </p>
   </div>
   <div class='ocr_carea' id='block_1_32' title="bbox 423 2935 2002 3024">
    <p class='ocr_par' dir='ltr' id='par_1_32' title="bbox 423 2935 2002 3024">
     <span class='ocr_line' id='line_1_32' title="bbox 423 2935 2002 3024; baseline -0.013 -14"><span class='ocrx_word' id='word_1_185' title='bbox 423 2953 657 3024; x_wconf 89' lang='lat' dir='ltr'><strong>gentium</strong></span> <span class='ocrx_word' id='word_1_186' title='bbox 695 2952 976 3023; x_wconf 85' lang='lat' dir='ltr'><strong>impatiens</strong></span> <span class='ocrx_word' id='word_1_187' title='bbox 1025 2946 1220 3002; x_wconf 79' lang='lat' dir='ltr'><strong>secreti</strong></span> <span class='ocrx_word' id='word_1_188' title='bbox 1267 2941 1575 3011; x_wconf 82' lang='lat' dir='ltr'><strong>magnitudo</strong></span> <span class='ocrx_word' id='word_1_189' title='bbox 1617 2938 1895 2999; x_wconf 88' lang='lat' dir='ltr'><strong>detulerit,</strong></span> <span class='ocrx_word' id='word_1_190' title='bbox 1937 2935 2002 2990; x_wconf 90' lang='lat' dir='ltr'><strong>ad</strong></span> 
     </span>
    </p>
   </div>
   <div class='ocr_carea' id='block_1_33' title="bbox 428 3032 2003 3113">
    <p class='ocr_par' dir='ltr' id='par_1_33' title="bbox 428 3032 2003 3113">
     <span class='ocr_line' id='line_1_33' title="bbox 428 3032 2003 3113; baseline -0.011 -15"><span class='ocrx_word' id='word_1_191' title='bbox 428 3061 525 3100; x_wconf 90' lang='lat' dir='ltr'><strong>nos</strong></span> <span class='ocrx_word' id='word_1_192' title='bbox 553 3059 794 3113; x_wconf 89' lang='lat' dir='ltr'><strong>quoque,</strong></span> <span class='ocrx_word' id='word_1_193' title='bbox 826 3042 964 3096; x_wconf 76' lang='lat' dir='ltr'><strong>sit-ut</strong></span> <span class='ocrx_word' id='word_1_194' title='bbox 996 3037 1221 3109; x_wconf 82' lang='lat' dir='ltr'><strong>mystice</strong></span> <span class='ocrx_word' id='word_1_195' title='bbox 1253 3035 1541 3102; x_wconf 83' lang='lat' dir='ltr'><strong>loquuntur</strong></span> <span class='ocrx_word' id='word_1_196' title='bbox 1570 3032 1894 3098; x_wconf 62' lang='lat' dir='ltr'><strong>Scriptura),</strong></span> <span class='ocrx_word' id='word_1_197' title='bbox 1924 3036 2003 3081; x_wconf 85' lang='lat' dir='ltr'><strong>te-</strong></span> 
     </span>
    </p>
   </div>
   <div class='ocr_carea' id='block_1_34' title="bbox 427 3121 2003 3193">
    <p class='ocr_par' dir='ltr' id='par_1_34' title="bbox 427 3121 2003 3193">
     <span class='ocr_line' id='line_1_34' title="bbox 427 3121 2003 3193; baseline -0.013 0"><span class='ocrx_word' id='word_1_198' title='bbox 427 3138 693 3193; x_wconf 87' lang='lat' dir='ltr'><strong>stimoniis</strong></span> <span class='ocrx_word' id='word_1_199' title='bbox 734 3134 1010 3190; x_wconf 81' lang='lat' dir='ltr'><strong>suavitatis</strong></span> <span class='ocrx_word' id='word_1_200' title='bbox 1051 3138 1242 3184; x_wconf 73' lang='lat' dir='ltr'><strong>vestra:</strong></span> <span class='ocrx_word' id='word_1_201' title='bbox 1285 3126 1419 3180; x_wconf 93' lang='lat' dir='ltr'><strong>odor</strong></span> <span class='ocrx_word' id='word_1_202' title='bbox 1461 3123 1694 3178; x_wconf 84' lang='lat' dir='ltr'><strong>advenit.</strong></span> <span class='ocrx_word' id='word_1_203' title='bbox 1751 3121 1815 3174; x_wconf 84' lang='lat' dir='ltr'><strong>Et</strong></span> <span class='ocrx_word' id='word_1_204' title='bbox 1857 3129 2003 3174; x_wconf 90' lang='lat' dir='ltr'><strong>certe</strong></span> 
     </span>
    </p>
   </div>
   <div class='ocr_carea' id='block_1_35' title="bbox 426 3212 2001 3295">
    <p class='ocr_par' dir='ltr' id='par_1_35' title="bbox 426 3212 2001 3295">
     <span class='ocr_line' id='line_1_35' title="bbox 426 3212 2001 3295; baseline -0.013 -12"><span class='ocrx_word' id='word_1_205' title='bbox 426 3246 547 3283; x_wconf 87' lang='lat' dir='ltr'><strong>cum</strong></span> <span class='ocrx_word' id='word_1_206' title='bbox 588 3229 694 3282; x_wconf 88' lang='lat' dir='ltr'><strong>late</strong></span> <span class='ocrx_word' id='word_1_207' title='bbox 739 3224 1074 3295; x_wconf 89' lang='lat' dir='ltr'><strong>prudentium</strong></span> <span class='ocrx_word' id='word_1_208' title='bbox 1118 3219 1391 3274; x_wconf 87' lang='lat' dir='ltr'><strong>hominum</strong></span> <span class='ocrx_word' id='word_1_209' title='bbox 1429 3213 1689 3271; x_wconf 81' lang='lat' dir='ltr'><strong>sententia</strong></span> <span class='ocrx_word' id='word_1_210' title='bbox 1740 3212 2001 3280; x_wconf 74' lang='lat' dir='ltr'><strong>religiosa:</strong></span> 
     </span>
    </p>
   </div>
   <div class='ocr_carea' id='block_1_36' title="bbox 427 3303 1998 3376">
    <p class='ocr_par' dir='ltr' id='par_1_36' title="bbox 427 3303 1998 3376">
     <span class='ocr_line' id='line_1_36' title="bbox 427 3303 1998 3376; baseline -0.011 -3"><span class='ocrx_word' id='word_1_211' title='bbox 427 3320 548 3373; x_wconf 65' lang='lat' dir='ltr'><strong>vitm</strong></span> <span class='ocrx_word' id='word_1_212' title='bbox 576 3326 768 3373; x_wconf 77' lang='lat' dir='ltr'><strong>vestra:</strong></span> <span class='ocrx_word' id='word_1_213' title='bbox 812 3313 1009 3370; x_wconf 87' lang='lat' dir='ltr'><strong>fuerint</strong></span> <span class='ocrx_word' id='word_1_214' title='bbox 1050 3310 1288 3365; x_wconf 88' lang='lat' dir='ltr'><strong>instituta</strong></span> <span class='ocrx_word' id='word_1_215' title='bbox 1334 3307 1612 3376; x_wconf 89' lang='lat' dir='ltr'><strong>dispersa,</strong></span> <span class='ocrx_word' id='word_1_216' title='bbox 1663 3303 1858 3357; x_wconf 73' lang='lat' dir='ltr'><strong>habere</strong></span> <span class='ocrx_word' id='word_1_217' title='bbox 1895 3316 1998 3355; x_wconf 91' lang='lat' dir='ltr'><strong>non</strong></span> 
     </span>
    </p>
   </div>
   <div class='ocr_carea' id='block_1_37' title="bbox 428 3392 2000 3477">
    <p class='ocr_par' dir='ltr' id='par_1_37' title="bbox 428 3392 2000 3477">
     <span class='ocr_line' id='line_1_37' title="bbox 428 3392 2000 3477; baseline -0.011 -15"><span class='ocrx_word' id='word_1_218' title='bbox 428 3409 695 3477; x_wconf 83' lang='lat' dir='ltr'><strong>potuimus</strong></span> <span class='ocrx_word' id='word_1_219' title='bbox 721 3404 1044 3472; x_wconf 89' lang='lat' dir='ltr'><strong>incognitum</strong></span> <span class='ocrx_word' id='word_1_220' title='bbox 1070 3398 1325 3471; x_wconf 84' lang='lat' dir='ltr'><strong>quidquid</strong></span> <span class='ocrx_word' id='word_1_221' title='bbox 1351 3398 1419 3452; x_wconf 91' lang='lat' dir='ltr'><strong>de</strong></span> <span class='ocrx_word' id='word_1_222' title='bbox 1442 3396 1592 3449; x_wconf 84' lang='lat' dir='ltr'><strong>vobis</strong></span> <span class='ocrx_word' id='word_1_223' title='bbox 1622 3396 1791 3448; x_wconf 89' lang='lat' dir='ltr'><strong>fuerat</strong></span> <span class='ocrx_word' id='word_1_224' title='bbox 1818 3392 2000 3445; x_wconf 92' lang='lat' dir='ltr'><strong>mundi</strong></span> 
     </span>
    </p>
   </div>
   <div class='ocr_carea' id='block_1_38' title="bbox 428 3482 1999 3563">
    <p class='ocr_par' dir='ltr' id='par_1_38' title="bbox 428 3482 1999 3563">
     <span class='ocr_line' id='line_1_38' title="bbox 428 3482 1999 3563; baseline -0.011 -12"><span class='ocrx_word' id='word_1_225' title='bbox 428 3499 771 3553; x_wconf 74' lang='lat' dir='ltr'><strong>attestatione</strong></span> <span class='ocrx_word' id='word_1_226' title='bbox 800 3495 1066 3563; x_wconf 88' lang='lat' dir='ltr'><strong>vulgatum</strong></span> <span class='ocrx_word' id='word_1_227' title='bbox 1098 3508 1111 3543; x_wconf 92' lang='lat'><strong>:</strong></span> <span class='ocrx_word' id='word_1_228' title='bbox 1142 3490 1265 3559; x_wconf 84' lang='lat' dir='ltr'><strong>quia</strong></span> <span class='ocrx_word' id='word_1_229' title='bbox 1293 3489 1429 3543; x_wconf 91' lang='lat' dir='ltr'><strong>sicut</strong></span> <span class='ocrx_word' id='word_1_230' title='bbox 1460 3485 1713 3539; x_wconf 79' lang='lat' dir='ltr'><strong>mediocri</strong></span> <span class='ocrx_word' id='word_1_231' title='bbox 1740 3482 1893 3537; x_wconf 83' lang='lat' dir='ltr'><strong>laude</strong></span> <span class='ocrx_word' id='word_1_232' title='bbox 1918 3482 1999 3535; x_wconf 90' lang='lat' dir='ltr'><strong>di-</strong></span> 
     </span>
    </p>
   </div>
   <div class='ocr_carea' id='block_1_39' title="bbox 427 3575 2000 3659">
    <p class='ocr_par' dir='ltr' id='par_1_39' title="bbox 427 3575 2000 3659">
     <span class='ocr_line' id='line_1_39' title="bbox 427 3575 2000 3659; baseline -0.012 -14"><span class='ocrx_word' id='word_1_233' title='bbox 427 3604 527 3659; x_wconf 75' lang='lat' dir='ltr'><strong>gna</strong></span> <span class='ocrx_word' id='word_1_234' title='bbox 559 3590 611 3642; x_wconf 91' lang='lat' dir='ltr'><strong>in</strong></span> <span class='ocrx_word' id='word_1_235' title='bbox 641 3588 960 3642; x_wconf 88' lang='lat' dir='ltr'><strong>immensum</strong></span> <span class='ocrx_word' id='word_1_236' title='bbox 990 3584 1087 3637; x_wconf 88' lang='lat' dir='ltr'><strong>sibi</strong></span> <span class='ocrx_word' id='word_1_237' title='bbox 1119 3590 1391 3652; x_wconf 90' lang='lat' dir='ltr'><strong>nequeunt</strong></span> <span class='ocrx_word' id='word_1_238' title='bbox 1412 3579 1683 3632; x_wconf 88' lang='lat' dir='ltr'><strong>vindicare</strong></span> <span class='ocrx_word' id='word_1_239' title='bbox 1714 3575 2000 3643; x_wconf 69' lang='lat' dir='ltr'><strong>prmconia,</strong></span> 
     </span>
    </p>
   </div>
   <div class='ocr_carea' id='block_1_40' title="bbox 431 3666 2003 3746">
    <p class='ocr_par' dir='ltr' id='par_1_40' title="bbox 431 3666 2003 3746">
     <span class='ocr_line' id='line_1_40' title="bbox 431 3666 2003 3746; baseline -0.008 -13"><span class='ocrx_word' id='word_1_240' title='bbox 431 3681 502 3735; x_wconf 91' lang='lat' dir='ltr'><strong>ita</strong></span> <span class='ocrx_word' id='word_1_241' title='bbox 528 3680 645 3735; x_wconf 86' lang='lat' dir='ltr'><strong>sine</strong></span> <span class='ocrx_word' id='word_1_242' title='bbox 673 3680 777 3733; x_wconf 90' lang='lat' dir='ltr'><strong>ﬁne</strong></span> <span class='ocrx_word' id='word_1_243' title='bbox 817 3675 1207 3746; x_wconf 70' lang='lat' dir='ltr'><strong>prmdicandum</strong></span> <span class='ocrx_word' id='word_1_244' title='bbox 1247 3672 1447 3739; x_wconf 88' lang='lat' dir='ltr'><strong>rapitur</strong></span> <span class='ocrx_word' id='word_1_245' title='bbox 1477 3670 1529 3723; x_wconf 91' lang='lat' dir='ltr'><strong>in</strong></span> <span class='ocrx_word' id='word_1_246' title='bbox 1571 3669 1819 3738; x_wconf 90' lang='lat' dir='ltr'><strong>populum</strong></span> <span class='ocrx_word' id='word_1_247' title='bbox 1853 3666 2003 3736; x_wconf 79' lang='lat' dir='ltr'><strong>quid-</strong></span> 
     </span>
    </p>
   </div>
   <div class='ocr_carea' id='block_1_41' title="bbox 430 3758 2006 3841">
    <p class='ocr_par' dir='ltr' id='par_1_41' title="bbox 430 3758 2006 3841">
     <span class='ocr_line' id='line_1_41' title="bbox 430 3758 2006 3841; baseline -0.011 -13"><span class='ocrx_word' id='word_1_248' title='bbox 430 3772 555 3841; x_wconf 88' lang='lat' dir='ltr'><strong>quid</strong></span> <span class='ocrx_word' id='word_1_249' title='bbox 608 3771 748 3825; x_wconf 88' lang='lat' dir='ltr'><strong>bono</strong></span> <span class='ocrx_word' id='word_1_250' title='bbox 802 3767 961 3823; x_wconf 88' lang='lat' dir='ltr'><strong>fuerit</strong></span> <span class='ocrx_word' id='word_1_251' title='bbox 1011 3764 1377 3820; x_wconf 57' lang='lat' dir='ltr'><strong>admiratioois</strong></span> <span class='ocrx_word' id='word_1_252' title='bbox 1446 3770 1713 3815; x_wconf 87' lang='lat' dir='ltr'><strong>ornattnn.</strong></span> <span class='ocrx_word' id='word_1_253' title='bbox 1761 3758 2006 3811; x_wconf 76' lang='lat' dir='ltr'><strong>Vindicat</strong></span> 
     </span>
    </p>
   </div>
   <div class='ocr_carea' id='block_1_42' title="bbox 429 3849 2004 3931">
    <p class='ocr_par' dir='ltr' id='par_1_42' title="bbox 429 3849 2004 3931">
     <span class='ocr_line' id='line_1_42' title="bbox 429 3849 2004 3931; baseline -0.013 -12"><span class='ocrx_word' id='word_1_254' title='bbox 429 3865 570 3919; x_wconf 87' lang='lat' dir='ltr'><strong>enim</strong></span> <span class='ocrx_word' id='word_1_255' title='bbox 596 3861 697 3917; x_wconf 88' lang='lat' dir='ltr'><strong>sibi</strong></span> <span class='ocrx_word' id='word_1_256' title='bbox 722 3859 1027 3931; x_wconf 86' lang='lat' dir='ltr'><strong>quantitatis</strong></span> <span class='ocrx_word' id='word_1_257' title='bbox 1055 3873 1165 3911; x_wconf 76' lang='lat' dir='ltr'><strong>sua:</strong></span> <span class='ocrx_word' id='word_1_258' title='bbox 1187 3857 1308 3925; x_wconf 90' lang='lat' dir='ltr'><strong>jure</strong></span> <span class='ocrx_word' id='word_1_259' title='bbox 1335 3852 1642 3922; x_wconf 78' lang='lat' dir='ltr'><strong>magnitudo</strong></span> <span class='ocrx_word' id='word_1_260' title='bbox 1673 3850 1825 3903; x_wconf 71' lang='lat' dir='ltr'><strong>[anne</strong></span> <span class='ocrx_word' id='word_1_261' title='bbox 1857 3849 2004 3902; x_wconf 90' lang='lat' dir='ltr'><strong>testi-</strong></span> 
     </span>
    </p>
   </div>
   <div class='ocr_carea' id='block_1_43' title="bbox 427 3939 2002 4023">
    <p class='ocr_par' dir='ltr' id='par_1_43' title="bbox 427 3939 2002 4023">
     <span class='ocr_line' id='line_1_43' title="bbox 427 3939 2002 4023; baseline -0.015 -10"><span class='ocrx_word' id='word_1_262' title='bbox 427 3956 637 4022; x_wconf 86' lang='lat' dir='ltr'><strong>monia,</strong></span> <span class='ocrx_word' id='word_1_263' title='bbox 673 3955 793 4023; x_wconf 91' lang='lat' dir='ltr'><strong>quia</strong></span> <span class='ocrx_word' id='word_1_264' title='bbox 824 3950 1067 4005; x_wconf 78' lang='lat' dir='ltr'><strong>nesciunt</strong></span> <span class='ocrx_word' id='word_1_265' title='bbox 1099 3950 1265 4002; x_wconf 88' lang='lat' dir='ltr'><strong>latere</strong></span> <span class='ocrx_word' id='word_1_266' title='bbox 1295 3945 1555 3999; x_wconf 84' lang='lat' dir='ltr'><strong>miranda.</strong></span> <span class='ocrx_word' id='word_1_267' title='bbox 1592 3943 1722 3996; x_wconf 90' lang='lat' dir='ltr'><strong>lliuc</strong></span> <span class='ocrx_word' id='word_1_268' title='bbox 1750 3949 1833 3994; x_wconf 88' lang='lat' dir='ltr'><strong>est</strong></span> <span class='ocrx_word' id='word_1_269' title='bbox 1864 3939 2002 4008; x_wconf 87' lang='lat' dir='ltr'><strong>quod</strong></span> 
     </span>
    </p>
   </div>
   <div class='ocr_carea' id='block_1_44' title="bbox 428 4035 2006 4116">
    <p class='ocr_par' dir='ltr' id='par_1_44' title="bbox 428 4035 2006 4116">
     <span class='ocr_line' id='line_1_44' title="bbox 428 4035 2006 4116; baseline -0.013 -14"><span class='ocrx_word' id='word_1_270' title='bbox 428 4047 754 4116; x_wconf 85' lang='lat' dir='ltr'><strong>principatus</strong></span> <span class='ocrx_word' id='word_1_271' title='bbox 781 4042 930 4095; x_wconf 83' lang='lat' dir='ltr'><strong>vobis</strong></span> <span class='ocrx_word' id='word_1_272' title='bbox 954 4055 1018 4094; x_wconf 88' lang='lat' dir='ltr'><strong>ac</strong></span> <span class='ocrx_word' id='word_1_273' title='bbox 1043 4040 1274 4092; x_wconf 88' lang='lat' dir='ltr'><strong>honores</strong></span> <span class='ocrx_word' id='word_1_274' title='bbox 1306 4035 1413 4105; x_wconf 81' lang='lat' dir='ltr'><strong>(Ed</strong></span> <span class='ocrx_word' id='word_1_275' title='bbox 1465 4036 1611 4089; x_wconf 82' lang='lat' dir='ltr'><strong>liam.</strong></span> <span class='ocrx_word' id='word_1_276' title='bbox 1643 4035 1889 4097; x_wconf 64' lang='lat' dir='ltr'><strong>adoreas)</strong></span> <span class='ocrx_word' id='word_1_277' title='bbox 1914 4050 2006 4099; x_wconf 78' lang='lat' dir='ltr'><strong>pl.-</strong></span> 
     </span>
    </p>
   </div>
   <div class='ocr_carea' id='block_1_45' title="bbox 428 4123 2007 4201">
    <p class='ocr_par' dir='ltr' id='par_1_45' title="bbox 428 4123 2007 4201">
     <span class='ocr_line' id='line_1_45' title="bbox 428 4123 2007 4201; baseline -0.008 -13"><span class='ocrx_word' id='word_1_278' title='bbox 428 4137 566 4189; x_wconf 86' lang='lat' dir='ltr'><strong>hlica</strong></span> <span class='ocrx_word' id='word_1_279' title='bbox 592 4134 711 4201; x_wconf 85' lang='lat' dir='ltr'><strong>jura</strong></span> <span class='ocrx_word' id='word_1_280' title='bbox 746 4130 1167 4184; x_wconf 88' lang='lat' dir='ltr'><strong>commiserunt:</strong></span> <span class='ocrx_word' id='word_1_281' title='bbox 1203 4143 1322 4178; x_wconf 75' lang='lat' dir='ltr'><strong>nam</strong></span> <span class='ocrx_word' id='word_1_282' title='bbox 1367 4126 1503 4191; x_wconf 89' lang='lat' dir='ltr'><strong>quod</strong></span> <span class='ocrx_word' id='word_1_283' title='bbox 1538 4125 1847 4178; x_wconf 87' lang='lat' dir='ltr'><strong>meritorum</strong></span> <span class='ocrx_word' id='word_1_284' title='bbox 1881 4123 2007 4176; x_wconf 87' lang='lat' dir='ltr'><strong>insi-</strong></span> 
     </span>
    </p>
   </div>
   <div class='ocr_carea' id='block_1_46' title="bbox 426 4216 2003 4293">
    <p class='ocr_par' dir='ltr' id='par_1_46' title="bbox 426 4216 2003 4293">
     <span class='ocr_line' id='line_1_46' title="bbox 426 4216 2003 4293; baseline -0.008 -15"><span class='ocrx_word' id='word_1_285' title='bbox 426 4226 545 4293; x_wconf 88' lang='lat' dir='ltr'><strong>gnia</strong></span> <span class='ocrx_word' id='word_1_286' title='bbox 577 4220 941 4293; x_wconf 75' lang='lat' dir='ltr'><strong>generalitatis</strong></span> <span class='ocrx_word' id='word_1_287' title='bbox 987 4218 1122 4272; x_wconf 86' lang='lat' dir='ltr'><strong>facta</strong></span> <span class='ocrx_word' id='word_1_288' title='bbox 1170 4228 1293 4269; x_wconf 74' lang='lat' dir='ltr'><strong>sunt</strong></span> <span class='ocrx_word' id='word_1_289' title='bbox 1327 4228 1473 4279; x_wconf 65' lang='lat' dir='ltr'><strong>vota,</strong></span> <span class='ocrx_word' id='word_1_290' title='bbox 1509 4230 1665 4269; x_wconf 90' lang='lat' dir='ltr'><strong>nemo</strong></span> <span class='ocrx_word' id='word_1_291' title='bbox 1713 4216 1779 4267; x_wconf 89' lang='lat' dir='ltr'><strong>ita</strong></span> <span class='ocrx_word' id='word_1_292' title='bbox 1829 4230 2003 4267; x_wconf 67' lang='lat' dir='ltr'><strong>rerum</strong></span> 
     </span>
    </p>
   </div>
   <div class='ocr_carea' id='block_1_47' title="bbox 424 4306 2005 4381">
    <p class='ocr_par' dir='ltr' id='par_1_47' title="bbox 424 4306 2005 4381">
     <span class='ocr_line' id='line_1_47' title="bbox 424 4306 2005 4381; baseline -0.004 -15"><span class='ocrx_word' id='word_1_293' title='bbox 424 4314 625 4367; x_wconf 80' lang='lat' dir='ltr'><strong>arbiter</strong></span> <span class='ocrx_word' id='word_1_294' title='bbox 665 4312 879 4381; x_wconf 90' lang='lat' dir='ltr'><strong>iniquus</strong></span> <span class='ocrx_word' id='word_1_295' title='bbox 912 4309 1147 4371; x_wconf 79' lang='lat' dir='ltr'><strong>exstitit,</strong></span> <span class='ocrx_word' id='word_1_296' title='bbox 1195 4308 1282 4375; x_wconf 86' lang='lat' dir='ltr'><strong>qui</strong></span> <span class='ocrx_word' id='word_1_297' title='bbox 1317 4323 1348 4375; x_wconf 92' lang='lat' dir='ltr'><strong>p</strong></span> <span class='ocrx_word' id='word_1_298' title='bbox 1384 4306 1510 4359; x_wconf 86' lang='lat' dir='ltr'><strong>ssim</strong></span> <span class='ocrx_word' id='word_1_299' title='bbox 1543 4322 1635 4359; x_wconf 88' lang='lat' dir='ltr'><strong>vos</strong></span> <span class='ocrx_word' id='word_1_300' title='bbox 1662 4306 1894 4359; x_wconf 63' lang='lat' dir='ltr'><strong>restituet</strong></span> <span class='ocrx_word' id='word_1_301' title='bbox 1921 4320 2005 4359; x_wconf 85' lang='lat' dir='ltr'><strong>ar-</strong></span> 
     </span>
    </p>
   </div>
   <div class='ocr_carea' id='block_1_48' title="bbox 424 4398 2007 4473">
    <p class='ocr_par' dir='ltr' id='par_1_48' title="bbox 424 4398 2007 4473">
     <span class='ocr_line' id='line_1_48' title="bbox 424 4398 2007 4473; baseline -0.003 -18"><span class='ocrx_word' id='word_1_302' title='bbox 424 4405 554 4457; x_wconf 74' lang='lat' dir='ltr'><strong>thes</strong></span> <span class='ocrx_word' id='word_1_303' title='bbox 584 4403 792 4473; x_wconf 79' lang='lat' dir='ltr'><strong>inclyta:</strong></span> <span class='ocrx_word' id='word_1_304' title='bbox 823 4401 1099 4469; x_wconf 87' lang='lat' dir='ltr'><strong>accepisse</strong></span> <span class='ocrx_word' id='word_1_305' title='bbox 1147 4400 1356 4465; x_wconf 59' lang='grc' dir='ltr'>ιίιιιιος,</span> <span class='ocrx_word' id='word_1_306' title='bbox 1399 4416 1518 4449; x_wconf 83' lang='grc' dir='ltr'>‹·ιιιιι</span> <span class='ocrx_word' id='word_1_307' title='bbox 1566 4398 1746 4465; x_wconf 85' lang='lat' dir='ltr'><strong>negari</strong></span> <span class='ocrx_word' id='word_1_308' title='bbox 1780 4410 2007 4466; x_wconf 86' lang='lat' dir='ltr'><strong>nequeat</strong></span> 
     </span>
    </p>
   </div>
   <div class='ocr_carea' id='block_1_49' title="bbox 427 4490 2081 4591">
    <p class='ocr_par' dir='ltr' id='par_1_49' title="bbox 427 4490 2081 4591">
     <span class='ocr_line' id='line_1_49' title="bbox 427 4490 2081 4591; baseline -0.007 -42"><span class='ocrx_word' id='word_1_309' title='bbox 427 4496 585 4562; x_wconf 64' lang='lat' dir='ltr'><strong>digne</strong></span> <span class='ocrx_word' id='word_1_310' title='bbox 611 4509 706 4548; x_wconf 89' lang='lat' dir='ltr'><strong>vos</strong></span> <span class='ocrx_word' id='word_1_311' title='bbox 732 4493 989 4548; x_wconf 89' lang='lat' dir='ltr'><strong>meruisse</strong></span> <span class='ocrx_word' id='word_1_312' title='bbox 1021 4493 1227 4558; x_wconf 86' lang='lat' dir='ltr'><strong>imperii</strong></span> <span class='ocrx_word' id='word_1_313' title='bbox 1257 4493 1488 4550; x_wconf 82' lang='lat' dir='ltr'><strong>culmen,</strong></span> <span class='ocrx_word' id='word_1_314' title='bbox 1514 4507 1736 4555; x_wconf 90' lang='lat' dir='ltr'><strong>quorum</strong></span> <span class='ocrx_word' id='word_1_315' title='bbox 1771 4490 2005 4557; x_wconf 85' lang='lat' dir='ltr'><strong>probita-</strong></span> <span class='ocrx_word' id='word_1_316' title='bbox 2034 4533 2081 4591; x_wconf 73' lang='grc' dir='ltr'>υ</span> 
     </span>
    </p>
   </div>
   <div class='ocr_carea' id='block_1_50' title="bbox 431 4580 2005 4654">
    <p class='ocr_par' dir='ltr' id='par_1_50' title="bbox 431 4580 2005 4654">
     <span class='ocr_line' id='line_1_50' title="bbox 431 4580 2005 4654; baseline -0.005 -13"><span class='ocrx_word' id='word_1_317' title='bbox 431 4602 536 4642; x_wconf 92' lang='lat' dir='ltr'><strong>tem</strong></span> <span class='ocrx_word' id='word_1_318' title='bbox 567 4587 792 4639; x_wconf 92' lang='lat' dir='ltr'><strong>tnundus</strong></span> <span class='ocrx_word' id='word_1_319' title='bbox 816 4585 1049 4654; x_wconf 75' lang='lat' dir='ltr'><strong>agnovit.</strong></span> <span class='ocrx_word' id='word_1_320' title='bbox 1074 4583 1177 4637; x_wconf 80' lang='lat' dir='ltr'><strong>Sed</strong></span> <span class='ocrx_word' id='word_1_321' title='bbox 1207 4599 1390 4649; x_wconf 91' lang='lat' dir='ltr'><strong>parum</strong></span> <span class='ocrx_word' id='word_1_322' title='bbox 1414 4592 1513 4644; x_wconf 88' lang='lat' dir='ltr'><strong>est,</strong></span> <span class='ocrx_word' id='word_1_323' title='bbox 1543 4581 1783 4650; x_wconf 89' lang='lat' dir='ltr'><strong>quamvis</strong></span> <span class='ocrx_word' id='word_1_324' title='bbox 1805 4580 2005 4647; x_wconf 89' lang='lat' dir='ltr'><strong>judicio</strong></span> 
     </span>
    </p>
   </div>
   <div class='ocr_carea' id='block_1_51' title="bbox 430 4674 1999 4744">
    <p class='ocr_par' dir='ltr' id='par_1_51' title="bbox 430 4674 1999 4744">
     <span class='ocr_line' id='line_1_51' title="bbox 430 4674 1999 4744; baseline -0.005 -11"><span class='ocrx_word' id='word_1_325' title='bbox 430 4678 820 4742; x_wconf 83' lang='lat' dir='ltr'><strong>universitatis,</strong></span> <span class='ocrx_word' id='word_1_326' title='bbox 870 4677 1141 4744; x_wconf 89' lang='lat' dir='ltr'><strong>suscipere</strong></span> <span class='ocrx_word' id='word_1_327' title='bbox 1187 4676 1303 4728; x_wconf 58' lang='lat' dir='ltr'><strong>loco</strong></span> <span class='ocrx_word' id='word_1_328' title='bbox 1335 4690 1367 4743; x_wconf 92' lang='lat' dir='ltr'><strong>p</strong></span> <span class='ocrx_word' id='word_1_329' title='bbox 1399 4675 1534 4726; x_wconf 70' lang='lat' dir='ltr'><strong>antiit</strong></span> <span class='ocrx_word' id='word_1_330' title='bbox 1573 4674 1691 4740; x_wconf 85' lang='lat' dir='ltr'><strong>jura</strong></span> <span class='ocrx_word' id='word_1_331' title='bbox 1724 4674 1999 4739; x_wconf 82' lang='lat' dir='ltr'><strong>regnandi.</strong></span> 
     </span>
    </p>
   </div>
   <div class='ocr_carea' id='block_1_52' title="bbox 432 4763 2000 4835">
    <p class='ocr_par' dir='ltr' id='par_1_52' title="bbox 432 4763 2000 4835">
     <span class='ocr_line' id='line_1_52' title="bbox 432 4763 2000 4835; baseline -0.003 -14"><span class='ocrx_word' id='word_1_332' title='bbox 432 4768 562 4822; x_wconf 87' lang='lat' dir='ltr'><strong>Illud</strong></span> <span class='ocrx_word' id='word_1_333' title='bbox 605 4767 770 4835; x_wconf 86' lang='lat' dir='ltr'><strong>magis</strong></span> <span class='ocrx_word' id='word_1_334' title='bbox 809 4775 891 4818; x_wconf 73' lang='lat' dir='ltr'><strong>cst</strong></span> <span class='ocrx_word' id='word_1_335' title='bbox 936 4766 1249 4820; x_wconf 72' lang='lat' dir='ltr'><strong>admirabile</strong></span> <span class='ocrx_word' id='word_1_336' title='bbox 1296 4765 1434 4834; x_wconf 88' lang='lat' dir='ltr'><strong>quod</strong></span> <span class='ocrx_word' id='word_1_337' title='bbox 1480 4765 1547 4817; x_wconf 84' lang='lat' dir='ltr'><strong>ita</strong></span> <span class='ocrx_word' id='word_1_338' title='bbox 1597 4778 1691 4817; x_wconf 89' lang='lat' dir='ltr'><strong>vos</strong></span> <span class='ocrx_word' id='word_1_339' title='bbox 1730 4763 2000 4816; x_wconf 83' lang='lat' dir='ltr'><strong>hominum</strong></span> 
     </span>
    </p>
   </div>
   <div class='ocr_carea' id='block_1_53' title="bbox 428 4854 2000 4922">
    <p class='ocr_par' dir='ltr' id='par_1_53' title="bbox 428 4854 2000 4922">
     <span class='ocr_line' id='line_1_53' title="bbox 428 4854 2000 4922; baseline -0.004 -10"><span class='ocrx_word' id='word_1_340' title='bbox 428 4856 796 4913; x_wconf 83' lang='lat' dir='ltr'><strong>laudabilitate</strong></span> <span class='ocrx_word' id='word_1_341' title='bbox 828 4856 1065 4909; x_wconf 89' lang='lat' dir='ltr'><strong>ﬁrmatos</strong></span> <span class='ocrx_word' id='word_1_342' title='bbox 1094 4856 1395 4922; x_wconf 73' lang='lat' dir='ltr'><strong>sust-ipiunt</strong></span> <span class='ocrx_word' id='word_1_343' title='bbox 1427 4854 1648 4922; x_wconf 88' lang='lat' dir='ltr'><strong>imperia</strong></span> <span class='ocrx_word' id='word_1_344' title='bbox 1673 4895 1687 4917; x_wconf 95' lang='lat'><strong>,</strong></span> <span class='ocrx_word' id='word_1_345' title='bbox 1722 4863 1777 4906; x_wconf 90' lang='lat' dir='ltr'><strong>ut</strong></span> <span class='ocrx_word' id='word_1_346' title='bbox 1805 4854 2000 4920; x_wconf 64' lang='lat' dir='ltr'><strong>judic&#39;a</strong></span> 
     </span>
    </p>
   </div>
   <div class='ocr_carea' id='block_1_54' title="bbox 423 4945 2001 5003">
    <p class='ocr_par' dir='ltr' id='par_1_54' title="bbox 423 4945 2001 5003">
     <span class='ocr_line' id='line_1_54' title="bbox 423 4945 2001 5003; baseline -0.003 0"><span class='ocrx_word' id='word_1_347' title='bbox 423 4949 534 5003; x_wconf 85' lang='lat' dir='ltr'><strong>sint</strong></span> <span class='ocrx_word' id='word_1_348' title='bbox 557 4947 760 5001; x_wconf 89' lang='lat' dir='ltr'><strong>divina.</strong></span> <span class='ocrx_word' id='word_1_349' title='bbox 803 4946 917 5001; x_wconf 82' lang='lat' dir='ltr'><strong>Non</strong></span> <span class='ocrx_word' id='word_1_350' title='bbox 949 4955 1033 5000; x_wconf 90' lang='lat' dir='ltr'><strong>est</strong></span> <span class='ocrx_word' id='word_1_351' title='bbox 1070 4945 1289 4998; x_wconf 91' lang='lat' dir='ltr'><strong>dubium</strong></span> <span class='ocrx_word' id='word_1_352' title='bbox 1327 4947 1527 4998; x_wconf 82' lang='lat' dir='ltr'><strong>electos</strong></span> <span class='ocrx_word' id='word_1_353' title='bbox 1557 4961 1681 4998; x_wconf 86' lang='lat' dir='ltr'><strong>suos</strong></span> <span class='ocrx_word' id='word_1_354' title='bbox 1710 4945 2001 4999; x_wconf 77' lang='lat' dir='ltr'><strong>venerabili</strong></span> 
     </span>
    </p>
   </div>
   <div class='ocr_carea' id='block_1_55' title="bbox 424 5036 1999 5106">
    <p class='ocr_par' dir='ltr' id='par_1_55' title="bbox 424 5036 1999 5106">
     <span class='ocr_line' id='line_1_55' title="bbox 424 5036 1999 5106; baseline 0.001 -17"><span class='ocrx_word' id='word_1_355' title='bbox 424 5038 889 5106; x_wconf 82' lang='lat' dir='ltr'><strong>praedestinatione</strong></span> <span class='ocrx_word' id='word_1_356' title='bbox 921 5036 1225 5090; x_wconf 89' lang='lat' dir='ltr'><strong>Divinitatis</strong></span> <span class='ocrx_word' id='word_1_357' title='bbox 1253 5037 1316 5089; x_wconf 90' lang='lat' dir='ltr'><strong>ad</strong></span> <span class='ocrx_word' id='word_1_358' title='bbox 1348 5047 1508 5091; x_wconf 70' lang='lat' dir='ltr'><strong>tanta)</strong></span> <span class='ocrx_word' id='word_1_359' title='bbox 1536 5039 1812 5104; x_wconf 80' lang='lat' dir='ltr'><strong>potestatis</strong></span> <span class='ocrx_word' id='word_1_360' title='bbox 1840 5053 1999 5092; x_wconf 87' lang='lat' dir='ltr'><strong>orna-</strong></span> 
     </span>
    </p>
   </div>
   <div class='ocr_carea' id='block_1_56' title="bbox 423 5121 1998 5198">
    <p class='ocr_par' dir='ltr' id='par_1_56' title="bbox 423 5121 1998 5198">
     <span class='ocr_line' id='line_1_56' title="bbox 423 5121 1998 5198; baseline -0.003 -11"><span class='ocrx_word' id='word_1_361' title='bbox 423 5139 603 5187; x_wconf 87' lang='lat' dir='ltr'><strong>menta</strong></span> <span class='ocrx_word' id='word_1_362' title='bbox 633 5131 837 5195; x_wconf 89' lang='lat' dir='ltr'><strong>venire,</strong></span> <span class='ocrx_word' id='word_1_363' title='bbox 868 5143 1002 5198; x_wconf 87' lang='lat' dir='ltr'><strong>quos</strong></span> <span class='ocrx_word' id='word_1_364' title='bbox 1032 5130 1252 5183; x_wconf 64' lang='lat' dir='ltr'><strong>sincerae</strong></span> <span class='ocrx_word' id='word_1_365' title='bbox 1283 5129 1401 5183; x_wconf 88' lang='lat' dir='ltr'><strong>ﬁdei</strong></span> <span class='ocrx_word' id='word_1_366' title='bbox 1432 5121 1746 5185; x_wconf 84' lang='lat' dir='ltr'><strong>documenta</strong></span> <span class='ocrx_word' id='word_1_367' title='bbox 1772 5130 1998 5184; x_wconf 77' lang='lat' dir='ltr'><strong>circuiu-</strong></span> 
     </span>
    </p>
   </div>
   <div class='ocr_carea' id='block_1_57' title="bbox 420 5220 1999 5289">
    <p class='ocr_par' dir='ltr' id='par_1_57' title="bbox 420 5220 1999 5289">
     <span class='ocr_line' id='line_1_57' title="bbox 420 5220 1999 5289; baseline 0.003 -16"><span class='ocrx_word' id='word_1_368' title='bbox 420 5223 639 5277; x_wconf 82' lang='lat' dir='ltr'><strong>vallant.</strong></span> <span class='ocrx_word' id='word_1_369' title='bbox 693 5220 833 5275; x_wconf 77' lang='lat' dir='ltr'><strong>Vere</strong></span> <span class='ocrx_word' id='word_1_370' title='bbox 886 5220 1037 5274; x_wconf 83' lang='lat' dir='ltr'><strong>vobis</strong></span> <span class='ocrx_word' id='word_1_371' title='bbox 1092 5221 1387 5289; x_wconf 88' lang='lat' dir='ltr'><strong>prophetici</strong></span> <span class='ocrx_word' id='word_1_372' title='bbox 1438 5223 1656 5289; x_wconf 86' lang='lat' dir='ltr'><strong>spiritus</strong></span> <span class='ocrx_word' id='word_1_373' title='bbox 1709 5224 1999 5277; x_wconf 89' lang='lat' dir='ltr'><strong>convenire</strong></span> 
     </span>
    </p>
   </div>
   <div class='ocr_carea' id='block_1_58' title="bbox 418 5312 1993 5383">
    <p class='ocr_par' dir='ltr' id='par_1_58' title="bbox 418 5312 1993 5383">
     <span class='ocr_line' id='line_1_58' title="bbox 418 5312 1993 5383; baseline 0 -16"><span class='ocrx_word' id='word_1_374' title='bbox 418 5316 580 5371; x_wconf 88' lang='lat' dir='ltr'><strong>verba</strong></span> <span class='ocrx_word' id='word_1_375' title='bbox 620 5314 954 5369; x_wconf 76' lang='lat' dir='ltr'><strong>dixerimus:</strong></span> <span class='ocrx_word' id='word_1_376' title='bbox 992 5312 1300 5381; x_wconf 74' lang='lat' dir='ltr'><strong>Priusquam</strong></span> <span class='ocrx_word' id='word_1_377' title='bbox 1339 5326 1385 5367; x_wconf 89' lang='lat' dir='ltr'><strong>Ie</strong></span> <span class='ocrx_word' id='word_1_378' title='bbox 1419 5315 1692 5383; x_wconf 78' lang='lat' dir='ltr'><strong>formarem</strong></span> <span class='ocrx_word' id='word_1_379' title='bbox 1732 5316 1785 5367; x_wconf 83' lang='lat' dir='ltr'><strong>in</strong></span> <span class='ocrx_word' id='word_1_380' title='bbox 1825 5325 1993 5380; x_wconf 83' lang='lat' dir='ltr'><strong>utero,</strong></span> 
     </span>
    </p>
   </div>
   <div class='ocr_carea' id='block_1_59' title="bbox 420 5401 1997 5474">
    <p class='ocr_par' dir='ltr' id='par_1_59' title="bbox 420 5401 1997 5474">
     <span class='ocr_line' id='line_1_59' title="bbox 420 5401 1997 5474; baseline 0.001 -17"><span class='ocrx_word' id='word_1_381' title='bbox 420 5406 535 5458; x_wconf 77' lang='lat' dir='ltr'><strong>noti</strong></span> <span class='ocrx_word' id='word_1_382' title='bbox 564 5416 611 5459; x_wconf 78' lang='lat' dir='ltr'><strong>te</strong></span> <span class='ocrx_word' id='word_1_383' title='bbox 638 5401 771 5472; x_wconf 81' lang='lat' dir='ltr'><strong>(Jer.</strong></span> <span class='ocrx_word' id='word_1_384' title='bbox 801 5403 871 5474; x_wconf 90' lang='lat' dir='ltr'><strong>t).</strong></span> <span class='ocrx_word' id='word_1_385' title='bbox 907 5405 984 5457; x_wconf 73' lang='lat' dir='ltr'><strong>Ad</strong></span> <span class='ocrx_word' id='word_1_386' title='bbox 1018 5404 1153 5458; x_wconf 90' lang='lat' dir='ltr'><strong>hanc</strong></span> <span class='ocrx_word' id='word_1_387' title='bbox 1181 5418 1273 5458; x_wconf 88' lang='lat' dir='ltr'><strong>vos</strong></span> <span class='ocrx_word' id='word_1_388' title='bbox 1301 5404 1523 5474; x_wconf 83' lang='lat' dir='ltr'><strong>gloriam</strong></span> <span class='ocrx_word' id='word_1_389' title='bbox 1542 5444 1555 5469; x_wconf 90' lang='lat'><strong>,</strong></span> <span class='ocrx_word' id='word_1_390' title='bbox 1590 5405 1997 5473; x_wconf 89' lang='lat' dir='ltr'><strong>incomprehen-</strong></span> 
     </span>
    </p>
   </div>
   <div class='ocr_carea' id='block_1_60' title="bbox 418 5492 1995 5563">
    <p class='ocr_par' dir='ltr' id='par_1_60' title="bbox 418 5492 1995 5563">
     <span class='ocr_line' id='line_1_60' title="bbox 418 5492 1995 5563; baseline 0.001 -17"><span class='ocrx_word' id='word_1_391' title='bbox 418 5494 564 5549; x_wconf 79' lang='lat' dir='ltr'><strong>s’ibili</strong></span> <span class='ocrx_word' id='word_1_392' title='bbox 607 5508 854 5563; x_wconf 71' lang='lat' dir='ltr'><strong>superna:</strong></span> <span class='ocrx_word' id='word_1_393' title='bbox 902 5493 1199 5562; x_wconf 76' lang='lat' dir='ltr'><strong>majeStatis</strong></span> <span class='ocrx_word' id='word_1_394' title='bbox 1245 5492 1594 5561; x_wconf 86' lang='lat' dir='ltr'><strong>dispositione</strong></span> <span class='ocrx_word' id='word_1_395' title='bbox 1644 5503 1995 5560; x_wconf 88' lang='lat' dir='ltr'><strong>procurante,</strong></span> 
     </span>
    </p>
   </div>
   <div class='ocr_carea' id='block_1_61' title="bbox 421 5582 1990 5652">
    <p class='ocr_par' dir='ltr' id='par_1_61' title="bbox 421 5582 1990 5652">
     <span class='ocr_line' id='line_1_61' title="bbox 421 5582 1990 5652; baseline 0.002 -18"><span class='ocrx_word' id='word_1_396' title='bbox 421 5582 734 5650; x_wconf 88' lang='lat' dir='ltr'><strong>obsequium</strong></span> <span class='ocrx_word' id='word_1_397' title='bbox 767 5593 965 5637; x_wconf 77' lang='lat' dir='ltr'><strong>natura:</strong></span> <span class='ocrx_word' id='word_1_398' title='bbox 991 5583 1188 5637; x_wconf 93' lang='lat' dir='ltr'><strong>mundo</strong></span> <span class='ocrx_word' id='word_1_399' title='bbox 1217 5585 1454 5652; x_wconf 87' lang='lat' dir='ltr'><strong>protulit,</strong></span> <span class='ocrx_word' id='word_1_400' title='bbox 1485 5584 1586 5638; x_wconf 87' lang='lat' dir='ltr'><strong>sub</strong></span> <span class='ocrx_word' id='word_1_401' title='bbox 1608 5584 1843 5638; x_wconf 85' lang='lat' dir='ltr'><strong>custodia</strong></span> <span class='ocrx_word' id='word_1_402' title='bbox 1870 5583 1990 5637; x_wconf 90' lang='lat' dir='ltr'><strong>ﬁdei</strong></span> 
     </span>
    </p>
   </div>
   <div class='ocr_carea' id='block_1_62' title="bbox 424 5676 1997 5744">
    <p class='ocr_par' dir='ltr' id='par_1_62' title="bbox 424 5676 1997 5744">
     <span class='ocr_line' id='line_1_62' title="bbox 424 5676 1997 5744; baseline 0.003 -21"><span class='ocrx_word' id='word_1_403' title='bbox 424 5681 701 5727; x_wconf 72' lang='lat' dir='ltr'><strong>transacta:</strong></span> <span class='ocrx_word' id='word_1_404' title='bbox 737 5678 857 5735; x_wconf 64' lang='lat' dir='ltr'><strong>vita:</strong></span> <span class='ocrx_word' id='word_1_405' title='bbox 896 5676 1135 5744; x_wconf 87' lang='lat' dir='ltr'><strong>probitas</strong></span> <span class='ocrx_word' id='word_1_406' title='bbox 1168 5677 1432 5737; x_wconf 87' lang='lat' dir='ltr'><strong>instituit,</strong></span> <span class='ocrx_word' id='word_1_407' title='bbox 1482 5687 1640 5743; x_wconf 85' lang='lat' dir='ltr'><strong>atque</strong></span> <span class='ocrx_word' id='word_1_408' title='bbox 1676 5676 1740 5729; x_wconf 89' lang='lat' dir='ltr'><strong>ad</strong></span> <span class='ocrx_word' id='word_1_409' title='bbox 1776 5677 1997 5743; x_wconf 86' lang='lat' dir='ltr'><strong>imperia</strong></span> 
     </span>
    </p>
   </div>
   <div class='ocr_carea' id='block_1_63' title="bbox 427 5762 1997 5839">
    <p class='ocr_par' dir='ltr' id='par_1_63' title="bbox 427 5762 1997 5839">
     <span class='ocr_line' id='line_1_63' title="bbox 427 5762 1997 5839; baseline 0.002 -21"><span class='ocrx_word' id='word_1_410' title='bbox 427 5762 708 5821; x_wconf 82' lang='lat' dir='ltr'><strong>clementia</strong></span> <span class='ocrx_word' id='word_1_411' title='bbox 757 5764 949 5835; x_wconf 78' lang='lat' dir='ltr'><strong>divina</strong></span> <span class='ocrx_word' id='word_1_412' title='bbox 975 5768 1251 5839; x_wconf 79' lang='lat' dir='ltr'><strong>provexit;</strong></span> <span class='ocrx_word' id='word_1_413' title='bbox 1283 5768 1353 5821; x_wconf 92' lang='lat' dir='ltr'><strong>ob</strong></span> <span class='ocrx_word' id='word_1_414' title='bbox 1392 5768 1492 5821; x_wconf 90' lang='lat' dir='ltr'><strong>hoc</strong></span> <span class='ocrx_word' id='word_1_415' title='bbox 1522 5767 1726 5821; x_wconf 79' lang='lat' dir='ltr'><strong>scilicet</strong></span> <span class='ocrx_word' id='word_1_416' title='bbox 1802 5777 1855 5821; x_wconf 94' lang='lat' dir='ltr'><strong>ut</strong></span> <span class='ocrx_word' id='word_1_417' title='bbox 1888 5777 1997 5822; x_wconf 84' lang='lat' dir='ltr'><strong>tau-</strong></span> 
     </span>
    </p>
   </div>
   <div class='ocr_carea' id='block_1_64' title="bbox 2080 534 3667 610">
    <p class='ocr_par' dir='ltr' id='par_1_64' title="bbox 2080 534 3667 610">
     <span class='ocr_line' id='line_1_64' title="bbox 2080 534 3667 610; baseline -0.008 -13"><span class='ocrx_word' id='word_1_418' title='bbox 2080 555 2213 597; x_wconf 79' lang='lat' dir='ltr'><strong>strae</strong></span> <span class='ocrx_word' id='word_1_419' title='bbox 2242 542 2583 597; x_wconf 82' lang='lat' dir='ltr'><strong>exsecutione</strong></span> <span class='ocrx_word' id='word_1_420' title='bbox 2625 540 2956 610; x_wconf 89' lang='lat' dir='ltr'><strong>compressi,</strong></span> <span class='ocrx_word' id='word_1_421' title='bbox 2996 537 3351 592; x_wconf 77' lang='lat' dir='ltr'><strong>Ecclesiarum</strong></span> <span class='ocrx_word' id='word_1_422' title='bbox 3385 534 3667 587; x_wconf 86' lang='lat' dir='ltr'><strong>concordia</strong></span> 
     </span>
    </p>
   </div>
   <div class='ocr_carea' id='block_1_65' title="bbox 2088 622 3672 699">
    <p class='ocr_par' dir='ltr' id='par_1_65' title="bbox 2088 622 3672 699">
     <span class='ocr_line' id='line_1_65' title="bbox 2088 622 3672 699; baseline -0.006 -12"><span class='ocrx_word' id='word_1_423' title='bbox 2088 634 2357 687; x_wconf 78' lang='lat' dir='ltr'><strong>diabolica</strong></span> <span class='ocrx_word' id='word_1_424' title='bbox 2388 632 2766 699; x_wconf 85' lang='lat' dir='ltr'><strong>impedimenta</strong></span> <span class='ocrx_word' id='word_1_425' title='bbox 2807 629 3142 689; x_wconf 89' lang='lat' dir='ltr'><strong>succideret,</strong></span> <span class='ocrx_word' id='word_1_426' title='bbox 3174 636 3227 679; x_wconf 87' lang='lat' dir='ltr'><strong>et</strong></span> <span class='ocrx_word' id='word_1_427' title='bbox 3256 624 3577 678; x_wconf 77' lang='lat' dir='ltr'><strong>universitas</strong></span> <span class='ocrx_word' id='word_1_428' title='bbox 3605 622 3672 677; x_wconf 84' lang='lat' dir='ltr'><strong>de</strong></span> 
     </span>
    </p>
   </div>
   <div class='ocr_carea' id='block_1_66' title="bbox 2092 710 3673 788">
    <p class='ocr_par' dir='ltr' id='par_1_66' title="bbox 2092 710 3673 788">
     <span class='ocr_line' id='line_1_66' title="bbox 2092 710 3673 788; baseline -0.007 -13"><span class='ocrx_word' id='word_1_429' title='bbox 2092 723 2418 775; x_wconf 86' lang='lat' dir='ltr'><strong>adunatione</strong></span> <span class='ocrx_word' id='word_1_430' title='bbox 2454 721 2727 788; x_wconf 87' lang='lat' dir='ltr'><strong>gauderet.</strong></span> <span class='ocrx_word' id='word_1_431' title='bbox 2763 720 2876 773; x_wconf 90' lang='lat' dir='ltr'><strong>lloc</strong></span> <span class='ocrx_word' id='word_1_432' title='bbox 2905 716 3185 784; x_wconf 85' lang='lat' dir='ltr'><strong>religioni,</strong></span> <span class='ocrx_word' id='word_1_433' title='bbox 3236 718 3335 767; x_wconf 89' lang='lat' dir='ltr'><strong>hoc</strong></span> <span class='ocrx_word' id='word_1_434' title='bbox 3368 712 3524 777; x_wconf 92' lang='lat' dir='ltr'><strong>ﬁdei,</strong></span> <span class='ocrx_word' id='word_1_435' title='bbox 3570 710 3673 764; x_wconf 88' lang='lat' dir='ltr'><strong>hoc</strong></span> 
     </span>
    </p>
   </div>
   <div class='ocr_carea' id='block_1_67' title="bbox 2093 800 3672 879">
    <p class='ocr_par' dir='ltr' id='par_1_67' title="bbox 2093 800 3672 879">
     <span class='ocr_line' id='line_1_67' title="bbox 2093 800 3672 879; baseline -0.009 -12"><span class='ocrx_word' id='word_1_436' title='bbox 2093 814 2369 867; x_wconf 76' lang='lat' dir='ltr'><strong>serenitati</strong></span> <span class='ocrx_word' id='word_1_437' title='bbox 2402 820 2591 867; x_wconf 70' lang='lat' dir='ltr'><strong>vestrm</strong></span> <span class='ocrx_word' id='word_1_438' title='bbox 2637 809 2939 879; x_wconf 87' lang='lat' dir='ltr'><strong>specialiter</strong></span> <span class='ocrx_word' id='word_1_439' title='bbox 2976 808 3186 862; x_wconf 67' lang='lat' dir='ltr'><strong>coalitus</strong></span> <span class='ocrx_word' id='word_1_440' title='bbox 3228 802 3511 857; x_wconf 89' lang='lat' dir='ltr'><strong>mandatur</strong></span> <span class='ocrx_word' id='word_1_441' title='bbox 3548 800 3672 855; x_wconf 82' lang='lat' dir='ltr'><strong>ofﬁ-</strong></span> 
     </span>
    </p>
   </div>
   <div class='ocr_carea' id='block_1_68' title="bbox 2089 896 3673 972">
    <p class='ocr_par' dir='ltr' id='par_1_68' title="bbox 2089 896 3673 972">
     <span class='ocr_line' id='line_1_68' title="bbox 2089 896 3673 972; baseline -0.008 -15"><span class='ocrx_word' id='word_1_442' title='bbox 2089 907 2253 968; x_wconf 77' lang='lat' dir='ltr'><strong>cium,</strong></span> <span class='ocrx_word' id='word_1_443' title='bbox 2288 903 2481 972; x_wconf 87' lang='lat' dir='ltr'><strong>quibus</strong></span> <span class='ocrx_word' id='word_1_444' title='bbox 2524 910 2578 956; x_wconf 91' lang='lat' dir='ltr'><strong>et</strong></span> <span class='ocrx_word' id='word_1_445' title='bbox 2610 915 2765 970; x_wconf 84' lang='lat' dir='ltr'><strong>posse</strong></span> <span class='ocrx_word' id='word_1_446' title='bbox 2801 899 3012 963; x_wconf 85' lang='lat' dir='ltr'><strong>omnia,</strong></span> <span class='ocrx_word' id='word_1_447' title='bbox 3056 906 3111 951; x_wconf 89' lang='lat' dir='ltr'><strong>et</strong></span> <span class='ocrx_word' id='word_1_448' title='bbox 3138 896 3393 965; x_wconf 81' lang='lat' dir='ltr'><strong>perﬁcere</strong></span> <span class='ocrx_word' id='word_1_449' title='bbox 3432 896 3673 946; x_wconf 88' lang='lat' dir='ltr'><strong>videmus</strong></span> 
     </span>
    </p>
   </div>
   <div class='ocr_carea' id='block_1_69' title="bbox 2093 990 3674 1062">
    <p class='ocr_par' dir='ltr' id='par_1_69' title="bbox 2093 990 3674 1062">
     <span class='ocr_line' id='line_1_69' title="bbox 2093 990 3674 1062; baseline -0.007 -13"><span class='ocrx_word' id='word_1_450' title='bbox 2093 996 2380 1049; x_wconf 87' lang='lat' dir='ltr'><strong>indultum.</strong></span> <span class='ocrx_word' id='word_1_451' title='bbox 2413 995 2591 1062; x_wconf 86' lang='lat' dir='ltr'><strong>Itaque</strong></span> <span class='ocrx_word' id='word_1_452' title='bbox 2620 994 2754 1047; x_wconf 90' lang='lat' dir='ltr'><strong>sicut</strong></span> <span class='ocrx_word' id='word_1_453' title='bbox 2783 991 3086 1045; x_wconf 66' lang='lat' dir='ltr'><strong>iustduistis</strong></span> <span class='ocrx_word' id='word_1_454' title='bbox 3115 990 3308 1049; x_wconf 75' lang='lat' dir='ltr'><strong>facere.</strong></span> <span class='ocrx_word' id='word_1_455' title='bbox 3334 999 3523 1042; x_wconf 74' lang='lat' dir='ltr'><strong>navale</strong></span> <span class='ocrx_word' id='word_1_456' title='bbox 3553 1002 3674 1039; x_wconf 80' lang='lat' dir='ltr'><strong>sus-</strong></span> 
     </span>
    </p>
   </div>
   <div class='ocr_carea' id='block_1_70' title="bbox 2092 1079 3674 1155">
    <p class='ocr_par' dir='ltr' id='par_1_70' title="bbox 2092 1079 3674 1155">
     <span class='ocr_line' id='line_1_70' title="bbox 2092 1079 3674 1155; baseline -0.006 -14"><span class='ocrx_word' id='word_1_457' title='bbox 2092 1087 2231 1155; x_wconf 70' lang='lat' dir='ltr'><strong>cepi</strong></span> <span class='ocrx_word' id='word_1_458' title='bbox 2272 1087 2450 1153; x_wconf 88' lang='lat' dir='ltr'><strong>operis</strong></span> <span class='ocrx_word' id='word_1_459' title='bbox 2479 1100 2672 1139; x_wconf 80' lang='lat' dir='ltr'><strong>mimus</strong></span> <span class='ocrx_word' id='word_1_460' title='bbox 2717 1084 2856 1150; x_wconf 90' lang='lat' dir='ltr'><strong>quod</strong></span> <span class='ocrx_word' id='word_1_461' title='bbox 2896 1097 3124 1151; x_wconf 89' lang='lat' dir='ltr'><strong>superna</strong></span> <span class='ocrx_word' id='word_1_462' title='bbox 3158 1081 3305 1134; x_wconf 82' lang='lat' dir='ltr'><strong>vobis</strong></span> <span class='ocrx_word' id='word_1_463' title='bbox 3336 1079 3674 1134; x_wconf 80' lang='lat' dir='ltr'><strong>Providentia</strong></span> 
     </span>
    </p>
   </div>
   <div class='ocr_carea' id='block_1_71' title="bbox 2095 1168 3678 1243">
    <p class='ocr_par' dir='ltr' id='par_1_71' title="bbox 2095 1168 3678 1243">
     <span class='ocr_line' id='line_1_71' title="bbox 2095 1168 3678 1243; baseline -0.005 -14"><span class='ocrx_word' id='word_1_464' title='bbox 2095 1177 2285 1231; x_wconf 80' lang='lat' dir='ltr'><strong>videtis</strong></span> <span class='ocrx_word' id='word_1_465' title='bbox 2341 1177 2656 1243; x_wconf 89' lang='lat' dir='ltr'><strong>injuncttnn.</strong></span> <span class='ocrx_word' id='word_1_466' title='bbox 2692 1174 2757 1228; x_wconf 88' lang='lat' dir='ltr'><strong>Et</strong></span> <span class='ocrx_word' id='word_1_467' title='bbox 2783 1189 2908 1227; x_wconf 87' lang='lat' dir='ltr'><strong>vere</strong></span> <span class='ocrx_word' id='word_1_468' title='bbox 2936 1172 3013 1227; x_wconf 89' lang='lat' dir='ltr'><strong>sic</strong></span> <span class='ocrx_word' id='word_1_469' title='bbox 3041 1172 3222 1225; x_wconf 90' lang='lat' dir='ltr'><strong>decuit</strong></span> <span class='ocrx_word' id='word_1_470' title='bbox 3262 1181 3318 1224; x_wconf 84' lang='grc' dir='ltr'><strong>ιιι</strong></span> <span class='ocrx_word' id='word_1_471' title='bbox 3356 1186 3451 1240; x_wconf 69' lang='lat' dir='ltr'><strong>pvr</strong></span> <span class='ocrx_word' id='word_1_472' title='bbox 3480 1168 3678 1237; x_wconf 77' lang='lat' dir='ltr'><strong>princi-</strong></span> 
     </span>
    </p>
   </div>
   <div class='ocr_carea' id='block_1_72' title="bbox 2094 1262 3677 1340">
    <p class='ocr_par' dir='ltr' id='par_1_72' title="bbox 2094 1262 3677 1340">
     <span class='ocr_line' id='line_1_72' title="bbox 2094 1262 3677 1340; baseline -0.005 -17"><span class='ocrx_word' id='word_1_473' title='bbox 2094 1287 2213 1340; x_wconf 73' lang='lat' dir='ltr'><strong>pem</strong></span> <span class='ocrx_word' id='word_1_474' title='bbox 2252 1284 2351 1338; x_wconf 82' lang='lat' dir='ltr'><strong>pax</strong></span> <span class='ocrx_word' id='word_1_475' title='bbox 2398 1271 2591 1322; x_wconf 87' lang='lat' dir='ltr'><strong>debeat</strong></span> <span class='ocrx_word' id='word_1_476' title='bbox 2631 1268 2774 1330; x_wconf 91' lang='lat' dir='ltr'><strong>ﬁeri,</strong></span> <span class='ocrx_word' id='word_1_477' title='bbox 2822 1282 2978 1319; x_wconf 67' lang='lat' dir='ltr'><strong>cnam</strong></span> <span class='ocrx_word' id='word_1_478' title='bbox 3024 1263 3325 1319; x_wconf 79' lang='lat' dir='ltr'><strong>reverentia</strong></span> <span class='ocrx_word' id='word_1_479' title='bbox 3372 1262 3677 1317; x_wconf 74' lang='lat' dir='ltr'><strong>Diviuitatis</strong></span> 
     </span>
    </p>
   </div>
   <div class='ocr_carea' id='block_1_73' title="bbox 2095 1354 3677 1429">
    <p class='ocr_par' dir='ltr' id='par_1_73' title="bbox 2095 1354 3677 1429">
     <span class='ocr_line' id='line_1_73' title="bbox 2095 1354 3677 1429; baseline -0.008 -15"><span class='ocrx_word' id='word_1_480' title='bbox 2095 1361 2355 1429; x_wconf 80' lang='lat' dir='ltr'><strong>exposcit.</strong></span> <span class='ocrx_word' id='word_1_481' title='bbox 2389 1359 2518 1413; x_wconf 84' lang='lat' dir='ltr'><strong>Date</strong></span> <span class='ocrx_word' id='word_1_482' title='bbox 2549 1359 2643 1412; x_wconf 89' lang='lat' dir='ltr'><strong>has</strong></span> <span class='ocrx_word' id='word_1_483' title='bbox 2674 1358 2931 1426; x_wconf 89' lang='lat' dir='ltr'><strong>assumpti</strong></span> <span class='ocrx_word' id='word_1_484' title='bbox 2965 1356 3072 1410; x_wconf 87' lang='lat' dir='ltr'><strong>Deo</strong></span> <span class='ocrx_word' id='word_1_485' title='bbox 3103 1366 3287 1409; x_wconf 90' lang='lat' dir='ltr'><strong>nostro</strong></span> <span class='ocrx_word' id='word_1_486' title='bbox 3316 1355 3479 1409; x_wconf 85' lang='lat' dir='ltr'><strong>vestri</strong></span> <span class='ocrx_word' id='word_1_487' title='bbox 3520 1354 3677 1407; x_wconf 85' lang='lat' dir='ltr'><strong>obla-</strong></span> 
     </span>
    </p>
   </div>
   <div class='ocr_carea' id='block_1_74' title="bbox 2098 1444 3675 1519">
    <p class='ocr_par' dir='ltr' id='par_1_74' title="bbox 2098 1444 3675 1519">
     <span class='ocr_line' id='line_1_74' title="bbox 2098 1444 3675 1519; baseline -0.006 -12"><span class='ocrx_word' id='word_1_488' title='bbox 2098 1455 2269 1508; x_wconf 89' lang='lat' dir='ltr'><strong>tiones</strong></span> <span class='ocrx_word' id='word_1_489' title='bbox 2292 1451 2523 1519; x_wconf 89' lang='lat' dir='ltr'><strong>impcrii,</strong></span> <span class='ocrx_word' id='word_1_490' title='bbox 2550 1461 2605 1505; x_wconf 91' lang='lat' dir='ltr'><strong>ut</strong></span> <span class='ocrx_word' id='word_1_491' title='bbox 2629 1467 2721 1518; x_wconf 87' lang='lat' dir='ltr'><strong>per</strong></span> <span class='ocrx_word' id='word_1_492' title='bbox 2745 1466 2839 1503; x_wconf 90' lang='lat' dir='ltr'><strong>vos</strong></span> <span class='ocrx_word' id='word_1_493' title='bbox 2864 1449 3029 1519; x_wconf 59' lang='lat' dir='ltr'><strong>possit</strong></span> <span class='ocrx_word' id='word_1_494' title='bbox 3054 1448 3199 1512; x_wconf 83' lang='lat' dir='ltr'><strong>pacis</strong></span> <span class='ocrx_word' id='word_1_495' title='bbox 3220 1448 3416 1500; x_wconf 71' lang='lat' dir='ltr'><strong>fructus</strong></span> <span class='ocrx_word' id='word_1_496' title='bbox 3441 1444 3675 1509; x_wconf 87' lang='lat' dir='ltr'><strong>impleri.</strong></span> 
     </span>
    </p>
   </div>
   <div class='ocr_carea' id='block_1_75' title="bbox 2097 1537 3679 1612">
    <p class='ocr_par' dir='ltr' id='par_1_75' title="bbox 2097 1537 3679 1612">
     <span class='ocr_line' id='line_1_75' title="bbox 2097 1537 3679 1612; baseline -0.006 -14"><span class='ocrx_word' id='word_1_497' title='bbox 2097 1543 2227 1598; x_wconf 88' lang='lat' dir='ltr'><strong>Sine</strong></span> <span class='ocrx_word' id='word_1_498' title='bbox 2257 1543 2419 1597; x_wconf 89' lang='lat' dir='ltr'><strong>dubio</strong></span> <span class='ocrx_word' id='word_1_499' title='bbox 2458 1541 2713 1612; x_wconf 87' lang='lat' dir='ltr'><strong>quidquid</strong></span> <span class='ocrx_word' id='word_1_500' title='bbox 2748 1542 2835 1594; x_wconf 87' lang='lat' dir='ltr'><strong>tali</strong></span> <span class='ocrx_word' id='word_1_501' title='bbox 2884 1542 3020 1593; x_wconf 88' lang='lat' dir='ltr'><strong>iacto</strong></span> <span class='ocrx_word' id='word_1_502' title='bbox 3054 1540 3245 1592; x_wconf 68' lang='lat' dir='ltr'><strong>animat</strong></span> <span class='ocrx_word' id='word_1_503' title='bbox 3285 1548 3477 1592; x_wconf 67' lang='lat' dir='ltr'><strong>vestrae</strong></span> <span class='ocrx_word' id='word_1_504' title='bbox 3521 1537 3679 1591; x_wconf 90' lang='lat' dir='ltr'><strong>fuerit</strong></span> 
     </span>
    </p>
   </div>
   <div class='ocr_carea' id='block_1_76' title="bbox 2099 1627 3679 1705">
    <p class='ocr_par' dir='ltr' id='par_1_76' title="bbox 2099 1627 3679 1705">
     <span class='ocr_line' id='line_1_76' title="bbox 2099 1627 3679 1705; baseline -0.006 -16"><span class='ocrx_word' id='word_1_505' title='bbox 2099 1636 2415 1705; x_wconf 67' lang='lat' dir='ltr'><strong>prmstitum,</strong></span> <span class='ocrx_word' id='word_1_506' title='bbox 2445 1649 2473 1687; x_wconf 90' lang='lat' dir='ltr'><strong>a</strong></span> <span class='ocrx_word' id='word_1_507' title='bbox 2505 1632 2656 1686; x_wconf 87' lang='lat' dir='ltr'><strong>vobis</strong></span> <span class='ocrx_word' id='word_1_508' title='bbox 2684 1630 2883 1685; x_wconf 91' lang='lat' dir='ltr'><strong>mundo</strong></span> <span class='ocrx_word' id='word_1_509' title='bbox 2908 1629 3178 1698; x_wconf 86' lang='lat' dir='ltr'><strong>judicatttr</strong></span> <span class='ocrx_word' id='word_1_510' title='bbox 3208 1630 3531 1695; x_wconf 90' lang='lat' dir='ltr'><strong>impensum.</strong></span> <span class='ocrx_word' id='word_1_511' title='bbox 3566 1627 3679 1680; x_wconf 81' lang='lat' dir='ltr'><strong>Ma-</strong></span> 
     </span>
    </p>
   </div>
   <div class='ocr_carea' id='block_1_77' title="bbox 2098 1719 3679 1795">
    <p class='ocr_par' dir='ltr' id='par_1_77' title="bbox 2098 1719 3679 1795">
     <span class='ocr_line' id='line_1_77' title="bbox 2098 1719 3679 1795; baseline -0.004 -18"><span class='ocrx_word' id='word_1_512' title='bbox 2098 1741 2259 1795; x_wconf 88' lang='lat' dir='ltr'><strong>gnutn</strong></span> <span class='ocrx_word' id='word_1_513' title='bbox 2305 1734 2361 1779; x_wconf 90' lang='lat' dir='ltr'><strong>et</strong></span> <span class='ocrx_word' id='word_1_514' title='bbox 2408 1722 2777 1778; x_wconf 82' lang='lat' dir='ltr'><strong>imestimahile</strong></span> <span class='ocrx_word' id='word_1_515' title='bbox 2823 1733 2938 1786; x_wconf 85' lang='lat' dir='ltr'><strong>est,</strong></span> <span class='ocrx_word' id='word_1_516' title='bbox 2989 1719 3310 1775; x_wconf 81' lang='lat' dir='ltr'><strong>venerabilis</strong></span> <span class='ocrx_word' id='word_1_517' title='bbox 3353 1719 3679 1787; x_wconf 81' lang='lat' dir='ltr'><strong>imperator,</strong></span> 
     </span>
    </p>
   </div>
   <div class='ocr_carea' id='block_1_78' title="bbox 2026 1813 3679 1887">
    <p class='ocr_par' dir='ltr' id='par_1_78' title="bbox 2026 1813 3679 1887">
     <span class='ocr_line' id='line_1_78' title="bbox 2026 1813 3679 1887; baseline -0.005 -13"><span class='ocrx_word' id='word_1_518' title='bbox 2026 1814 2071 1874; x_wconf 81' lang='grc' dir='ltr'><strong>Β</strong></span> <span class='ocrx_word' id='word_1_519' title='bbox 2103 1830 2320 1886; x_wconf 88' lang='lat' dir='ltr'><strong>propter</strong></span> <span class='ocrx_word' id='word_1_520' title='bbox 2343 1818 2481 1887; x_wconf 90' lang='lat' dir='ltr'><strong>quod</strong></span> <span class='ocrx_word' id='word_1_521' title='bbox 2513 1816 2639 1871; x_wconf 88' lang='lat' dir='ltr'><strong>adsc</strong></span> <span class='ocrx_word' id='word_1_522' title='bbox 2663 1816 2702 1870; x_wconf 91' lang='lat' dir='ltr'><strong>ti</strong></span> <span class='ocrx_word' id='word_1_523' title='bbox 2731 1816 2859 1870; x_wconf 90' lang='lat' dir='ltr'><strong>estis</strong></span> <span class='ocrx_word' id='word_1_524' title='bbox 2881 1814 3082 1884; x_wconf 85' lang='lat' dir='ltr'><strong>judicio</strong></span> <span class='ocrx_word' id='word_1_525' title='bbox 3117 1813 3451 1867; x_wconf 87' lang='lat' dir='ltr'><strong>Divinitatis:</strong></span> <span class='ocrx_word' id='word_1_526' title='bbox 3486 1825 3679 1867; x_wconf 78' lang='lat' dir='ltr'><strong>exten-</strong></span> 
     </span>
    </p>
   </div>
   <div class='ocr_carea' id='block_1_79' title="bbox 2102 1906 3681 1978">
    <p class='ocr_par' dir='ltr' id='par_1_79' title="bbox 2102 1906 3681 1978">
     <span class='ocr_line' id='line_1_79' title="bbox 2102 1906 3681 1978; baseline -0.003 -11"><span class='ocrx_word' id='word_1_527' title='bbox 2102 1912 2298 1967; x_wconf 87' lang='lat' dir='ltr'><strong>duntur</strong></span> <span class='ocrx_word' id='word_1_528' title='bbox 2345 1925 2469 1966; x_wconf 88' lang='lat' dir='ltr'><strong>ecce</strong></span> <span class='ocrx_word' id='word_1_529' title='bbox 2520 1922 2638 1962; x_wconf 79' lang='lat' dir='ltr'><strong>vota</strong></span> <span class='ocrx_word' id='word_1_530' title='bbox 2696 1923 2879 1978; x_wconf 88' lang='lat' dir='ltr'><strong>pacem</strong></span> <span class='ocrx_word' id='word_1_531' title='bbox 2931 1906 3381 1971; x_wconf 82' lang='lat' dir='ltr'><strong>desiderantium;</strong></span> <span class='ocrx_word' id='word_1_532' title='bbox 3442 1906 3681 1962; x_wconf 88' lang='lat' dir='ltr'><strong>diuturni</strong></span> 
     </span>
    </p>
   </div>
   <div class='ocr_carea' id='block_1_80' title="bbox 2103 1998 3681 2073">
    <p class='ocr_par' dir='ltr' id='par_1_80' title="bbox 2103 1998 3681 2073">
     <span class='ocr_line' id='line_1_80' title="bbox 2103 1998 3681 2073; baseline -0.003 -15"><span class='ocrx_word' id='word_1_533' title='bbox 2103 2005 2356 2073; x_wconf 87' lang='lat' dir='ltr'><strong>temporis</strong></span> <span class='ocrx_word' id='word_1_534' title='bbox 2387 2013 2555 2058; x_wconf 88' lang='lat' dir='ltr'><strong>tractu</strong></span> <span class='ocrx_word' id='word_1_535' title='bbox 2586 2012 2775 2058; x_wconf 67' lang='lat' dir='ltr'><strong>iuuaret</strong></span> <span class='ocrx_word' id='word_1_536' title='bbox 2815 2000 3172 2054; x_wconf 68' lang='lat' dir='ltr'><strong>lirclesiarum</strong></span> <span class='ocrx_word' id='word_1_537' title='bbox 3205 1998 3537 2053; x_wconf 86' lang='lat' dir='ltr'><strong>indivisibitis</strong></span> <span class='ocrx_word' id='word_1_538' title='bbox 3572 1998 3681 2053; x_wconf 87' lang='lat' dir='ltr'><strong>dis-</strong></span> 
     </span>
    </p>
   </div>
   <div class='ocr_carea' id='block_1_81' title="bbox 2097 2090 3680 2161">
    <p class='ocr_par' dir='ltr' id='par_1_81' title="bbox 2097 2090 3680 2161">
     <span class='ocr_line' id='line_1_81' title="bbox 2097 2090 3680 2161; baseline -0.004 -11"><span class='ocrx_word' id='word_1_539' title='bbox 2097 2098 2238 2150; x_wconf 89' lang='lat' dir='ltr'><strong>cissa</strong></span> <span class='ocrx_word' id='word_1_540' title='bbox 2263 2097 2570 2149; x_wconf 89' lang='lat' dir='ltr'><strong>communio</strong></span> <span class='ocrx_word' id='word_1_541' title='bbox 2595 2111 2609 2159; x_wconf 92' lang='lat'><strong>;</strong></span> <span class='ocrx_word' id='word_1_542' title='bbox 2641 2103 2728 2150; x_wconf 86' lang='lat' dir='ltr'><strong>est</strong></span> <span class='ocrx_word' id='word_1_543' title='bbox 2751 2096 2803 2148; x_wconf 87' lang='lat' dir='ltr'><strong>itt</strong></span> <span class='ocrx_word' id='word_1_544' title='bbox 2828 2094 3027 2161; x_wconf 88' lang='lat' dir='ltr'><strong>gemitu</strong></span> <span class='ocrx_word' id='word_1_545' title='bbox 3054 2092 3321 2160; x_wconf 89' lang='lat' dir='ltr'><strong>discerpta</strong></span> <span class='ocrx_word' id='word_1_546' title='bbox 3351 2090 3680 2157; x_wconf 82' lang='lat' dir='ltr'><strong>fraternitas,</strong></span> 
     </span>
    </p>
   </div>
   <div class='ocr_carea' id='block_1_82' title="bbox 2100 2181 3681 2261">
    <p class='ocr_par' dir='ltr' id='par_1_82' title="bbox 2100 2181 3681 2261">
     <span class='ocr_line' id='line_1_82' title="bbox 2100 2181 3681 2261; baseline -0.006 -19"><span class='ocrx_word' id='word_1_547' title='bbox 2100 2189 2384 2242; x_wconf 87' lang='lat' dir='ltr'><strong>cumcirca</strong></span> <span class='ocrx_word' id='word_1_548' title='bbox 2415 2188 2629 2241; x_wconf 87' lang='lat' dir='ltr'><strong>Patrum</strong></span> <span class='ocrx_word' id='word_1_549' title='bbox 2658 2186 2904 2254; x_wconf 76' lang='lat' dir='ltr'><strong>dogmata</strong></span> <span class='ocrx_word' id='word_1_550' title='bbox 2928 2183 3071 2237; x_wconf 84' lang='lat' dir='ltr'><strong>varia</strong></span> <span class='ocrx_word' id='word_1_551' title='bbox 3099 2182 3170 2235; x_wconf 82' lang='lat' dir='ltr'><strong>sit</strong></span> <span class='ocrx_word' id='word_1_552' title='bbox 3193 2184 3454 2261; x_wconf 81' lang='lat' dir='ltr'><strong>voluntas.</strong></span> <span class='ocrx_word' id='word_1_553' title='bbox 3489 2181 3681 2236; x_wconf 82' lang='lat' dir='ltr'><strong>Acciu-</strong></span> 
     </span>
    </p>
   </div>
   <div class='ocr_carea' id='block_1_83' title="bbox 2100 2274 3682 2350">
    <p class='ocr_par' dir='ltr' id='par_1_83' title="bbox 2100 2274 3682 2350">
     <span class='ocr_line' id='line_1_83' title="bbox 2100 2274 3682 2350; baseline -0.002 -16"><span class='ocrx_word' id='word_1_554' title='bbox 2100 2280 2206 2350; x_wconf 89' lang='lat' dir='ltr'><strong>gite</strong></span> <span class='ocrx_word' id='word_1_555' title='bbox 2246 2294 2374 2348; x_wconf 90' lang='lat' dir='ltr'><strong>ergo</strong></span> <span class='ocrx_word' id='word_1_556' title='bbox 2415 2278 2623 2334; x_wconf 89' lang='lat' dir='ltr'><strong>lumbos</strong></span> <span class='ocrx_word' id='word_1_557' title='bbox 2657 2278 2858 2333; x_wconf 90' lang='lat' dir='ltr'><strong>viribus</strong></span> <span class='ocrx_word' id='word_1_558' title='bbox 2908 2274 3070 2340; x_wconf 90' lang='lat' dir='ltr'><strong>ﬁdei,</strong></span> <span class='ocrx_word' id='word_1_559' title='bbox 3102 2274 3276 2329; x_wconf 90' lang='lat' dir='ltr'><strong>videte</strong></span> <span class='ocrx_word' id='word_1_560' title='bbox 3316 2274 3402 2329; x_wconf 89' lang='lat' dir='ltr'><strong>cui</strong></span> <span class='ocrx_word' id='word_1_561' title='bbox 3443 2290 3538 2329; x_wconf 91' lang='lat' dir='ltr'><strong>vos</strong></span> <span class='ocrx_word' id='word_1_562' title='bbox 3570 2276 3682 2344; x_wconf 79' lang='lat' dir='ltr'><strong>regi</strong></span> 
     </span>
    </p>
   </div>
   <div class='ocr_carea' id='block_1_84' title="bbox 2102 2367 3683 2439">
    <p class='ocr_par' dir='ltr' id='par_1_84' title="bbox 2102 2367 3683 2439">
     <span class='ocr_line' id='line_1_84' title="bbox 2102 2367 3683 2439; baseline -0.004 -13"><span class='ocrx_word' id='word_1_563' title='bbox 2102 2373 2361 2427; x_wconf 90' lang='lat' dir='ltr'><strong>Diviuitas</strong></span> <span class='ocrx_word' id='word_1_564' title='bbox 2402 2372 2531 2426; x_wconf 82' lang='lat' dir='ltr'><strong>velit</strong></span> <span class='ocrx_word' id='word_1_565' title='bbox 2570 2371 2836 2439; x_wconf 88' lang='lat' dir='ltr'><strong>obsequi,</strong></span> <span class='ocrx_word' id='word_1_566' title='bbox 2868 2378 3122 2437; x_wconf 88' lang='lat' dir='ltr'><strong>quantum</strong></span> <span class='ocrx_word' id='word_1_567' title='bbox 3164 2367 3234 2421; x_wconf 86' lang='lat' dir='ltr'><strong>sit</strong></span> <span class='ocrx_word' id='word_1_568' title='bbox 3259 2367 3399 2436; x_wconf 88' lang='lat' dir='ltr'><strong>quod</strong></span> <span class='ocrx_word' id='word_1_569' title='bbox 3450 2383 3543 2434; x_wconf 90' lang='lat' dir='ltr'><strong>per</strong></span> <span class='ocrx_word' id='word_1_570' title='bbox 3589 2382 3683 2421; x_wconf 87' lang='lat' dir='ltr'><strong>vos</strong></span> 
     </span>
    </p>
   </div>
   <div class='ocr_carea' id='block_1_85' title="bbox 2102 2458 3681 2532">
    <p class='ocr_par' dir='ltr' id='par_1_85' title="bbox 2102 2458 3681 2532">
     <span class='ocr_line' id='line_1_85' title="bbox 2102 2458 3681 2532; baseline -0.003 -17"><span class='ocrx_word' id='word_1_571' title='bbox 2102 2473 2351 2532; x_wconf 75' lang='lat' dir='ltr'><strong>procurat</strong></span> <span class='ocrx_word' id='word_1_572' title='bbox 2377 2462 2608 2528; x_wconf 90' lang='lat' dir='ltr'><strong>impleri.</strong></span> <span class='ocrx_word' id='word_1_573' title='bbox 2644 2460 2895 2516; x_wconf 74' lang='lat' dir='ltr'><strong>Ecclesia:</strong></span> <span class='ocrx_word' id='word_1_574' title='bbox 2929 2458 3246 2512; x_wconf 73' lang='lat' dir='ltr'><strong>veneranda:</strong></span> <span class='ocrx_word' id='word_1_575' title='bbox 3280 2474 3504 2527; x_wconf 69' lang='lat' dir='ltr'><strong>corpus,</strong></span> <span class='ocrx_word' id='word_1_576' title='bbox 3539 2459 3681 2527; x_wconf 90' lang='lat' dir='ltr'><strong>quod</strong></span> 
     </span>
    </p>
   </div>
   <div class='ocr_carea' id='block_1_86' title="bbox 2103 2550 3683 2623">
    <p class='ocr_par' dir='ltr' id='par_1_86' title="bbox 2103 2550 3683 2623">
     <span class='ocr_line' id='line_1_86' title="bbox 2103 2550 3683 2623; baseline -0.002 -15"><span class='ocrx_word' id='word_1_577' title='bbox 2103 2556 2314 2623; x_wconf 89' lang='lat' dir='ltr'><strong>propria</strong></span> <span class='ocrx_word' id='word_1_578' title='bbox 2342 2552 2585 2607; x_wconf 89' lang='lat' dir='ltr'><strong>Christus</strong></span> <span class='ocrx_word' id='word_1_579' title='bbox 2615 2565 2797 2607; x_wconf 90' lang='lat' dir='ltr'><strong>noster</strong></span> <span class='ocrx_word' id='word_1_580' title='bbox 2824 2552 3071 2621; x_wconf 86' lang='lat' dir='ltr'><strong>passione</strong></span> <span class='ocrx_word' id='word_1_581' title='bbox 3094 2550 3353 2617; x_wconf 64' lang='lat' dir='ltr'><strong>fundavit,</strong></span> <span class='ocrx_word' id='word_1_582' title='bbox 3380 2552 3560 2614; x_wconf 67' lang='lat' dir='ltr'><strong>gloriae</strong></span> <span class='ocrx_word' id='word_1_583' title='bbox 3586 2567 3683 2605; x_wconf 86' lang='lat' dir='ltr'><strong>ve-</strong></span> 
     </span>
    </p>
   </div>
   <div class='ocr_carea' id='block_1_87' title="bbox 2101 2624 3682 2711">
    <p class='ocr_par' dir='ltr' id='par_1_87' title="bbox 2101 2624 3682 2711">
     <span class='ocr_line' id='line_1_87' title="bbox 2101 2624 3682 2711; baseline -0.001 -14"><span class='ocrx_word' id='word_1_584' title='bbox 2101 2656 2225 2698; x_wconf 68' lang='lat' dir='ltr'><strong>stra:</strong></span> <span class='ocrx_word' id='word_1_585' title='bbox 2247 2644 2482 2697; x_wconf 87' lang='lat' dir='ltr'><strong>adunare</strong></span> <span class='ocrx_word' id='word_1_586' title='bbox 2510 2644 2660 2697; x_wconf 86' lang='lat' dir='ltr'><strong>factis</strong></span> <span class='ocrx_word' id='word_1_587' title='bbox 2686 2643 2934 2698; x_wconf 80' lang='lat' dir='ltr'><strong>instituit.</strong></span> <span class='ocrx_word' id='word_1_588' title='bbox 2958 2643 3072 2698; x_wconf 87' lang='lat' dir='ltr'><strong>Non</strong></span> <span class='ocrx_word' id='word_1_589' title='bbox 3105 2654 3187 2698; x_wconf 89' lang='lat' dir='ltr'><strong>est</strong></span> <span class='ocrx_word' id='word_1_590' title='bbox 3215 2658 3321 2711; x_wconf 89' lang='lat' dir='ltr'><strong>quo</strong></span> <span class='ocrx_word' id='word_1_591' title='bbox 3349 2643 3516 2711; x_wconf 74' lang='lat' dir='ltr'><strong>magis</strong></span> <span class='ocrx_word' id='word_1_592' title='bbox 3538 2624 3682 2697; x_wconf 74' lang='lat' dir='ltr'><strong>circa</strong></span> 
     </span>
    </p>
   </div>
   <div class='ocr_carea' id='block_1_88' title="bbox 2105 2733 3683 2803">
    <p class='ocr_par' dir='ltr' id='par_1_88' title="bbox 2105 2733 3683 2803">
     <span class='ocr_line' id='line_1_88' title="bbox 2105 2733 3683 2803; baseline -0.003 -17"><span class='ocrx_word' id='word_1_593' title='bbox 2105 2748 2203 2788; x_wconf 90' lang='lat' dir='ltr'><strong>vos</strong></span> <span class='ocrx_word' id='word_1_594' title='bbox 2230 2734 2399 2803; x_wconf 87' lang='lat' dir='ltr'><strong>gratia</strong></span> <span class='ocrx_word' id='word_1_595' title='bbox 2439 2749 2684 2802; x_wconf 74' lang='lat' dir='ltr'><strong>superna:</strong></span> <span class='ocrx_word' id='word_1_596' title='bbox 2714 2735 3009 2802; x_wconf 74' lang='lat' dir='ltr'><strong>maiestatis</strong></span> <span class='ocrx_word' id='word_1_597' title='bbox 3040 2734 3279 2797; x_wconf 86' lang='lat' dir='ltr'><strong>eluceat,</strong></span> <span class='ocrx_word' id='word_1_598' title='bbox 3311 2748 3469 2800; x_wconf 84' lang='lat' dir='ltr'><strong>quam</strong></span> <span class='ocrx_word' id='word_1_599' title='bbox 3499 2734 3543 2787; x_wconf 88' lang='lat' dir='ltr'><strong>si</strong></span> <span class='ocrx_word' id='word_1_600' title='bbox 3585 2733 3683 2786; x_wconf 81' lang='lat' dir='ltr'><strong>Ec-</strong></span> 
     </span>
    </p>
   </div>
   <div class='ocr_carea' id='block_1_89' title="bbox 2103 2825 3685 2893">
    <p class='ocr_par' dir='ltr' id='par_1_89' title="bbox 2103 2825 3685 2893">
     <span class='ocr_line' id='line_1_89' title="bbox 2103 2825 3685 2893; baseline -0.001 -14"><span class='ocrx_word' id='word_1_601' title='bbox 2103 2828 2278 2879; x_wconf 69' lang='lat' dir='ltr'><strong>clesiae</strong></span> <span class='ocrx_word' id='word_1_602' title='bbox 2306 2842 2499 2893; x_wconf 91' lang='lat' dir='ltr'><strong>corpus</strong></span> <span class='ocrx_word' id='word_1_603' title='bbox 2539 2841 2632 2893; x_wconf 87' lang='lat' dir='ltr'><strong>per</strong></span> <span class='ocrx_word' id='word_1_604' title='bbox 2663 2836 2893 2879; x_wconf 89' lang='lat' dir='ltr'><strong>vestrum</strong></span> <span class='ocrx_word' id='word_1_605' title='bbox 2935 2837 3208 2892; x_wconf 88' lang='lat' dir='ltr'><strong>reparetur</strong></span> <span class='ocrx_word' id='word_1_606' title='bbox 3246 2825 3514 2889; x_wconf 88' lang='lat' dir='ltr'><strong>ofﬁcium,</strong></span> <span class='ocrx_word' id='word_1_607' title='bbox 3560 2840 3685 2877; x_wconf 87' lang='lat' dir='ltr'><strong>san-</strong></span> 
     </span>
    </p>
   </div>
   <div class='ocr_carea' id='block_1_90' title="bbox 2103 2916 3679 2985">
    <p class='ocr_par' dir='ltr' id='par_1_90' title="bbox 2103 2916 3679 2985">
     <span class='ocr_line' id='line_1_90' title="bbox 2103 2916 3679 2985; baseline 0 -16"><span class='ocrx_word' id='word_1_608' title='bbox 2103 2918 2278 2985; x_wconf 79' lang='lat' dir='ltr'><strong>guinis</strong></span> <span class='ocrx_word' id='word_1_609' title='bbox 2323 2917 2533 2971; x_wconf 91' lang='lat' dir='ltr'><strong>Domini</strong></span> <span class='ocrx_word' id='word_1_610' title='bbox 2567 2917 2929 2984; x_wconf 88' lang='lat' dir='ltr'><strong>redemptione</strong></span> <span class='ocrx_word' id='word_1_611' title='bbox 2975 2917 3283 2971; x_wconf 82' lang='lat' dir='ltr'><strong>iormatum.</strong></span> <span class='ocrx_word' id='word_1_612' title='bbox 3329 2916 3423 2969; x_wconf 85' lang='lat' dir='ltr'><strong>Est</strong></span> <span class='ocrx_word' id='word_1_613' title='bbox 3463 2916 3679 2982; x_wconf 89' lang='lat' dir='ltr'><strong>quidem</strong></span> 
     </span>
    </p>
   </div>
   <div class='ocr_carea' id='block_1_91' title="bbox 2105 3007 3684 3077">
    <p class='ocr_par' dir='ltr' id='par_1_91' title="bbox 2105 3007 3684 3077">
     <span class='ocr_line' id='line_1_91' title="bbox 2105 3007 3684 3077; baseline -0.002 -14"><span class='ocrx_word' id='word_1_614' title='bbox 2105 3026 2277 3063; x_wconf 77' lang='lat' dir='ltr'><strong>causa:</strong></span> <span class='ocrx_word' id='word_1_615' title='bbox 2321 3009 2475 3077; x_wconf 88' lang='lat' dir='ltr'><strong>hujus</strong></span> <span class='ocrx_word' id='word_1_616' title='bbox 2506 3009 2866 3063; x_wconf 78' lang='lat' dir='ltr'><strong>vetus:is-ima</strong></span> <span class='ocrx_word' id='word_1_617' title='bbox 2895 3008 3200 3071; x_wconf 83' lang='lat' dir='ltr'><strong>calamitas,</strong></span> <span class='ocrx_word' id='word_1_618' title='bbox 3242 3007 3334 3061; x_wconf 91' lang='lat' dir='ltr'><strong>sed</strong></span> <span class='ocrx_word' id='word_1_619' title='bbox 3370 3024 3463 3073; x_wconf 90' lang='lat' dir='ltr'><strong>pro</strong></span> <span class='ocrx_word' id='word_1_620' title='bbox 3494 3007 3684 3060; x_wconf 83' lang='lat' dir='ltr'><strong>inima-</strong></span> 
     </span>
    </p>
   </div>
   <div class='ocr_carea' id='block_1_92' title="bbox 2107 3099 3684 3167">
    <p class='ocr_par' dir='ltr' id='par_1_92' title="bbox 2107 3099 3684 3167">
     <span class='ocr_line' id='line_1_92' title="bbox 2107 3099 3684 3167; baseline -0.003 -14"><span class='ocrx_word' id='word_1_621' title='bbox 2107 3103 2271 3155; x_wconf 68' lang='lat' dir='ltr'><strong>nitate</strong></span> <span class='ocrx_word' id='word_1_622' title='bbox 2310 3102 2392 3154; x_wconf 91' lang='lat' dir='ltr'><strong>sui</strong></span> <span class='ocrx_word' id='word_1_623' title='bbox 2441 3101 2841 3155; x_wconf 89' lang='lat' dir='ltr'><strong>recentissimus</strong></span> <span class='ocrx_word' id='word_1_624' title='bbox 2879 3100 3052 3167; x_wconf 88' lang='lat' dir='ltr'><strong>dolor,</strong></span> <span class='ocrx_word' id='word_1_625' title='bbox 3091 3109 3145 3154; x_wconf 91' lang='lat' dir='ltr'><strong>et</strong></span> <span class='ocrx_word' id='word_1_626' title='bbox 3184 3108 3330 3152; x_wconf 89' lang='lat' dir='ltr'><strong>tanto</strong></span> <span class='ocrx_word' id='word_1_627' title='bbox 3368 3099 3684 3153; x_wconf 75' lang='lat' dir='ltr'><strong>Christianis</strong></span> 
     </span>
    </p>
   </div>
   <div class='ocr_carea' id='block_1_93' title="bbox 2030 3175 3680 3262">
    <p class='ocr_par' dir='ltr' id='par_1_93' title="bbox 2030 3175 3680 3262">
     <span class='ocr_line' id='line_1_93' title="bbox 2030 3175 3680 3262; baseline -0.001 -17"><span class='ocrx_word' id='word_1_628' title='bbox 2030 3175 2075 3236; x_wconf 71' lang='grc' dir='ltr'>Ο</span> <span class='ocrx_word' id='word_1_629' title='bbox 2106 3192 2295 3247; x_wconf 69' lang='lat' dir='ltr'><strong>animis</strong></span> <span class='ocrx_word' id='word_1_630' title='bbox 2320 3193 2505 3247; x_wconf 91' lang='lat' dir='ltr'><strong>fortior</strong></span> <span class='ocrx_word' id='word_1_631' title='bbox 2528 3192 2772 3262; x_wconf 82' lang='lat' dir='ltr'><strong>gemitus,</strong></span> <span class='ocrx_word' id='word_1_632' title='bbox 2792 3200 2990 3262; x_wconf 89' lang='lat' dir='ltr'><strong>quanto</strong></span> <span class='ocrx_word' id='word_1_633' title='bbox 3016 3192 3340 3261; x_wconf 89' lang='lat' dir='ltr'><strong>temporibus</strong></span> <span class='ocrx_word' id='word_1_634' title='bbox 3361 3202 3442 3245; x_wconf 85' lang='lat' dir='ltr'><strong>est</strong></span> <span class='ocrx_word' id='word_1_635' title='bbox 3463 3190 3680 3244; x_wconf 56' lang='lat' dir='ltr'><strong>dilatus.</strong></span> 
     </span>
    </p>
   </div>
   <div class='ocr_carea' id='block_1_94' title="bbox 2109 3283 3685 3355">
    <p class='ocr_par' dir='ltr' id='par_1_94' title="bbox 2109 3283 3685 3355">
     <span class='ocr_line' id='line_1_94' title="bbox 2109 3283 3685 3355; baseline -0.002 -17"><span class='ocrx_word' id='word_1_636' title='bbox 2109 3284 2404 3338; x_wconf 74' lang='lat' dir='ltr'><strong>Videndum</strong></span> <span class='ocrx_word' id='word_1_637' title='bbox 2436 3285 2586 3339; x_wconf 90' lang='lat' dir='ltr'><strong>vobis</strong></span> <span class='ocrx_word' id='word_1_638' title='bbox 2617 3295 2698 3338; x_wconf 90' lang='lat' dir='ltr'><strong>est</strong></span> <span class='ocrx_word' id='word_1_639' title='bbox 2725 3284 2776 3338; x_wconf 81' lang='grc' dir='ltr'><strong>ἰί</strong></span> <span class='ocrx_word' id='word_1_640' title='bbox 2807 3295 3059 3355; x_wconf 89' lang='lat' dir='ltr'><strong>quantum</strong></span> <span class='ocrx_word' id='word_1_641' title='bbox 3088 3284 3325 3352; x_wconf 82' lang='lat' dir='ltr'><strong>qumidie</strong></span> <span class='ocrx_word' id='word_1_642' title='bbox 3353 3283 3555 3353; x_wconf 89' lang='lat' dir='ltr'><strong>antiqui</strong></span> <span class='ocrx_word' id='word_1_643' title='bbox 3590 3283 3685 3335; x_wconf 80' lang='lat' dir='ltr'><strong>ho-</strong></span> 
     </span>
    </p>
   </div>
   <div class='ocr_carea' id='block_1_95' title="bbox 2103 3374 3685 3438">
    <p class='ocr_par' dir='ltr' id='par_1_95' title="bbox 2103 3374 3685 3438">
     <span class='ocr_line' id='line_1_95' title="bbox 2103 3374 3685 3438; baseline -0.003 -9"><span class='ocrx_word' id='word_1_644' title='bbox 2103 3376 2200 3429; x_wconf 88' lang='lat' dir='ltr'><strong>stis</strong></span> <span class='ocrx_word' id='word_1_645' title='bbox 2228 3375 2489 3428; x_wconf 90' lang='lat' dir='ltr'><strong>fervescat</strong></span> <span class='ocrx_word' id='word_1_646' title='bbox 2522 3376 2722 3428; x_wconf 89' lang='lat' dir='ltr'><strong>insania</strong></span> <span class='ocrx_word' id='word_1_647' title='bbox 2743 3416 2757 3438; x_wconf 91' lang='lat'><strong>,</strong></span> <span class='ocrx_word' id='word_1_648' title='bbox 2787 3384 2872 3438; x_wconf 80' lang='lat' dir='ltr'><strong>et,</strong></span> <span class='ocrx_word' id='word_1_649' title='bbox 2918 3391 3037 3429; x_wconf 91' lang='lat' dir='ltr'><strong>cum</strong></span> <span class='ocrx_word' id='word_1_650' title='bbox 3066 3376 3191 3428; x_wconf 89' lang='lat' dir='ltr'><strong>olim</strong></span> <span class='ocrx_word' id='word_1_651' title='bbox 3222 3389 3379 3427; x_wconf 81' lang='lat' dir='ltr'><strong>causa</strong></span> <span class='ocrx_word' id='word_1_652' title='bbox 3410 3374 3479 3426; x_wconf 78' lang='lat' dir='ltr'><strong>sit</strong></span> <span class='ocrx_word' id='word_1_653' title='bbox 3507 3375 3685 3428; x_wconf 86' lang='lat' dir='ltr'><strong>decisa</strong></span> 
     </span>
    </p>
   </div>
   <div class='ocr_carea' id='block_1_96' title="bbox 2106 3462 3683 3535">
    <p class='ocr_par' dir='ltr' id='par_1_96' title="bbox 2106 3462 3683 3535">
     <span class='ocr_line' id='line_1_96' title="bbox 2106 3462 3683 3535; baseline -0.001 -18"><span class='ocrx_word' id='word_1_654' title='bbox 2106 3466 2207 3519; x_wconf 88' lang='lat' dir='ltr'><strong>ﬁne</strong></span> <span class='ocrx_word' id='word_1_655' title='bbox 2235 3466 2535 3529; x_wconf 65' lang='lat' dir='ltr'><strong>sementim,</strong></span> <span class='ocrx_word' id='word_1_656' title='bbox 2564 3468 2705 3535; x_wconf 85' lang='lat' dir='ltr'><strong>pacis</strong></span> <span class='ocrx_word' id='word_1_657' title='bbox 2733 3465 2888 3519; x_wconf 87' lang='lat' dir='ltr'><strong>faciat</strong></span> <span class='ocrx_word' id='word_1_658' title='bbox 2917 3465 3219 3519; x_wconf 81' lang='lat' dir='ltr'><strong>tarditatem</strong></span> <span class='ocrx_word' id='word_1_659' title='bbox 3252 3482 3262 3516; x_wconf 93' lang='lat'><strong>:</strong></span> <span class='ocrx_word' id='word_1_660' title='bbox 3295 3474 3347 3516; x_wconf 83' lang='lat' dir='ltr'><strong>et</strong></span> <span class='ocrx_word' id='word_1_661' title='bbox 3375 3479 3495 3518; x_wconf 92' lang='lat' dir='ltr'><strong>cum</strong></span> <span class='ocrx_word' id='word_1_662' title='bbox 3526 3462 3683 3518; x_wconf 87' lang='lat' dir='ltr'><strong>Chal-</strong></span> 
     </span>
    </p>
   </div>
   <div class='ocr_carea' id='block_1_97' title="bbox 2105 3556 3684 3629">
    <p class='ocr_par' dir='ltr' id='par_1_97' title="bbox 2105 3556 3684 3629">
     <span class='ocr_line' id='line_1_97' title="bbox 2105 3556 3684 3629; baseline 0 -18"><span class='ocrx_word' id='word_1_663' title='bbox 2105 3560 2422 3613; x_wconf 87' lang='lat' dir='ltr'><strong>cedonensis</strong></span> <span class='ocrx_word' id='word_1_664' title='bbox 2467 3560 2734 3629; x_wconf 79' lang='lat' dir='ltr'><strong>synodus,</strong></span> <span class='ocrx_word' id='word_1_665' title='bbox 2781 3570 2834 3612; x_wconf 82' lang='lat' dir='ltr'><strong>et</strong></span> <span class='ocrx_word' id='word_1_666' title='bbox 2873 3559 2933 3612; x_wconf 86' lang='grc' dir='ltr'><strong>Β.</strong></span> <span class='ocrx_word' id='word_1_667' title='bbox 2978 3574 3126 3626; x_wconf 67' lang='lat' dir='ltr'><strong>papa:</strong></span> <span class='ocrx_word' id='word_1_668' title='bbox 3169 3558 3361 3612; x_wconf 91' lang='lat' dir='ltr'><strong>Leonis</strong></span> <span class='ocrx_word' id='word_1_669' title='bbox 3398 3556 3684 3611; x_wconf 87' lang='lat' dir='ltr'><strong>constituta</strong></span> 
     </span>
    </p>
   </div>
   <div class='ocr_carea' id='block_1_98' title="bbox 2107 3650 3683 3719">
    <p class='ocr_par' dir='ltr' id='par_1_98' title="bbox 2107 3650 3683 3719">
     <span class='ocr_line' id='line_1_98' title="bbox 2107 3650 3683 3719; baseline -0.001 -15"><span class='ocrx_word' id='word_1_670' title='bbox 2107 3650 2368 3718; x_wconf 86' lang='lat' dir='ltr'><strong>placeant,</strong></span> <span class='ocrx_word' id='word_1_671' title='bbox 2402 3667 2507 3719; x_wconf 87' lang='lat' dir='ltr'><strong>quo</strong></span> <span class='ocrx_word' id='word_1_672' title='bbox 2537 3650 2601 3702; x_wconf 89' lang='lat' dir='ltr'><strong>ad</strong></span> <span class='ocrx_word' id='word_1_673' title='bbox 2633 3650 2908 3704; x_wconf 88' lang='lat' dir='ltr'><strong>caritatem</strong></span> <span class='ocrx_word' id='word_1_674' title='bbox 2939 3651 3130 3705; x_wconf 84' lang='lat' dir='ltr'><strong>reverti</strong></span> <span class='ocrx_word' id='word_1_675' title='bbox 3166 3650 3409 3702; x_wconf 91' lang='lat' dir='ltr'><strong>volumus</strong></span> <span class='ocrx_word' id='word_1_676' title='bbox 3437 3665 3467 3703; x_wconf 90' lang='lat' dir='ltr'><strong>a</strong></span> <span class='ocrx_word' id='word_1_677' title='bbox 3516 3663 3683 3703; x_wconf 87' lang='lat' dir='ltr'><strong>certa-</strong></span> 
     </span>
    </p>
   </div>
   <div class='ocr_carea' id='block_1_99' title="bbox 2106 3740 3685 3811">
    <p class='ocr_par' dir='ltr' id='par_1_99' title="bbox 2106 3740 3685 3811">
     <span class='ocr_line' id='line_1_99' title="bbox 2106 3740 3685 3811; baseline -0.001 -16"><span class='ocrx_word' id='word_1_678' title='bbox 2106 3742 2250 3796; x_wconf 90' lang='lat' dir='ltr'><strong>mine</strong></span> <span class='ocrx_word' id='word_1_679' title='bbox 2282 3758 2385 3795; x_wconf 90' lang='lat' dir='ltr'><strong>non</strong></span> <span class='ocrx_word' id='word_1_680' title='bbox 2429 3742 2678 3795; x_wconf 60' lang='lat' dir='ltr'><strong>desistas.</strong></span> <span class='ocrx_word' id='word_1_681' title='bbox 2713 3741 3015 3809; x_wconf 88' lang='lat' dir='ltr'><strong>Sequuntur</strong></span> <span class='ocrx_word' id='word_1_682' title='bbox 3040 3757 3157 3811; x_wconf 72' lang='lat' dir='ltr'><strong>qnte</strong></span> <span class='ocrx_word' id='word_1_683' title='bbox 3192 3740 3525 3809; x_wconf 75' lang='lat' dir='ltr'><strong>dogmatibus</strong></span> <span class='ocrx_word' id='word_1_684' title='bbox 3556 3756 3685 3807; x_wconf 73' lang='lat' dir='ltr'><strong>pra:-</strong></span> 
     </span>
    </p>
   </div>
   <div class='ocr_carea' id='block_1_100' title="bbox 2107 3832 3683 3902">
    <p class='ocr_par' dir='ltr' id='par_1_100' title="bbox 2107 3832 3683 3902">
     <span class='ocr_line' id='line_1_100' title="bbox 2107 3832 3683 3902; baseline -0.004 -15"><span class='ocrx_word' id='word_1_685' title='bbox 2107 3834 2262 3887; x_wconf 89' lang='lat' dir='ltr'><strong>dictis</strong></span> <span class='ocrx_word' id='word_1_686' title='bbox 2288 3833 2517 3902; x_wconf 85' lang='lat' dir='ltr'><strong>ascrip&#39;a</strong></span> <span class='ocrx_word' id='word_1_687' title='bbox 2546 3846 2690 3899; x_wconf 83' lang='lat' dir='ltr'><strong>Slltt&#39;,</strong></span> <span class='ocrx_word' id='word_1_688' title='bbox 2724 3845 2774 3886; x_wconf 91' lang='lat' dir='ltr'><strong>et</strong></span> <span class='ocrx_word' id='word_1_689' title='bbox 2802 3849 2984 3886; x_wconf 88' lang='lat' dir='ltr'><strong>eorum</strong></span> <span class='ocrx_word' id='word_1_690' title='bbox 3008 3832 3353 3900; x_wconf 86' lang='lat' dir='ltr'><strong>sequacibus,</strong></span> <span class='ocrx_word' id='word_1_691' title='bbox 3383 3845 3516 3898; x_wconf 87' lang='lat' dir='ltr'><strong>quos</strong></span> <span class='ocrx_word' id='word_1_692' title='bbox 3548 3847 3683 3898; x_wconf 67' lang='lat' dir='ltr'><strong>ortv-</strong></span> 
     </span>
    </p>
   </div>
   <div class='ocr_carea' id='block_1_101' title="bbox 2107 3923 3682 3994">
    <p class='ocr_par' dir='ltr' id='par_1_101' title="bbox 2107 3923 3682 3994">
     <span class='ocr_line' id='line_1_101' title="bbox 2107 3923 3682 3994; baseline -0.004 -13"><span class='ocrx_word' id='word_1_693' title='bbox 2107 3927 2245 3981; x_wconf 86' lang='lat' dir='ltr'><strong>dicta</strong></span> <span class='ocrx_word' id='word_1_694' title='bbox 2271 3927 2586 3981; x_wconf 82' lang='lat' dir='ltr'><strong>auctoritate</strong></span> <span class='ocrx_word' id='word_1_695' title='bbox 2615 3927 2896 3979; x_wconf 72' lang='lat' dir='ltr'><strong>damnatos</strong></span> <span class='ocrx_word' id='word_1_696' title='bbox 2922 3925 3236 3994; x_wconf 89' lang='lat' dir='ltr'><strong>intelligunt,</strong></span> <span class='ocrx_word' id='word_1_697' title='bbox 3271 3940 3375 3977; x_wconf 89' lang='lat' dir='ltr'><strong>non</strong></span> <span class='ocrx_word' id='word_1_698' title='bbox 3408 3923 3682 3977; x_wconf 90' lang='lat' dir='ltr'><strong>recedunt.</strong></span> 
     </span>
    </p>
   </div>
   <div class='ocr_carea' id='block_1_102' title="bbox 2107 4015 3683 4085">
    <p class='ocr_par' dir='ltr' id='par_1_102' title="bbox 2107 4015 3683 4085">
     <span class='ocr_line' id='line_1_102' title="bbox 2107 4015 3683 4085; baseline -0.003 -15"><span class='ocrx_word' id='word_1_699' title='bbox 2107 4018 2309 4071; x_wconf 80' lang='lat' dir='ltr'><strong>Tenent</strong></span> <span class='ocrx_word' id='word_1_700' title='bbox 2342 4016 2516 4070; x_wconf 89' lang='lat' dir='ltr'><strong>adhuc</strong></span> <span class='ocrx_word' id='word_1_701' title='bbox 2545 4016 2596 4070; x_wconf 91' lang='lat' dir='ltr'><strong>in</strong></span> <span class='ocrx_word' id='word_1_702' title='bbox 2638 4018 3004 4085; x_wconf 76' lang='lat' dir='ltr'><strong>complexibus</strong></span> <span class='ocrx_word' id='word_1_703' title='bbox 3046 4031 3237 4069; x_wconf 88' lang='lat' dir='ltr'><strong>umnen</strong></span> <span class='ocrx_word' id='word_1_704' title='bbox 3283 4015 3494 4077; x_wconf 78' lang='lat' dir='ltr'><strong>Acacii,</strong></span> <span class='ocrx_word' id='word_1_705' title='bbox 3527 4031 3683 4082; x_wconf 79' lang='lat' dir='ltr'><strong>quem</strong></span> 
     </span>
    </p>
   </div>
   <div class='ocr_carea' id='block_1_103' title="bbox 2110 4104 3683 4175">
    <p class='ocr_par' dir='ltr' id='par_1_103' title="bbox 2110 4104 3683 4175">
     <span class='ocr_line' id='line_1_103' title="bbox 2110 4104 3683 4175; baseline -0.001 -16"><span class='ocrx_word' id='word_1_706' title='bbox 2110 4109 2289 4162; x_wconf 85' lang='lat' dir='ltr'><strong>vident</strong></span> <span class='ocrx_word' id='word_1_707' title='bbox 2319 4107 2515 4175; x_wconf 88' lang='lat' dir='ltr'><strong>judicio</strong></span> <span class='ocrx_word' id='word_1_708' title='bbox 2542 4108 2685 4161; x_wconf 84' lang='lat' dir='ltr'><strong>sedis</strong></span> <span class='ocrx_word' id='word_1_709' title='bbox 2715 4107 2956 4172; x_wconf 57' lang='lat' dir='ltr'><strong>apostoli</strong></span> <span class='ocrx_word' id='word_1_710' title='bbox 2977 4124 3021 4159; x_wconf 72' lang='lat'><strong>:13</strong></span> <span class='ocrx_word' id='word_1_711' title='bbox 3054 4108 3241 4160; x_wconf 87' lang='lat' dir='ltr'><strong>merito</strong></span> <span class='ocrx_word' id='word_1_712' title='bbox 3272 4121 3479 4173; x_wconf 69' lang='lat' dir='ltr'><strong>pinnam</strong></span> <span class='ocrx_word' id='word_1_713' title='bbox 3511 4104 3683 4172; x_wconf 68' lang='lat' dir='ltr'><strong>subje-</strong></span> 
     </span>
    </p>
   </div>
   <div class='ocr_carea' id='block_1_104' title="bbox 2108 4200 3682 4269">
    <p class='ocr_par' dir='ltr' id='par_1_104' title="bbox 2108 4200 3682 4269">
     <span class='ocr_line' id='line_1_104' title="bbox 2108 4200 3682 4269; baseline -0.002 -14"><span class='ocrx_word' id='word_1_714' title='bbox 2108 4202 2243 4255; x_wconf 88' lang='lat' dir='ltr'><strong>cisse</strong></span> <span class='ocrx_word' id='word_1_715' title='bbox 2273 4200 2527 4255; x_wconf 85' lang='lat' dir='ltr'><strong>damnati.</strong></span> <span class='ocrx_word' id='word_1_716' title='bbox 2554 4202 2682 4267; x_wconf 86' lang='lat' dir='ltr'><strong>Quis</strong></span> <span class='ocrx_word' id='word_1_717' title='bbox 2706 4219 2807 4253; x_wconf 89' lang='lat' dir='ltr'><strong>non</strong></span> <span class='ocrx_word' id='word_1_718' title='bbox 2833 4202 3086 4269; x_wconf 86' lang='lat' dir='ltr'><strong>inte&#39;ligat</strong></span> <span class='ocrx_word' id='word_1_719' title='bbox 3114 4200 3355 4254; x_wconf 86' lang='lat' dir='ltr'><strong>simulate</strong></span> <span class='ocrx_word' id='word_1_720' title='bbox 3380 4200 3483 4253; x_wconf 84' lang='lat' dir='ltr'><strong>dici</strong></span> <span class='ocrx_word' id='word_1_721' title='bbox 3511 4218 3523 4251; x_wconf 91' lang='lat'><strong>:</strong></span> <span class='ocrx_word' id='word_1_722' title='bbox 3554 4200 3682 4252; x_wconf 79' lang='lat' dir='ltr'><strong>Sau-</strong></span> 
     </span>
    </p>
   </div>
   <div class='ocr_carea' id='block_1_105' title="bbox 2108 4292 3683 4361">
    <p class='ocr_par' dir='ltr' id='par_1_105' title="bbox 2108 4292 3683 4361">
     <span class='ocr_line' id='line_1_105' title="bbox 2108 4292 3683 4361; baseline -0.003 -15"><span class='ocrx_word' id='word_1_723' title='bbox 2108 4303 2312 4347; x_wconf 88' lang='lat' dir='ltr'><strong>ctorum</strong></span> <span class='ocrx_word' id='word_1_724' title='bbox 2347 4294 2558 4345; x_wconf 74' lang='lat' dir='ltr'><strong>Patrum</strong></span> <span class='ocrx_word' id='word_1_725' title='bbox 2586 4294 2855 4361; x_wconf 73' lang='lat' dir='ltr'><strong>sequimur</strong></span> <span class='ocrx_word' id='word_1_726' title='bbox 2880 4293 3144 4360; x_wconf 86' lang='lat' dir='ltr'><strong>dogmata.</strong></span> <span class='ocrx_word' id='word_1_727' title='bbox 3173 4292 3263 4347; x_wconf 89' lang='lat' dir='ltr'><strong>sed</strong></span> <span class='ocrx_word' id='word_1_728' title='bbox 3290 4309 3392 4344; x_wconf 90' lang='lat' dir='ltr'><strong>non</strong></span> <span class='ocrx_word' id='word_1_729' title='bbox 3419 4292 3683 4359; x_wconf 72' lang='lat' dir='ltr'><strong>diligimus</strong></span> 
     </span>
    </p>
   </div>
   <div class='ocr_carea' id='block_1_106' title="bbox 2109 4383 3682 4459">
    <p class='ocr_par' dir='ltr' id='par_1_106' title="bbox 2109 4383 3682 4459">
     <span class='ocr_line' id='line_1_106' title="bbox 2109 4383 3682 4459; baseline 0.001 -24"><span class='ocrx_word' id='word_1_730' title='bbox 2109 4384 2284 4437; x_wconf 80' lang='lat' dir='ltr'><strong>facta?</strong></span> <span class='ocrx_word' id='word_1_731' title='bbox 2313 4384 2441 4449; x_wconf 71' lang='lat' dir='ltr'><strong>Qum</strong></span> <span class='ocrx_word' id='word_1_732' title='bbox 2464 4400 2491 4436; x_wconf 91' lang='lat' dir='ltr'><strong>a</strong></span> <span class='ocrx_word' id='word_1_733' title='bbox 2518 4394 2701 4437; x_wconf 81' lang='lat' dir='ltr'><strong>saneta</strong></span> <span class='ocrx_word' id='word_1_734' title='bbox 2727 4385 2932 4459; x_wconf 62' lang='lat' dir='ltr'><strong>synodo</strong></span> <span class='ocrx_word' id='word_1_735' title='bbox 2955 4383 3369 4436; x_wconf 73' lang='lat' dir='ltr'><strong>(lltalcedonensi</strong></span> <span class='ocrx_word' id='word_1_736' title='bbox 3400 4384 3682 4437; x_wconf 78' lang='lat' dir='ltr'><strong>constituta</strong></span> 
     </span>
    </p>
   </div>
   <div class='ocr_carea' id='block_1_107' title="bbox 2109 4474 3679 4543">
    <p class='ocr_par' dir='ltr' id='par_1_107' title="bbox 2109 4474 3679 4543">
     <span class='ocr_line' id='line_1_107' title="bbox 2109 4474 3679 4543; baseline 0 -16"><span class='ocrx_word' id='word_1_737' title='bbox 2109 4484 2249 4537; x_wconf 91' lang='lat' dir='ltr'><strong>sunt,</strong></span> <span class='ocrx_word' id='word_1_738' title='bbox 2279 4485 2331 4528; x_wconf 87' lang='lat' dir='ltr'><strong>et</strong></span> <span class='ocrx_word' id='word_1_739' title='bbox 2360 4490 2476 4543; x_wconf 70' lang='lat' dir='ltr'><strong>quae</strong></span> <span class='ocrx_word' id='word_1_740' title='bbox 2508 4474 2645 4528; x_wconf 72' lang='lat' dir='ltr'><strong>beati</strong></span> <span class='ocrx_word' id='word_1_741' title='bbox 2676 4474 2866 4527; x_wconf 87' lang='lat' dir='ltr'><strong>Leonis</strong></span> <span class='ocrx_word' id='word_1_742' title='bbox 2891 4475 3112 4540; x_wconf 74' lang='lat' dir='ltr'><strong>episto&#39;a</strong></span> <span class='ocrx_word' id='word_1_743' title='bbox 3139 4477 3391 4539; x_wconf 72' lang='lat' dir='ltr'><strong>continet,</strong></span> <span class='ocrx_word' id='word_1_744' title='bbox 3424 4478 3679 4541; x_wconf 68' lang='lat' dir='ltr'><strong>i0\&#39;(‘tltll~‘,</strong></span> 
     </span>
    </p>
   </div>
   <div class='ocr_carea' id='block_1_108' title="bbox 2108 4563 3682 4633">
    <p class='ocr_par' dir='ltr' id='par_1_108' title="bbox 2108 4563 3682 4633">
     <span class='ocr_line' id='line_1_108' title="bbox 2108 4563 3682 4633; baseline 0.003 -20"><span class='ocrx_word' id='word_1_745' title='bbox 2108 4577 2446 4627; x_wconf 72' lang='lat' dir='ltr'><strong>veneramur,</strong></span> <span class='ocrx_word' id='word_1_746' title='bbox 2490 4563 2881 4630; x_wconf 86' lang='lat' dir='ltr'><strong>amplectimur,</strong></span> <span class='ocrx_word' id='word_1_747' title='bbox 2914 4565 3005 4618; x_wconf 90' lang='lat' dir='ltr'><strong>sed</strong></span> <span class='ocrx_word' id='word_1_748' title='bbox 3038 4566 3251 4624; x_wconf 79' lang='lat' dir='ltr'><strong>Aeacio.</strong></span> <span class='ocrx_word' id='word_1_749' title='bbox 3292 4567 3381 4633; x_wconf 91' lang='lat' dir='ltr'><strong>qni</strong></span> <span class='ocrx_word' id='word_1_750' title='bbox 3408 4566 3682 4619; x_wconf 73' lang='lat' dir='ltr'><strong>damnato-</strong></span> 
     </span>
    </p>
   </div>
   <div class='ocr_carea' id='block_1_109' title="bbox 2108 4655 3679 4723">
    <p class='ocr_par' dir='ltr' id='par_1_109' title="bbox 2108 4655 3679 4723">
     <span class='ocr_line' id='line_1_109' title="bbox 2108 4655 3679 4723; baseline 0.003 -17"><span class='ocrx_word' id='word_1_751' title='bbox 2108 4670 2223 4706; x_wconf 90' lang='lat' dir='ltr'><strong>rntn</strong></span> <span class='ocrx_word' id='word_1_752' title='bbox 2264 4655 2691 4708; x_wconf 87' lang='lat' dir='ltr'><strong>communionem</strong></span> <span class='ocrx_word' id='word_1_753' title='bbox 2739 4667 2949 4708; x_wconf 71' lang='lat' dir='ltr'><strong>secutus</strong></span> <span class='ocrx_word' id='word_1_754' title='bbox 2980 4667 3090 4719; x_wconf 90' lang='lat' dir='ltr'><strong>est,</strong></span> <span class='ocrx_word' id='word_1_755' title='bbox 3141 4657 3495 4723; x_wconf 85' lang='lat' dir='ltr'><strong>impendimus</strong></span> <span class='ocrx_word' id='word_1_756' title='bbox 3538 4666 3679 4711; x_wconf 79' lang='lat' dir='ltr'><strong>vota.</strong></span> 
     </span>
    </p>
   </div>
   <div class='ocr_carea' id='block_1_110' title="bbox 2107 4744 3677 4813">
    <p class='ocr_par' dir='ltr' id='par_1_110' title="bbox 2107 4744 3677 4813">
     <span class='ocr_line' id='line_1_110' title="bbox 2107 4744 3677 4813; baseline 0.003 -15"><span class='ocrx_word' id='word_1_757' title='bbox 2107 4745 2213 4798; x_wconf 87' lang='lat' dir='ltr'><strong>Sed</strong></span> <span class='ocrx_word' id='word_1_758' title='bbox 2247 4745 2370 4813; x_wconf 89' lang='lat' dir='ltr'><strong>quid</strong></span> <span class='ocrx_word' id='word_1_759' title='bbox 2401 4758 2536 4813; x_wconf 89' lang='lat' dir='ltr'><strong>opus</strong></span> <span class='ocrx_word' id='word_1_760' title='bbox 2580 4753 2664 4799; x_wconf 89' lang='lat' dir='ltr'><strong>est</strong></span> <span class='ocrx_word' id='word_1_761' title='bbox 2702 4744 2769 4799; x_wconf 90' lang='lat' dir='ltr'><strong>de</strong></span> <span class='ocrx_word' id='word_1_762' title='bbox 2805 4745 3056 4813; x_wconf 74' lang='lat' dir='ltr'><strong>iudicatis</strong></span> <span class='ocrx_word' id='word_1_763' title='bbox 3096 4747 3250 4799; x_wconf 85' lang='lat' dir='ltr'><strong>rebus</strong></span> <span class='ocrx_word' id='word_1_764' title='bbox 3280 4748 3437 4799; x_wconf 70' lang='lat' dir='ltr'><strong>mos</strong></span> <span class='ocrx_word' id='word_1_765' title='bbox 3471 4748 3677 4811; x_wconf 82' lang='lat' dir='ltr'><strong>facere,</strong></span> 
     </span>
    </p>
   </div>
   <div class='ocr_carea' id='block_1_111' title="bbox 2106 4837 3680 4906">
    <p class='ocr_par' dir='ltr' id='par_1_111' title="bbox 2106 4837 3680 4906">
     <span class='ocr_line' id='line_1_111' title="bbox 2106 4837 3680 4906; baseline 0.002 -18"><span class='ocrx_word' id='word_1_766' title='bbox 2106 4851 2225 4889; x_wconf 91' lang='lat' dir='ltr'><strong>cum</strong></span> <span class='ocrx_word' id='word_1_767' title='bbox 2254 4852 2349 4888; x_wconf 80' lang='lat' dir='ltr'><strong>nos</strong></span> <span class='ocrx_word' id='word_1_768' title='bbox 2379 4837 2578 4890; x_wconf 86' lang='lat' dir='ltr'><strong>hortari</strong></span> <span class='ocrx_word' id='word_1_769' title='bbox 2607 4837 2969 4890; x_wconf 88' lang='lat' dir='ltr'><strong>tantummodo</strong></span> <span class='ocrx_word' id='word_1_770' title='bbox 2995 4838 3182 4892; x_wconf 88' lang='lat' dir='ltr'><strong>deceat</strong></span> <span class='ocrx_word' id='word_1_771' title='bbox 3210 4852 3284 4903; x_wconf 91' lang='lat' dir='ltr'><strong>ut,</strong></span> <span class='ocrx_word' id='word_1_772' title='bbox 3317 4856 3498 4906; x_wconf 7' lang='lat' dir='ltr'><strong>exire-2</strong></span> <span class='ocrx_word' id='word_1_773' title='bbox 3512 4857 3566 4893; x_wconf 89' lang='lat' dir='ltr'><strong>sa</strong></span> <span class='ocrx_word' id='word_1_774' title='bbox 3594 4857 3680 4893; x_wconf 89' lang='lat' dir='ltr'><strong>su-</strong></span> 
     </span>
    </p>
   </div>
   <div class='ocr_carea' id='block_1_112' title="bbox 2109 4927 3675 4999">
    <p class='ocr_par' dir='ltr' id='par_1_112' title="bbox 2109 4927 3675 4999">
     <span class='ocr_line' id='line_1_112' title="bbox 2109 4927 3675 4999; baseline 0.006 -23"><span class='ocrx_word' id='word_1_775' title='bbox 2109 4927 2286 4992; x_wconf 89' lang='lat' dir='ltr'><strong>perius</strong></span> <span class='ocrx_word' id='word_1_776' title='bbox 2314 4928 2651 4981; x_wconf 80' lang='lat' dir='ltr'><strong>simulatione</strong></span> <span class='ocrx_word' id='word_1_777' title='bbox 2673 4929 2936 4991; x_wconf 86' lang='lat' dir='ltr'><strong>submota,</strong></span> <span class='ocrx_word' id='word_1_778' title='bbox 2960 4929 3059 4981; x_wconf 81' lang='lat' dir='ltr'><strong>Sub</strong></span> <span class='ocrx_word' id='word_1_779' title='bbox 3078 4930 3221 4983; x_wconf 90' lang='lat' dir='ltr'><strong>omni</strong></span> <span class='ocrx_word' id='word_1_780' title='bbox 3246 4931 3472 4997; x_wconf 83' lang='lat' dir='ltr'><strong>puritate</strong></span> <span class='ocrx_word' id='word_1_781' title='bbox 3496 4946 3675 4999; x_wconf 65' lang='grc' dir='ltr'>μειερ-ιιι</span> 
     </span>
    </p>
   </div>
   <div class='ocr_carea' id='block_1_113' title="bbox 2106 5016 3677 5089">
    <p class='ocr_par' dir='ltr' id='par_1_113' title="bbox 2106 5016 3677 5089">
     <span class='ocr_line' id='line_1_113' title="bbox 2106 5016 3677 5089; baseline 0.003 -19"><span class='ocrx_word' id='word_1_782' title='bbox 2106 5016 2335 5070; x_wconf 90' lang='lat' dir='ltr'><strong>debeant</strong></span> <span class='ocrx_word' id='word_1_783' title='bbox 2380 5018 2633 5086; x_wconf 87' lang='lat' dir='ltr'><strong>aquibus</strong></span> <span class='ocrx_word' id='word_1_784' title='bbox 2685 5019 2797 5071; x_wconf 80' lang='lat' dir='ltr'><strong>lure</strong></span> <span class='ocrx_word' id='word_1_785' title='bbox 2842 5019 3089 5071; x_wconf 90' lang='lat' dir='ltr'><strong>dicuntur</strong></span> <span class='ocrx_word' id='word_1_786' title='bbox 3129 5032 3333 5087; x_wconf 88' lang='lat' dir='ltr'><strong>optare.</strong></span> <span class='ocrx_word' id='word_1_787' title='bbox 3386 5022 3538 5089; x_wconf 84' lang='lat' dir='ltr'><strong>Apud</strong></span> <span class='ocrx_word' id='word_1_788' title='bbox 3588 5037 3677 5075; x_wconf 88' lang='lat' dir='ltr'><strong>vos</strong></span> 
     </span>
    </p>
   </div>
   <div class='ocr_carea' id='block_1_114' title="bbox 2107 5109 3673 5181">
    <p class='ocr_par' dir='ltr' id='par_1_114' title="bbox 2107 5109 3673 5181">
     <span class='ocr_line' id='line_1_114' title="bbox 2107 5109 3673 5181; baseline 0.005 -22"><span class='ocrx_word' id='word_1_789' title='bbox 2107 5110 2232 5161; x_wconf 89' lang='lat' dir='ltr'><strong>tttihi</strong></span> <span class='ocrx_word' id='word_1_790' title='bbox 2262 5121 2343 5163; x_wconf 90' lang='lat' dir='ltr'><strong>est</strong></span> <span class='ocrx_word' id='word_1_791' title='bbox 2370 5110 2542 5163; x_wconf 90' lang='lat' dir='ltr'><strong>omnis</strong></span> <span class='ocrx_word' id='word_1_792' title='bbox 2568 5109 2956 5177; x_wconf 70' lang='lat' dir='ltr'><strong>deprecationis</strong></span> <span class='ocrx_word' id='word_1_793' title='bbox 2984 5125 3171 5173; x_wconf 73' lang='lat' dir='ltr'><strong>causa,</strong></span> <span class='ocrx_word' id='word_1_794' title='bbox 3215 5110 3502 5177; x_wconf 86' lang='lat' dir='ltr'><strong>imperator</strong></span> <span class='ocrx_word' id='word_1_795' title='bbox 3529 5129 3673 5181; x_wconf 84' lang='lat' dir='ltr'><strong>egre-</strong></span> 
     </span>
    </p>
   </div>
   <div class='ocr_carea' id='block_1_115' title="bbox 2104 5201 3671 5271">
    <p class='ocr_par' dir='ltr' id='par_1_115' title="bbox 2104 5201 3671 5271">
     <span class='ocr_line' id='line_1_115' title="bbox 2104 5201 3671 5271; baseline 0.003 -18"><span class='ocrx_word' id='word_1_796' title='bbox 2104 5202 2187 5269; x_wconf 87' lang='lat' dir='ltr'><strong>gie</strong></span> <span class='ocrx_word' id='word_1_797' title='bbox 2214 5218 2229 5254; x_wconf 76' lang='grc' dir='ltr'>ε</span> <span class='ocrx_word' id='word_1_798' title='bbox 2267 5216 2361 5255; x_wconf 89' lang='lat' dir='ltr'><strong>vos</strong></span> <span class='ocrx_word' id='word_1_799' title='bbox 2390 5202 2472 5256; x_wconf 87' lang='lat' dir='ltr'><strong>Itis</strong></span> <span class='ocrx_word' id='word_1_800' title='bbox 2501 5218 2563 5257; x_wconf 89' lang='lat' dir='ltr'><strong>ac</strong></span> <span class='ocrx_word' id='word_1_801' title='bbox 2604 5202 2797 5255; x_wconf 89' lang='lat' dir='ltr'><strong>talibus</strong></span> <span class='ocrx_word' id='word_1_802' title='bbox 2826 5201 3055 5270; x_wconf 66' lang='lat' dir='ltr'><strong>religiosi</strong></span> <span class='ocrx_word' id='word_1_803' title='bbox 3097 5204 3275 5271; x_wconf 91' lang='lat' dir='ltr'><strong>operis</strong></span> <span class='ocrx_word' id='word_1_804' title='bbox 3302 5204 3533 5258; x_wconf 83' lang='lat' dir='ltr'><strong>resistite</strong></span> <span class='ocrx_word' id='word_1_805' title='bbox 3564 5205 3671 5258; x_wconf 79' lang='lat' dir='ltr'><strong>viva</strong></span> 
     </span>
    </p>
   </div>
   <div class='ocr_carea' id='block_1_116' title="bbox 2102 5293 3670 5360">
    <p class='ocr_par' dir='ltr' id='par_1_116' title="bbox 2102 5293 3670 5360">
     <span class='ocr_line' id='line_1_116' title="bbox 2102 5293 3670 5360; baseline 0.002 -15"><span class='ocrx_word' id='word_1_806' title='bbox 2102 5293 2542 5356; x_wconf 86' lang='lat' dir='ltr'><strong>caritate;vohis</strong></span> <span class='ocrx_word' id='word_1_807' title='bbox 2586 5293 2858 5355; x_wconf 91' lang='lat' dir='ltr'><strong>imminet,</strong></span> <span class='ocrx_word' id='word_1_808' title='bbox 2908 5304 2957 5345; x_wconf 92' lang='lat' dir='ltr'><strong>ut</strong></span> <span class='ocrx_word' id='word_1_809' title='bbox 2993 5295 3078 5360; x_wconf 83' lang='lat' dir='ltr'><strong>qui</strong></span> <span class='ocrx_word' id='word_1_810' title='bbox 3124 5294 3500 5349; x_wconf 74' lang='lat' dir='ltr'><strong>cccle-iastica:</strong></span> <span class='ocrx_word' id='word_1_811' title='bbox 3552 5312 3670 5349; x_wconf 81' lang='lat' dir='ltr'><strong>con-</strong></span> 
     </span>
    </p>
   </div>
   <div class='ocr_carea' id='block_1_117' title="bbox 2103 5382 3668 5451">
    <p class='ocr_par' dir='ltr' id='par_1_117' title="bbox 2103 5382 3668 5451">
     <span class='ocr_line' id='line_1_117' title="bbox 2103 5382 3668 5451; baseline 0.001 -15"><span class='ocrx_word' id='word_1_812' title='bbox 2103 5384 2300 5436; x_wconf 72' lang='lat' dir='ltr'><strong>Cordim</strong></span> <span class='ocrx_word' id='word_1_813' title='bbox 2344 5382 2601 5436; x_wconf 85' lang='lat' dir='ltr'><strong>habuistis</strong></span> <span class='ocrx_word' id='word_1_814' title='bbox 2642 5383 2742 5437; x_wconf 91' lang='lat' dir='ltr'><strong>sub</strong></span> <span class='ocrx_word' id='word_1_815' title='bbox 2783 5385 2983 5451; x_wconf 87' lang='lat' dir='ltr'><strong>privata</strong></span> <span class='ocrx_word' id='word_1_816' title='bbox 3029 5385 3131 5436; x_wconf 89' lang='lat' dir='ltr'><strong>vita</strong></span> <span class='ocrx_word' id='word_1_817' title='bbox 3179 5383 3533 5446; x_wconf 84' lang='lat' dir='ltr'><strong>desiderium,</strong></span> <span class='ocrx_word' id='word_1_818' title='bbox 3579 5386 3668 5438; x_wconf 84' lang='lat' dir='ltr'><strong>sub</strong></span> 
     </span>
    </p>
   </div>
   <div class='ocr_carea' id='block_1_118' title="bbox 2105 5473 3668 5544">
    <p class='ocr_par' dir='ltr' id='par_1_118' title="bbox 2105 5473 3668 5544">
     <span class='ocr_line' id='line_1_118' title="bbox 2105 5473 3668 5544; baseline 0.003 -19"><span class='ocrx_word' id='word_1_819' title='bbox 2105 5474 2400 5542; x_wconf 84' lang='lat' dir='ltr'><strong>principatu</strong></span> <span class='ocrx_word' id='word_1_820' title='bbox 2426 5473 2561 5527; x_wconf 87' lang='lat' dir='ltr'><strong>detis</strong></span> <span class='ocrx_word' id='word_1_821' title='bbox 2593 5475 2859 5528; x_wconf 76' lang='lat' dir='ltr'><strong>effectum.</strong></span> <span class='ocrx_word' id='word_1_822' title='bbox 2892 5475 3004 5528; x_wconf 75' lang='lat' dir='ltr'><strong>Non</strong></span> <span class='ocrx_word' id='word_1_823' title='bbox 3036 5474 3128 5527; x_wconf 93' lang='lat' dir='ltr'><strong>fuit</strong></span> <span class='ocrx_word' id='word_1_824' title='bbox 3158 5490 3262 5543; x_wconf 87' lang='lat' dir='ltr'><strong>quo</strong></span> <span class='ocrx_word' id='word_1_825' title='bbox 3302 5476 3468 5544; x_wconf 87' lang='lat' dir='ltr'><strong>magis</strong></span> <span class='ocrx_word' id='word_1_826' title='bbox 3492 5478 3668 5544; x_wconf 66' lang='lat' dir='ltr'><strong>gratize</strong></span> 
     </span>
    </p>
   </div>
   <div class='ocr_carea' id='block_1_119' title="bbox 2104 5567 3667 5636">
    <p class='ocr_par' dir='ltr' id='par_1_119' title="bbox 2104 5567 3667 5636">
     <span class='ocr_line' id='line_1_119' title="bbox 2104 5567 3667 5636; baseline 0.003 -20"><span class='ocrx_word' id='word_1_827' title='bbox 2104 5575 2294 5618; x_wconf 76' lang='lat' dir='ltr'><strong>vestrze</strong></span> <span class='ocrx_word' id='word_1_828' title='bbox 2316 5567 2557 5618; x_wconf 89' lang='lat' dir='ltr'><strong>cumulus</strong></span> <span class='ocrx_word' id='word_1_829' title='bbox 2582 5568 2881 5629; x_wconf 87' lang='lat' dir='ltr'><strong>accederet,</strong></span> <span class='ocrx_word' id='word_1_830' title='bbox 2908 5583 3063 5636; x_wconf 86' lang='lat' dir='ltr'><strong>quam</strong></span> <span class='ocrx_word' id='word_1_831' title='bbox 3087 5567 3223 5635; x_wconf 87' lang='lat' dir='ltr'><strong>quod</strong></span> <span class='ocrx_word' id='word_1_832' title='bbox 3248 5568 3396 5619; x_wconf 86' lang='lat' dir='ltr'><strong>vobis</strong></span> <span class='ocrx_word' id='word_1_833' title='bbox 3422 5567 3667 5621; x_wconf 84' lang='lat' dir='ltr'><strong>divinitus</strong></span> 
     </span>
    </p>
   </div>
   <div class='ocr_carea' id='block_1_120' title="bbox 2102 5656 3663 5727">
    <p class='ocr_par' dir='ltr' id='par_1_120' title="bbox 2102 5656 3663 5727">
     <span class='ocr_line' id='line_1_120' title="bbox 2102 5656 3663 5727; baseline 0.002 -19"><span class='ocrx_word' id='word_1_834' title='bbox 2102 5656 2283 5709; x_wconf 87' lang='lat' dir='ltr'><strong>datum</strong></span> <span class='ocrx_word' id='word_1_835' title='bbox 2314 5667 2415 5724; x_wconf 85' lang='lat' dir='ltr'><strong>est,</strong></span> <span class='ocrx_word' id='word_1_836' title='bbox 2446 5666 2497 5710; x_wconf 92' lang='lat' dir='ltr'><strong>ut</strong></span> <span class='ocrx_word' id='word_1_837' title='bbox 2528 5658 2665 5725; x_wconf 92' lang='lat' dir='ltr'><strong>quod</strong></span> <span class='ocrx_word' id='word_1_838' title='bbox 2693 5673 2905 5727; x_wconf 88' lang='lat' dir='ltr'><strong>semper</strong></span> <span class='ocrx_word' id='word_1_839' title='bbox 2932 5659 3172 5713; x_wconf 88' lang='lat' dir='ltr'><strong>voluistis</strong></span> <span class='ocrx_word' id='word_1_840' title='bbox 3200 5658 3334 5721; x_wconf 89' lang='lat' dir='ltr'><strong>ﬁeri,</strong></span> <span class='ocrx_word' id='word_1_841' title='bbox 3367 5676 3459 5726; x_wconf 75' lang='lat' dir='ltr'><strong>por</strong></span> <span class='ocrx_word' id='word_1_842' title='bbox 3486 5676 3578 5714; x_wconf 90' lang='lat' dir='ltr'><strong>vos</strong></span> <span class='ocrx_word' id='word_1_843' title='bbox 3605 5662 3663 5711; x_wconf 87' lang='lat' dir='ltr'><strong>ad</strong></span> 
     </span>
    </p>
   </div>
   <div class='ocr_carea' id='block_1_121' title="bbox 2107 5747 3660 5819">
    <p class='ocr_par' dir='ltr' id='par_1_121' title="bbox 2107 5747 3660 5819">
     <span class='ocr_line' id='line_1_121' title="bbox 2107 5747 3660 5819; baseline 0.003 -20"><span class='ocrx_word' id='word_1_844' title='bbox 2107 5750 2389 5802; x_wconf 80' lang='lat' dir='ltr'><strong>tertn&#39;num</strong></span> <span class='ocrx_word' id='word_1_845' title='bbox 2433 5749 2598 5816; x_wconf 86' lang='lat' dir='ltr'><strong>possit</strong></span> <span class='ocrx_word' id='word_1_846' title='bbox 2626 5747 2836 5804; x_wconf 89' lang='lat' dir='ltr'><strong>adduci.</strong></span> <span class='ocrx_word' id='word_1_847' title='bbox 2886 5748 2991 5803; x_wconf 80' lang='lat' dir='ltr'><strong>Nec</strong></span> <span class='ocrx_word' id='word_1_848' title='bbox 3014 5752 3187 5818; x_wconf 50' lang='lat' dir='ltr'><strong>.breve</strong></span> <span class='ocrx_word' id='word_1_849' title='bbox 3227 5751 3495 5819; x_wconf 73' lang='lat' dir='ltr'><strong>specimen</strong></span> <span class='ocrx_word' id='word_1_850' title='bbox 3532 5754 3660 5804; x_wconf 79' lang='lat' dir='ltr'><strong>circa</strong></span> 
     </span>
    </p>
   </div>
  </div>
