3998 6368
306 367 389 423 437
1485 354 1837 413 EPISTULA!
1880 353 1965 409 ΕΤ
2005 354 2337 413 DECRETA.

3437 360 3537 416 438

307 500 382 535 Vos
419 478 594 549 gratia:
642 477 939 532 Divinitatis
980 475 1209 542 etlulsit,
1263 476 1454 544 quibus
1491 474 1648 526 datur
1697 484 1854 539 posse
1885 470 1934 527 Α
1964 470 2130 525 rectio
2163 489 2175 523 :
2210 474 2330 539 quia
2378 474 2467 527 irri
2496 489 2522 526 a
2553 483 2634 529 est
2676 473 2923 544 qutelihet
2954 475 3005 528 in
3033 473 3235 528 cultura
3280 475 3373 530 Dei
3410 490 3539 529 con-

306 573 454 625 facere
498 568 639 637 quod
685 583 897 636 semper
937 568 1179 635 optastis.
1214 566 1550 633 Quapropter
1602 567 1852 634 quoniam

306 663 432 716 vobis
455 668 609 713 tantae
636 675 810 713 causa:
840 661 1045 713 titulum
1074 658 1266 713 videtis
1294 672 1413 711 esse
1441 669 1734 719 servatum,
1766 672 1853 711 re-

304 763 489 809 movete
518 750 771 819 quidquid
814 750 1118 819 ambiguum
1165 749 1487 802 remansisse
1524 748 1760 801 creditur
1788 748 1851 799 ad

305 844 659 915 plenitudinem
688 842 1024 913 gaudiorum.
1058 842 1162 896 Nos
1202 843 1345 896 enim
1385 857 1484 909 qua
1516 840 1696 895 decuit
1723 841 1854 893 all‘e-

252 924 259 929 ’
304 937 453 990 ctione
481 950 577 1003 per
605 934 826 987 Gratum
851 932 1023 985 virum
1056 932 1411 986 clarissimum
1436 973 1450 995 ,
1497 931 1582 985 cui
1612 947 1707 999 pro
1739 947 1855 983 mo-

304 1028 553 1081 deratione
578 1026 659 1079 sui
680 1040 915 1093 congrue
937 1024 1201 1078 sensimus
1224 1023 1456 1077 omcium
1476 1022 1757 1091 legationis
1778 1022 1859 1075 in-

304 1120 512 1189 junctum
534 1158 548 1179 ,
588 1117 781 1171 litteris
814 1117 977 1170 vestri
1019 1116 1346 1184 principatus
1375 1115 1643 1180 acceptis,
1682 1128 1859 1168 causa:

304 1209 629 1277 magnitudini
656 1209 1055 1269 convenientes,
1090 1218 1113 1243 ι
1138 1208 1526 1262 destinavimus
1550 1207 1695 1259 viros
1722 1206 1858 1260 Ger-

304 1316 489 1354 manum
518 1310 572 1354 et
598 1299 856 1353 Joannem
886 1300 1187 1366 episcopos,
1219 1310 1273 1352 et
1299 1297 1554 1350 Blandum
1586 1296 1861 1366 presbyte-

303 1411 429 1458 rum,
472 1409 571 1447 nec
619 1408 721 1445 non
770 1402 821 1446 et
865 1392 1093 1446 Felicem
1143 1391 1459 1453 diaconum,
1493 1404 1586 1459 per
1615 1404 1749 1456 quos
1777 1389 1855 1454 si,

303 1484 724 1555 quemadmodum
749 1482 1145 1553 praesumimus,
1169 1482 1475 1537 serenitatis
1497 1494 1689 1534 vestra:
1712 1478 1863 1533 favor

303 1578 539 1639 arriserit,
572 1580 867 1631 secundum
896 1590 1013 1643 qua:
1041 1575 1287 1627 mandala
1320 1583 1465 1635 sunt,
1501 1573 1860 1627 Ecclesiarutn

305 1666 602 1720 adunatione
647 1665 1009 1734 generalitatis
1058 1665 1225 1734 possit
1272 1674 1396 1718 vota
1444 1664 1642 1717 ﬁrmari
1688 1664 1863 1732 (anno

306 1759 488 1813 Domini
518 1757 666 1827 519).

770 1849 1099 1904 EPISTULA
1144 1849 1183 1901 Χ
1196 1849 1233 1902 Χ
1248 1849 1375 1902 .\'lll.

658 1938 687 1978 δ
725 1958 791 1995 ao
831 1958 1134 1995 ευριιειιιλιι
1175 1957 1466 1995 aucusru.

356 2033 629 2105 Augustum
651 2034 717 2085 ad
746 2048 917 2101 pacem
948 2032 1189 2155 Ecc‘liesia:
1219 2033 1582 2086 restituendam
1611 2031 1799 2085 cohor-

953 2113 1039 2155 tan
1080 2119 1184 2155 um.

953 2113 1184 2156 tandum.

363 2194 639 2248 Hormisda
671 2193 981 2264 Euplteutim
1010 2196 1281 2261 Augustae.

364 2287 723 2340 Ecclesiaruni
768 2302 866 2355 pax
897 2288 1004 2352 jam
1036 2287 1239 2340 emlesti
1282 2285 1619 2339 ordinatione
1648 2300 1865 2351 compn-

302 2378 449 2444 nitur,
475 2393 601 2431 cum
629 2392 723 2431 vos
757 2378 823 2430 ad
857 2378 1137 2448 impenum
1167 2379 1303 2431 Deus
1332 2377 1521 2446 elegit,
1550 2375 1690 2445 apud
1730 2393 1864 2445 quos

299 2484 405 2525 esse
443 2471 708 2539 integrum
757 2485 969 2540 semper
1010 2471 1283 2539 re'igionis
1320 2487 1427 2525 sua:
1459 2470 1705 2535 cognovit
1741 2469 1865 2523 aife-

298 2573 449 2616 ctum.
480 2562 615 2615 Nam
660 2562 795 2615 sicut
824 2564 875 2616 in
909 2563 1110 2630 privata
1141 2564 1246 2616 vita
1286 2564 1447 2616 Deum
1478 2577 1692 2630 semper
1720 2571 1866 2615 recto

300 2653 531 2721 dogmate
564 2654 831 2719 coluistis,
868 2665 921 2707 ut
952 2655 1019 2710 de
1050 2655 1322 2724 religionis
1354 2654 1636 2709 concordia
1669 2656 1860 2723 cogi'a-

299 2746 446 2813 retis,
480 2756 534 2799 et
568 2747 731 2800 multa
767 2748 981 2815 quidem
1008 2748 1147 2800 inter
1175 2748 1284 2815 ipsa
1324 2747 1532 2815 imperii
1573 2748 1732 2801 vestri
1761 2748 1867 2815 pri-

300 2835 491 2889 mordia
517 2835 656 2889 facta
686 2848 831 2901 sunt,
862 2853 980 2906 qua:
1003 2853 1044 2903 s;
1068 2854 1151 2889 em
1186 2838 1339 2891 nobis
1359 2837 1706 2891 correctionis
1733 2838 1869 2891 inte-

297 2941 395 2993 gr.e
423 2927 765 2994 pollicentur.
798 2927 947 2981 Unde
973 2929 1091 2997 quia
1138 2930 1189 2981 in
1220 2928 1372 2982 vobis
1397 2943 1632 2983 amorem
1664 2928 1867 2982 fervere

298 3016 410 3071 ﬁdei
449 3018 804 3086 gratulantur,
838 3029 1057 3087 agentes
1088 3020 1195 3074 Deo
1241 3021 1471 3088 gratias,
1505 3020 1742 3085 quotidie
1773 3035 1868 3088 pro

300 3108 439 3162 vobis
469 3111 630 3164 beato
660 3110 817 3163 Petro
847 3111 1088 3179 apostolo
1124 3112 1502 3178 supplicamus,
1535 3121 1590 3163 ut
1617 3112 1752 3165 votis
1780 3127 1870 3165 ve-

1960 562 2139 624 fessio,
2166 563 2250 616 cui
2278 564 2427 617 deest
2451 565 2570 619 lldei
2600 565 2889 634 plenitudo.
2922 567 3033 621 Hoc
3060 566 3203 621 enim
3231 567 3370 637 quod
3398 584 3426 621 a
3456 584 3541 623 re-

1960 658 2114 723 liquis
2158 657 2269 711 ﬁeri
2316 658 2683 727 poposcimus,
2728 674 2755 713 a
2795 660 2975 714 nmltis
3015 659 3125 729 jam
3172 660 3539 715 sacerdotibus

1958 758 2166 802 constat
2188 748 2433 804 effectum
2460 766 2473 803 :
2499 760 2553 805 et
2577 753 2750 803 unitas
2777 767 2895 805 esse
2920 752 3057 818 justa
3088 752 3139 805 in
3164 753 3539 806 communione

1960 858 2065 895 non
2100 843 2324 905 poterit,
2356 843 2398 895 si
2430 858 2533 895 non
2560 843 2787 896 iueritin
2811 843 3118 898 reversione
3141 853 3349 897 servata
3374 844 3539 914 (anno

1962 931 2171 986 Domini
2202 933 2354 1001 519).

2447 1024 2779 1079 EPISTULA
2822 1022 3059 1080 XXXIV.

2060 1134 2124 1169 ΑΙ)
2162 1132 2397 1171 ιοΑιικιῖιι
2435 1131 3093 1171 οοηςτλιιτιιιοιιοιιτλεηιιιι
3133 1131 3436 1170 EPISCOPUI.

1962 1208 2201 1260 Acacium
2236 1207 2621 1274 damnandum,
2659 1217 2708 1261 et
2745 1210 2798 1261 in
2836 1206 3117 1276 legatorum
3153 1206 3379 1261 manibus
3419 1207 3542 1275 ﬁdri

2380 1280 2744 1349 professionem
2776 1278 3122 1332 emittendum.

2034 1368 2312 1422 llorniisda
2338 1368 2529 1424 Joauni
2552 1369 2806 1439 episcopo
2832 1366 3444 1435 Consuntinopolitano.

2036 1460 2385 1516 Heddidimus
2406 1462 2621 1531 quidem
2642 1501 2658 1526 ,
2689 1462 2875 1524 frater.
2902 1475 3193 1529 congruum
3223 1460 3413 1513 litteris
3437 1458 3541 1512 tuis

1963 1553 2065 1606 sub
2092 1552 2457 1607 ecclesiastica
2486 1554 2727 1607 libertate
2759 1567 3106 1621 responsum;
3147 1561 3203 1607 et
3226 1550 3353 1621 quid
3380 1550 3432 1603 in
3461 1551 3546 1604 bis

1963 1644 2319 1713 congratulati
2374 1643 2629 1698 fuerimus
2681 1646 2969 1707 insertum,
3031 1644 3121 1712 qui
3184 1642 3545 1696 taciturnitate

1966 1739 2324 1807 prmteritum,
2353 1740 2631 1794 evidenter
2659 1740 3043 1805 expressimus.
3076 1740 3150 1792 Ac
3195 1737 3318 1792 licet
3352 1745 3543 1791 cuneta

1896 1840 1937 1898 Β
1966 1834 2210 1887 sensibus
2241 1834 2345 1887 tuis
2374 1847 2513 1886 nunc
2544 1833 2734 1886 crebra
2773 1830 2969 1899 legatio
2988 1870 3004 1894 ,
3046 1845 3187 1883 nunc
3214 1843 3311 1882 usu
3342 1828 3395 1881 in
3439 1826 3541 1879 Er.-

1965 1925 2129 1981 clesia
2147 1926 2410 1979 diuturna:
2430 1922 2850 1978 conversationis
2871 1930 2974 1976 tum
2995 1929 3230 1975 vetustas
3253 1918 3509 1973 infuderit
3525 1959 3539 1979 ,

1961 2017 2111 2085 ju\at
2153 2026 2327 2069 tamen
2376 2015 2550 2069 adhuc
2590 2014 2745 2068 latius
2776 2014 2986 2082 aperire
3032 2021 3273 2065 nostrum
3322 2010 3561 2079 repetib

1968 2110 2171 2162 ratione
2200 2109 2481 2162 consilium
2513 2125 2525 2160 :
2559 2109 2681 2177 quia
2715 2118 2838 2160 tunc
2864 2105 3000 2159 bene
3044 2105 3111 2157 de
3140 2103 3261 2157 fidei
3296 2102 3544 2155 ﬁrmitate

1968 2200 2268 2260 disseritur.
2325 2197 2537 2267 quando
2589 2197 2920 2266 simplicibus
2974 2195 3153 2249 verbis
3201 2191 3545 2247 cunciliandm

1969 2292 2117 2360 pacis
2143 2291 2406 2357 cupiditas
2432 2290 2750 2358 explicatur.
2776 2287 3048 2343 Desideria
3074 2287 3268 2354 quippe
3293 2292 3402 2349 tua,
3422 2284 3544 2353 qui-

1971 2386 2070 2438 bus
2101 2397 2151 2439 te
2192 2384 2257 2437 ad
2296 2384 2714 2439 ecclesiasﬁeam
2765 2382 2977 2436 testaris
3027 2380 3278 2434 festinare
3321 2393 3545 2432 t‘oncor-

1969 2476 2132 2541 diam,
2161 2486 2215 2527 ut
2237 2474 2493 2527 baberent
2519 2484 2695 2542 partes
2722 2473 2827 2526 illae
2848 2486 3061 2541 semper
3089 2472 3415 2537 optavimus;
3448 2482 3547 2525 nee

1970 2566 2079 2619 sola
2112 2576 2352 2619 votorum
2383 2565 2675 2619 ambitione
2705 2564 2963 2628 contenti,
2996 2562 3075 2616 usi
3106 2564 3266 2616 etiam
3300 2558 3547 2631 precibus

1970 2671 2175 2710 Sumus.
2200 2656 2387 2710 Vestro
2410 2665 2532 2709 sunt
2557 2656 2670 2710 lucc
2691 2665 2744 2710 et
2765 2655 2943 2709 mundi
2973 2654 3276 2708 testimonio
3303 2653 3546 2708 roborata

1970 2762 2089 2813 qum
2119 2746 2423 2815 loquimur;
2456 2747 2577 2813 quia
2619 2755 2673 2798 ut
2716 2746 2995 2798 catholica:
3030 2745 3244 2798 unitatis
3284 2743 3547 2809 reparatio

1973 2840 2091 2899 fiat,
2137 2839 2503 2892 auctoritatem
2536 2849 2767 2891 nostram
2813 2838 3118 2904 integritate
3166 2836 3545 2889 Submittitnus.

1974 2927 2193 2982 Inclinet
2221 2929 2549 2981 orationibus
2578 2927 2775 2980 nostris
2819 2942 3001 2980 aurem
3043 2942 3189 2980 suam
3230 2926 3405 2979 divina
3450 2925 3547 2979 tui-

1972 3020 2194 3085 seuatio,
2228 3029 2281 3072 nt
2302 3022 2440 3088 quod
2467 3018 2687 3073 creditis
2717 3016 3107 3085 postulandtnn,
3145 3015 3464 3084 sequamini,
3494 3024 3545 3069 et

1972 3108 2161 3164 ametis
2195 3110 2456 3165 oblatum.
2502 3109 2663 3163 Nobis
2714 3126 2815 3162 una
2857 3123 3029 3162 causae
3059 3107 3391 3170 sollicitudo,
3445 3120 3546 3159 nna

296 3200 415 3254 stris
458 3201 597 3269 apud
652 3200 931 3254 Dominum
978 3200 1317 3268 suil‘ragetur,
1363 3212 1417 3255 et
1457 3216 1672 3255 cursum
1716 3200 1868 3255 bona:
1896 3211 1942 3273 ς
1972 3205 2210 3258 custodia
2238 3218 2313 3258 εει
2334 3246 2348 3268 ,
2378 3205 2446 3258 ita
2480 3218 2659 3272 pacem
2691 3216 2920 3270 cupere,
2954 3201 3108 3254 utsic
3136 3200 3405 3269 re'igionis
3427 3240 3440 3262 ,
3470 3198 3546 3251 sic

295 3292 571 3347 voluntatis
621 3292 928 3361 adimpleat.
978 3290 1083 3346 Nec
1130 3291 1348 3345 dubiutn
1389 3302 1473 3346 est
1523 3292 1718 3346 divinis
1776 3307 1867 3345 vos

292 3384 491 3436 auxiliis
521 3384 785 3452 adjuvari,
812 3384 932 3452 quia
961 3394 1110 3438 tanto
1139 3383 1413 3452 religionis
1441 3384 1617 3438 studio
1645 3384 1865 3438 manda-

292 3475 357 3525 tis
383 3475 696 3529 rmlestibns
722 3475 970 3529 obeditis.
1004 3475 1137 3528 llinc
1167 3484 1248 3529 est
1278 3474 1417 3545 quod
1457 3476 1580 3545 quia
1624 3484 1863 3529 sanctum

289 3567 512 3635 cenjugii
548 3566 717 3620 vestri
743 3575 949 3619 constat
976 3582 1096 3621 esse
1128 3567 1454 3634 propositum
1477 3606 1491 3627 ,
1522 3566 1617 3619 has
1642 3566 1864 3621 ﬁducia-

289 3655 401 3711 liter
425 3658 489 3711 ad
527 3669 765 3711 vestram
806 3657 1143 3712 clementiam
1176 3658 1380 3712 litteras
1422 3658 1780 3721 destinamus,
1811 3667 1868 3711 ut

290 3763 375 3811 per
397 3763 496 3802 vos
520 3749 587 3802 ad
618 3748 994 3817 perﬁciendam
1022 3747 1274 3802 Ecclesia:
1297 3764 1479 3817 pacem
1508 3749 1683 3802 mariti
1707 3748 1866 3802 vestri

286 3840 447 3906 pietas
475 3842 710 3909 amplius
752 3840 1022 3895 incitetur.
1070 3841 1314 3909 Magnum
1362 3855 1493 3909 opus
1538 3840 1863 3907 arripuistis,

285 3948 463 4002 magna
501 3935 661 3988 vobis
689 3948 847 3988 causa
879 3936 1166 3988 commissa
1197 3946 1298 3989 est.
1334 3935 1432 3989 Per
1460 3950 1554 3988 vos
1584 3935 1743 3987 etiam
1773 3949 1867 4003 po-

285 4026 427 4089 pulos
461 4025 715 4079 Christus
763 4028 873 4080 vult
913 4026 978 4079 ad
1028 4026 1283 4080 Ecclesiae
1328 4026 1529 4081 fmdeua
1578 4041 1861 4093 revocare,

282 4130 423 4184 quos,
453 4134 550 4186 per
584 4133 647 4171 se
683 4118 851 4171 voluit
880 4134 906 4169 a
940 4126 1113 4172 morte
1146 4119 1433 4175 redimere.
1475 4119 1660 4189 Magna
1706 4121 1863 4174 etiam

282 4219 454 4262 vestro
480 4209 643 4263 sexui
668 4222 842 4278 parata
868 4220 953 4265 est
976 4210 1143 4265 laudis
1164 4212 1397 4279 occasio,
1427 4213 1468 4265 si
1494 4214 1642 4267 vobis
1665 4214 1867 4267 instau-

282 4300 413 4354 tibus
443 4303 703 4355 Ecclesim
730 4319 840 4355 sua:
860 4301 1105 4357 Christus
1133 4318 1250 4372 quae
1272 4304 1440 4358 divisa
1469 4304 1676 4359 fuerant
1702 4321 1867 4359 mein-

282 4388 367 4443 bra
397 4393 721 4460 cmijnngat.
769 4393 876 4447 Nec
913 4394 1027 4461 ejus
1060 4395 1231 4463 major
1270 4404 1351 4449 est
1392 4396 1557 4464 gloria
1581 4437 1594 4460 ,
1627 4412 1742 4465 qua:
1771 4396 1867 4449 hu-

280 4496 445 4534 mana:
490 4483 686 4536 salutis
717 4483 912 4552 lignum
940 4496 1173 4539 scrutata
1216 4498 1334 4552 est,
1380 4500 1431 4540 et
1462 4488 1626 4540 Solam
1656 4504 1865 4543 crucem

277 4587 427 4639 quam
457 4576 643 4629 omnis
676 4584 959 4629 veneratur
982 4577 1211 4631 mundus
1239 4577 1503 4631 invenit‘.
1536 4578 1867 4646 Superabitis

274 4666 516 4731 quinimo
546 4667 691 4720 illius
717 4668 926 4734 merita,
959 4669 1080 4737 quia
1117 4669 1373 4724 Ecclesia:
1400 4672 1574 4725 unitas
1601 4686 1694 4740 per
1724 4671 1864 4726 illam

276 4772 425 4812 suum
450 4761 665 4814 invenit
686 4761 918 4830 signum,
945 4776 1039 4830 per
1064 4777 1161 4815 vos
1182 4774 1263 4816 est
1282 4762 1523 4817 habitura
1549 4765 1862 4819 remedium.

276 4854 404 4919 Agat
433 4854 606 4922 igitur
629 4854 827 4922 jugalis
863 4855 1024 4908 vestri
1053 4855 1296 4923 religiosa
1325 4855 1609 4909 clementia
1630 4896 1643 4919 ,
1673 4866 1728 4909 ut
1764 4859 1863 4909 fra-

276 4954 379 4998 tres
406 4955 462 4999 et
491 4946 802 5013 coepiscOpi
849 4948 1016 5001 nostri
1047 4948 1146 5000 sub
1171 4964 1237 5001 eo
1268 4948 1429 5001 libelli
1465 4957 1676 5014 tenore,
1708 4966 1861 5018 quem

270 5038 467 5090 dudum
522 5039 800 5104 misimus,
855 5040 1009 5094 ﬁdem
1056 5055 1207 5093 suam
1256 5039 1542 5109 dignentur
1580 5056 1855 5104 asserere;

269 5138 535 5195 quatenus
572 5128 803 5195 perfecta
846 5131 1012 5199 pos~it
1038 5146 1159 5185 esse
1186 5148 1302 5201 quae
1331 5142 1413 5185 est
1456 5132 1697 5186 inchoata
1744 5148 1861 5185 cor-

335 5273 360 5300 ⁸
396 5266 514 5318 Hoc
551 5269 674 5317 loco
713 5265 1047 5319 desideratur
1094 5281 1286 5320 nomen
1332 5268 1569 5320 Dioscuri
1620 5268 1652 5318 d
1677 5267 1862 5331 aconi,

266 5334 404 5399 quod
458 5336 512 5388 itt
560 5335 802 5400 epistolis
832 5338 1179 5403 sequentibus
1220 5352 1528 5405 expressum
1570 5338 1863 5402 invenitur,

268 5407 387 5457 bcet
416 5422 529 5458 non
565 5406 669 5457 line
695 5406 900 5458 ordine.
932 5406 1061 5458 Nam
1109 5411 1160 5459 in
1189 5408 1317 5474 ipsis
1346 5418 1461 5475 post
1498 5409 1706 5460 nomina
1748 5409 1865 5475 epi-

266 5490 561 5543 seoporum
593 5475 886 5542 legatorum
912 5492 1033 5528 mox
1066 5479 1320 5530 nominati
1346 5480 1686 5544 reperiuntur
1708 5480 1865 5529 ambo

266 5545 423 5612 legati
459 5547 681 5598 diremit
727 5556 779 5598 et
821 5549 1109 5601 novissime
1144 5549 1373 5601 Blandus
1419 5551 1715 5617 presbyter.
1763 5550 1864 5600 Sed

268 5618 426 5682 ln-jus
459 5619 715 5682 epistola:
756 5618 1072 5671 auctoritate
1110 5618 1211 5672 dici
1253 5632 1424 5686 potest
1480 5638 1661 5672 errore
1709 5619 1868 5672 libra-

267 5690 470 5740 riorum
524 5690 789 5741 acvtdisse
837 5688 973 5755 quod
1021 5687 1088 5740 ibi
1137 5690 1303 5742 series
1366 5692 1635 5742 nominum
1682 5692 1747 5742 sit
1788 5690 1865 5739 in-

267 5774 446 5823 versa,
475 5770 531 5812 ct
557 5758 771 5812 diaconi
794 5768 916 5813 vute
936 5760 1305 5829 presbyterum
1331 5761 1484 5828 positi
1509 5760 1859 5826 reperiantur.

1432 5830 1556 5884 Sev.
1594 5834 1785 5883 IilNll'S.

1974 3312 2020 3349 Vt
2041 3296 2355 3350 nerabilium
2398 3296 2613 3350 Patrum
2641 3296 2926 3349 constituta
2954 3302 3231 3347 serventur
3254 3308 3269 3346 :
3296 3291 3545 3361 quoniam

1970 3406 2087 3458 qua:
2131 3390 2271 3444 inter
2314 3404 2371 3443 se
2415 3404 2648 3444 consona
2698 3388 3015 3442 credulitate
3062 3402 3164 3440 non
3212 3385 3543 3453 discrepant,

1969 3497 2179 3547 aequum
2210 3490 2292 3534 est
2318 3490 2372 3534 nt
2399 3480 2555 3535 simili
2587 3479 2961 3534 observatione
2987 3478 3295 3532 subsistant.
3324 3476 3425 3530 Sed
3451 3490 3550 3529 cur

1970 3571 2169 3626 diutius
2218 3570 2602 3625 immorantur?
2648 3572 2762 3626 Scis
2808 3572 2921 3639 ipse
2972 3570 3185 3623 unitatis
3226 3584 3383 3622 causa
3422 3567 3546 3638 quid

1969 3667 2146 3736 exigat
2174 3708 2187 3731 ,
2223 3668 2328 3721 scis
2358 3667 2470 3734 ipse
2498 3681 2600 3734 qua
2644 3667 2723 3719 ιίι
2756 3666 2820 3719 ad
2854 3664 2993 3719 beati
3026 3664 3165 3719 Petri
3196 3664 3421 3733 apostoli
3452 3664 3547 3717 de-

1969 3757 2094 3810 beas
2123 3758 2306 3811 venire
2352 3756 2700 3809 consortium.
2737 3756 2909 3810 llabes
2959 3756 3160 3811 itineris
3202 3758 3274 3810 tui
3324 3758 3545 3821 ducem,

1969 3864 2125 3917 quem
2161 3860 2210 3901 te
2234 3850 2342 3915 jam
2370 3848 2519 3915 sequi
2545 3848 2771 3912 asseris,
2814 3847 3151 3901 Chalcedone
3190 3848 3422 3901 habitum
3455 3864 3553 3915 pro

1970 3940 2223 4010 religione
2271 3951 2610 3995 conventum.
2663 3940 2778 3995 Jam
2834 3951 2884 3995 te
2929 3956 3168 4010 quoque,
3217 3942 3355 4010 quod
3404 3941 3557 3996 idem

1970 4034 2217 4103 amplecti
2248 4044 2473 4088 testatus
2502 4049 2582 4100 es,
2618 4032 2754 4087 beati
2791 4032 2983 4086 Leonis
3013 4034 3323 4086 redeuutem
3354 4031 3560 4101 dogma.

1968 4126 2331 4181 comitabitur.
2358 4125 2482 4180 Hace
2512 4127 2555 4181 si
2586 4128 2815 4194 placent,
2848 4125 3025 4180 Acacii
3050 4125 3291 4180 defensio
3312 4125 3547 4180 damnati

1971 4235 2075 4272 non
2108 4220 2314 4291 placeat
2342 4236 2356 4275 :
2391 4220 2489 4272 boc
2522 4228 2602 4273 est
2631 4220 2771 4286 quod
2819 4217 2943 4272 boni
2971 4218 3136 4271 studii
3166 4234 3192 4269 a
3222 4216 3549 4285 perfectione

1971 4323 2092 4365 vota
2124 4311 2422 4379 suspendit.
2466 4312 2522 4365 Si
2572 4321 2696 4365 sunt
2728 4313 2870 4365 enim
2920 4311 3010 4363 illa
3050 4309 3330 4363 adversum
3372 4308 3466 4365 Dei
3495 4318 3551 4363 et

1973 4404 2106 4473 legis
2135 4404 2251 4471 ejus
2299 4404 2542 4457 inimicus
2586 4402 2964 4456 venerabilium
3012 4402 3224 4455 Patrum
3255 4415 3550 4469 congrega-

1976 4497 2122 4550 tione
2150 4496 2409 4563 disposita
2430 4535 2445 4559 ,
2478 4505 2532 4547 ttt
2563 4494 2802 4562 qui-quis
2829 4508 2924 4546 eos
2964 4492 3014 4544 itt
3058 4492 3432 4546 communione
3466 4505 3550 4544 se-

1973 4597 2246 4654 queretur,
2274 4586 2382 4653 jatn
2414 4594 2538 4638 tunc
2570 4584 2728 4637 latam
2758 4583 2958 4636 subiret
3000 4582 3052 4635 in
3086 4596 3178 4635 sua
3205 4580 3551 4635 damnatione

1973 4676 2324 4741 sententiam;
2380 4691 2483 4729 non
2530 4682 2654 4729 sunt
2698 4674 2857 4743 igitur
2899 4688 3032 4726 nova
3081 4688 3200 4742 qute
3243 4680 3550 4733 constanter

1972 4767 2332 4833 exsequimur,
2368 4766 2461 4820 sed
2495 4766 2827 4835 temporibus
2875 4766 2980 4819 illis
3027 4763 3162 4817 facta
3191 4764 3383 4831 judicia
3407 4763 3549 4831 justa

1976 4857 2189 4910 Patrum
2237 4857 2616 4911 constitutione
2658 4869 2952 4908 servamus.
3002 4854 3287 4907 Hortamur
3334 4853 3544 4921 itaque,

1976 4951 2160 5015 frater,
2188 4960 2242 5004 et
2270 4958 2499 5003 mentem
2530 4957 2670 5000 tuam
2700 4947 2790 5000 Dei
2818 4948 2983 5000 nostri
3014 4944 3376 5000 misericordia
3400 4942 3522 5010 adju

1969 5050 2124 5094 vaute
2154 5040 2426 5108 pulsamus
2445 5079 2459 5101 ,
2510 5049 2564 5091 nt
2593 5038 2658 5089 ab
2685 5037 2830 5090 omni
2864 5049 2912 5090 te
2956 5036 3324 5091 Itaareticorum
3353 5044 3529 5086 conta.

1970 5133 2153 5201 giutte,
2192 5130 2440 5183 Acacium
2480 5144 2599 5183 cum
2629 5128 2945 5196 sequar-ibus
2974 5128 3083 5180 suis
3114 5121 3542 5185 condetunando,

2042 5269 2068 5305 ι)
2105 5265 2390 5333 Enpltemia
2410 5308 2423 5327 ,
2455 5264 2645 5328 coniux
2677 5263 2867 5317 Justini
2897 5264 3230 5329 imperatoris
3255 5303 3267 5321 .
3314 5261 3537 5333 insignis
3568 5288 3575 5291 τ

1976 5340 2168 5405 [:ielnle
2187 5331 2406 5399 l'etnina,
2431 5344 2584 5388 antea
2612 5333 2862 5402 Lupicina
2887 5335 3154 5387 nominata
3184 5334 3293 5405 iuit.
3319 5331 3543 5405 Quando

1977 5399 2101 5461 vero
2138 5407 2377 5459 Justinus
2422 5399 2708 5471 imperator
2736 5405 2903 5457 factus
2934 5412 3046 5463 est,
3078 5400 3287 5471 nomine
3330 5399 3541 5471 Enplto-

1973 5480 2089 5531 mia:
2134 5478 2352 5530 illustris
2397 5469 2676 5543 martyris,
2725 5476 2773 5525 in
2820 5473 2973 5539 cujus
3005 5471 3215 5543 basilica
3252 5469 3539 5522 Chalcedo-

1973 5565 2135 5603 nen~e
2162 5548 2440 5600 ronciliutn
2482 5539 2804 5599 celebratum
2854 5544 3022 5593 fuerat
3042 5579 3056 5600 ,
3085 5539 3364 5606 conjugetn
3391 5554 3541 5593 suam

1972 5622 2181 5688 pietatis
2226 5634 2352 5686 ergo
2384 5616 2647 5688 appellari
2692 5614 2888 5688 voluit.
2938 5619 3218 5688 antequam
3258 5610 3400 5688 illam
3435 5611 3532 5688 A_u-

1968 5679 2134 5756 ίςηςιω
2185 5679 2333 5741 iunio
2364 5679 2658 5739 de'cnraret.
2692 5682 2925 5733 Zonaras
2956 5688 3007 5730 et
3051 5679 3322 5733 Cedreuus
3354 5680 3404 5733 in
3449 5680 3539 5732 Jtt-

1970 5762 2128 5815 stitio.
2161 5759 2290 5812 θεν.
2326 5758 2522 5808 Ilta'ws.

2044 5836 2059 5851 ‘
2082 5830 2299 5886 llelena.
2321 5819 2651 5880 Constantini
2675 5829 2861 5875 mater.
2883 5818 3075 5873 Christi
3095 5832 3307 5873 crucem
3324 5818 3540 5874 invenit.
